3620 5282
514 309 594 372 10

507 485 550 551 J
558 485 733 569 urgii‚
784 488 847 550 et
880 485 1175 570 Dissigna
1222 487 1527 558 Damiani,
1575 489 1737 552 cives
1770 487 2098 570 PagenseS,
2148 489 2565 570 procuratores
2598 490 2661 551 et
2691 486 2928 565 sindici‘,
2976 487 3211 550 actores

511 576 575 638 et
617 574 816 638 nuntii
864 574 1160 658 legittimi
1206 594 1278 640 ac
1327 576 1762 658 negociatoreS,
1819 580 2090 658 gestores
2161 577 2537 649 communiS,
2600 575 2920 640 bominum
2966 577 3029 638 et
3077 573 3220 638 uni-‘

508 662 823 726 versitatis
874 663 1049 746 Pagi,
1096 663 1391 728 habentes
1438 663 1513 728 ad
1561 664 1953 745 infrascripta
2005 664 2124 747 ipsi
2171 667 2234 728 et
2278 664 2539 747 quilibet
2585 682 2793 727 eorum
2841 663 2904 726 in
2950 661 3214 727 solidum

508 750 791 827 liberum,
842 750 1105 833 speciale
1152 753 1216 816 et
1263 753 1544 834 generale
1591 752 1952 816 mandatum
2021 772 2055 817 a
2102 752 2392 835 predictis
2458 751 2801 827 communi,
2863 749 3214 814 hominibus

511 839 573 902 et
625 840 1022 903 universitate
1071 839 1239 922 Pagi,
1289 844 1360 903 ut
1424 841 1666 904 constat
1729 840 1975 922 publico
2038 841 2446 905 instrumento
2508 842 2735 922 scripto
2787 857 2973 903 manu
3019 838 3214 902 Blasii

508 925 831 990 Michaelis
880 927 1175 992 Leonardi
1222 928 1532 1011 imperiali
1579 929 1945 993 auctoritate
2001 930 2223 993 notarii
2262 930 2325 992 et
2370 928 2711 992 communis
2761 926 2913 1010 Pagi
2977 925 3216 990 cancel-

506 1015 647 1078 larii
694 1016 808 1078 sub
870 1034 1026 1080 anno
1091 1017 1320 1080 domini
1369 1015 1825 1081 MCCCXLVII
1878 1036 2086 1081 mense
2147 1017 2279 1080 iulii
2341 1017 2439 1080 die
2484 1015 2544 1080 X
2589 1016 2921 1080 indictione
2969 1014 3213 1096 quinta·
3287 1084 3292 1090 ,

509 1103 763 1177 decima,
808 1122 918 1185 per
966 1123 1063 1166 me
1110 1105 1411 1168 notarium
1463 1104 1924 1186 infrascriptum
1972 1106 2103 1170 viso
2150 1106 2214 1168 et
2261 1105 2456 1181 lecto,
2508 1104 2991 1178 consideranteS‚
3049 1102 3210 1184 quod

514 1191 732 1254 multis
765 1190 997 1255 dudum
1046 1193 1111 1256 et
1153 1193 1338 1256 variis
1386 1193 1768 1276 temporibus
1817 1196 1880 1257 et
1927 1193 2204 1276 longevis
2273 1192 2758 1273 recognoverunt
2802 1192 2917 1274 ipsi
2957 1208 3029 1255 ac
3074 1210 3211 1271 pre-

505 1278 659 1342 dicti
706 1298 1047 1358 commune,
1096 1281 1378 1345 homines
1442 1285 1504 1344 et
1567 1281 1933 1346 universitas
1987 1282 2162 1364 Pagi,
2227 1285 2291 1345 et
2350 1282 2804 1363 predecessores
2850 1297 3096 1353 eorum,
3149 1296 3215 1342 se

505 1385 639 1431 esse
685 1368 961 1435 subditos
1009 1370 1073 1431 et
1117 1367 1326 1433 fideles
1375 1369 1708 1433 illustrium
1753 1372 1816 1432 et
1864 1369 2393 1434 serenissimorum
2418 1368 2801 1434 dominorum
2840 1367 3064 1431 ducum
3090 1365 3212 1430 Ve-

505 1453 840 1533 neciarum,
881 1458 944 1518 et
989 1474 1096 1538 pro
1149 1456 1300 1539 ipsis
1346 1456 1609 1521 dominis
1655 1457 1915 1522 ducibus
1962 1461 2024 1523 et
2070 1459 2377 1522 communi
2411 1457 2812 1521 Veneciarum
2859 1455 3090 1519 dictam
3125 1454 3216 1518 in-

506 1543 707 1607 sulam
741 1544 895 1626 Pagi
942 1545 1271 1608 tenuerunt
1319 1548 1382 1608 et
1428 1545 1828 1626 possederunt
1871 1549 1934 1610 et
1979 1549 2394 1629 cognoverunt
2437 1546 2515 1608 ab
2565 1545 2671 1621 eiS,
2716 1546 2960 1619 tenent,
3013 1541 3211 1624 possi-

507 1631 657 1695 dent
703 1633 766 1695 et
811 1635 1202 1714 cognoscunt,
1256 1636 1329 1697 ut
1374 1634 1563 1697 etiam
1625 1635 1718 1697 sui
1760 1634 2217 1716 predecessores
2277 1634 2569 1697 fecerunt.
2632 1633 2715 1696 Et
2760 1631 2902 1714 quia
2944 1630 3065 1712 ipsi
3109 1630 3215 1692 do·

506 1720 659 1783 mini
703 1719 904 1797 duceS,
952 1721 1230 1785 homines
1274 1723 1339 1785 et
1384 1741 1704 1786 commune
1763 1722 2167 1787 Veneciarum
2227 1723 2586 1797 tenuerunt,
2648 1722 2931 1784 rexerunt
2971 1719 3055 1782 ¹et
3099 1738 3215 1800 gu-

505 1808 931 1885 bernaverunt,
981 1810 1212 1886 tenent,
1258 1812 1480 1892 regunt
1525 1812 1590 1873 et
1634 1810 1980 1893 gubernant
2040 1830 2148 1893 per
2208 1829 2272 1874 se
2334 1812 2397 1873 et
2452 1827 2593 1873 suos
2658 1807 2950 1872 officiales
3010 1806 3210 1888 ipsam

503 1895 770 1959 insulam
818 1896 968 1979 Pagi
1029 1915 1139 1979 pro
1201 1916 1312 1961 sua
1358 1898 1562 1961 insula
1626 1901 1689 1961 et
1748 1898 2043 1981 tauquam
2104 1917 2279 1962 suam
2342 1901 2405 1961 et
2459 1916 2570 1980 pro
2632 1896 2758 1960 suis
2825 1894 3105 1960 fidelibus
3150 1895 3214 1957 et

508 1984 819 2060 subiectiS,
873 1986 937 2048 et
982 1988 1296 2068 tamquam
1345 2004 1485 2049 suos
1532 1986 1804 2050 volentes
1861 2006 2189 2066 agnoscere
2236 1988 2456 2051 bonam
2502 1985 2721 2061 fidem,
2769 1986 2832 2048 et
2873 1984 3210 2066 cupienteS,

506 2074 578 2135 ut
623 2070 697 2136 de
748 2075 1181 2155 suprascriptis
1246 2077 1308 2136 et
1352 2073 1760 2156 infrascriptis
1826 2076 1885 2138 in
1934 2077 2245 2156 posterum
2294 2077 2357 2138 et
2401 2074 2625 2138 futuris
2676 2071 3053 2154 temporibus
3101 2089 3209 2134 no-

505 2161 653 2225 ticia
697 2160 932 2242 plenior
978 2161 1296 2237 habeatur,
1358 2163 1734 2226 unanimiter
1779 2166 1846 2226 et
1892 2163 2269 2227 concorditer
2331 2162 2461 2228 vice
2502 2163 2565 2226 et
2610 2161 2855 2225 nomine
2900 2160 3209 2223 dictorum

506 2249 946 2326 universitatiS,
995 2252 1333 2314 communis
1383 2253 1445 2314 et
1490 2250 1809 2314 hominum
1858 2252 2018 2315 dicte
2063 2252 2266 2315 insule
2315 2251 2487 2335 Pagi,
2538 2250 2704 2314 omni
2753 2248 2951 2325 modo,
2988 2246 3118 2311 iure
3150 2247 3214 2309 et

507 2336 725 2415 forma,
771 2336 990 2417 quibus
1029 2336 1251 2401 melius
1298 2339 1649 2419 potuerunt,
1700 2339 2053 2420 specialiter
2107 2341 2653 2414 confirmaverunt,
2702 2337 3212 2419 approbaverunt,

510 2424 1011 2507 omologaverunt
1073 2427 1138 2489 et
1192 2426 1647 2490 ratificaverunt
1692 2445 1764 2490 ac
1806 2428 1992 2491 etiam
2035 2430 2108 2492 de
2161 2446 2333 2503 novo,
2382 2429 2444 2491 in
2490 2428 2782 2510 qaantum
2833 2443 2983 2507 opus
3029 2425 3212 2498 esset,

508 2513 823 2589 dederunt,
873 2513 1260 2577 tradiderunt
1305 2516 1369 2577 et
1413 2517 1845 2579 concesserunt
1891 2516 2070 2597 pleno
2111 2516 2239 2579 iure
2286 2516 2626 2579 dominium
2671 2515 2735 2577 et
2777 2511 3213 2596 proprietatem

510 2603 669 2666 terre
716 2603 779 2665 et
824 2600 1146 2666 districtus
1193 2604 1256 2666 et
1292 2601 1486 2667 totius
1548 2603 1744 2668 insule
1786 2604 1936 2687 Pagi
2000 2604 2260 2687 predicti
2327 2603 2734 2686 suprascripto
2781 2601 3026 2666 domino
3072 2598 3214 2663 duci

509 2690 827 2773 recipienti
874 2692 938 2753 et
975 2690 1294 2773 stipulanti
1342 2709 1451 2773 pro
1495 2710 1560 2755 se
1605 2695 1668 2755 et
1713 2694 2022 2757 communi
2049 2693 2447 2758 Veneciarum
2494 2695 2559 2757 et
2602 2690 3051 2756 successoribus
3085 2688 3212 2752 suis

509 2798 648 2843 cum
699 2796 867 2842 mero
914 2782 976 2842 et
1017 2780 1204 2843 mixto
1254 2779 1528 2861 imperio,
1600 2781 1664 2844 et
1709 2799 1846 2844 cum
1888 2781 2241 2846 omnimoda
2284 2785 2347 2845 et
2392 2780 2749 2862 plenissima
2791 2776 3213 2843 iurisdictione

509 2869 573 2932 et
618 2866 912 2930 exercicio
959 2866 1153 2949 ipsius
1200 2866 1354 2930 meri
1401 2869 1464 2931 et
1527 2867 1700 2932 mixti
1748 2869 2024 2950 imperii,
2091 2873 2155 2934 et
2214 2868 2684 2945 iurisdictionis,
2734 2869 2798 2932 et
2842 2866 3046 2933 omnia
3090 2863 3215 2929 alia

508 2958 572 3018 et
602 2953 847 3035 singula
892 2954 1139 3036 publica
1185 2956 1249 3019 et
1293 2955 1645 3020 communia
1672 2956 1838 3020 dicte
1870 2959 2289 3023 universitatis
2336 2960 2399 3022 et
2444 2957 2762 3022 hominum
2807 2956 3106 3019 bonorum
3151 2954 3215 3015 et

508 3060 714 3106 rerum
762 3043 1033 3106 omnium
1083 3045 1146 3107 et
1190 3043 1414 3107 iurium
1462 3043 1763 3109 dictorum
1832 3046 2172 3110 communis
2219 3047 2283 3110 et
2338 3046 2689 3120 hominum,
2740 3062 2876 3108 cum
2925 3041 3212 3106 omnibus

509 3134 567 3194 et
617 3129 877 3212 singulis
919 3131 1156 3209 castriS‚
1205 3132 1389 3195 terris
1436 3134 1500 3195 et
1546 3131 1873 3210 fortiliciiS,
1921 3135 2037 3197 viis
2080 3137 2143 3198 et
2189 3134 2403 3198 stratis
2449 3133 2743 3215 publicis,
2793 3149 2864 3195 ac
2910 3130 3211 3212 portubus

510 3221 573 3282 et
619 3217 1109 3294 honorificentiis
1159 3219 1699 3298 iurisdictionibus,
1765 3222 2144 3301 notionibus,
2208 3221 2550 3304 homagiiS,
2599 3218 3010 3297 utilitatibus,
3075 3235 3212 3298 pro·

514 3305 816 3382 ventibus,
864 3304 1186 3385 fructibus,
1236 3308 1595 3372 obventibus
1644 3313 1707 3373 et
1764 3309 1903 3373 aliis
1965 3311 2198 3374 iuribus
2246 3311 2723 3393 quibuscumque
2784 3304 3209 3389 spectantibus

512 3399 575 3458 et
615 3393 1083 3477 pertinentibus,
1135 3397 1198 3459 et
1243 3415 1358 3477 que
1401 3399 1679 3478 spectare
1731 3401 1792 3460 et
1838 3397 2141 3480 pertinere
2174 3398 2422 3481 possent
2452 3397 2514 3459 in
2547 3397 2819 3460 futurum
2853 3394 3017 3458 dicte
3048 3397 3209 3456 terre

510 3485 572 3546 et
618 3482 935 3546 districtus
974 3486 1036 3547 et
1082 3484 1280 3547 insule
1325 3484 1478 3567 Pagi
1534 3485 2072 3567 quomodocunque
2137 3490 2198 3549 et
2244 3485 2779 3568 qualitercunque,
2844 3485 2907 3546 et
2953 3500 3024 3545 ex
3062 3497 3209 3563 quo·

509 3589 741 3653 cunque
788 3571 917 3635 iure
963 3573 1025 3634 et
1071 3590 1277 3636 causa.
1327 3571 1766 3655 SupponenteS,
1832 3574 2203 3638 subicientes
2249 3577 2311 3637 et
2357 3572 2793 3636 submittentes
2840 3569 3209 3653 supradictis

507 3658 878 3736 nominibuS,
930 3662 992 3723 et
1038 3679 1106 3724 ex
1160 3659 1326 3723 dicta
1369 3663 1677 3743 potestate
1721 3665 1786 3726 et
1831 3662 2197 3726 auctoritate
2248 3661 2365 3724 sibi
2402 3661 2723 3736 concessis,
2772 3659 2980 3742 vigore
3011 3660 3075 3722 et
3103 3675 3212 3740 po-

506 3747 733 3811 testate
778 3746 930 3811 dicti
979 3749 1309 3812 sindicatus
1354 3751 1418 3812 et
1457 3749 1899 3831 procurationis
1942 3749 2172 3813 dictam
2226 3749 2456 3813 terram
2504 3750 2569 3813 et
2611 3748 2965 3812 districtum
3012 3746 3207 3810 insule
3285 3801 3294 3810 .

507 3835 679 3917 Pagi,
746 3838 807 3898 et
854 3837 1056 3900 omnia
1102 3837 1165 3900 et
1212 3836 1455 3918 singula
1525 3837 1759 3901 fiscalia
1820 3837 2016 3919 ipsius
2080 3840 2240 3901 terre
2302 3839 2366 3901 et
2410 3836 2764 3913 districtuS,
2813 3838 2876 3901 et
2921 3853 3207 3919 personas

506 3923 779 4005 ipsorum
825 3922 1050 3988 civium
1097 3927 1160 3987 et
1204 3924 1545 3988 incolarum
1592 3925 1756 3989 dicto
1819 3924 2066 3989 domino
2126 3925 2266 3990 duci
2314 3927 2378 3990 et
2423 3925 2879 3990 successoribus
2938 3925 3065 3988 suis
3111 3942 3208 3986 re·

507 4011 871 4092 cipieutibus
919 4013 988 4076 ut
1026 4030 1230 4094 supra.
1279 4013 1613 4077 Tradentes
1659 4032 1731 4076 ex
1777 4032 1937 4078 nunc
1982 4013 2159 4077 dictis
2226 4013 2576 4078 nominibus
2639 4013 3085 4095 possessionem
3129 4012 3206 4075 li-

506 4099 718 4163 beram
764 4100 827 4163 et
868 4117 1121 4165 vacuam
1165 4102 1230 4165 et
1271 4100 1619 4184 expeditam
1664 4102 1826 4166 dicte
1866 4104 2045 4179 terre,
2093 4102 2293 4166 insule
2340 4103 2403 4166 et
2440 4102 2758 4166 districtus
2807 4100 2960 4183 Pagi
3004 4102 3208 4182 inper-

506 4189 759 4271 petuum
804 4187 969 4251 dicto
1028 4188 1275 4252 domino
1342 4190 1481 4254 duci
1543 4189 1861 4271 recipienti
1923 4209 2032 4272 pro
2089 4208 2153 4254 se
2215 4193 2278 4253 et
2336 4191 2645 4254 communi
2693 4191 3095 4254 Veneciarum
3143 4189 3208 4253 et

508 4275 960 4340 successoribus
1007 4276 1158 4342 suis,
1204 4277 1286 4341 Et
1329 4279 1535 4342 omnia
1581 4282 1643 4341 et
1681 4278 1924 4361 singula
1971 4279 2406 4362 suprascripta,
2456 4297 2596 4343 cum
2643 4279 2927 4343 omnibus
2972 4279 3037 4342 et
3081 4276 3208 4340 sin-

398 4415 405 4422 .
507 4363 669 4446 gulis
707 4365 1173 4448 suprascriptiS,
1239 4367 1484 4429 etcum
1535 4368 1818 4431 omnibus
1879 4367 2018 4431 aliis
2082 4371 2146 4431 et
2205 4368 2466 4450 singulis
2526 4366 3058 4448 provenientibus,
3106 4364 3205 4429 vel

508 4470 626 4533 que
670 4452 984 4533 provenire
1033 4454 1283 4534 possent
1328 4473 1397 4516 ex
1444 4454 1551 4530 eiS,
1601 4458 1663 4519 et
1709 4455 1848 4519 aliis
1883 4456 2274 4538 supradictis.
2326 4455 2781 4522 Constituentes
2827 4473 2891 4520 se
2937 4472 3009 4518 ex
3046 4470 3205 4517 nunc

506 4540 685 4604 dictis
722 4540 1067 4605 nominibus
1112 4558 1220 4622 pro
1266 4540 1430 4605 dicto
1474 4541 1717 4606 domino
1749 4544 1900 4607 duce
1945 4547 2011 4609 et
2054 4545 2364 4610 communi
2410 4544 2814 4610 Veneciarum
2860 4543 2923 4607 et
2967 4559 3206 4605 succes-

507 4627 747 4692 soribus
803 4629 928 4692 suis
988 4626 1296 4711 possidere
1359 4630 1423 4692 et
1469 4631 1708 4709 tenere,
1772 4631 2047 4696 volentes
2107 4632 2257 4697 dicti
2320 4632 2538 4697 sindici
2599 4632 2780 4697 dictis
2834 4628 3201 4705 nominibuS,

511 4717 668 4798 quod
716 4736 787 4779 ex
833 4734 991 4781 nunc
1036 4716 1237 4779 dictus
1283 4715 1566 4781 dominus
1612 4719 1730 4782 dux
1780 4722 1843 4783 et
1889 4738 2210 4785 commune
2260 4721 2660 4786 Veneciarum
2704 4722 2768 4784 et
2823 4734 3204 4782 successores
