3620 5282
3010 342 3141 412 297

562 519 1179 606 ccccxxvn.
1235 521 1435 606 God.
1494 522 1719 607 1392.
1773 525 1876 607 14
1927 524 2439 625 studenoga‚
2487 545 2550 607 ιι
2602 522 2991 607 metelli.

413 667 708 743 Napatak
751 684 826 728 m
857 667 1187 743 providum
1230 668 1402 730 iduoe
1444 687 1487 728 u
1530 668 1717 744 Βναό,
1760 687 1805 729 u
1865 669 2060 729 keliko
2111 685 2174 730 se
2241 668 2418 729 ticalo
2466 668 2782 745 urecb'em'a
2838 669 2862 728 i
2920 668 3144 728 ebranc

1419 761 1555 833 toya
1592 758 1787 834 prada
1833 760 1856 817 i
1897 758 2129 818 kotara.

631 876 825 942 1392.
896 876 1125 944 mensis
1187 877 1536 943 novembris
1605 877 1706 942 die
1766 878 1937 943 XIV.
2000 877 2323 962 Sapientes
2383 877 2629 943 consilii
2708 880 2772 942 et
2838 876 3144 943 ordinum.

421 963 654 1047 Capta:
699 965 861 1047 quod
907 967 1338 1031 committatur
1363 966 1780 1048 provisoribus
1814 965 1996 1032 ituris
2027 969 2101 1033 ad
2125 967 2331 1050 partes
2365 965 2657 1032 Durachii
2691 966 2753 1030 in
2780 967 2893 1031 hac
2925 966 3143 1044 forma,

420 1053 739 1120 videlicet:
790 1051 920 1118 Nos
968 1053 1319 1120 Anthonius
1366 1054 1628 1121 Venerio
1673 1055 1771 1121 dei
1831 1056 2037 1139 gratia
2080 1055 2201 1119 dux
2269 1054 2669 1120 Venetiarum
2745 1055 2812 1118 et
2869 1055 2987 1120 cet.
3044 1070 3145 1118 co-

419 1141 735 1211 mittimus
767 1142 943 1207 vobis
988 1142 1300 1208 nobilibus
1347 1142 1499 1209 viris
1547 1142 1840 1209 Michaeli
1891 1142 2236 1209 Centareno
2273 1145 2339 1208 et
2383 1143 2571 1207 Petro
2603 1139 2860 1221 Quirino
2892 1142 3140 1207 dilectis

419 1231 661 1296 civibus
706 1232 771 1295 et
816 1229 1102 1295 fidelibus
1151 1230 1397 1312 nostris,
1443 1233 1604 1313 quod
1651 1231 1727 1296 de
1773 1233 1985 1297 nostro
2036 1231 2324 1298 mandato
2370 1230 2459 1296 ire
2490 1230 2771 1296 debeatis
2803 1230 2864 1295 in
2898 1233 3144 1295 nostros

418 1318 764 1401 provisores
804 1318 1139 1384 sollemnes
1185 1318 1262 1383 ad
1309 1321 1520 1403 partes
1566 1319 1884 1399 Durachii,
1931 1320 2012 1384 ad
2057 1338 2241 1404 quem
2287 1319 2491 1384 locum
2541 1325 2850 1383 annuente
2882 1317 3139 1384 domino

420 1424 565 1473 cum
610 1406 1060 1490 applicueritis,
1109 1407 1389 1472 debeatis
1434 1408 1746 1490 suscipere
1808 1426 2055 1473 omnem
2120 1407 2302 1472 illam
2365 1405 2890 1486 informationem,
2957 1424 3144 1491 quam

419 1496 707 1579 poteritis
753 1494 1002 1572 habere,
1046 1513 1083 1560 a
1129 1512 1227 1560 ser
1276 1495 1473 1561 Paulo
1520 1496 1596 1560 de
1638 1493 1855 1562 canali
1903 1496 2245 1562 castellano
2321 1498 2530 1560 nostro
2576 1494 2810 1560 ibidem
2852 1497 2917 1559 et
2959 1514 2998 1560 a
3043 1513 3147 1560 ser

421 1583 664 1649 Marino
711 1580 955 1648 Caucho
1000 1584 1238 1648 rectore
1284 1586 1349 1649 et
1385 1584 1799 1667 gubernatore
1849 1587 1914 1650 in
1960 1584 2215 1650 civitate
2275 1582 2534 1649 dimisso
2604 1601 2710 1666 per
2753 1583 3147 1665 capitaneum

421 1673 707 1737 nostrum
760 1670 989 1755 culphy
1033 1674 1100 1736 et
1143 1673 1223 1737 ab
1269 1671 1558 1738 omnibus
1596 1671 1762 1751 aliis,
1806 1673 1911 1755 qui
1974 1673 2146 1739 vobis
2215 1673 2279 1738 et
2353 1670 2611 1737 cuilibet
2651 1676 2932 1737 vestrum
2979 1671 3148 1736 vide·

421 1760 672 1838 buntur,
721 1762 784 1824 et
829 1759 1251 1843 principaliter
1296 1779 1335 1826 a
1380 1761 1705 1844 capitaneo
1752 1765 1963 1827 nostro
2007 1760 2236 1844 culphi,
2283 1761 2339 1825 si
2384 1779 2527 1824 eum
2573 1760 2893 1841 reperietis
2956 1760 3017 1822 in
3087 1758 3143 1822 i-

424 1848 644 1925 tinere,
690 1851 820 1913 tam
869 1867 1051 1931 super
1100 1846 1533 1916 fortificatione
1578 1853 1924 1915 castrorum
1968 1849 2245 1916 civitatis
2312 1850 2376 1912 et
2454 1848 2754 1913 territorii
2819 1846 2973 1912 dicti
3032 1845 3151 1911 loci

423 1955 498 2002 ac
545 1935 882 2015 fovearum,
931 1956 1049 2020 que
1094 1939 1411 2003 dicumtur
1474 1936 1607 2002 fieri
1669 1955 1848 2020 posse
1909 1957 2019 2022 pro
2074 1935 2351 2022 ponendo
2414 1936 2481 2001 in
2541 1935 2811 2001 insulam
2873 1934 3150 2019 aliquam

425 2027 667 2109 partem
714 2024 1040 2091 districtus
1092 2027 1256 2091 dicte
1302 2024 1598 2107 civitatis,
1646 2027 1711 2091 et
1756 2044 1940 2109 super
1981 2025 2424 2110 gubernatione
2477 2028 2541 2089 et
2572 2024 2810 2090 iuribus
2843 2023 3148 2088 reddendo

426 2113 716 2180 fidelibus
765 2112 990 2179 nostris
1039 2114 1278 2190 deinde,
1323 2132 1509 2199 quam
1558 2114 1744 2180 etiam
1813 2117 1887 2180 de
1943 2115 2219 2192 statutis,
2284 2111 2857 2190 consuetudinibus,
2905 2111 3148 2188 offitiis,

424 2202 634 2279 datiis,
683 2200 970 2284 gabellis‚
1022 2201 1379 2267 introitibus
1426 2204 1490 2266 et
1535 2202 1839 2285 expensis,
1886 2221 2003 2287 que
2048 2201 2511 2286 quomodolibet
2554 2203 2701 2266 sunt
2744 2207 2808 2264 et
2874 2201 3035 2266 fiunt
3080 2197 3144 2262 in

420 2289 590 2354 dicto
631 2289 783 2365 loco,
834 2293 897 2352 et
943 2307 1095 2372 quas
1140 2288 1274 2355 fieri
1322 2308 1569 2355 necesse
1617 2290 1774 2357 foret
1821 2310 1929 2375 pro
1967 2289 2357 2374 regulatione
2391 2290 2463 2355 et
2502 2288 2963 2354 conservatione
2995 2284 3152 2352 dicti

423 2377 540 2441 loci
590 2376 667 2440 ad
717 2379 998 2444 nostrum
1043 2377 1334 2443 honorem
1383 2380 1448 2444 et
1510 2379 1627 2443 sub
1688 2379 1851 2444 bona
1918 2380 2200 2445 custodia
2243 2382 2309 2444 et
2355 2377 2676 2462 regimine,
2722 2379 2787 2442 et
2833 2376 3028 2442 etiam
3072 2374 3151 2439 de

421 2463 745 2530 discordiis
803 2468 869 2529 et
929 2465 1310 2543 differentiis,
1382 2466 1558 2551 sique
1627 2467 1848 2547 forent,
1909 2467 2073 2532 inter
2140 2467 2353 2533 fideles
2398 2468 2635 2532 nostros
2682 2465 2919 2538 deinde,
2964 2466 3031 2529 et
3074 2464 3151 2529 de

422 2553 620 2618 modis
666 2551 943 2630 sedandi,
993 2553 1346 2619 removendi
1392 2573 1496 2620 eas
1544 2558 1609 2619 et
1651 2555 2016 2622 comodandi
2058 2574 2274 2622 omnes
2323 2558 2453 2620 tam
2500 2554 2668 2620 intus
2714 2572 2902 2638 quam
2946 2554 3144 2629 extra,

423 2640 495 2707 ut
539 2640 812 2707 babeant
859 2660 1108 2708 causam
1158 2644 1412 2709 essendo
1459 2644 1634 2709 nobis
1680 2646 2076 2712 obhedientes
2137 2647 2201 2712 et
2269 2643 2477 2710 standi
2540 2644 2602 2708 in
2667 2661 2814 2727 pace
2874 2644 2938 2707 et
2981 2645 3155 2706 tran·

420 2729 757 2814 quillitate,
802 2731 875 2795 ut
919 2732 1165 2796 domino
1208 2731 1583 2797 concedente
1632 2751 1978 2817 speramus.

636 2836 717 2901 Et
763 2836 827 2902 iu
875 2837 970 2901 dei
1019 2837 1262 2902 nomine
1307 2837 1507 2922 primo
1549 2842 1612 2902 et
1657 2841 1802 2904 ante
1870 2839 2078 2905 omnia
2124 2837 2432 2916 volumuS,
2480 2838 2638 2921 quod
2699 2836 2843 2902 sitis
2885 2837 3156 2902 ‘rectores

424 2928 489 2991 et
555 2924 997 3009 gubernatores
1065 2924 1375 3004 civitatis,
1440 2928 1752 2992 castorum
1815 2929 1881 2993 et
1948 2927 2140 2993 totius
2196 2926 2520 2991 districtus
2586 2924 2702 2990 loci
2764 2922 3030 3008 predicti
3073 2941 3148 2990 ac

424 3013 735 3079 nobilium
780 3016 845 3080 et
889 3014 1164 3080 omnium
1214 3014 1478 3080 aliorum
1525 3012 1888 3118 degentium
1937 3017 1999 3082 in
2045 3016 2225 3081 dictis
2288 3015 2442 3091 loco,
2489 3011 2735 3085 castris,
2783 3011 3039 3079 civitate
3085 3016 3150 3077 et

426 3102 563 3167 eius
611 3102 899 3168 districtu
947 3105 1078 3168 tam
1127 3102 1297 3168 intus
1346 3120 1531 3187 quam
1581 3105 1756 3168 extra
1796 3104 1863 3168 in
1906 3103 2194 3169 civilibus
2239 3107 2302 3168 et
2346 3100 2797 3167 criminalibus
2887 3100 2970 3165 Et
3016 3099 3152 3166 ideo

427 3187 797 3256 mandamus
845 3191 1039 3267 vobiS,
1088 3196 1412 3274 quatenus,
1461 3191 1656 3257 donec
1700 3190 1854 3257 illuc
1905 3189 2275 3275 applicuerit
2344 3192 2565 3268 rector,
2636 3204 2818 3273 quem
2880 3186 3034 3253 illuc
3077 3187 3156 3253 de

430 3277 603 3343 brevi
649 3278 869 3344 mitere
916 3278 1319 3357 intendimus,
1367 3280 1644 3345 debeatis
1694 3297 1802 3346 vos
1849 3281 2034 3345 ambo
2077 3279 2142 3346 in
2190 3276 2507 3345 corcordio
2545 3295 2760 3363 regere
2805 3277 2870 3341 et
2929 3276 3156 3362 guber·

430 3384 576 3432 nare
622 3384 695 3431 ac
738 3366 1001 3433 cuilibet
1042 3366 1244 3432 facere
1291 3366 1387 3432 ius
1435 3369 1500 3433 et
1545 3367 1852 3435 iusticiam
1904 3370 2239 3434 secundum
2291 3367 2530 3433 statuta
2575 3368 2640 3431 et
2693 3365 2940 3431 ordines
2989 3364 3156 3430 dicte

430 3455 708 3521 civitatis
757 3454 1075 3533 Durachii,
1123 3474 1312 3540 quum
1373 3456 1465 3522 sic
1522 3456 1776 3523 domino
1843 3458 1993 3523 dicti
2053 3457 2170 3522 loci
2233 3456 2592 3540 capitaneus
2653 3457 2861 3519 noster
2934 3454 3162 3537 culphy

433 3546 642 3609 nostro
689 3545 956 3617 nomine,
1004 3546 1070 3609 et
1112 3544 1493 3610 ambaxatori
1537 3544 1691 3611 dicti
1734 3545 1991 3625 domini,
2037 3545 2188 3611 dum
2234 3545 2487 3626 viveret,
2532 3562 2646 3609 nos
2714 3543 3151 3626 promisimus;

433 3631 680 3714 quando
728 3651 871 3697 vero
916 3630 1246 3697 deficerent
1288 3635 1529 3698 statuta
1575 3635 1641 3698 et
1684 3634 1930 3699 ordines
1973 3634 2214 3713 deinde,
2262 3632 2495 3716 rogatis
2541 3633 2606 3697 et
2649 3631 2889 3697 faciatis
2941 3648 3162 3697 secun·

432 3721 580 3785 dum
633 3721 877 3785 statuta
921 3723 984 3786 et
1028 3720 1273 3786 ordines
1319 3720 1745 3800 Venetiarum,
1794 3722 2067 3789 amicum
2113 3740 2234 3788 non
2281 3720 2544 3786 iuvando
2591 3737 2701 3786 nec
2743 3719 2996 3785 inimico
3047 3734 3161 3783 no-

431 3809 623 3874 cendo
680 3828 789 3892 per
847 3807 1150 3884 fraudem,
1210 3812 1281 3873 ut
1337 3809 1413 3874 de
1477 3810 1654 3876 vobis
1714 3811 2082 3876 confidimus
2143 3814 2207 3876 et
2264 3827 2608 3892 speramus.
2700 3805 2976 3888 Quando·
3016 3825 3159 3873 vero

431 3895 652 3963 essetis
699 3896 766 3963 in
812 3896 1022 3981 aliquo
1071 3897 1405 3974 discordes,
1452 3897 1734 3965 debeatis
1782 3918 2000 3965 vocare
2065 3917 2162 3964 ser
2231 3897 2497 3963 Paulum
2545 3898 2621 3962 de
2665 3895 2882 3962 Canali
2929 3894 3158 3960 castel-

430 3983 643 4050 lanum
692 3987 976 4051 nostrum
1026 3983 1279 4063 ibidem,
1329 3983 1433 4070 qui
1482 3984 1668 4052 debet
1714 4005 1851 4054 esse
1897 3984 2124 4052 tertius
2148 3986 2210 4051 in
2247 3983 2546 4069 predictis
2580 3984 2646 4051 et
2678 3983 2965 4049 omnibus
2996 3981 3159 4060 aliis,

431 4091 547 4155 que
594 4072 769 4139 vobis
816 4073 1271 4139 committimus
1318 4078 1382 4139 et
1437 4074 1905 4141 committemus
1967 4073 2429 4158 quomodolibet
2495 4072 2833 4138 secundum
2895 4070 3163 4137 formam

430 4161 626 4242 partis
674 4163 873 4245 capte,
922 4162 1164 4244 quando
1211 4162 1395 4227 electi
1478 4162 1707 4228 fuistis.
1802 4162 1961 4228 ltem
2009 4163 2157 4247 quia
2225 4181 2333 4246 pre
2397 4161 2564 4227 alliis
2612 4163 2707 4225 est
2753 4159 3164 4243 vigillandum

432 4249 511 4313 ad
577 4248 1077 4316 fortificationem
1147 4254 1458 4315 castorum
1532 4254 1596 4315 et
1661 4251 1939 4317 civitatis
2005 4250 2202 4318 totius
2271 4268 2379 4334 pro
2441 4247 2858 4315 conservando
2905 4266 3040 4312 eam
3084 4247 3164 4311 ad

440 4337 718 4401 nostrum
769 4338 1079 4411 honorem,
1115 4338 1391 4402 debeatis
1425 4337 1666 4404 solicite
1714 4341 1776 4404 et
1809 4339 2250 4424 perspicaciter
2283 4339 2649 4412 examinare,
2684 4336 2787 4401 ubi
2827 4339 2924 4402 est
2957 4353 3166 4401 neces-

433 4424 665 4489 sarium
751 4428 1020 4509 reparari
1068 4432 1132 4491 et
1178 4425 1497 4492 fortificari
1545 4428 1620 4492 de
1661 4446 1836 4504 novo,
1885 4430 1951 4493 et
1995 4429 2069 4492 ad
2135 4427 2290 4492 illud
2357 4426 2491 4491 fieri
2552 4425 2903 4490 faciendum
2960 4425 3167 4489 atten-

433 4512 576 4578 dere
625 4516 756 4579 toto
803 4521 1008 4580 vestro
1055 4532 1261 4598 posse.
1352 4513 1593 4594 Quibus
1640 4515 1717 4581 de
1764 4517 1971 4581 causis
2018 4515 2301 4581 habeatis
2348 4515 2702 4581 libertatem
2768 4512 3161 4596 expendendo

433 4599 510 4665 de
550 4602 815 4683 pecunia
861 4603 1054 4667 nostri
1103 4604 1453 4669 communis
1503 4603 1739 4681 deinde,
1785 4603 2063 4670 faciendo
2112 4623 2220 4687 pro
2267 4603 2385 4668 hoc
2447 4602 2751 4687 principio
2819 4619 3001 4686 quam
3049 4599 3163 4665 mi·

433 4706 611 4754 nores
661 4708 961 4772 expensas
1007 4691 1314 4773 poteritis.
1406 4692 1639 4757 Verum
1686 4691 1741 4756 si
1789 4691 1960 4757 vobis
2008 4692 2320 4757 videretur
2366 4690 2497 4755 fore
2545 4692 2964 4757 necessarium
3029 4687 3163 4756 fieri

443 4775 691 4860 aliquod
738 4795 1037 4862 magnum
1078 4797 1235 4863 opus
1271 4779 1402 4845 sive
1444 4780 1804 4845 fortiliciam
1851 4783 1963 4846 aut
2006 4778 2532 4859 fortificationem,
2575 4798 2647 4844 ex
2692 4794 2816 4863 qua
2878 4775 3012 4843 fieri
3057 4793 3167 4862 op-
