3620 5282
2971 355 3102 424 293

389 552 679 634 poterunt
721 551 811 618 ibi
856 552 1022 619 stare
1063 571 1203 618 cum
1251 552 1432 635 plena
1473 551 1825 632 securitate,
1881 553 1945 617 et
2004 551 2440 618 tractabuntur
2497 571 2603 634 per
2672 569 2784 618 nos
2833 551 3097 618 dulciter

390 641 456 705 et
501 640 763 725 benigne
810 641 973 707 sicut
1017 641 1125 706 alii
1172 642 1337 707 cives
1387 641 1705 706 Durachii‚

599 729 699 794 Ad
745 729 1085 813 septimum
1130 729 1471 813 capitulum
1521 729 1861 805 continens,
1910 728 2070 811 quod
2113 727 2444 812 dignemur
2490 727 2565 793 de
2609 728 2861 811 speciali
2891 729 3096 812 gratia

392 818 718 882 concedere
763 820 828 882 et
874 820 1158 883 mutuare
1202 818 1374 882 dicto
1420 817 1668 882 domino
1716 817 2011 883 Durachii
2075 819 2324 900 propter
2397 815 2851 894 necessitatem,
2914 835 3097 900 quam

390 905 578 970 habet
622 906 702 970 ad
749 924 1019 989 proaem,
1068 905 1322 971 ducatos
1369 904 1737 990 quingentos
1782 905 1941 979 auri,
2008 922 2161 988 quos
2223 923 2286 970 se
2344 902 2525 969 offert
2585 903 2718 969 dari
2776 903 2975 969 facere
3036 907 3100 970 et

392 994 716 1059 restituere
764 993 1100 1060 castellano
1145 998 1355 1059 nostro
1400 993 1475 1058 de
1522 995 1652 1057 suis
1699 994 1948 1058 intratis
1997 994 2070 1057 de
2110 995 2386 1076 tempore
2432 993 2493 1057 in
2541 994 2818 1076 tempus;
2882 998 2944 1057 et
3004 993 3100 1057 di-

390 1085 538 1147 cunt
582 1081 730 1147 dicti
778 1081 1243 1160 ambasiatores‚
1293 1082 1451 1166 quod
1497 1081 1559 1146 iu
1609 1101 1711 1146 sex
1757 1099 1998 1146 menses
2045 1082 2196 1146 bene
2244 1081 2560 1145 solventur
2603 1080 2839 1146 denarii
2879 1099 3088 1164 supra·

390 1169 575 1245 dicti;
622 1171 1065 1253 respondeatur
1109 1170 1362 1248 eisdem,
1412 1171 1567 1253 quod
1614 1170 1897 1253 dispositi
1945 1171 2021 1234 ad
2071 1169 2461 1253 beneplacita
2517 1168 2750 1234 domini
2801 1170 3095 1235 antedicti

389 1277 602 1323 sumus
642 1260 842 1341 parati
886 1259 1084 1324 facere
1129 1258 1220 1323 eis
1267 1258 1542 1323 mutuari
1588 1258 1790 1323 dictos
1838 1258 2089 1323 ducatos
2136 1257 2522 1342 quingentoS‚
2573 1255 2852 1323 faciendo
2923 1258 3095 1324 nobis

386 1344 519 1411 fieri
556 1346 1045 1412 instrumentum
1094 1346 1489 1430 obligationis
1537 1347 1696 1412 dicte
1743 1346 2132 1429 quantitatis,
2182 1347 2247 1411 et
2282 1345 2661 1411 restituendo
2693 1364 2795 1412 eos
2831 1349 2905 1412 de
2937 1350 3097 1410 tem-

386 1453 533 1518 pore
576 1436 637 1500 in
686 1435 929 1517 tempus
977 1435 1316 1501 castellano
1361 1436 1568 1500 nostro
1614 1434 1722 1513 ita,
1772 1433 1934 1519 quod
1979 1434 2042 1498 in
2090 1452 2194 1499 sex
2243 1452 2502 1512 menses,
2538 1435 2862 1517 postquam
2895 1433 3095 1517 appli-

388 1523 586 1588 cuerit
626 1524 704 1587 ad
747 1523 979 1588 dictum
1026 1525 1344 1589 dominum
1392 1543 1594 1602 suum,
1644 1524 1777 1589 tota
1821 1522 1991 1589 dicta
2033 1521 2371 1607 quantitas,
2434 1521 2773 1588 secundum
2819 1524 2981 1607 quod
3028 1539 3094 1587 se

388 1610 668 1690 offerunt,
716 1613 1008 1677 restituta
1051 1613 1154 1677 sit.

596 1698 696 1764 Ad
739 1704 1021 1765 octavum
1082 1698 1425 1783 capitulum
1487 1698 1693 1765 vexilli
1754 1698 1949 1765 nostri
2012 1697 2167 1776 auri,
2229 1698 2386 1799 quod
2450 1698 2787 1783 requirunt,
2850 1716 3098 1780 respon-

392 1788 630 1866 dentur,
680 1789 840 1872 quod
888 1808 1102 1853 sumus
1147 1788 1342 1871 parati
1391 1788 1546 1853 illud
1589 1789 1706 1853 sibi
1754 1788 1953 1852 facere
1995 1786 2316 1870 assignari,
2385 1787 2493 1852 sed
2555 1805 2842 1870 rogamus
2903 1785 3099 1850 domi-

391 1894 541 1941 num
588 1837 943 1962 Georgium,
994 1876 1151 1961 quod
1198 1879 1485 1942 teneatur
1530 1878 1801 1954 modum,
1853 1875 2013 1959 quod
2060 1874 2228 1939 dicta
2273 1874 2572 1940 banderia
2618 1894 2734 1939 non
2810 1875 3099 1940 mittatur

340 2021 352 2035 ‚
392 1965 451 2028 in
499 1964 772 2047 aliquam
821 1970 1062 2048 partem
1109 1967 1280 2030 extra
1330 1965 1643 2030 civitatem
1693 1964 1829 2038 sine
1875 1967 2088 2029 nostra
2132 1964 2487 2029 conscentia
2509 1964 2607 2029 vel
2639 1964 3098 2046 capitaneorum

392 2054 745 2118 nostrorum
791 2053 1397 2137 reppresentantium
1446 2056 1724 2118 nostrum
1773 2053 2135 2131 dominium,
2184 2052 2328 2135 quia
2385 2051 2708 2125 nollemus,
2774 2050 2935 2135 quod
2979 2051 3097 2117 sub

390 2140 524 2223 ipsa
572 2145 783 2206 nostra
833 2142 1125 2208 banderia
1171 2141 1407 2225 aliquid
1451 2143 1795 2207 occurreret
1842 2139 2046 2206 minus
2091 2157 2277 2224 quam
2323 2140 2676 2206 honorabile
2734 2141 2942 2206 nostro
2986 2139 3098 2206 do-

382 2230 576 2294 minio
621 2230 685 2293 et
723 2229 971 2295 domino
1016 2231 1384 2313 supradicto.

595 2315 693 2381 Ad
737 2336 966 2383 nonum
1033 2316 1368 2400 capitulum
1432 2316 1508 2383 de
1558 2317 1718 2384 facto
1779 2318 2009 2382 sororis
2077 2315 2231 2383 dicti
2292 2315 2523 2382 domini
2584 2313 2852 2401 Georgii,
2915 2335 3101 2400 quam

384 2404 682 2469 maritare
729 2405 1027 2484 indendit‚
1056 2409 1270 2488 petens
1313 2405 1547 2489 aliquid
1596 2405 1658 2469 in
1705 2425 1889 2471 suum
1934 2405 2255 2481 auxilium,
2323 2404 2782 2488 respondeatur,
2827 2405 2989 2488 quod
3048 2404 3103 2470 si

384 2490 588 2557 dictus
634 2493 918 2559 dominus
987 2495 1306 2560 maritabit
1372 2495 1599 2559 dictam
1662 2493 1997 2571 dominam,
2063 2497 2127 2559 et
2190 2493 2311 2558 dici
2373 2493 2547 2558 nobis
2615 2498 2825 2576 postea
2870 2492 3101 2576 aliquid

385 2576 607 2646 fecerit
651 2599 835 2665 super
888 2582 1052 2649 facto
1111 2582 1404 2666 predict0‚
1470 2600 1580 2649 nos
1627 2583 1744 2649 sibi
1810 2582 2094 2649 dabimus
2162 2581 2338 2649 illam
2393 2582 2870 2667 responsionem,
2917 2600 3104 2668 qnam

386 2668 599 2734 honori
648 2673 855 2735 nostro
901 2671 1250 2737 videbimus
1298 2672 1638 2738 convenire.

598 2758 882 2824 Utimate
929 2760 1167 2824 dicatur
1212 2759 1352 2824 istis
1414 2760 1950 2838 ambasiatoribuS‚
2001 2762 2065 2824 et
2111 2761 2185 2825 de
2231 2759 2347 2824 hoc
2392 2758 2546 2825 fiant
2584 2758 2880 2841 speciales
2925 2757 3104 2825 litere

387 2842 505 2926 ipsi
556 2844 802 2913 domino
843 2847 1163 2928 Durachii‚
1211 2847 1369 2926 quod
1418 2866 1528 2912 uos
1572 2847 1899 2912 laudamus
1945 2849 2102 2913 satis
2159 2851 2225 2912 et
2281 2848 2357 2913 ad
2403 2847 2523 2912 hoc
2567 2867 2707 2914 eum
2756 2847 3104 2912 inducimus

388 2934 453 2997 et
497 2932 814 3001 hortamur
860 2937 1158 3019 quantum
1205 2937 1528 3019 possimus,
1562 2936 1907 3020 quatenusd
1939 2937 2118 3001 ebeat
2150 2937 2358 3001 tenere
2397 2937 2645 3002 modum
2677 2935 2753 3001 de
2784 2936 3105 3002 tractando

385 3020 665 3088 subditos
710 3026 774 3088 et
818 3024 1033 3089 fideles
1081 3042 1224 3089 suos
1267 3025 1531 3089 dulciter
1576 3024 1641 3088 et
1686 3025 1967 3107 benigne,
2033 3022 2442 3088 ministrando
2501 3022 2590 3089 eis
2658 3024 2756 3090 ius
2815 3026 2878 3089 et
2922 3023 3106 3090 iusti-

391 3108 551 3175 ciam
628 3108 965 3178 secun‘dum
1032 3113 1193 3196 quod
1259 3112 1391 3177 fieri
1459 3110 1658 3188 debet,
1710 3112 1855 3196 quia
1913 3110 2191 3176 faciendo
2238 3130 2345 3195 per
2392 3111 2582 3177 istum
2637 3111 2889 3177 modum
2955 3112 3107 3177 civi-

391 3198 555 3298 tates
603 3203 888 3266 crescunt
933 3204 997 3266 et
1062 3202 1273 3285 populi
1342 3199 1607 3283 amplius
1653 3219 1719 3265 se
1767 3200 2103 3284 disponunt
2163 3199 2241 3264 ad
2287 3200 2544 3265 honores
2589 3202 2654 3265 et
2698 3203 2954 3267 comoda
2999 3202 3102 3267 do-

389 3305 719 3353 minorum.

600 3374 831 3459 Capta:
880 3377 1023 3460 quia
1067 3376 1357 3443 dominus
1403 3376 1720 3456 Durachii‚
1778 3378 1851 3442 ut
1918 3377 2129 3441 notum
2177 3378 2295 3453 est,
2365 3381 2463 3441 est
2506 3375 2781 3460 graviter
2825 3377 3110 3444 infirmus

391 3462 469 3527 de
516 3482 829 3546 persorna‚
877 3468 942 3529 et
987 3466 1351 3545 secundum,
1412 3466 1574 3548 qnod
1637 3465 1816 3530 uobis
1891 3465 2113 3531 scribit
2179 3464 2535 3548 capitaneus
2603 3468 2810 3532 noster
2878 3465 3109 3551 culphi‚

389 3552 649 3618 habebit
694 3553 871 3617 valde
915 3556 1165 3637 gratum
1212 3555 1263 3618 si
1312 3553 1773 3637 presentabitur
1821 3553 1898 3619 de
1945 3554 2226 3620 zucharis
2263 3555 2329 3618 et
2357 3551 2892 3631 confectionibus;
2942 3554 3113 3620 vadit

391 3658 553 3723 parS,
606 3643 765 3724 quod
815 3640 879 3705 in
928 3642 1055 3706 illis
1095 3642 1279 3707 rebus
1342 3661 1461 3727 que
1521 3641 1792 3707 dominio
1858 3641 2252 3720 videbuntur,
2310 3641 2547 3726 possint
2613 3643 2828 3727 spendi
2900 3643 3110 3710 ducati

392 3728 888 3813 vigintiquinque
924 3749 1034 3813 pro
1081 3732 1361 3796 donando
1405 3731 1470 3796 et
1509 3731 1921 3813 presentando
1966 3730 2213 3795 domiuo
2261 3730 2630 3814 supradicto.

479 3838 662 3898 Masta·
710 3839 930 3900 XLII.
982 3840 1083 3909 73,
1128 3856 1171 3898 u
1216 3839 1371 3900 ποῖοι.
1419 3838 1655 3899 arkivu.

593 4026 1167 4114 ccccxxlv.
1218 4026 1426 4111 God.
1480 4027 1707 4112 1392.
1761 4026 1860 4109 18
1912 4027 2356 4124 kolovoza‚
2411 4032 2472 4111 u
2524 4029 2914 4113 Mletcih.

398 4172 690 4249 Poqodba,
736 4175 928 4249 hojom
976 4173 1228 4248 GJorcije
1277 4173 1469 4248 Topia
1521 4173 1819 4248 pospodar
1872 4173 2080 4232 dradki
2140 4174 2500 4249 odstupljuje
2562 4176 2720 4249 arad
2763 4173 2934 4235 Drad
2972 4176 3112 4236 mle·

1484 4262 1678 4331 tabkoq·
1717 4261 2030 4335 republiki.

609 4364 964 4432 Retificatio
1012 4365 1330 4449 pactorum
1378 4363 1715 4430 innitorum
1765 4365 1926 4429 inter
1972 4363 2289 4430 dominum
2336 4364 2669 4450 Georgium
2738 4366 2933 4450 'topia
3000 4366 3112 4433 do-

403 4452 643 4517 minum
691 4453 983 4519 Durachii
1032 4455 1096 4520 et
1140 4454 1456 4519 dominum
1505 4451 1879 4519 Saracennm
1929 4452 2212 4517 Daudulo
2270 4453 2660 4535 capitaneum
2723 4454 2931 4538 culphi
2992 4474 3102 4522 no-

402 4539 567 4605 mine
593 4542 938 4607 communis
966 4541 1369 4607 Veneciarum
1399 4559 1506 4624 pro
1551 4541 1733 4607 factis
1765 4539 2085 4618 Durachii‚
2118 4540 2283 4606 facta
2313 4560 2419 4623 per
2448 4541 2759 4607 illustrem
2791 4543 3107 4609 dominum

405 4628 624 4693 ducem
671 4630 737 4694 et
806 4648 1128 4695 commune
1195 4628 1623 4695 Veneciarum.
1676 4664 1757 4676 —-
1806 4626 2161 4695 Anthonius
2231 4629 2492 4694 Venerio
2553 4629 2650 4695 dei
2717 4630 2921 4714 gratia
2986 4632 3105 4698 dux

407 4715 810 4782 Venetiarum
845 4718 959 4783 etc.
1004 4717 1324 4783 Universis
1385 4719 1449 4783 et
1502 4716 1765 4802 singulis
1831 4719 1965 4783 tam
2027 4716 2418 4801 presentibus
2481 4735 2670 4803 quam
2727 4716 2952 4784 futuris
2992 4718 3107 4784 has

410 4807 655 4869 nostras
698 4807 979 4888 patentes
1022 4806 1271 4873 litteras
1315 4806 1684 4890 inspecturis
1716 4805 1928 4889 pateat
1970 4806 2299 4887 evidenter,
2341 4804 2503 4889 quod
2548 4823 2694 4872 cum
2742 4804 3108 4890 magnificus
