3620 5282
511 333 596 400 98

509 514 712 578 tarum
759 528 829 575 ac
875 528 1081 575 earum
1129 510 1359 577 subditi
1407 512 1472 577 et
1517 510 1730 577 fideles
1777 514 1842 576 et
1886 513 2249 596 quicumque
2295 511 2401 578 alii
2448 511 2849 596 suprascripti
2881 510 3122 596 possint
3151 513 3218 578 et

508 600 757 667 valeant
791 598 1071 679 transire,
1120 601 1286 664 stare
1332 601 1396 665 et
1440 599 1638 665 redire
1684 620 1791 684 per
1839 602 2067 666 terram
2115 601 2210 666 vel
2271 621 2379 684 per
2437 620 2662 685 aquam
2726 602 2924 666 securi
2973 604 3036 667 et
3081 600 3213 665 sine

506 688 969 772 impedimento,
1020 687 1328 771 gravitate
1373 688 1472 753 vel
1508 688 1842 765 obstaculo,
1891 688 2220 755 dummodo
2253 692 2572 753 transeant
2618 690 2750 754 sine
2796 690 3104 774 gravitate
3152 692 3216 753 et

509 779 734 842 damno
779 776 1058 859 parcium
1099 775 1534 860 predictarum,
1584 778 1648 841 et
1688 775 2024 842 cuiuslibet
2067 796 2279 842 earum
2328 780 2392 842 et
2436 778 2711 861 ipsarum
2743 778 3021 843 omnium
3068 776 3216 842 sub-

508 864 800 943 ditorum,
848 863 1122 929 fidelium
1165 864 1525 931 devotorum
1573 866 1638 929 et
1683 865 2103 930 obedienciam
2137 864 2573 948 predictorum.
2620 865 2782 931 Item
2815 867 2976 950 quod
3007 884 3211 931 comes

508 951 750 1033 Cliscie‚
800 952 1103 1018 Scardone
1134 954 1197 1017 et
1229 952 1515 1019 Dalmisii
1567 972 1707 1018 cum
1754 954 1884 1017 suis
1930 955 1992 1018 et
2028 972 2168 1018 cum
2202 953 2378 1019 bonis
2417 957 2482 1019 et
2526 954 2695 1032 lociS,
2729 974 2844 1037 que
2890 955 3062 1019 tenet
3104 972 3232 1029 seu,

510 1041 802 1124 possidet,
851 1041 933 1105 sit
977 1042 1039 1106 et
1084 1060 1219 1106 esse
1263 1041 1486 1106 debeat
1528 1040 1592 1105 in
1636 1042 1915 1125 treuguis
1976 1041 2384 1124 supradictiS‚
2448 1044 2511 1108 et
2554 1041 2830 1125 predicta
2887 1042 3098 1107 omnia
3145 1043 3210 1106 et

505 1129 754 1213 singula
797 1129 1209 1212 promiserunt
1257 1128 1575 1193 attendere
1622 1132 1686 1195 et
1743 1129 2183 1195 inviolabiliter
2242 1129 2567 1196 observare
2613 1131 2676 1195 et
2720 1149 2837 1196 non
2900 1130 3210 1196 contrafa-

502 1236 639 1283 cere
683 1216 780 1283 vel
826 1217 1049 1297 venire,
1096 1217 1306 1300 aliqua
1350 1215 1595 1283 racione
1656 1216 1753 1283 vel
1814 1236 2033 1295 causa,
2082 1216 2156 1281 de
2202 1217 2334 1282 iure
2380 1219 2478 1283 vel
2538 1218 2613 1282 de
2676 1217 2840 1283 facto
2886 1218 3000 1285 sub
3047 1235 3203 1300 pena

503 1308 751 1372 centum
810 1323 1155 1370 marcarum
1219 1305 1654 1389 stipulatarum
1713 1306 2021 1388 promissa
2079 1306 2311 1370 tociens
2371 1307 2849 1388 committenda,
2914 1306 3202 1390 quociens

502 1392 693 1459 fuerit
736 1393 1199 1472 contrafactum,
1248 1395 1314 1458 et
1358 1394 1603 1477 solupta
1643 1394 1741 1459 vel
1783 1411 1902 1457 non
1945 1393 2191 1476 solupta
2251 1393 2528 1477 predicta
2593 1395 2798 1459 omnia
2843 1397 2909 1460 et
2953 1394 3201 1476 singula

504 1481 684 1547 firma
729 1481 1061 1564 perdurent
1105 1487 1169 1547 et
1226 1481 1666 1548 inviolabiliter
1726 1482 2157 1560 observentur,
2220 1482 2534 1565 obligante
2597 1501 2719 1549 una
2778 1485 2954 1567 parte
3017 1482 3200 1547 alteri

504 1569 856 1635 nominibus
924 1569 1256 1635 antedictis
1315 1570 1435 1635 sibi
1509 1568 1782 1636 vicissim
1846 1588 1953 1652 per
2015 1569 2392 1651 solempnem
2451 1570 2920 1652 stipulacionem
2988 1570 3199 1636 omnia

499 1657 660 1722 bona
701 1658 1003 1723 dictarum
1049 1659 1319 1742 partium
1365 1661 1429 1722 et
1471 1657 1803 1723 cuiuslibet
1847 1677 2059 1722 earum
2106 1658 2361 1723 mobilia
2396 1662 2460 1723 et
2505 1659 2821 1738 imobilia,
2885 1657 3198 1743 presentia

506 1748 570 1811 et
613 1744 837 1811 futura.
887 1746 1046 1811 Item
1093 1747 1253 1829 quod
1298 1746 1727 1811 serenissimus
1773 1745 2055 1810 domiuus
2099 1764 2201 1810 rex
2247 1748 2574 1827 promittat
2620 1749 2684 1811 et
2727 1747 2908 1825 iuret,
2955 1749 3020 1812 et
3064 1765 3204 1830 pro·

498 1834 714 1899 mittat
757 1837 821 1899 et
865 1834 1070 1900 iurare
1115 1834 1304 1900 faciat
1343 1833 1566 1918 viginti
1611 1835 1684 1899 de
1747 1833 2083 1898 maioribus
2146 1834 2477 1899 baronibus
2523 1836 2587 1899 et
2631 1834 2997 1901 consiliariis
3053 1833 3200 1911 suis,

496 1921 774 2006 predicta
818 1923 1025 1988 omnia
1069 1926 1133 1987 et
1176 1923 1422 2007 singula
1480 1921 1922 1987 inviolabiliter
1982 1921 2302 1987 observare
2348 1926 2412 1987 et
2457 1922 2653 1988 facere
2708 1923 3039 1993 observari.
3121 1922 3201 1986 Et

496 2012 707 2076 eodem
756 2010 937 2076 modo
983 2011 1141 2095 quod
1187 2011 1441 2076 inclitus
1486 2011 1766 2075 dominus
1828 2010 1950 2074 dux
2010 2011 2335 2092 promittat
2395 2013 2458 2075 et
2521 2010 2683 2077 iuret
2728 2014 2792 2077 et
2838 2010 3200 2094 promittere

497 2100 561 2164 et
590 2099 793 2163 iurare
837 2098 1029 2164 faciat
1072 2099 1290 2183 viginti
1336 2099 1412 2164 de
1454 2099 1786 2164 maioribus
1836 2098 2165 2163 baronibus
2211 2110 2275 2163 et
2319 2098 2684 2164 consiliariis
2730 2100 2880 2177 suis,
2929 2100 3201 2183 predicta

497 2186 705 2252 omnia
751 2193 814 2251 et
857 2186 1106 2271 singula
1143 2186 1582 2253 inviolabiliter
1628 2187 1950 2252 observare
1997 2187 2060 2252 et
2101 2187 2411 2252 observari
2453 2185 2671 2253 facere.
2744 2189 2825 2253 Et
2869 2187 2944 2253 de
2992 2185 3195 2270 predi-

498 2275 621 2340 ctis
664 2275 816 2341 fiant
859 2277 1143 2359 patentes
1188 2275 1393 2341 littere
1438 2275 1584 2340 hinc
1630 2276 1694 2340 et
1738 2275 1878 2340 inde
1933 2275 2170 2339 munite
2236 2273 2459 2358 sigillis
2505 2279 2567 2341 et
2615 2276 2803 2341 bullis
2867 2274 3195 2341 autenticis

497 2369 565 2428 et
609 2362 770 2428 veris
814 2364 1014 2447 partis
1056 2364 1388 2429 cuiuslibet
1430 2363 1848 2447 predictarum
1891 2362 2034 2428 hinc
2079 2363 2158 2428 ad
2201 2362 2427 2428 festum
2489 2363 2653 2429 beati
2702 2364 3011 2429 Francisci
3057 2382 3201 2428 con-

497 2450 745 2519 fessoris
788 2451 1063 2535 proxime
1106 2452 1380 2531 venturi,
1444 2450 1603 2535 quod
1664 2453 1760 2516 est
1819 2450 1916 2515 die
1962 2448 2052 2515 IV
2097 2451 2370 2516 octubris
2430 2452 2704 2534 proxime
2753 2452 3200 2536 subsequentis,

494 2539 658 2605 Item
703 2558 777 2605 ex
821 2558 980 2604 nunc
1026 2540 1176 2605 dicti
1223 2539 1442 2605 sindici
1487 2542 1551 2604 et
1598 2540 2022 2622 procuratores
2065 2538 2415 2604 nominibus
2460 2539 2830 2623 supradictis
2876 2558 2949 2606 ex
2993 2542 3205 2605 aucto·

495 2629 683 2694 ritate
728 2627 817 2694 eis
859 2629 921 2693 in
964 2629 1078 2694 hoc
1121 2626 1497 2714 competenti
1540 2627 1703 2694 inter
1743 2647 1808 2693 se
1856 2628 2198 2693 comuniter
2244 2631 2308 2693 et
2353 2628 2733 2694 concorditer
2777 2628 3195 2704 firmaverunt,

496 2718 853 2783 statuerunt
896 2718 965 2786 et·
1002 2717 1455 2796 ordinaverunt,
1502 2717 1663 2800 quod
1711 2719 1927 2800 tregue
1973 2715 2243 2799 predicte
2290 2716 2354 2781 in
2408 2717 2825 2800 suprascripta
2883 2717 3081 2781 forma
3125 2734 3200 2780 ex

495 2823 658 2870 nunc
702 2804 830 2870 sint
873 2807 937 2870 et
965 2805 1403 2871 inviolabiliter
1440 2805 1874 2871 observenture
1915 2823 2022 2888 per
2046 2804 2240 2869 dictas
2279 2807 2487 2887 partes
2528 2824 2719 2889 usque
2763 2804 2842 2869 ad
2867 2805 3201 2870 terminum

496 2894 916 2977 supradictum
962 2893 1106 2959 festi
1150 2894 1316 2958 beati
1363 2892 1676 2959 Francisci
1737 2892 2008 2976 proxime
2066 2912 2258 2974 usque
2322 2894 2396 2956 ad
2444 2913 2623 2977 quem
2685 2894 3037 2959 ordinatum
3083 2894 3198 2970 est,

496 2982 775 3065 predicta
814 2981 946 3047 fieri
992 2985 1056 3047 et
1101 2981 1396 3065 compleri
1441 3001 1549 3065 per
1590 2980 1961 3066 principales
2025 2999 2316 3063 personas
2364 2983 2428 3046 et
2471 2984 2678 3064 partes
2738 2984 3083 3066 predictaS,
3131 2983 3205 3045 ut

495 3070 777 3153 superius
823 3071 918 3134 est
964 3089 1337 3153 expressum.
1385 3069 1471 3135 Et
1513 3070 1568 3134 si
1609 3070 1958 3134 iuramenta
2004 3071 2069 3134 et
2109 3070 2541 3152 promissiones
2608 3071 2884 3153 predicta
2929 3088 3048 3134 nou
3095 3068 3204 3134 fie-

496 3159 636 3222 rent
674 3176 783 3240 per
829 3157 1024 3222 dictas
1081 3157 1452 3243 principales
1515 3176 1808 3241 personas
1869 3158 1946 3221 ad
2007 3156 2342 3222 terminum
2406 3158 2867 3241 supradictum,
2915 3159 2979 3222 in
3036 3156 3201 3221 dicto

494 3263 640 3311 casu
687 3244 893 3309 omnia
938 3248 1003 3311 et
1046 3246 1288 3330 singula
1358 3247 1775 3329 suprascripta
1823 3245 2163 3309 habeantur
2206 3263 2316 3329 pro
2364 3263 2485 3309 non
2535 3245 2750 3323 factis,
2802 3247 2865 3310 et
2907 3263 3025 3309 non
3069 3243 3201 3308 sint

494 3332 755 3398 alicuius
803 3333 1069 3400 efficacie
1116 3334 1210 3399 vel
1256 3335 1508 3418 vigoris.
1552 3335 1644 3399 De
1691 3333 2007 3418 premissis
2054 3336 2261 3397 autem
2310 3332 2595 3398 omuibus
2641 3332 3009 3416 et·singulis
3041 3329 3203 3396 facta

496 3422 646 3485 sunt
690 3420 960 3487 eiusdem
1017 3422 1245 3487 tenoris
1292 3422 1411 3487 duo
1471 3422 1720 3508 publica
1783 3422 2229 3499 instrumenta,
2294 3439 2482 3484 unum
2544 3440 2655 3504 per
2698 3439 2800 3486 me
2856 3419 3201 3486 Johannem

494 3506 924 3594 Chrispianum
972 3511 1280 3576 notarium
1347 3509 1808 3593 infrascriptum
1868 3508 2083 3573 datum
2143 3508 2209 3572 et
2268 3507 2610 3573 exhibitum
2671 3506 2905 3591 prefato
2952 3506 3197 3573 domino

494 3596 632 3663 duci
680 3600 743 3662 et
788 3598 1097 3663 communi
1143 3597 1544 3663 venetiarum
1591 3617 1700 3664 seu
1761 3597 2052 3680 predictis
2114 3596 2555 3660 tractatoribus
2611 3598 2673 3660 et
2732 3595 2983 3662 sindicis
3043 3596 3195 3661 dicti

494 3685 728 3751 domini
793 3686 966 3752 ducis
1013 3688 1077 3751 et
1118 3686 1461 3752 communis
1516 3684 1918 3752 veneciarum
1979 3684 2326 3750 nominibus
2389 3683 2753 3763 antedictiS,
2819 3686 2885 3748 et
2928 3683 3197 3750 alterum

489 3793 600 3859 per
645 3774 1054 3859 Raphaynum
1116 3775 1190 3840 de
1253 3773 1557 3841 Caresinis
1619 3773 1924 3838 notarium
1987 3772 2202 3837 datum
2264 3774 2328 3837 et
2390 3772 2729 3838 exhibitum
2787 3771 3045 3856 prefatis
3091 3774 3201 3839 do-

492 3863 678 3929 minis
729 3863 1227 3929 ambaxatoribus
1272 3861 1706 3945 recipientibus
1753 3860 1999 3925 nomine
2045 3859 2334 3943 prelibati
2379 3859 2613 3925 domini
2658 3859 2842 3943 regis.

698 3952 767 4017 L.
819 3949 880 4016 S.
928 3952 1058 4035 Ego
1101 3948 1416 4017 ‚Iohannes
1470 3947 1857 4015 Christianus
1911 3948 1986 4013 de
2046 3948 2395 4013 Tomasinis
2457 3948 2763 4032 imperiali
2824 3949 3197 4015 auctoritate

488 4039 764 4105 notarius
808 4040 1094 4123 publicus
1139 4041 1203 4104 et
1246 4040 1568 4122 asumptus
1613 4039 1689 4102 ad
1736 4038 2008 4120 predicta
2054 4055 2159 4119 pro
2195 4039 2365 4119 parte
2398 4037 2697 4102 dictorum
2728 4038 3196 4104 ambaxatorum

490 4126 727 4192 domini
772 4126 955 4211 regie,
1024 4127 1308 4192 omnibus
1370 4125 1806 4210 suprascriptis
1869 4145 2117 4210 presens
2177 4124 2298 4206 fui,
2363 4130 2427 4191 et
2482 4144 2556 4191 ea
2606 4128 2858 4211 rogatus
2920 4127 3185 4192 scribere

490 4214 729 4298 scripsi,
778 4217 842 4280 et
882 4235 1016 4280 meo
1050 4215 1225 4299 signo
1271 4216 1561 4282 consueto
1600 4215 1860 4298 signavi.

569 4305 888 4368 Paetorum
943 4307 1005 4365 V.
1047 4308 1151 4367 88.
1199 4304 1765 4366 Commenwrialium
1795 4307 1834 4365 1
1846 4305 1911 4367 V.
1961 4306 2106 4377 122,
2151 4323 2194 4365 u
2226 4305 2565 4367 ndetackom
2608 4307 2838 4366 arkivu.
