3620 5282
495 374 619 441 106

489 555 623 617 tum
672 552 880 629 etiam,
928 557 998 618 ut
1043 554 1281 636 possint
1326 555 1615 620 sustineri
1664 572 1848 620 onera
1895 551 2173 637 expensis
2230 550 2572 636 regiminis,
2622 549 2782 633 quod
2827 568 2948 614 non
2994 548 3201 613 detra-

492 640 678 705 hatur
721 641 933 707 comiti
978 641 1229 725 aliquid,
1279 642 1388 708 sed
1433 645 1545 709 fiat
1586 663 1725 708 cum
1771 642 2009 708 familia
2054 644 2120 706 et
2165 639 2618 705 conditionibus
2663 637 2900 713 solitis;
2940 636 3045 701 sed
3091 635 3201 701 ad-

490 730 714 795 dantur
757 728 915 794 libre
960 731 1018 795 X
1064 748 1420 813 grossorum
1466 731 1530 795 in
1577 750 1753 810 anno,
1819 732 1908 796 ita
1952 729 2108 814 quod
2155 728 2381 794 habeat
2439 727 2631 792 libras
2678 724 2787 792 XC
2849 741 3199 809 grossorum

487 816 550 880 in
597 835 774 895 anno,
823 818 984 882 sicut
1027 817 1296 883 habebat
1334 818 1585 884 LXXX.
1638 819 1738 884 15.

699 904 855 970 Cum
893 905 1186 972 salarium
1233 907 1475 972 comitis
1517 907 1743 984 Jadre,
1810 909 1971 990 quod
2031 908 2127 972 est
2186 905 2377 970 libras
2421 903 2655 969 LXXX
2715 918 3070 988 grossorum
3130 899 3195 965 in

489 1011 670 1071 anno,
717 1011 837 1058 non
884 996 1247 1077 respondeat
1286 995 1363 1060 ad
1408 1014 1721 1078 expensas,
1771 997 1837 1061 et
1885 997 2110 1061 bonum
2152 994 2236 1059 sit
2281 992 2539 1058 transire
2585 992 2716 1056 sine
2761 988 3070 1055 additione
3100 1006 3200 1052 sa-

486 1081 649 1157 larii,
697 1082 747 1145 si
795 1101 904 1164 per
949 1082 1136 1148 aliam
1183 1083 1345 1149 viam
1380 1083 1682 1167 provideri
1727 1085 1968 1166 potest:
2019 1082 2192 1147 vadit
2237 1100 2395 1165 parS,
2444 1080 2606 1163 quod
2651 1078 2980 1145 ubicomes
3004 1075 3194 1142 Jadre

490 1170 742 1235 tenetur
788 1169 1016 1235 habere
1060 1173 1187 1236 tres
1234 1171 1453 1248 sociOS,
1495 1173 1583 1236 sic
1629 1172 1829 1237 solum
1877 1175 2083 1238 teneat
2120 1170 2309 1244 duos;
2357 1171 2421 1234 et
2463 1168 2568 1232 ubi
2613 1168 2936 1233 tenebatur
2974 1163 3199 1228 habere

492 1254 623 1323 XII
669 1256 1049 1335 domiceIIOS,
1094 1259 1184 1324 sic
1231 1265 1438 1324 tenere
1484 1260 1703 1325 debeat
1748 1258 1948 1325 solum
1973 1259 2161 1335 VI11;
2208 1260 2271 1323 et
2309 1257 2413 1323 ubi
2446 1258 2771 1322 tenebatur
2795 1254 3017 1318 habere
3049 1251 3200 1316 VIII

488 1362 691 1428 equOS,
738 1347 828 1410 sic
874 1349 1080 1411 teneat
1125 1347 1326 1412 solum
1388 1367 1528 1424 sex3
1591 1347 2026 1432 intelligendo,
2090 1346 2256 1430 quod
2310 1346 2415 1410 isti
2464 1346 2583 1410 duo
2648 1342 2806 1427 equi,
2855 1342 2962 1426 qui
3004 1339 3197 1405 dedu-

488 1434 728 1512 cuntur,
776 1434 902 1500 sint
941 1454 1098 1500 unus
1144 1434 1219 1500 de
1267 1436 1438 1519 equis
1481 1454 1517 1499 a
1563 1436 1741 1501 libris
1774 1436 1821 1501 C
1854 1439 1920 1501 et
1953 1455 2111 1502 unus
2143 1435 2218 1499 de
2249 1432 2538 1499 roncinis.
2591 1433 2686 1512 10,
2733 1450 2851 1497 non
2882 1428 3105 1495 sinceri
3138 1426 3198 1493 3.

575 1523 734 1586 Secr.
781 1543 939 1586 cons.
982 1530 1166 1602 royac.
1209 1527 1309 1586 lib.
1349 1526 1427 1586 B.
1472 1529 1577 1597 24,
1622 1545 1665 1586 u
1709 1528 1927 1588 arkivu
1967 1527 2324 1587 mletackom.

889 1716 1134 1800 CLX.
1187 1715 1393 1800 God.
1448 1716 1677 1800 1348.
1727 1717 1778 1800 2
1831 1716 2287 1838 listopada,
2341 1738 2402 1798 u
2457 1713 2845 1797 metcih.

1292 1825 1541 1902 Proylas
1586 1844 1618 1885 o
1662 1826 2050 1886 utanacenom
2092 1826 2399 1900 pnmirju.

707 1928 895 1993 1348.
943 1929 1007 1993 II
1051 1927 1403 2008 indictione,
1451 1928 1679 1994 mensis
1725 1928 1994 1995 octobris
2018 1928 2116 1994 die
2146 1929 2430 1994 secundo.
2479 1926 2796 1995 Universis
2842 1927 2906 1991 et
2941 1922 3201 2007 singulis

496 2019 708 2081 notum
756 2016 858 2095 sit,
907 2018 1065 2099 quod
1110 2016 1187 2082 ad
1232 2017 1511 2095 laudem,
1559 2018 1967 2083 reverentiam
2031 2020 2096 2082 et
2157 2017 2450 2082 honorem
2508 2014 2742 2081 domini
2805 2012 3003 2079 nostri
3044 2011 3198 2077 Jesu

493 2104 726 2170 Christi
772 2106 836 2169 et
879 2104 1198 2187 genitricis
1244 2124 1349 2170 sue
1398 2104 1673 2188 Virginis
1718 2105 1981 2188 gloriose
2027 2124 2100 2170 ac
2144 2105 2308 2171 beati
2355 2105 2551 2170 Marci
2598 2102 2864 2186 apostoli
2909 2103 2974 2167 et
3019 2117 3201 2166 evan-

492 2192 717 2276 geliste
763 2193 1126 2277 protectoris
1172 2193 1366 2257 nostri
1414 2194 1570 2257 iuter
1615 2194 2077 2259 serenissimum
2104 2193 2485 2259 Ludovicum
2528 2192 2627 2257 dei
2660 2192 2862 2276 gratia
2883 2186 3200 2270 Hungarie

492 2300 703 2364 regem
750 2299 857 2364 pro
903 2300 968 2345 se
1015 2283 1080 2345 et
1123 2281 1251 2346 suis
1299 2280 1564 2346 subditis
1609 2283 1673 2346 et
1706 2282 2010 2358 omnibuS,
2060 2282 2165 2365 qui
2211 2300 2327 2365 quo
2375 2281 2555 2347 modo
2586 2280 2806 2345 fuisset
2849 2278 2948 2345 vel
2993 2278 3204 2342 essent

491 2368 866 2447 obedientes,
913 2386 1204 2451 sequaces
1267 2369 1365 2434 vel
1411 2369 1781 2435 favorabiles
1846 2370 2041 2453 ipsius
2104 2371 2266 2453 regis
2313 2373 2376 2434 et
2436 2369 2651 2434 ducale
2706 2367 3045 2433 dominium
3091 2382 3200 2448 pro

491 2457 781 2522 omnibus
826 2459 892 2521 et
936 2456 1199 2540 singulis
1244 2456 1504 2536 civibuS,
1553 2459 1835 2536 subditis,
1884 2457 2189 2535 fidelibus,
2255 2458 2529 2536 devotis,
2596 2456 3059 2528 obedientibus,
3106 2470 3201 2518 se-

491 2545 790 2630 quacibus
832 2544 929 2611 vel
974 2543 1417 2610 favorabilibus
1464 2547 1590 2611 suis
1637 2547 1883 2611 firmate
1915 2546 2059 2611 sunt
2095 2549 2157 2610 et
2190 2545 2548 2611 solemniter
2580 2544 2775 2610 iurate
2822 2562 2894 2608 ex
2936 2544 3198 2623 utraque

491 2636 666 2718 parte
706 2635 921 2719 tregue
966 2653 1106 2699 vere
1155 2637 1219 2700 et
1263 2654 1410 2717 pure
1457 2634 1521 2700 et
1564 2634 1954 2701 concordium
2002 2653 2192 2717 usque
2237 2635 2371 2699 octo
2404 2653 2592 2700 annos
2622 2631 2895 2716 proxime
2939 2629 3198 2708 futuroS,

492 2724 556 2788 in
604 2722 826 2807 quibus
879 2721 1130 2807 quidem
1170 2723 1406 2805 treguis
1454 2743 1563 2807 per
1607 2724 1908 2807 utranque
1967 2723 2234 2807 partium
2281 2725 2379 2788 est
2437 2721 2842 2806 promissum,
2891 2719 3050 2803 quod
3095 2737 3201 2801 per

492 2814 692 2876 totum
741 2812 985 2893 tempus
1034 2811 1335 2876 dictorum
1382 2815 1519 2877 octo
1561 2830 1859 2877 annornm
1888 2810 2100 2895 aliqua
2141 2813 2409 2894 partium
2447 2831 2567 2877 nou
2598 2809 2831 2875 facient
2874 2807 2973 2873 vel
3013 2806 3200 2872 infer-

493 2902 638 2966 rent
680 2917 792 2965 nec
852 2898 1032 2964 inferi
1077 2918 1187 2982 per
1231 2900 1468 2983 aliquos
1517 2918 1656 2964 suos
1721 2900 1821 2965 vel
1869 2900 2025 2965 alios
2072 2902 2186 2965 sub
2233 2902 2508 2984 ipsorum
2556 2899 2799 2964 nomine
2845 2895 2942 2963 vel
3003 2895 3201 2961 colore

492 2988 728 3054 facient
774 2987 872 3052 vel
920 2989 1305 3052 consentient
1351 2987 1527 3053 modo
1574 2987 1777 3071 aliquo
1823 2988 1921 3054 vel
1959 2989 2204 3073 ingenio
2237 2988 2507 3072 aliquam
2532 3006 2839 3072 guerram,
2886 2983 3199 3060 iniuriam,

496 3076 866 3154 molestiam,
913 3076 1290 3159 gravamina,
1353 3095 1482 3141 rem
1533 3079 1597 3141 et
1640 3075 1936 3142 damnum
2002 3076 2406 3160 personaliter
2466 3076 2564 3141 vel
2624 3074 2874 3140 realiter
2933 3071 3052 3137 sibi
3098 3071 3199 3136 vel
3303 3157 3316 3164 ⁸

493 3163 866 3241 hominibuS,
916 3163 1293 3240 civitatibus,
1342 3165 1579 3243 castriS,
1630 3164 1817 3241 villis,
1864 3165 2034 3243 lociS,
2082 3183 2233 3248 quas
2280 3168 2343 3229 et
2388 3184 2505 3247 que
2553 3163 2822 3247 predicte
2870 3161 3073 3240 partes
3132 3161 3197 3223 et

491 3251 765 3337 quelibet
807 3269 1021 3316 earum
1072 3254 1138 3317 et
1180 3251 1415 3317 subditi
1460 3254 1525 3317 et
1570 3252 1782 3318 fideles
1835 3254 1899 3318 et
1945 3253 2286 3336 quicunque
2344 3251 2441 3317 vel
2500 3248 2903 3334 suprascripti
2963 3246 3200 3330 possint

492 3343 557 3405 et
603 3339 847 3404 valeant
890 3338 999 3416 ire,
1048 3340 1329 3417 transire,
1392 3341 1574 3419 stare,
1622 3340 1820 3405 redire
1866 3359 1974 3424 per
2037 3342 2303 3419 terram,
2368 3359 2478 3422 per
2537 3356 2793 3421 aquam,
2857 3353 3071 3401 secure
3130 3335 3199 3399 et

489 3429 620 3493 sine
665 3427 1127 3510 impedimento,
1175 3427 1484 3511 gravitate
1527 3429 1622 3493 vel
1668 3427 2006 3500 obstaculo,
2055 3427 2384 3492 dummodo
2432 3428 2751 3491 transeant
2797 3425 2929 3489 sine
2974 3424 3194 3487 damno

488 3519 551 3581 et
593 3515 822 3581 lesione
868 3515 1139 3599 partium
1187 3516 1619 3599 predictarum,
1669 3518 1734 3581 et
1776 3515 2107 3581 cuiuslibet
2164 3534 2376 3581 earum
2439 3518 2503 3579 et
2561 3514 2839 3598 ipsorum
2902 3511 3194 3588 fidelium,

491 3603 898 3681 subditorum,
945 3604 1304 3670 devotorum
1330 3605 1395 3670 et
1417 3604 1834 3670 obedientium
1874 3604 2319 3686 predictorum3
2366 3603 2516 3668 item
2559 3601 2716 3685 quod
2740 3618 2945 3666 comes
2969 3599 3199 3665 Paulus

493 3693 736 3771 Cliscie,
787 3691 1094 3758 Scardone
1138 3694 1203 3757 et
1247 3692 1546 3758 Dalmisie
1592 3712 1734 3758 cum
1796 3692 1923 3758 suis
1969 3693 2035 3757 et
2081 3712 2220 3757 cum
2271 3692 2444 3756 bonis
2491 3692 2555 3755 et
2597 3690 2784 3768 lociS,
2849 3707 2964 3773 que
3029 3689 3200 3753 tenet

488 3801 598 3847 seu
644 3781 953 3864 possidet,
1021 3783 1104 3846 sit
1149 3782 1217 3846 et
1260 3800 1394 3847 esse
1439 3781 1663 3847 debeat
1708 3782 1769 3845 in
1832 3781 2109 3865 treuguis
2154 3780 2468 3864 predictis.
2516 3776 2718 3858 Quare
2749 3777 3033 3842 dominus
3078 3777 3198 3842 dux

490 3871 746 3935 mandat
793 3871 856 3934 et
903 3868 1184 3953 precipit,
1233 3871 1304 3934 ut
1347 3870 1476 3953 ipse
1524 3872 1740 3953 tregue
1786 3888 1898 3953 per
1943 3887 2153 3934 omnes
2201 3870 2265 3933 et
2321 3868 2597 3952 singulos
2658 3867 2856 3943 civeS,
2918 3865 3201 3932 subditos

489 3962 553 4024 et
600 3957 826 4024 fedeles
871 3959 1140 4035 devotOS,
1190 3956 1563 4034 obedientes,
1611 3976 1903 4041 sequaces
1948 3976 2017 4022 ac
2064 3957 2432 4022 favorabiles
2475 3974 2618 4021 suos
2663 3955 2927 4020 debeant
2986 3971 3201 4019 secuu-

487 4047 632 4111 dum
676 4064 888 4113 earum
935 4046 1372 4112 continentiam
1433 4045 1821 4130 integraliter
1885 4045 2260 4112 obeservare.
2315 4044 2644 4110 Publieata
2708 4043 2827 4110 fuit
2887 4043 2951 4108 in
3013 4042 3199 4109 scalis

489 4133 758 4200 Rivoalti
808 4153 913 4217 per
957 4151 1282 4217 preconem
1326 4152 1515 4218 supra
1562 4133 1901 4199 consalum.

576 4225 842 4286 Estratti
879 4226 985 4284 dai
1028 4226 1312 4285 notator-ii
1354 4226 1449 4284 del
1498 4223 1768 4301 G'olleyim
1814 4226 1915 4285 list
1959 4228 2064 4296 20,
2111 4244 2152 4285 u
2197 4226 2412 4286 arkivu
2455 4224 2811 4285 mletaekom.

856 4411 1147 4498 CLXI.
1201 4416 1407 4503 flod.
1461 4416 1690 4500 1348.
1744 4419 1796 4500 6
1856 4416 2314 4519 listopada,
2366 4438 2427 4498 u
2477 4414 2869 4499 Mleteih.

490 4524 694 4596 Novas,
742 4524 1037 4598 avaajem·
1079 4526 1136 4586 iz
1178 4525 1425 4599 proaaje
1469 4526 1694 4585 aotam
1729 4527 1870 4600 pozo.
1902 4526 2200 4585 Μειιουεια
2245 4525 2544 4599 Fanfome
2589 4526 2613 4584 ι
2656 4524 2796 4584 sina
2831 4543 2934 4585 mu
2979 4525 3197 4594 ιυαηα,

1200 4612 1464 4686 ροῑοὶεηί
1507 4614 1623 4672 kod
1654 4616 2071 4688 prokuratura
2112 4631 2195 4673 sv.
2240 4614 2485 4674 Marka.

697 4715 1066 4800 Exemplum
1126 4714 1439 4780 cuiusdam
1500 4717 1878 4784 memorialis
1939 4718 2087 4784 facti
2141 4717 2407 4784 dominis
2469 4716 2678 4783 Marco
2730 4715 3085 4781 Lauredano
3131 4716 3197 4780 et

486 4804 755 4872 Johanni
798 4803 1107 4889 Delphino
1152 4806 1652 4888 procuratoribus
1700 4804 1957 4873 ecclesie
2004 4808 2202 4874 sancti
2235 4805 2430 4873 Marci
2461 4805 2536 4870 de
2569 4804 2805 4873 ducatis
2831 4803 3198 4889 quingentos
