3620 5282
485 260 619 326 312

489 436 643 502 dicti
689 435 1076 503 Albanenses
1122 437 1353 503 habeut
1398 437 1600 505 dictos
1646 436 1950 519 homines,
2018 441 2125 524 qui
2170 443 2318 507 sunt
2362 442 2705 508 Durachini
2754 439 3111 508 christicole
3157 441 3224 506 et

488 524 633 589 boni
679 525 959 589 homines
1004 542 1141 590 esse
1188 544 1397 592 servos
1445 529 1509 592 et
1553 528 1810 602 sclavos,
1878 529 1956 593 ob
2016 548 2205 612 quam
2269 548 2517 595 causam
2586 534 2893 614 coguntur
2948 529 3040 594 ire
3108 546 3220 611 per

492 615 702 694 partes
746 609 988 693 Apulee
1031 616 1095 677 et
1139 613 1373 679 alienas
1421 616 1618 680 terras
1668 616 2068 682 mendicando
2130 636 2272 683 cum
2347 619 2613 683 maximo
2670 619 2891 683 damno
2938 618 3218 682 civitatis

493 700 699 763 nostre
743 698 1056 778 Durachii,
1105 719 1224 782 que
1269 705 1520 785 propter
1571 703 1873 770 duriciem
1943 705 2289 789 aliquorum
2346 705 2802 772 Albanensium
2875 705 3217 771 volentium

493 786 899 885 sic-tractare
943 788 1095 852 istos
1140 806 1435 871 pauperes
1483 791 1764 857 homines
1812 796 2094 872 remanet
2137 793 2523 868 inhabitata;
2609 794 2784 859 vadit
2844 812 3006 878 pars,
3051 790 3216 876 quod

496 870 805 937 scrrbatur
850 877 914 938 et
953 875 1285 942 mandetur
1318 876 1529 943 bainlo
1563 881 1626 944 et
1670 879 1993 963 capitaneo
2038 883 2250 946 nostro
2297 882 2614 960 Durachii‚
2663 881 2827 965 qnod
2873 881 3097 946 debeat
3142 879 3218 944 ad

496 977 564 1024 se
609 977 935 1026 convocare
981 962 1138 1028 istos
1185 964 1591 1047 Albanenses,
1641 969 1742 1051 qui
1791 969 2223 1034 alienaverunt
2268 971 2332 1034 et
2362 970 2577 1034 tenent
2609 973 2784 1035 extra
2836 967 3219 1033 Durachium

496 1048 563 1111 et
608 1046 745 1111 loca
778 1049 1065 1149 ‘predicta
1108 1051 1269 1117 tales
1317 1053 1620 1132 homines,
1668 1059 2022 1123 asserentes
2066 1076 2167 1121 eos
2192 1076 2326 1122 esse
2372 1075 2582 1122 servos
2606 1061 2670 1122 et
2715 1057 2978 1130 sclavos,
3015 1058 3223 1120 osten-

493 1133 692 1198 dendo
738 1154 828 1201 ers
874 1156 1019 1202 cum
1067 1139 1518 1207 efficacissimis
1566 1144 1908 1209 rationibus
1955 1147 2021 1210 et
2067 1144 2290 1222 verbis,
2361 1146 2524 1227 quod
2571 1164 2691 1211 non
2736 1153 2884 1210 sunt
2923 1162 3038 1208 nec
3083 1161 3218 1208 esse

336 1275 387 1328 κ.
492 1223 753 1304 possunt
798 1225 959 1290 servi
1006 1245 1118 1292 nec
1165 1227 1358 1294 sclavi
1398 1230 1527 1295 ullo
1573 1233 1769 1314 mod0‚
1819 1233 1964 1315 quia
2009 1251 2129 1297 non
2174 1236 2320 1297 sunt
2364 1233 2530 1297 servi
2573 1251 2684 1297 nec
2716 1232 2908 1299 sclavi
2953 1232 3218 1306 natione,

496 1310 563 1374 et
606 1309 758 1375 licet
805 1312 1092 1379 dominus
1131 1314 1432 1400 Georgius
1479 1318 1786 1400 quondam
1836 1319 2123 1385 dominus
2185 1339 2335 1387 suus
2395 1320 2486 1385 eis
2543 1319 2866 1385 donaverit
2910 1318 3221 1383 territoria

498 1400 563 1460 et
608 1396 758 1480 loca,
808 1419 927 1482 que
974 1403 1206 1480 tenent,
1255 1403 1331 1469 de
1376 1403 1603 1487 quibus
1651 1406 1740 1471 eis
1781 1407 1865 1471 lix
1911 1408 2120 1492 aliqua
2179 1426 2296 1473 non
2357 1411 2661 1483 movetur,
2722 1411 2785 1475 et
2843 1409 2978 1490 ipsa
3035 1404 3217 1470 terri-

496 1485 661 1550 toria
700 1488 767 1551 et
811 1487 947 1552 loca
989 1489 1081 1554 eis
1127 1491 1367 1557 dederit
1411 1511 1552 1558 cum
1598 1494 1954 1560 hominibus
2004 1495 2412 1561 existentibus
2457 1515 2643 1577 super
2689 1496 2798 1575 eie,
2845 1496 2962 1560 hoc
3008 1497 3216 1560 tamen

497 1570 704 1638 facere
750 1593 868 1676 non
912 1578 1135 1658 potuit,
1183 1581 1327 1662 quia
1374 1580 1471 1647 lex
1518 1581 1730 1647 divina
1776 1583 2080 1667 prohibet,
2130 1585 2290 1666 quod
2337 1583 2664 1648 christiani
2731 1583 2980 1648 natione
3026 1579 3210 1647 vendi

495 1678 617 1760 non
662 1663 902 1743 possint
944 1683 1054 1747 pro
1101 1667 1311 1746 servis,
1359 1672 1739 1750 procurando
1784 1689 1927 1736 cum
1975 1671 2072 1736 his
2118 1674 2182 1735 et
2231 1673 2374 1737 aliis
2421 1670 2770 1736 rationibus
2815 1671 2881 1735 et
2911 1668 3111 1734 verbis
3137 1668 3211 1732 de

495 1748 842 1815 inducendo
886 1751 1055 1833 ipsos
1096 1754 1499 1836 AlbanenseS‚
1549 1758 1707 1840 quod
1756 1758 1887 1823 sint
1929 1759 2201 1824 contenti
2246 1764 2312 1827 et
2359 1759 2574 1836 velint,
2624 1761 2782 1843 quod
2828 1757 2982 1822 dicti
3010 1755 3215 1820 homi-

496 1854 625 1912 nes,
675 1855 825 1919 quos
863 1837 1215 1907 alienarunt
1259 1845 1324 1908 et
1370 1844 1796 1924 vendiderunt,
1847 1849 1913 1911 et
1955 1847 2056 1930 qui
2107 1847 2480 1933 aufugerunt
2525 1851 2590 1911 et
2620 1864 2740 1912 non
2788 1846 3021 1911 audent
3051 1861 3218 1909 com-

496 1941 730 2005 parere,
783 1927 849 1990 et
891 1930 1037 1990 sunt
1080 1948 1267 2012 super
1311 1932 1640 1998 territoriis
1683 1933 1980 2016 predictis
2027 1938 2091 2000 et
2158 1935 2223 2000 in
2270 1934 2605 2013 Durachio,
2668 1935 2908 2018 possint
2951 1931 3215 2016 repatri-

495 2023 602 2112 are
649 2014 713 2076 et
753 2017 918 2078 stare
963 2033 1176 2081 secure
1221 2018 1287 2082 in
1332 2019 1585 2086 civitate
1633 2025 1846 2086 nostra
1890 2022 2191 2089 Durachii
2236 2024 2303 2088 et
2346 2023 2489 2087 aliis
2536 2021 2692 2086 locis
2741 2022 2986 2093 nostris,
3029 2021 3094 2084 et
3138 2018 3213 2082 ab

496 2117 587 2163 ers
634 2116 754 2199 non
800 2103 1145 2202 tractentur
1190 2124 1298 2188 pro
1347 2109 1544 2173 servis
1589 2128 1699 2174 nec
1744 2110 1990 2187 sclaviS,
2040 2111 2193 2194 ipsis
2238 2129 2358 2176 non
2407 2110 2819 2194 existentibus
2864 2109 3060 2175 servis
3108 2123 3217 2172 nec

497 2188 744 2288 solave,
792 2189 865 2253 ut
908 2192 1145 2257 rustum
1191 2197 1307 2272 est,
1354 2194 1627 2261 fatiendo
1674 2198 1884 2263 circha
1945 2200 2060 2264 hoc
2121 2216 2300 2281 posse
2360 2217 2546 2263 suum
2609 2199 2685 2263 de
2753 2196 3083 2263 obtinendo
3128 2193 3222 2259 in·

497 2275 843 2375 tencronem
889 2281 1162 2345 nostram
1210 2281 1589 2364 predictam3
1639 2304 1824 2370 quam
1871 2288 1925 2351 si
1971 2286 2299 2364 obtinebit,
2344 2288 2496 2351 tunc
2539 2286 2726 2351 scribi
2792 2284 3028 2349 faciant
3070 2280 3222 2347 seri-

495 2379 599 2427 ose
637 2381 709 2464 ,m
753 2364 1121 2432 cancelleria
1159 2370 1262 2435 sui
1304 2370 1626 2453 regiminis
1672 2391 1997 2439 ascensum
2028 2375 2448 2458 predictorum
2483 2372 2936 2439 Albanensium
2973 2373 3045 2435 ad
3088 2388 3213 2434 me-

498 2468 759 2552 moriam
784 2450 1150 2520 futurorum.
1176 2454 1383 2535 Quum
1411 2477 1551 2524 vero
1575 2478 1710 2525 eam
1732 2461 2011 2527 obtinere
2030 2480 2148 2528 non
2173 2464 2405 2546 posset,
2432 2465 2581 2528 tunc
2605 2461 2829 2527 debeat
2846 2461 3047 2525 dicere
3070 2455 3219 2522 civi-

497 2537 615 2603 bus
648 2537 812 2603 dlcte
844 2542 1006 2606 terre
1036 2541 1451 2611 intencionem
1480 2549 1775 2625 nostram,
1813 2568 1929 2634 que
1960 2553 2077 2625 est,
2120 2550 2282 2634 quod
2314 2550 2692 2635 quicumque
2723 2567 2841 2613 non
2889 2548 3055 2611 esset
3095 2563 3219 2610 ser-

342 2680 371 2711 Ὦ
498 2644 613 2690 vus
637 2644 750 2691 nec
775 2628 1020 2695 sclavus
1047 2632 1294 2699 natione
1319 2654 1430 2700 nec
1462 2655 1674 2701 servus
1698 2639 1945 2721 emptus
1972 2643 2081 2705 aut
2104 2659 2317 2704 servus
2342 2638 2751 2715 macinature,
2770 2636 2920 2702 licet
2942 2632 3220 2700 stetisset

496 2732 685 2797 super
707 2717 1036 2816 territoriis
1070 2720 1312 2786 donatis
1344 2723 1608 2789 condam
1642 2744 1750 2808 per
1780 2725 2102 2792 dominum
2128 2726 2464 2811 Georgium
2494 2726 2592 2791 vel
2616 2726 2799 2791 aliter
2823 2723 3074 2807 prefatis
3110 2719 3221 2786 Al·

497 2803 893 2905 banensrbus‚
941 2810 1007 2871 et
1044 2825 1185 2872 cnm
1232 2810 1386 2892 ipsis
1431 2812 1763 2878 territoriis
1808 2814 2035 2880 fuisset
2065 2815 2326 2880 donatus
2357 2815 2618 2898 prefatis
2653 2812 3112 2878 Albanensibus
3158 2808 3224 2872 et

499 2909 823 2992 per-ipsos
868 2893 1257 2962 Albanenses
1297 2897 1617 2978 alienatoS‚
1670 2903 1867 2984 possit
1909 2904 1976 2967 et
2019 2903 2225 2969 valeat
2268 2921 2481 2969 secure
2539 2905 2604 2967 et
2649 2901 2782 2967 sine
2841 2899 3053 2982 aliquo
3100 2897 3221 2961 im-

497 2977 854 3061 pedrmento
900 2983 1107 3050 venire
1149 2985 1504 3053 habitatum
1551 2989 1867 3055 civitatem
1910 2995 2186 3057 nostram
2234 2991 2532 3056 Durachii
2557 2993 2621 3055 et
2660 2988 2787 3055 alia
2815 2988 2954 3053 loca
2990 2987 3225 3064 nostra,

497 3083 641 3131 cum
686 3087 757 3132 ex
802 3089 967 3138 nunc
1014 3074 1351 3142 habeamus
1397 3078 1565 3160 ipsos
1601 3096 1721 3143 non
1767 3078 1896 3142 fore
1942 3096 2151 3144 servos
2198 3097 2309 3144 nec
2354 3080 2613 3154 sclavoS‚
2670 3077 3035 3141 declarando
3081 3091 3225 3157 par-

499 3156 630 3258 tem
667 3161 920 3258 captam
967 3161 1029 3226 in
1077 3166 1307 3230 nostris
1352 3165 1627 3230 consiliis
1673 3167 2033 3248 rogatorum
2080 3168 2146 3231 et
2185 3165 2518 3232 additionis
2559 3168 2621 3231 iu
2657 3162 2830 3230 1393
2877 3164 2976 3230 die
3008 3162 3223 3247 quinto

497 3245 717 3327 aprrhs
786 3249 850 3313 in
896 3252 1165 3327 tantum,
1215 3253 1377 3336 quod
1426 3253 1697 3335 prefatus
1754 3256 1964 3319 noster
2028 3254 2273 3320 baiulus
2335 3274 2445 3320 nec
2507 3271 2895 3320 successores
2955 3253 3054 3317 sui
3102 3267 3222 3313 non

497 3334 765 3401 debeant
806 3335 1006 3402 facere
1053 3339 1353 3405 rationem
1401 3342 1584 3407 dictis
1641 3340 2103 3407 Albanensibus
2166 3342 2243 3408 de
2304 3342 2686 3408 servitudine
2748 3340 2971 3406 talium
3020 3338 3224 3403 bomi-

496 3439 669 3497 num,
719 3443 869 3507 quos
917 3431 1204 3493 asserunt
1248 3447 1384 3495 esse
1432 3448 1659 3505 servos,
1727 3429 1855 3495 ullo
1927 3431 2125 3506 modo,
2174 3429 2348 3495 salvo
2407 3430 2459 3496 si
2530 3449 2648 3495 non
2718 3428 2986 3494 fuissent
3057 3426 3221 3489 servi

496 3511 834 3595 antequam
883 3514 1161 3596 prefatus
1208 3518 1514 3599 quondam
1564 3516 1852 3583 dominus
1897 3517 2202 3602 Georgius
2245 3517 2538 3584 donasset
2567 3518 2734 3586 dicta
2761 3515 2895 3581 loca
2928 3513 3223 3597 predictis

503 3599 985 3679 Albanensibus‚
1034 3604 1111 3668 de
1157 3603 1410 3687 reliquis
1458 3622 1599 3670 vero
1666 3605 2018 3673 hominibus
2088 3607 2353 3672 debeant
2409 3606 2611 3673 facere
2671 3604 3004 3685 unicuique
3074 3602 3227 3665 rati-

496 3710 676 3758 onem
725 3699 788 3756 et
834 3691 1167 3758 iusticiam.
1212 3692 1307 3757 De
1350 3696 1524 3776 parte
1568 3693 1631 3758 4.

708 3797 820 3864 Ser
866 3796 1217 3863 Anthonius
1266 3798 1616 3881 Bragadino
1677 3798 1817 3863 vult
1869 3801 2107 3880 partem
2170 3818 2280 3882 per
2339 3800 2556 3874 totum,
2620 3797 2792 3862 salvo
2856 3794 3020 3880 quod
3068 3795 3224 3871 vult,

496 3888 656 3970 quod
703 3886 946 3969 quando
994 3885 1197 3950 dictus
1248 3890 1453 3950 noster
1499 3886 1744 3951 baiulus
1790 3904 1913 3950 non
1948 3890 2157 3969 posset
2189 3888 2460 3953 nostram
2498 3884 2901 3950 intentionem
2945 3883 3224 3950 obtinere

494 3994 604 4058 per
651 3974 904 4039 modum
953 3974 1321 4057 predictum,
1386 3974 1530 4056 quia
1588 3975 1875 4038 sanctum
1932 3979 2028 4039 est
2090 3976 2300 4041 taliter
2362 3973 2702 4055 providere,
2764 3971 2925 4056 quod
2986 3969 3222 4035 subditi

493 4064 692 4127 nostri
740 4080 863 4126 non
902 4063 1247 4140 tortizetur,
1294 4061 1519 4126 debeat
1561 4060 1839 4143 prefatus
1889 4063 2097 4126 noster
2143 4060 2387 4126 baiulus
2434 4060 2631 4125 facere
2676 4059 2925 4143 publice
2981 4057 3225 4141 procla-

493 4151 675 4231 mari,
727 4152 888 4234 quod
934 4168 1145 4215 omnes
1193 4149 1358 4215 cives
1402 4153 1468 4214 et
1513 4147 1725 4213 fideles
1765 4149 1960 4212 nostri
2010 4148 2349 4214 Durachini
2397 4150 2461 4213 et
2492 4147 2899 4225 Albanenses‚
2927 4145 3034 4228 qui
3070 4146 3225 4209 tuis·

494 4240 635 4303 sent
681 4241 746 4304 et
790 4238 999 4303 essent
1043 4238 1302 4317 venditi,
1353 4236 1609 4302 alienati
1657 4236 1720 4300 in
1765 4236 1907 4300 aliis
1954 4238 2021 4300 et
2066 4237 2301 4319 expulsi
2348 4236 2423 4301 de
2472 4239 2639 4300 terra
2683 4235 2894 4300 nostra
2926 4232 3223 4298 Durachii

492 4326 559 4389 et
603 4326 746 4392 aliis
791 4327 945 4391 locis
992 4327 1224 4390 nostris
1303 4324 1521 4389 deinde
1568 4343 1676 4407 per
1713 4324 2038 4406 pecuniam
2086 4325 2185 4390 vel
2230 4324 2553 4407 premium,
2598 4322 2837 4406 possint
2884 4339 3096 4386 secure
3144 4319 3222 4384 li-

490 4411 637 4477 bere
685 4416 751 4478 et
794 4414 928 4479 sine
976 4412 1182 4496 aliquo
1228 4412 1671 4495 impedimento
1728 4411 1826 4476 vel
1873 4410 2152 4476 novitate
2198 4411 2405 4475 venire
2450 4411 2527 4476 ad
2577 4410 2896 4476 civitatem
2944 4410 3217 4473 nostram

492 4497 794 4565 Durachii
843 4504 908 4566 et
943 4501 1070 4565 alia
1113 4502 1249 4565 loca
1292 4503 1503 4564 nostra
1550 4499 2028 4564 circumstantia
2077 4498 2385 4563 Durachio
2418 4518 2560 4564 cum
2593 4498 2723 4563 suis
2755 4495 3030 4573 familiis,
3065 4496 3221 4560 noti-

492 4584 731 4651 ficando
778 4587 888 4668 eie,
927 4589 1087 4671 quod
1133 4606 1206 4653 ex
1251 4605 1411 4652 nunc
1451 4587 1770 4672 cognitum
1816 4588 1881 4650 et
1925 4585 2408 4652 determinatum
2455 4584 2578 4650 fuit
2620 4604 2731 4668 per
2786 4589 3066 4650 nostrum
3112 4580 3219 4646 do-

492 4673 781 4754 minium,
829 4693 933 4741 eos
979 4692 1101 4741 uon
1146 4673 1277 4742 fore
1322 4693 1530 4741 servos
1575 4692 1686 4740 nec
1732 4674 1988 4740 sclavos,
