3620 5282
511 362 643 428 340
738 350 745 356 ’

511 538 672 622 quod
711 554 818 619 pro
867 538 1024 601 bono
1072 534 1451 618 agendorum
1499 535 1851 617 nostrornm
1898 532 2172 599 viderint
2225 532 2525 616 expedire,
2590 551 2709 598 non
2775 531 3077 615 possendo
3119 532 3243 597 ali-

511 625 658 708 quid
708 624 1067 689 concludere
1116 641 1229 686 nec
1274 621 1523 685 firmare
1571 624 1704 686 sine
1747 622 2010 687 licentia
2054 624 2119 686 et
2182 620 2500 688 voluntate
2562 621 2748 688 istius
2808 619 3078 686 consilii.
3146 620 3242 684 De

508 716 687 796 parte
743 713 882 791 103,
932 713 1006 776 de
1054 729 1175 776 non
1221 711 1283 789 4,
1333 728 1452 773 non
1499 709 1725 774 sinceri
1771 710 1831 773 2.

594 818 836 880 Secreta
884 817 1060 881 Cous.
1107 819 1253 892 Roq.
1302 817 1379 876 R.
1428 819 1571 887 107,
1619 834 1662 884 u,
1708 816 1866 878 mlet.
1917 817 2154 877 arkivu.

654 1039 1442 1123 CCCGLXXXVII.
1499 1037 1706 1121 God.
1762 1038 1995 1124 1395.
2049 1040 2152 1121 10
2207 1040 2547 1142 offiujka,
2599 1062 2659 1122 u
2711 1039 3101 1122 Mletoih.

511 1202 692 1264 Gzede
728 1203 978 1276 -pomoei,
1021 1204 1161 1276 koju
1194 1204 1262 1275 je
1306 1203 1465 1263 mlet.
1511 1199 1831 1348 “maffia
1853 1203 2090 1349 garnita
2137 1201 2377 1276 prusia·
2434 1202 2766 1277 aqam-hro.
2831 1204 3034 1277 krakiu
3071 1202 3250 1276 proti

1776 1308 1853 1348 ur
1909 1306 2012 1350 nu.

730 1406 914 1473 1395.
963 1407 1300 1473 indictione
1346 1409 1557 1487 tercia,
1601 1408 1702 1473 die
1749 1408 1992 1473 decimo
2042 1409 2277 1474 marcii.
2331 1409 2446 1475 Ser
2489 1409 2741 1473 Marcus
2776 1408 3051 1474 Falletro
3086 1427 3242 1475 con·

513 1498 827 1574 siliarius3
873 1516 971 1560 ser
1016 1497 1243 1560 Petrus
1289 1497 1611 1579 Mocenigo
1657 1501 2038 1580 procurator,
2089 1515 2189 1560 ser
2240 1497 2619 1562 Benedictus
2682 1496 3070 1579 Superantio,
3130 1516 3239 1561 ser

515 1587 745 1670 Symon
795 1585 1133 1663 Dalmario,
1182 1585 1493 1666 sapientes
1541 1585 1813 1660 consilii;
1872 1603 1973 1648 ser
2031 1584 2353 1649 ‚Iohannes
2402 1587 2477 1654 de
2524 1582 2927 1661 GarzonibnS,
2969 1603 3069 1649 ser
3116 1584 3240 1649 Ni-

514 1675 724 1739 colaus
772 1673 1101 1755 Delphino,
1151 1674 1465 1753 sapientes
1497 1672 1798 1734 ordinum.
1849 1669 2071 1753 Capta:
2120 1690 2262 1736 cum
2297 1673 2438 1753 post
2473 1676 2718 1754 partem
2749 1672 2948 1755 pridie
2980 1676 3239 1755 captam

506 1764 578 1826 in
624 1762 738 1825 hoc
786 1761 1044 1824 consilio
1089 1759 1165 1822 de
1205 1759 1503 1840 possendo
1551 1760 1783 1822 intrare
1831 1777 1971 1823 cum
2019 1758 2159 1823 istis
2206 1759 2727 1824 ambasiatoribus
2774 1759 3114 1843 Hungarie,
3167 1763 3241 1825 ut

511 1856 723 1933 posset
768 1848 933 1912 trahi
978 1851 1042 1910 et
1083 1848 1301 1911 sentiri
1348 1846 1423 1910 de
1462 1865 1575 1910 sua
1623 1847 1961 1910 intentione
2026 1850 2090 1910 et
2145 1846 2222 1910 de
2284 1847 2537 1911 secretis
2598 1847 2830 1911 domini
2889 1849 3008 1924 sui,
3071 1848 3236 1913 sicut

513 1938 944 2021 promiserant,
999 1935 1335 1998 dominatio
1385 1934 1475 1998 bis
1541 1934 1785 1998 miserit
1844 1933 1921 1997 ad
1987 1934 2363 2018 presentiam
2432 1954 2641 1999 eornm
2698 1952 2839 1999 cum
2887 1934 3092 2000 verbis
3137 1936 3237 1998 in-

514 2025 784 2089 ductivis
832 2021 911 2086 ad
959 2022 1354 2106 aperiendum
1402 2041 1469 2085 se
1513 2027 1575 2084 et
1620 2021 1695 2084 ad
1734 2020 2175 2085 declarandum
2237 2040 2416 2085 suam
2481 2021 2911 2101 intentionem,
2971 2025 3041 2086 nt
3100 2022 3232 2087 cla·

514 2116 641 2176 rius
689 2129 1007 2193 possemus
1051 2112 1113 2171 in
1161 2108 1323 2172 facto
1369 2109 1697 2191 procedere
1746 2112 1809 2171 et
1868 2112 2059 2173 etiam
2119 2111 2368 2186 sentire,
2433 2110 2488 2174 si
2549 2109 2751 2173 forent
2819 2109 3109 2193 dispositi
3150 2109 3234 2174 ad

513 2200 862 2264 faciendum
910 2198 983 2260 de
1032 2196 1149 2275 hie,
1198 2215 1313 2277 que
1350 2195 1555 2260 forent
1600 2198 1784 2279 grata
1832 2200 1896 2260 et
1941 2198 2197 2279 accepta
2243 2197 2455 2272 nobis;
2506 2199 2571 2261 et
2616 2198 2767 2261 siin
2797 2196 3022 2261 effectu
3055 2196 3230 2261 aliud

511 2290 589 2352 ab
637 2289 725 2350 eis
776 2286 986 2350 haberi
1034 2303 1157 2347 non
1205 2284 1493 2364 potuerit,
1543 2284 1661 2347 nisi
1708 2282 1869 2365 quod
1918 2284 2230 2348 declarato
2279 2285 2368 2348 eis
2415 2285 2492 2349 ad
2527 2303 2702 2348 suam
2739 2285 3228 2367 requisitionem,

513 2375 674 2456 quod
721 2373 900 2437 XXV
947 2372 1124 2454 galee
1170 2370 1369 2434 forent
1417 2373 1758 2435 necessarie
1803 2371 1879 2435 ad
1923 2371 2362 2448 resistendum,
2412 2390 2486 2435 ne
2511 2371 2736 2436 'rurchi
2784 2372 3128 2436 transirent
3167 2372 3233 2436 in

515 2462 849 2526 Turchiam
894 2462 967 2523 de
1014 2457 1252 2534 Greeia,
1302 2463 1365 2520 et
1404 2479 1436 2522 e
1481 2477 1797 2535 converso,
1866 2465 1931 2521 et
1976 2460 2133 2540 quod
2180 2477 2445 2541 expensa
2483 2459 2754 2540 ipsorum
2794 2463 2959 2523 esset
2987 2460 3236 2542 singulo

517 2570 727 2613 mense
775 2567 812 2610 a
859 2546 1097 2610 XXXV
1142 2544 1341 2609 millia
1387 2545 1453 2609 in
1497 2546 1609 2610 XL
1651 2546 1920 2610 ducatis.
1967 2546 2093 2628 Ipsi
2141 2546 2432 2609 ultimate
2500 2547 2811 2628 requirere
2856 2546 3230 2622 habuerunt,

515 2637 673 2719 quod
723 2636 995 2717 placeret
1038 2634 1215 2697 nobis
1262 2632 1572 2699 declarare
1619 2635 1705 2698 eis
1753 2633 1929 2711 illud,
1979 2635 2133 2716 quod
2164 2635 2239 2699 ad
2278 2633 2449 2698 istud
2480 2652 2631 2716 opns
2666 2635 2855 2716 pium,
2889 2634 3051 2717 qnod
3084 2653 3235 2700 suus

516 2726 802 2789 dominns
848 2741 956 2805 pro
1000 2722 1118 2785 fide
1167 2720 1469 2784 catholica
1532 2722 1732 2785 facere
1793 2723 2177 2800 intendebat,
2248 2721 2465 2786 offerre
2528 2723 2595 2784 et
2639 2722 3031 2787 contribuere
3070 2722 3234 2787 vole-

519 2813 759 2888 bamus,
809 2817 873 2875 et
909 2811 1209 2893 quomodo
1259 2808 1545 2873 videlicet
1589 2814 1697 2873 ant
1741 2809 1803 2873 in
1854 2809 2002 2872 dicti
2052 2811 2464 2873 reverentiam
2487 2811 2598 2872 aut
2627 2811 2703 2873 ob
2736 2810 2925 2873 aliam
2957 2827 3232 2889 cansam,

518 2905 581 2964 et
625 2902 688 2963 in
735 2900 857 2963 ista
903 2900 1200 2980 petitione
1247 2899 1792 2978 perseveraverunt
1833 2901 1898 2961 et
1944 2900 2360 2978 perseverant,
2411 2898 2701 2972 dicenteS,
2772 2897 2933 2980 quod
2981 2915 3230 2980 proces·

512 2990 735 3051 'serunt
804 2986 1139 3049 secundnm
1205 2983 1469 3047 formam
1528 2984 1994 3048 commissionis
2055 2985 2175 3049 sibi
2225 2984 2386 3062 date,
2435 2985 2527 3048 ita
2568 2984 2726 3067 quod
2774 3002 2895 3048 non
2941 2985 3234 3067 poterant

512 3075 686 3140 ’aliud
739 3073 962 3147 dicere,
1012 3073 1131 3136 nisi
1178 3072 1379 3154 primo
1440 3071 1947 3153 responderemus
2009 3070 2280 3149 eisdem3
2345 3072 2511 3154 quod
2587 3084 2911 3154 propterea
2956 3073 3234 3155 placeret

513 3163 690 3227 nobis
739 3162 883 3224 dare
932 3160 1051 3223 sibi
1097 3160 1572 3240 expeditionem,
1623 3176 1765 3222 cum
1816 3158 2134 3236 haberent,
2182 3160 2253 3221 ut
2315 3160 2683 3231 sciebamus,
2744 3160 2834 3224 ire
2904 3164 3094 3225 etiam
3145 3159 3222 3225 ad

514 3251 673 3315 ‘alias
718 3257 944 3329 partes.
993 3247 1077 3310 Et
1120 3246 1506 3310 considerata
1552 3250 1776 3310 natura
1822 3251 1888 3310 et
1933 3247 2240 3328 qualitate
2288 3245 2473 3309 istius
2520 3246 2689 3322 facti,
2724 3247 2887 3328 quod
2920 3252 3017 3311 est
3049 3248 3227 3329 pium

514 3341 578 3401 et
620 3336 1013 3409 catholicum,
1064 3337 1127 3397 et
1175 3334 1371 3397 modis
1418 3352 1658 3414 semper
1702 3334 1967 3396 servatis
2002 3352 2107 3414 per
2130 3335 2374 3396 nostros
2400 3333 2860 3416 predecessores
2894 3336 2956 3398 in
2988 3334 3228 3398 talibus

516 3424 612 3488 vel
661 3423 971 3486 similibus
1020 3421 1285 3497 casibnS,
1333 3439 1440 3501 pro
1486 3421 1663 3483 nobis
1709 3419 1903 3484 faciat
1947 3421 2089 3489 dare
2136 3421 2225 3484 eis
2272 3420 2446 3484 illam
2481 3423 2959 3502 responsionem,
2991 3441 3109 3504 que
3143 3424 3230 3486 sit

513 3510 849 3575 secundnm
899 3508 1085 3571 denm
1131 3511 1194 3571 et
1241 3511 1521 3570 nostrum
1569 3505 1904 3583 honorem;
1952 3507 2126 3571 vadit
2169 3526 2329 3590 pars,
2380 3510 2534 3589 quod
2568 3509 3010 3590 respondeatur
3041 3510 3230 3574 dictis

506 3596 1051 3665 ambasiatoribus,
1100 3594 1260 3676 quod
1308 3595 1455 3659 licet
1499 3594 1846 3658 clarissime
1893 3611 2359 3676 cognoscamuS,
2423 3595 2582 3676 qnod
2647 3597 2924 3660 volentes
2999 3597 3228 3661 habere

514 3691 862 3768 respectum
910 3685 985 3746 ad
1033 3684 1376 3746 utilitatem
1426 3687 1490 3744 et
1536 3683 1862 3746 comodum
1911 3686 2323 3746 mercatorum
2370 3687 2741 3760 nostrornm,
2805 3684 2913 3765 qui
2959 3682 3023 3747 in
3074 3685 3231 3749 bono

515 3790 768 3837 nurnero
816 3777 879 3834 et
925 3789 1067 3835 cnm
1119 3771 1361 3852 magnis
1429 3771 1883 3850 quantitatibus
1947 3788 2346 3850 personarum
2408 3773 2846 3835 conversantur
2912 3770 2978 3833 in
3046 3773 3232 3834 terris

508 3861 918 3934 ⁴'I'urchorum,
967 3858 1031 3921 in
1079 3858 1303 3938 quibus
1365 3875 1576 3921 secure
1639 3862 1701 3920 et
1762 3857 1914 3920 bene
1963 3859 2330 3935 tractantur,
2377 3860 2442 3920 et
2487 3858 2676 3920 etiam
2719 3857 2795 3921 ad
2866 3857 3095 3921 bonum
3165 3861 3230 3922 et

505 3949 793 4031 'quietum
841 3950 1077 4009 statum
1127 3945 1467 4007 multorum
1517 3944 1795 4009 locorum
1837 3947 1900 4007 et
1946 3947 2250 4008 terrarum
2297 3947 2672 4020 nostrarum,
2731 3962 2852 4026 que
2911 3945 3230 4010 convicine

515 4040 661 4100 sunt
706 4033 891 4097 dictis
943 4031 1223 4118 ancbis,
1273 4034 1501 4112 etque
1556 4036 1702 4095 sunt
1765 4031 1830 4094 in
1889 4049 2035 4113 pace
2086 4050 2226 4095 cum
2291 4031 2382 4094 eis
2441 4048 2514 4094 ac
2579 4030 2712 4095 sine
2779 4031 3071 4097 molestia
3132 4032 3228 4097 vel

511 4125 742 4188 lesione
787 4122 1153 4200 tractantur,
1199 4137 1307 4200 pro
1355 4119 1530 4182 nobis
1577 4137 1694 4182 non
1740 4117 1971 4182 faceret
2014 4118 2311 4200 impedire
2357 4137 2424 4182 se
2469 4118 2534 4183 in
2583 4119 2721 4182 istis
2747 4118 2929 4184 factis
2977 4122 3228 4201 propter

513 4211 715 4287 dubia,
760 4208 984 4272 damna
1030 4211 1093 4269 et
1140 4205 1431 4286 pericula,
1481 4223 1600 4287 que
1648 4206 1822 4288 sequi
1871 4208 2122 4287 possent
2181 4206 2357 4270 nobis
2420 4208 2485 4269 et
2528 4206 2786 4282 nostris;
2842 4211 3053 4271 tamen
3104 4224 3223 4270 non

512 4294 934 4363 habentes-ad
1004 4292 1117 4356 hec
1185 4297 1535 4376 respectum
1610 4294 1688 4358 ob
1756 4294 2169 4358 reverentiam
2239 4291 2382 4357 fidei
2437 4292 2762 4358 orthodose
2823 4297 2886 4357 et
2946 4295 3228 4358 contem·

513 4385 852 4469 plationem
902 4381 1101 4462 ipsius
1139 4380 1373 4443 domini
1421 4380 1601 4462 regis,
1652 4399 1838 4461 quem
1908 4379 2239 4445 habuimus
2313 4383 2376 4443 et
2451 4380 2674 4446 habere
2733 4379 3114 4445 intendimus
3161 4380 3227 4445 in

514 4477 793 4535 nostrum
842 4468 1225 4550 singularem
1273 4467 1560 4543 amicum,
1608 4469 1812 4548 parati
1874 4468 2127 4545 erimus,
2190 4468 2691 4550 quotiescumque
2750 4468 2882 4549 ipse
2935 4467 3231 4534 dominus

511 4576 617 4621 rex
665 4575 804 4619 cnm
850 4554 1207 4618 illustribus
1252 4554 1638 4637 principibus
1691 4555 2066 4637 Burgondie,
2094 4553 2562 4619 Aureliensibus
2608 4556 2673 4618 et
2715 4554 3075 4620 Lancastrie
3116 4557 3231 4620 dn-

511 4644 706 4719 cibus,
784 4641 862 4705 ad
931 4661 1080 4723 qnos
1129 4642 1381 4717 vadunt,
1442 4645 1847 4725 prosequetur
1921 4643 2110 4707 istam
2188 4660 2364 4706 suam
2410 4642 2814 4706 intentionem
2876 4647 2939 4706 et
2983 4643 3230 4706 motum

502 4730 724 4795 7contra
776 4728 1049 4795 Turchos
1119 4747 1228 4812 per
1290 4731 1545 4812 terram,
1592 4730 1932 4796 secundum
1973 4729 2140 4812 'quod
2200 4730 2482 4810 offerunt,
2529 4736 2636 4811 p‘er
2683 4745 2852 4794 mare
2891 4744 3118 4811 ponere
3162 4730 3230 4793 et
