3620 5282
506 293 638 363 278

507 469 821 553 telligunt,
870 468 934 531 et
979 467 1281 549 quomodo
1328 465 1485 531 uniti
1536 468 1683 531 sunt
1730 485 1874 531 cum
1920 465 2289 543 Jadratinis,
2337 463 2704 547 Tragurinis
2752 467 2815 528 et
2861 461 3247 545 SpalataniS,

511 559 577 623 et
620 554 924 640 quomodo
970 553 1245 635 oppressi
1291 555 1439 617 sunt
1484 555 1548 618 et
1618 553 1888 637 qualiter
1960 573 2027 618 se
2074 554 2282 618 valere
2328 555 2574 635 putant,
2623 553 2688 615 et
2749 550 3042 616 similiter
3089 566 3248 632 quo-

508 643 694 709 modo
741 641 954 724 exequi
1002 646 1249 722 possent
1297 642 1696 716 intencioneS,
1744 659 1895 724 quas
1943 641 2260 717 haberent,
2306 645 2369 705 et
2415 641 2619 704 omnia
2665 638 2812 716 alia,
2845 647 2962 720 “que
2994 638 3248 701 trahere

512 735 577 794 et
624 729 851 795 sentire
901 730 1149 809 poterit,
1199 730 1269 793 ut
1311 729 1375 792 in
1421 747 1533 793 suo
1580 728 1783 792 reditu
1830 728 1904 792 de
1953 729 2239 793 omnibus
2271 727 2703 810 plenissimam
2738 725 3250 790 informationem

513 817 741 883 habere
785 816 1125 880 valeamus.

728 902 981 981 Quando
1028 904 1236 967 autem
1286 902 1406 966 erit
1450 903 1513 965 in
1560 901 1886 985 Tragurio,
1936 903 2158 967 debeat
2190 920 2542 984 comparere
2575 920 2717 967 cum
2751 901 2982 966 nostris
3011 898 3248 964 litteris

515 990 905 1056 credulitatis
952 1007 1160 1054 coram
1207 988 1552 1053 rectoribus
1600 992 1762 1054 dicte
1809 992 1992 1066 terre,
2044 991 2108 1053 et
2153 990 2320 1054 facta
2366 989 2479 1055 illa
2523 989 2919 1065 salutatione,
2971 1006 3088 1070 que
3134 1005 3249 1051 sue

520 1077 818 1158 sapientie
864 1077 1195 1152 videbitur,
1243 1076 1446 1140 dicere
1494 1076 1735 1154 debeat,
1786 1077 2054 1159 qualiter
2098 1081 2346 1159 propter
2391 1079 2560 1142 certa
2609 1079 2832 1141 damna
2878 1094 3073 1157 nuper
3129 1074 3253 1139 ali-

517 1165 738 1248 quibus
803 1164 1034 1228 nostris
1087 1164 1325 1229 civibus
1386 1162 1568 1227 illata
1643 1165 1704 1227 in
1764 1163 1940 1246 aquis
2004 1162 2263 1228 Sibinici
2323 1184 2434 1246 per
2497 1166 2699 1231 certos
2755 1162 3035 1229 homines
3084 1160 3251 1226 dicte

520 1256 704 1326 terre,
754 1251 860 1333 qui
910 1269 1016 1331 per
1077 1251 1207 1315 vim
1284 1252 1680 1333 arripuerunt
1735 1269 1922 1314 unam
1970 1268 2147 1315 suam
2210 1250 2505 1316 barcham
2552 1270 2692 1316 cum
2738 1252 3029 1315 omnibus
3067 1248 3250 1313 bonis

516 1341 582 1404 et
637 1336 1119 1402 mercationibus
1186 1337 1249 1401 in
1315 1355 1387 1401 ea
1432 1337 1845 1413 contentibuS,
1911 1355 2023 1402 nos
2070 1339 2448 1418 providimus
2495 1358 2636 1403 eum
2685 1339 2937 1403 mittere
2985 1336 3060 1400 ad
3110 1353 3256 1417 pre·

519 1425 784 1490 sentiam
832 1429 1137 1489 rectorum
1179 1427 1341 1489 terre
1390 1425 1655 1505 predicte
1718 1424 1796 1490 ad
1866 1426 2317 1506 procurandum
2380 1425 2705 1491 emendam
2783 1427 2848 1490 et
2908 1423 3250 1489 satisfacti-

520 1530 698 1577 onem
745 1510 957 1575 damni
1004 1510 1267 1592 predicti
1314 1528 1424 1593 pro
1472 1512 1879 1577 indemnitate
1923 1512 2154 1577 civium
2225 1515 2576 1577 nostrorum
2631 1513 2858 1577 damna
2903 1528 3249 1593 passorum,

522 1600 685 1664 sicut
727 1598 1039 1663 debitores
1084 1616 1318 1673 sumuS,
1367 1600 1430 1662 et
1474 1598 1549 1663 ad
1597 1598 1961 1681 rogandum,
1989 1603 2061 1664 ut
2092 1600 2166 1664 de
2198 1602 2401 1664 cetero
2435 1599 2796 1682 provideant
2825 1617 2936 1681 per
2966 1597 3250 1675 modum,

521 1687 682 1770 quod
728 1687 882 1751 talia
927 1684 1026 1751 vel
1065 1685 1300 1749 similia
1361 1703 1479 1749 non
1541 1688 1869 1750 occurrant
1929 1686 1995 1749 in
2062 1687 2255 1765 bonis,
2314 1689 2792 1752 mercationibus
2854 1687 2920 1750 et
2980 1684 3252 1767 navigiis

527 1775 879 1839 nostrorum
931 1791 1043 1838 nec
1090 1771 1276 1837 etiam
1325 1772 1613 1849 aliorum,
1663 1774 1766 1856 qui
1818 1774 2101 1838 venirent
2177 1775 2252 1838 ad
2299 1776 2618 1839 civitatem
2672 1776 2950 1839 nostram
2998 1774 3062 1837 et
3106 1771 3254 1835 inde

522 1860 902 1938 recederent,
951 1860 1115 1924 sicut
1152 1877 1256 1924 eos
1304 1861 1509 1942 rogari
1578 1860 1840 1925 fecimus
1903 1879 2060 1925 anno
2108 1862 2423 1943 preterito.
2515 1861 2693 1927 Unde
2740 1863 3038 1937 videntes,
3086 1858 3251 1941 quod

525 1948 811 2013 veniebat
856 1948 1105 2012 tantum
1151 1948 1314 2024 ante,
1362 1949 1785 2012 mandavimus
1834 1949 1971 2025 sibi,
2021 1949 2178 2032 quod
2224 1947 2476 2014 deberet
2542 1967 2898 2031 comparere
2954 1946 3251 2012 similiter

522 2053 735 2101 coram
806 2053 908 2099 eos
969 2036 1223 2116 propter
1289 2033 1517 2098 damna
1584 2036 1751 2109 data,
1827 2037 1897 2100 ut
1941 2037 2166 2114 sciunt,
2214 2054 2374 2100 anno
2422 2037 2631 2115 elapso
2675 2038 2738 2099 in
2784 2035 3069 2119 partibus
3117 2033 3251 2098 suis

522 2122 874 2206 brigentino
907 2125 1138 2198 nostro,
1187 2122 1348 2204 quod
1397 2122 1680 2188 veniebat
1711 2122 2002 2187 Venetias
2034 2122 2110 2187 de
2144 2124 2425 2206 partibus
2459 2123 2764 2199 Mothoni,
2798 2124 2873 2187 ad
2906 2119 3250 2198 sciendum,

524 2210 580 2273 si
624 2209 861 2292 aliquid
911 2211 1343 2291 recuperatum
1376 2208 1512 2284 fuit,
1559 2211 1633 2274 ut
1677 2210 2116 2292 promiserunt,
2159 2211 2235 2274 de
2275 2211 2460 2275 rebus
2501 2210 2751 2287 ablatis,
2787 2211 2851 2273 et
2880 2209 3253 2291 rogandum,

527 2299 600 2361 ut
659 2296 904 2378 placeat
971 2296 1306 2377 providere,
1376 2296 1535 2377 quod
1606 2300 1737 2360 toto
1806 2316 1920 2361 suo
1990 2315 2169 2379 posse
2227 2297 2361 2380 ipsa
2409 2297 2637 2362 damna
2681 2299 3136 2379 recuperentur,
3186 2297 3257 2360 et

524 2385 687 2465 quod
730 2384 804 2447 de
852 2382 1270 2466 culpabilibus
1318 2383 1495 2448 fieret
1544 2383 1757 2449 debita
1795 2385 2060 2464 punicio,
2111 2385 2202 2449 uti
2251 2385 2408 2449 alias
2456 2404 2564 2468 per
2611 2404 2718 2448 nos
2763 2384 3011 2449 fuerunt
3046 2383 3257 2466 requi-

527 2471 654 2548 siti,
707 2471 774 2534 et
818 2470 1111 2535 similiter
1158 2470 1318 2552 quod
1366 2470 1759 2551 providerent
1804 2490 1913 2553 per
1957 2471 2148 2536 talem
2198 2473 2466 2549 modum,
2500 2472 2659 2554 quod
2692 2471 2890 2536 nostri
2923 2488 3041 2535 non
3072 2470 3256 2534 dam-

523 2556 851 2622 nificentur
916 2556 994 2619 de
1064 2564 1268 2621 cetero
1328 2558 1392 2621 in
1461 2558 1741 2639 partibus
1804 2559 1953 2635 suiS,
2004 2578 2116 2624 nec
2161 2559 2280 2625 alie
2326 2561 2630 2636 nationes,
2679 2577 2796 2643 que
2843 2559 3127 2623 venirent
3174 2557 3254 2622 ad

527 2646 759 2711 terram
807 2646 1109 2721 nostram,
1177 2644 1485 2710 offerendo
1556 2665 1621 2710 se
1685 2646 1978 2711 ultimate
2038 2648 2115 2711 ad
2184 2649 2406 2711 cuncta
2461 2647 2892 2712 concernentia
2958 2647 3258 2711 honorem

526 2750 728 2809 suum,
767 2733 992 2796 bonum
1026 2735 1090 2797 et
1122 2733 1640 2797 conservationem
1676 2735 1877 2798 status
1911 2733 2025 2811 sui,
2063 2738 2362 2817 tanquam
2391 2734 2849 2799 carissimorum
2913 2736 3257 2798 amicorum

531 2822 596 2883 et
643 2818 1065 2884 benivolorum
1111 2819 1454 2884 vicinorum
1501 2822 1873 2885 nostrorum.

738 2908 820 2971 Et
864 2906 1077 2972 habita
1122 2908 1516 2989 responsione
1547 2908 1711 2971 dicte
1743 2908 2213 2973 communitatis
2260 2908 2468 2987 circha
2500 2927 2590 2983 ea,
2619 2927 2735 2990 que
2769 2908 3054 2991 superius
3086 2907 3258 2973 dicta

528 2996 693 3071 sunt,
740 3013 880 3059 cum
925 3011 1016 3072 eo,
1065 2995 1226 3076 quod
1273 2993 1489 3060 fecerit
1532 2996 1598 3059 et
1642 2996 1951 3072 habuerit,
2001 3014 2072 3060 ac
2118 3015 2259 3060 cum
2289 2996 2471 3078 plena
2504 2995 2940 3061 informatione
2975 2996 3250 3060 condici-

528 3099 715 3146 onum
762 3082 1039 3146 omnium
1084 3084 1151 3146 et
1195 3084 1621 3160 terminorum,
1671 3083 1733 3145 in
1782 3084 2004 3164 quibus
2052 3085 2215 3159 sunt,
2262 3085 2326 3148 et
2370 3084 2832 3165 oppressionum
2894 3082 3251 3166 vulgarium

530 3168 595 3232 et
637 3168 1054 3234 intencionum
1102 3186 1356 3233 suarum
1403 3172 1467 3234 et
1511 3170 1784 3234 omnium
1831 3170 2114 3247 aliorum,
2164 3189 2280 3253 que
2327 3172 2552 3236 habere
2595 3170 2820 3252 poterit
2884 3188 2994 3254 pro
3043 3176 3256 3234 nostra

529 3254 958 3331 declaratione,
1007 3259 1256 3336 accepto
1299 3255 1612 3320 amicabili
1659 3260 1961 3335 comeatu,
2007 3258 2300 3322 Venetiae
2346 3260 2716 3323 revertatur.

741 3341 851 3407 Ser
894 3342 1213 3407 Conradus
1259 3343 1546 3408 Dandulo
1594 3343 1775 3408 miles
1825 3347 2203 3425 procurator,
2250 3364 2351 3409 ser
2395 3346 2619 3410 Petrus
2667 3344 2988 3427 Mocenigo
3037 3360 3255 3423 procu-

528 3430 718 3507 rator,
768 3429 1075 3510 sapientes
1120 3427 1392 3505 consilii3
1446 3450 1545 3495 ser
1594 3429 1895 3495 Silvester
1941 3431 2278 3513 Maripetro
2325 3432 2572 3514 sapiens
2637 3432 2941 3495 ordinum.
3017 3431 3254 3496 Verum

530 3515 679 3582 dum
722 3519 931 3580 noster
978 3517 1235 3582 nuncius
1268 3518 1429 3583 utin
1465 3519 1785 3599 Tragurio,
1819 3517 1927 3583 det
1965 3537 2216 3601 operam
2250 3538 2356 3599 per
2409 3519 2588 3583 illum
2656 3520 2936 3583 caertum
2988 3519 3053 3581 et
3106 3518 3257 3583 dex-

531 3608 720 3669 trum
763 3602 1037 3679 modum,
1098 3605 1261 3687 quod
1317 3623 1423 3670 sue
1483 3606 1783 3687 sapientie
1841 3605 2170 3683 videbitur,
2242 3606 2320 3669 de
2380 3607 2634 3671 essendo
2681 3625 2822 3670 cum
2868 3604 2978 3668 illo
3028 3607 3253 3683 amico,

530 3692 643 3774 qui
689 3690 938 3772 scripsit
985 3691 1050 3754 et
1094 3691 1314 3756 scribit
1358 3693 1477 3756 civi
1526 3693 1755 3771 nostro,
1803 3693 1871 3757 et
1916 3693 2117 3757 dicere
2165 3693 2285 3757 sibi
2329 3713 2436 3775 pro
2480 3697 2658 3776 parte
2706 3712 2841 3768 sua,
2895 3695 3060 3775 quod
3123 3694 3256 3774 ipse

529 3779 824 3854 sentiens,
872 3778 1034 3862 quod
1081 3777 1284 3842 iturus
1330 3780 1466 3844 erat
1509 3779 1588 3844 ad
1635 3780 1779 3845 illas
1813 3781 2040 3862 partcS,
2074 3781 2390 3845 commisit
2420 3780 2560 3858 sibi,
2597 3781 2758 3864 quod
2788 3780 2968 3845 daret
2998 3797 3253 3862 operam

532 3867 607 3931 de
648 3866 902 3931 essendo
947 3883 1175 3942 secum,
1225 3868 1288 3929 et
1333 3867 1488 3948 quod
1538 3866 1793 3932 deberet
1838 3867 1958 3932 sibi
1990 3867 2212 3945 dicere,
2260 3868 2420 3952 quod
2468 3869 2788 3951 receperat
2828 3870 2893 3933 et
2930 3866 3257 3932 intellexe-

529 3953 632 4018 rat
677 3970 890 4017 omnes
932 3951 1178 4017 litteras
1238 3970 1405 4028 suas,
1476 3971 1628 4036 quas
1690 3955 1889 4018 eidem
1940 3955 2211 4032 miserat,
2262 3959 2329 4020 et
2375 3955 2538 4039 quod
2585 3958 2854 4021 multum
2903 3952 3257 4018 considera·

529 4042 706 4105 verat
750 4057 935 4122 super
978 4039 1283 4104 contentis
1331 4040 1393 4104 in
1441 4040 1569 4105 illis
1614 4043 1678 4104 et
1723 4059 1908 4124 super
1954 4042 2068 4108 illa
2113 4045 2283 4124 parte
2330 4044 2703 4125 specialiter,
2751 4061 2867 4124 que
2932 4042 3101 4105 esset
3145 4060 3245 4105 se-

529 4127 796 4192 cundum
844 4144 1023 4192 suam
1066 4128 1493 4204 intencionem,
1543 4128 1832 4194 videlicet
1875 4130 2034 4212 quod
2081 4131 2415 4196 dominatio
2464 4134 2672 4195 nostra
2704 4149 2769 4194 se
2801 4127 3253 4193 intromitteret

527 4215 601 4279 de
642 4213 828 4279 factis
875 4212 1024 4290 illis,
1074 4215 1180 4278 sed
1231 4215 1362 4296 ipse
1408 4214 1658 4279 videbat
1704 4218 1765 4281 in
1813 4218 1996 4281 dictis
2042 4218 2224 4283 factis
2270 4236 2462 4282 unum
2509 4235 2805 4299 magnum
2876 4214 3138 4279 dubium
3187 4217 3255 4279 et

526 4301 896 4383 periculum,
946 4302 1101 4384 quod
1148 4305 1299 4377 erat,
1349 4302 1401 4364 si
1448 4305 1929 4368 communitates
1974 4305 2183 4382 Jadre,
2234 4303 2485 4369 Sibinici
2521 4306 2586 4368 et
2618 4302 2857 4385 Spalati
2888 4320 3003 4366 non
3039 4305 3254 4367 essent

526 4386 593 4450 in
640 4389 940 4468 opinione,
990 4388 1053 4452 in
1101 4406 1220 4470 qua
1266 4390 1429 4469 sunt,
1476 4388 1619 4471 quia
1666 4391 1906 4473 quando
1951 4392 2084 4474 ipse
2129 4412 2249 4458 non
2296 4392 2498 4456 forent
2552 4392 2615 4455 in
2661 4391 2774 4455 illa
2831 4389 3114 4473 opinione
3188 4392 3256 4454 et

530 4472 899 4552 intencione,
949 4474 1056 4538 ubi
1103 4473 1423 4541 crederent
1466 4476 1732 4541 exivisse
1778 4478 1855 4543 de
1901 4497 2054 4560 pena
2099 4485 2162 4544 et
2207 4479 2282 4543 de
2327 4479 2662 4556 laboribuS,
2711 4480 2858 4543 tunc
2902 4475 3108 4555 magis
3152 4475 3253 4538 in-

530 4559 741 4624 tricati
785 4560 1007 4625 forent.
1055 4562 1136 4625 Et
1185 4566 1505 4645 propterea
1550 4562 2001 4630 deliberaverat
2046 4584 2162 4630 non
2209 4566 2409 4631 facere
2455 4567 2632 4631 nobis
2679 4564 3075 4637 mentionem,
3126 4561 3250 4628 nisi

531 4645 734 4724 primo
778 4665 843 4711 se
883 4646 1229 4713 declararet
1275 4667 1417 4714 oum
1465 4667 1537 4714 eo
1584 4651 1661 4715 de
1706 4651 1841 4717 hoc.
1889 4651 2066 4717 Unde
2112 4653 2329 4729 credit,
2377 4653 2536 4735 quod
2580 4653 2771 4718 faciat
2811 4649 3088 4716 multum
3139 4667 3253 4732 pro
