3620 5282
532 354 661 421 294

530 536 593 600 et
637 535 852 616 potens
898 533 1183 597 domiuus
1230 530 1534 613 Georgius
1598 530 1789 612 Topia
1848 531 2134 595 dominus
2201 530 2497 595 Durachii
2559 531 2876 612 tamquam
2944 525 3251 593 catolicus

531 625 830 705 princeps,
883 624 944 684 et
991 623 1090 703 qui
1141 624 1389 702 propter
1434 621 1651 701 predas
1690 619 2011 683 continuas
2058 619 2120 683 et
2166 615 2667 701 depopulationes
2714 637 2965 682 suorum
3032 613 3255 679 subdi-

531 715 735 776 torum
779 710 975 774 factas
1022 727 1059 772 a
1105 708 1367 772 Turchis
1408 707 1689 782 timebat,
1754 728 1830 771 ne
1900 708 2121 771 civitas
2168 708 2301 789 ipsa
2349 708 2412 770 in
2476 708 2902 788 contemptum
2969 703 3253 768 nominis

529 797 849 863 christiani
893 797 1243 879 perveniret
1288 796 1364 859 ad
1408 814 1628 859 manus
1667 815 1874 860 eorum
1923 814 2061 859 cum
2114 796 2453 877 perditione
2517 797 2864 859 animarum
2922 795 2985 857 et
3032 809 3252 873 corpo-

529 905 667 951 rum
718 887 810 949 tot
858 885 1134 948 fidelium
1184 885 1683 959 christianorum,
1732 902 1842 966 pro
1890 884 2086 947 salute
2132 903 2244 948 sua
2304 902 2372 947 ac
2421 883 2693 948 civitatis
2761 884 2825 946 et
2867 880 3075 963 populi
3129 880 3253 943 sibi

531 973 791 1037 subiecti
834 973 912 1037 'ad
960 974 1158 1036 certas
1204 974 1629 1037 conventiones
1670 973 1734 1036 et
1781 974 1960 1053 pacta
2006 973 2323 1037 devenerit
2364 990 2502 1035 cum
2554 971 2744 1035 nobili
2775 971 2906 1035 viro
2939 968 3253 1033 Saracena

532 1061 818 1126 Dandulo
866 1062 1188 1143 capitaneo
1230 1063 1436 1125 nostro
1484 1061 1647 1136 culfi,
1699 1062 1770 1124 de
1819 1061 2039 1142 quibus
2082 1060 2240 1124 inter
2285 1080 2386 1124 eos
2432 1060 2820 1123 contractum
2870 1057 2990 1121 fuit
3031 1056 3250 1140 publi-

532 1169 673 1214 cum
719 1151 1220 1225 instrumentum,
1271 1155 1334 1213 et
1378 1150 1455 1213 ob
1502 1149 1661 1213 hanc
1707 1167 1956 1211 causam
2003 1149 2137 1230 ipse
2184 1148 2470 1212 dominus
2519 1147 2762 1212 miserit
2839 1145 2913 1210 ad
2965 1147 3250 1209 nostram

531 1237 912 1320 presenciam
960 1238 1363 1302 reverendum
1409 1241 1647 1320 patrem
1697 1237 2009 1301 dominum
2060 1237 2404 1301 ,Iohannem
2449 1236 2545 1299 dei
2590 1238 2652 1298 et
2698 1234 3029 1317 apostolice
3083 1232 3250 1296 sedis

533 1327 736 1407 gratia
783 1325 1307 1407 archiepiscopum
1357 1326 1771 1389 Duraceusem
1822 1326 1885 1387 et
1925 1324 2371 1406 circonspectos
2422 1323 2583 1388 viros
2614 1324 2982 1406 Phylippum
3014 1320 3251 1384 Barelli

533 1416 605 1478 de
654 1415 936 1478 Veneciis
985 1414 1528 1496 prothovistiarum
1568 1417 1629 1476 et
1675 1411 2046 1495 Phylippum
2098 1413 2171 1477 de
2221 1412 2540 1496 Zaperiuis
2586 1411 2782 1476 civem
2843 1409 3144 1474 Durachii
3186 1409 3254 1472 iu

533 1521 674 1566 suos
722 1501 1163 1566 ambaxiatores
1210 1521 1351 1566 cum
1398 1520 1623 1584 magua
1669 1502 1963 1566 instantia
2021 1520 2129 1564 suo
2192 1504 2434 1566 nomine
2499 1500 2889 1582 requirentis,
2947 1499 3252 1581 quatenus

534 1591 803 1672 placeret
863 1591 1038 1654 nobis
1099 1592 1297 1654 dictas
1349 1590 1779 1654 conventiones
1858 1594 1921 1653 et
1966 1590 2144 1671 pacta
2216 1610 2323 1672 per
2392 1593 2630 1652 nostras
2695 1589 2978 1670 patentes
3026 1586 3251 1649 literas

533 1679 874 1761 approbare
921 1683 985 1741 et
1032 1680 1339 1742 ratificare
1383 1698 1490 1760 pro
1530 1678 1946 1742 consolatione
2002 1696 2114 1741 sua
2175 1683 2236 1740 et
2300 1678 2509 1760 populi
2573 1678 2736 1741 dicte
2802 1674 3091 1739 civitatis,
3145 1674 3246 1737 Id-

535 1769 694 1831 circo
742 1786 852 1831 nos
900 1765 1360 1831 evidentissime
1407 1769 1859 1848 cognoscentes,
1906 1784 2049 1831 vera
2096 1766 2220 1830 fore
2254 1765 2439 1829 dubia
2473 1767 2536 1830 et
2567 1764 2842 1846 pericula
2874 1763 3249 1845 supradicta,

536 1861 597 1919 et
642 1856 936 1920 timentes
983 1855 1208 1918 damna
1254 1857 1318 1918 et
1362 1856 1751 1931 detrimenta,
1803 1873 1938 1936 que,
1988 1856 2038 1918 si
2086 1854 2217 1936 ipsa
2268 1855 2484 1918 civitas
2547 1853 2926 1936 pervenisset
2992 1851 3071 1914 ad
3116 1869 3254 1914 ma·

534 1962 646 2007 nus
694 1943 997 2006 dictorum
1048 1943 1386 2007 infidelium
1458 1944 1570 2009 toti
1625 1942 2063 2007 christianitati
2128 1942 2515 2006 infalibiliter
2577 1941 3023 2023 pervenissent,
3110 1957 3252 2003 cum

537 2033 760 2095 nostris
805 2030 1080 2095 consiliis
1127 2031 1487 2114 opportunis
1537 2033 1736 2113 ipsum
1781 2033 2260 2095 instrumentum
2307 2032 2779 2095 conventionum
2814 2035 2877 2091 et
2924 2030 3252 2110 pactorum

535 2122 598 2184 et
645 2119 850 2183 omnia.
896 2121 961 2182 et
1005 2119 1250 2201 singula
1298 2119 1358 2183 in
1407 2139 1475 2183 eo
1522 2120 1806 2184 contenta
1831 2119 2226 2193 ratificamuS,
2279 2120 2699 2202 gratificamus
2739 2121 2802 2182 et
2830 2118 3252 2199 approbamus

537 2225 608 2271 ac
650 2209 848 2290 grata,
899 2209 1031 2271 rata
1078 2211 1138 2272 et
1186 2209 1362 2272 firma
1394 2227 1528 2272 esse
1560 2209 1843 2272 volumus
1883 2208 1942 2271 in
1978 2207 2262 2271 omnibus
2295 2209 2474 2289 prout
2529 2208 2748 2283 iacent,
2814 2205 3252 2288 promittentes

538 2316 606 2359 ex
654 2314 816 2360 nunc
863 2297 1071 2360 contra.
1115 2296 1282 2378 ipsas
1328 2298 1759 2360 conventiones
1806 2297 1870 2359 et
1900 2299 2082 2379 pacta
2115 2313 2232 2359 non
2279 2297 2477 2361 facere
2514 2295 2610 2358 vel
2642 2295 2866 2368 venire,
2903 2312 3014 2356 nec
3046 2292 3252 2372 ipsum

538 2384 854 2448 dominum
904 2383 1236 2467 Georgium
1287 2385 1358 2448 de
1406 2385 1694 2460 dominio,
1744 2386 1805 2447 in
1856 2404 1969 2466 quo
2007 2384 2083 2447 ad
2129 2404 2377 2466 presens
2423 2386 2536 2461 est,
2583 2383 2930 2465 inquietare
2976 2380 3072 2445 vel
3120 2398 3256 2444 mo—

534 2473 763 2536 lestare
810 2481 918 2535 aut
990 2472 1316 2553 inquietari
1381 2473 1478 2537 vel
1541 2474 1853 2537 molestari
1925 2472 2123 2535 facere
2193 2472 2359 2535 ultra
2419 2471 2865 2536 continentiam
2931 2470 3254 2551 pactorum

535 2562 966 2643 predictorum,
1017 2562 1204 2625 donec
1249 2562 1444 2624 vitam
1492 2560 1734 2624 duxerit
1782 2562 1842 2625 in
1890 2560 2192 2635 humanis,
2271 2562 2333 2623 et
2379 2562 2522 2624 dum
2585 2559 2759 2623 nobis
2831 2558 3257 2622 observaverit

542 2649 672 2714 vice
721 2667 898 2713 versa
945 2666 1036 2726 ea,
1086 2670 1201 2732 que
1251 2650 1424 2713 nobis
1471 2648 1791 2733 promisit,
1843 2652 1907 2713 et
1950 2669 2067 2731 que
2113 2649 2178 2711 in
2225 2649 2389 2714 dicto
2452 2649 2862 2713 instrumento
2931 2648 3254 2729 pactorum

538 2743 601 2802 et
646 2736 1113 2802 convent-ionum
1151 2738 1505 2802 distinctius
1553 2739 1958 2814 continentur,
2007 2737 2181 2800 cuius
2229 2739 2400 2802 tenor
2447 2736 2720 2818 scipture
2766 2735 2827 2800 in
2861 2736 2973 2799 hec
3035 2735 3242 2798 verba.

535 2825 607 2888 In
655 2825 898 2888 nomine
945 2827 1172 2889 domini
1233 2828 1422 2890 nostri
1482 2826 1654 2890 ihesu
1718 2826 1933 2890 christi
1997 2844 2070 2888 ac
2124 2826 2487 2905 protectoris
2549 2826 2743 2889 nostri
2817 2825 2979 2888 beati
3049 2823 3252 2887 Marci

535 2914 931 2995 Evangeliste
980 2914 1308 2978 millesimo
1356 2916 1786 2979 trecentesimo
1817 2914 2228 2993 ,nonagesimo
2276 2914 2557 2989 secunde,
2619 2913 2949 2978 indictione
2998 2912 3252 2995 quinta-

534 3001 788 3065 decima.
882 3004 952 3065 In
1002 3004 1201 3067 castro
1264 3003 1557 3066 Durachii
1620 3002 2008 3085 presentibus
2058 3003 2303 3065 domino
2351 3002 2630 3066 ,Iohanne
2682 3002 2778 3065 dei
2808 3000 3018 3101 gratia
3051 2998 3255 3064 archi-

537 3091 816 3171 episcopo
867 3090 1180 3167 Durachii,
1226 3091 1469 3155 domiuo
1518 3092 1816 3172 Phylippo
1863 3090 2106 3154 Barello
2176 3091 2248 3154 de
2311 3090 2614 3161 Veneciis,
2679 3089 2924 3153 domiuo
2997 3087 3254 3152 Almero

536 3178 883 3242 Lombardo
930 3179 1002 3243 de
1051 3180 1352 3259 VeneciiS,
1401 3181 1697 3261 magistro
1743 3178 2003 3242 Nicolao
2066 3178 2191 3243 filio
2253 3180 2512 3261 quodam
2578 3176 2896 3241 Francisci
2945 3177 3020 3240 de
3070 3176 3254 3241 Sera·

539 3266 700 3329 valle
748 3266 1000 3341 medico,
1052 3268 1295 3331 domino
1355 3266 1696 3332 Jacomello
1745 3267 2029 3331 Boatello
2077 3266 2151 3329 de
2200 3266 2499 3344 Veneciis,
2562 3266 2903 3347 presbitero
2954 3265 3250 3328 Andriolo

536 3353 611 3417 de
660 3355 933 3418 Venetiis
982 3354 1241 3418 testibus
1289 3357 1631 3419 convecatis
1679 3356 1743 3418 et
1789 3356 2035 3437 rogatis.
2088 3354 2333 3418 Nobilis
2381 3356 2445 3417 et
2489 3355 2774 3437 egregius
2820 3354 3101 3417 dominus
3148 3353 3252 3416 do-

537 3444 742 3505 minus
790 3442 1089 3524 Georgius
1137 3443 1327 3525 Topia
1376 3442 1659 3507 dominus
1708 3443 1997 3507 Durachii
2047 3443 2214 3505 dedit
2257 3445 2319 3505 et
2365 3443 2622 3508 tradidit
2653 3445 2924 3507 castrum
2961 3441 3252 3505 Durachii

535 3529 609 3593 de
677 3549 973 3595 consensu
1030 3534 1093 3594 et
1155 3532 1470 3594 voluntate
1560 3550 1669 3595 sua
1754 3531 1947 3595 nobili
2014 3533 2078 3595 et
2140 3531 2383 3613 egregio
2444 3532 2573 3594 viro
2634 3531 2883 3594 domiuo
2949 3529 3252 3593 Saraceno

538 3618 820 3682 Dandulo
868 3620 1100 3683 sindico
1142 3623 1206 3683 et
1250 3623 1639 3701 procuratore
1685 3638 1754 3683 ac
1800 3620 2119 3701 capitaneo
2162 3619 2432 3701 generali
2478 3619 2683 3701 culphi
2736 3638 2842 3700 pro
2890 3617 3097 3682 ducali
3145 3617 3251 3679 do-

535 3706 870 3772 minatione
919 3707 1322 3771 Veueciarum
1374 3708 1491 3772 hiis
1542 3709 1736 3790 pactis
1798 3711 1862 3772 et
1922 3707 2395 3772 conditionibus.
2489 3710 2701 3772 Primo
2762 3707 2920 3790 quod
2970 3706 3250 3769 leventur

534 3794 771 3878 insigne
817 3797 946 3861 sive
994 3796 1285 3858 vexillum
1351 3797 1516 3861 beati
1561 3795 1756 3860 Marci
1805 3796 2183 3877 evangeliste
2234 3795 2480 3860 nomine
2527 3800 2589 3860 et
2638 3795 2766 3860 vice
2812 3793 3251 3859 dominationis

536 3901 607 3946 ac
648 3884 1110 3947 communitatis
1158 3884 1578 3948 venetiarum.
1667 3886 1826 3947 Item
1875 3886 2030 3966 quod
2080 3885 2417 3947 dominatio
2461 3886 2748 3949 teneatur
2811 3884 2994 3959 tueri,
3044 3882 3244 3946 defen-

534 3972 676 4035 dere
708 3974 771 4035 et
816 3973 1459 4053 manutenere-ipsum
1511 3973 1780 4036 castrum
1832 3974 1957 4036 suis
2006 3972 2459 4036 municionibus
2509 3975 2571 4037 et
2617 3972 2989 4047 homiuibuS,
3040 3970 3247 4034 defen-

536 4060 773 4125 soribus
822 4066 883 4124 et
928 4061 1308 4124 custodibus.
1369 4064 1526 4124 ltem
1578 4062 1734 4141 quod
1779 4060 1894 4141 ipsi
1943 4060 2226 4124 custodes
2276 4063 2494 4125 nocent
2538 4065 2601 4125 et
2642 4058 2916 4125 clament
2961 4057 3246 4123 tutellam

536 4149 670 4212 vice
716 4166 788 4212 ac
837 4151 1080 4212 nomine
1113 4149 1400 4231 'egreggii
1449 4150 1681 4213 domini
1732 4148 1978 4230 Georgii
2027 4149 2216 4212 Tobie
2265 4150 2493 4212 domini
2543 4149 2855 4212 Durachii.
2905 4148 3063 4211 Item
3117 4165 3248 4227 pre-

535 4237 734 4300 dictus
769 4236 1052 4300 dominus
1107 4237 1406 4318 Georgius
1453 4238 1679 4301 habeat
1727 4256 1867 4300 suos
1915 4237 2211 4313 reddituS,
2262 4240 2325 4301 et
2381 4257 2523 4301 suos
2596 4235 2891 4300 officiales
2940 4235 3243 4316 disponat,

537 4325 600 4388 et
647 4326 734 4388 eis
783 4325 1100 4406 precipiat.
1152 4343 1258 4406 pro
1303 4335 1370 4388 ut
1417 4330 1577 4399 ante,
1628 4327 1798 4388 extra
1845 4329 2119 4389 castrum
2166 4328 2224 4389 iu
2276 4329 2438 4388 terra
2488 4344 2597 4389 sua
2647 4325 2963 4389 Durachii.
3005 4324 3165 4387 Item
3193 4323 3245 4386 si

534 4413 721 4494 aliqui
773 4418 980 4477 esseut
1022 4415 1286 4490 fugitivi,
1340 4413 1443 4495 qui
1492 4415 1565 4477 ad
1613 4414 1819 4493 ipsum
1868 4418 2140 4477 castrum
2188 4431 2296 4494 pro
2348 4415 2442 4476 sui
2489 4414 2818 4478 securitate
2865 4413 3044 4489 irent,
3091 4410 3251 4495 quod

536 4502 807 4580 predicta
855 4503 1192 4566 dominatio
1242 4504 1525 4565 teneatur
1571 4502 1714 4566 illos
1763 4504 1824 4565 in
1881 4502 2167 4564 manibus
2218 4502 2365 4564 dicti
2417 4501 2646 4566 domini
2695 4500 2942 4580 Georgii
2996 4502 3247 4564 tradere.

532 4589 691 4651 Item
741 4588 792 4650 si
841 4589 1073 4670 aliquid
1120 4593 1325 4653 essent
1371 4593 1542 4654 extra
1588 4591 1904 4654 civitatem
1955 4590 2071 4671 ipsi
2118 4589 2365 4653 domiuo
2425 4590 2683 4671 Georgio
2744 4588 3024 4662 rebelles,
3090 4588 3246 4671 quod

534 4675 669 4754 ipsa
706 4674 1038 4740 dominatio
1088 4679 1368 4757 procuret
1417 4682 1480 4743 et
1525 4677 1796 4742 solicitet
1841 4677 1980 4741 illos
2050 4677 2444 4741 reconciliare
2520 4678 2582 4741 in
2628 4675 2896 4741 favorem
2945 4677 3096 4740 dicti
3143 4677 3248 4740 do-

538 4759 691 4821 mini
739 4759 1007 4844 Georgii.
1056 4765 1214 4828 Item
1262 4766 1313 4829 si
1361 4784 1397 4830 a
1443 4783 1589 4830 casu
1635 4765 1969 4831 dominatio
2018 4766 2477 4831 transmitteret
2521 4765 2972 4831 ambaxiatores
3020 4763 3098 4829 ad
3143 4764 3248 4828 do-
