3620 5282
2912 349 3044 425 453

349 537 620 611 civitatis
666 533 950 616 Sibenici,
998 538 1063 603 et
1104 538 1248 609 dato
1292 555 1364 603 ac
1406 538 1666 622 prestito
1710 537 2015 622 corporali
2070 538 2457 612 sacramento
2519 536 2699 606 dictis
2760 537 3047 620 testibus,

350 645 459 711 pro
507 622 591 717 u‘t
620 626 738 693 fuit
782 625 1108 710 expediens
1153 628 1217 691 et
1259 630 1669 710 opportunum
1717 630 1779 691 et
1803 645 1914 710 pro
1943 629 2016 695 ut
2043 627 2288 693 tantum
2323 626 2644 711 negotium
2674 627 3046 711 requirebat,

347 717 696 781 invenimus
741 717 908 781 omni
952 714 1391 785 contrarietate
1435 715 1781 798 postposita
1825 715 1890 779 et
1929 732 2098 781 mera
2148 716 2410 784 veritate
2459 719 2717 797 reperta,
2751 714 2912 799 quod
2941 735 3047 799 pe-

344 804 485 881 titio
524 803 687 873 facta
729 822 837 889 per
870 802 1155 869 dominos
1194 802 1506 882 comitem,
1569 802 1799 877 indices
1845 806 1910 868 et
1969 820 2296 870 commune
2339 801 2607 869 Sibenici
2654 802 3045 870 sanctissimo

345 894 403 957 d.
453 895 659 957 nostro
723 910 877 974 pape
935 890 1054 957 fuit
1115 894 1179 957 et
1244 892 1343 955 est
1402 909 1563 968 vera,
1620 890 1798 974 juxta
1858 891 1924 955 et
1983 908 2323 963 consonans
2370 891 2620 957 veritati
2667 909 2741 957 ac
2802 891 3046 971 rationi,

342 999 605 1065 exeoque
650 979 1017 1058 invenimuS,
1063 979 1221 1063 quod
1253 978 1485 1044 domini
1507 980 1770 1063 episcopi
1806 978 2099 1057 Sibenici,
2144 981 2248 1063 qui
2293 998 2400 1063 pro
2449 981 2727 1062 tempore
2774 977 3048 1059 fuerunt,

347 1069 521 1135 cuius
567 1068 631 1132 in
680 1067 1056 1133 contrarium
1114 1066 1414 1132 memoria
1472 1067 1793 1132 hominnm
1852 1085 1972 1133 non
2036 1068 2265 1144 existit,
2335 1085 2577 1150 semper
2637 1085 2746 1151 pro
2807 1066 3049 1139 decima

351 1156 623 1231 civitatis
668 1154 932 1223 Sibenici
981 1155 1344 1232 babuerunt,
1406 1157 1739 1225 tenuerunt
1799 1157 1864 1221 et
1922 1157 2323 1238 possederunt
2374 1174 2586 1224 omnes
2647 1157 2710 1227 et
2768 1154 3045 1241 singulas

346 1246 759 1345 possessiones
806 1261 1146 1344 expressas,
1217 1242 1567 1345 nominatas
1638 1243 1703 1310 et
1760 1242 2145 1324 specificatas
2206 1243 2271 1307 in
2327 1243 2499 1308 bulla
2560 1242 2795 1343 domini
2839 1244 3047 1344 nostri

350 1332 1187 1501 321332233¹³52ss201¹2²055¹22t⁵
1215 1330 2466 1503 „sistent.‘²g⁰;‡fl{².².231⁸..?³‹32¹533.15ss
2481 1330 3048 1484 d53¹50²5115¹iz¹3ss

349 1510 531 1589 belle,
577 1511 645 1576 et
682 1527 872 1577 unum
922 1509 1181 1575 scoliam
1227 1506 1432 1585 Oblik,
1478 1510 1833 1591 nuncupata
1873 1507 2184 1574 territoria
2225 1525 2365 1572 eum
2412 1507 2656 1591 pascuis
2687 1508 2752 1572 in
2781 1507 3052 1575 secunda

356 1596 630 1663 Ostrizza
673 1616 859 1680 prope
901 1599 1147 1680 portum
1192 1595 1620 1674 Grebaschiza,
1667 1599 1918 1675 terram,
1965 1595 2208 1662 villicos
2260 1597 2326 1661 in
2370 1594 2743 1679 Bossiglina,
2791 1597 2858 1661 et
2885 1596 3050 1661 deci-

350 1704 485 1751 mas
530 1702 825 1769 agnoram
871 1687 936 1750 et
979 1688 1343 1764 castrorum,
1389 1702 1499 1768 pro
1543 1688 1614 1750 ut
1658 1685 1721 1749 in
1764 1684 1901 1767 ipsa
1945 1683 2117 1749 bulla
2164 1683 2499 1768 apostolica
2550 1681 2845 1748 seriosius
2907 1700 3050 1748 con-

351 1774 623 1850 tinetnr;
670 1772 1155 1857 invenimusque,
1202 1774 1362 1857 quod
1428 1772 1550 1856 ipsi
1624 1772 1860 1849 domini
1904 1772 2173 1856 episcopi
2216 1774 2281 1841 et
2354 1770 2703 1857 capitulum
2780 1768 3051 1841 Sibenici
3145 1856 3146 1859 Ἴ

352 1880 592 1948 semper
637 1864 997 1945 receperunt
1039 1879 1152 1947 pro
1195 1861 1335 1946 ipsa
1374 1860 1614 1929 decima
1653 1879 1955 1943 agnorum
1984 1879 2095 1945 pro
2150 1859 2429 1944 quolibet
2476 1877 2637 1944 agno
2691 1862 2757 1925 et
2801 1859 3049 1943 capteto

349 1950 635 2034 parvulos
682 1951 951 2035 quinque
995 1949 1229 2016 usualis
1275 1951 1537 2029 monete,
1583 1948 2070 2034 invenimusque,
2108 1948 2268 2032 quod
2323 1948 2442 2032 ipsi
2488 1946 2719 2017 domini
2778 1946 3051 2033 episcopi

352 2037 779 2107 Sibenicenses
825 2056 1067 2122 semper
1107 2039 1182 2103 de
1228 2036 1415 2104 dictis
1446 2037 1942 2121 possessionibus
1989 2056 2097 2121 pro
2143 2037 2312 2103 dicta
2355 2037 2594 2109 decima
2652 2035 2926 2103 civitatis
2986 2037 3051 2105 et

350 2126 590 2197 decima
635 2145 932 2212 agnorum
992 2129 1057 2191 et
1117 2128 1511 2210 capi-storum
1589 2127 1655 2192 in
1724 2126 1930 2197 insula
1995 2126 2217 2210 Xirgia
2291 2124 2712 2195 Sibenicensis
2787 2125 3049 2197 diocesis

353 2214 604 2283 fuerunt
649 2234 891 2297 semper
937 2214 1114 2280 taciti
1157 2216 1222 2280 et
1265 2212 1555 2285 contenti.
1603 2213 1961 2282 Invenimus
2007 2211 2217 2292 etiam,
2264 2214 2422 2298 quod
2467 2215 2541 2279 de
2585 2214 2650 2278 et
2685 2230 2876 2299 super
2914 2232 3052 2296 pre·-

354 2302 537 2369 dictis
581 2302 706 2370 fuit
747 2302 985 2370 factum
1029 2302 1347 2386 publicum
1392 2303 1874 2375 instrumentum
1921 2302 2279 2372 solemniter
2320 2300 2695 2375 celebratum
2740 2320 2886 2368 cum
2917 2319 3054 2367 om-

357 2393 539 2461 nibus
585 2391 881 2459 clausulis
925 2392 1324 2458 neccessariis
1371 2391 1437 2457 et
1479 2391 1843 2475 opportunis
1883 2391 2046 2458 inter
2094 2392 2333 2457 dictum
2373 2391 2727 2477 episcopum
2780 2387 3050 2461 Sibenioi

352 2480 417 2546 et
461 2497 780 2548 commune
840 2481 1256 2563 hominesque,
1308 2476 1475 2563 quod
1502 2480 1989 2551 instrumentum
2020 2479 2363 2547 invenimus
2389 2480 2821 2550 confirmatum
2853 2476 3048 2545 fuisse

351 2571 416 2634 et
456 2570 857 2655 approbatum
906 2587 1013 2652 per
1066 2570 1124 2633 d.
1171 2568 1696 2653 archiepiscopum
1759 2567 1823 2634 in
1880 2567 2093 2636 sinodo
2159 2566 2524 2652 spalatensi,
2583 2567 2745 2651 quod
2813 2567 3048 2639 instru-

355 2660 638 2730 mentum
683 2658 1029 2742 invenimus
1072 2677 1178 2741 per
1224 2657 1655 2726 attestationes
1697 2657 2004 2723 dictorum
2066 2658 2323 2726 testium
2383 2656 2575 2723 fuisse
2622 2657 2686 2722 et
2725 2674 2859 2724 esse
2905 2674 3046 2738 pet-

354 2745 558 2813 ditum
605 2748 754 2814 tunc
800 2746 1115 2830 temporis,
1164 2746 1402 2830 quando
1465 2745 1689 2814 civitas
1731 2744 2007 2813 Sibenici
2067 2745 2189 2810 fuit
2246 2745 2572 2816 combusta
2634 2748 2700 2810 et
2742 2743 3054 2827 expoliata

354 2835 1579 3004 Ξῗὲεοζὲθὲἵὲῑιῗιῗὲρἓὲῖθξῗξῗῖἱῖωηέ
1583 2852 1688 2986 ⁰1¹1?
1731 2833 1875 3005 iffi}
1907 2833 3054 3010 ὃῖἷίὓῗῖἴοέιῖιέῗὲἕῖῖῃῗὲῃέἓέἕἪ

352 3012 737 3094 exprimitur.
784 3009 984 3091 Quare
1050 3010 1383 3076 autoritate
1447 3009 1783 3094 apostolica
1846 3010 2022 3078 nob-is
2078 3008 2142 3080 in
2195 3010 2314 3080 bac
2361 3011 2535 3097 parte
2580 3025 2870 3088 concessa
2913 3028 3053 3098 pre-

356 3098 618 3183 cipimus
664 3101 729 3165 et
773 3098 1141 3164 mandamus
1188 3100 1518 3164 reverendo
1564 3099 1629 3163 in
1675 3096 1908 3164 christo
1955 3096 2116 3181 patri
2175 3098 2234 3162 d.
2293 3098 2586 3182 Bogdano
2628 3097 2703 3162 de
2767 3094 3051 3162 Sibenico

362 3188 559 3254 electo
606 3187 671 3252 in
715 3188 1067 3271 episcopum
1115 3185 1573 3256 Sibenicensem
1618 3187 1682 3251 et
1726 3185 1989 3262 dominis
2043 3186 2344 3270 episcopis
2409 3185 2685 3270 eiusdem
2753 3185 3052 3264 civitatis,

314 3287 327 3302 s
361 3276 467 3360 qui
513 3296 621 3359 pro
667 3277 945 3359 tempore
991 3277 1190 3352 erunt,
1238 3275 1398 3359 quod
1445 3274 1518 3340 de
1566 3273 1749 3340 dictis
1795 3273 2287 3358 possessionibus
2328 3292 2435 3356 pro
2481 3273 2644 3340 dicta
2689 3272 2926 3339 decima
2969 3273 3055 3338 ci·

358 3366 573 3430 vitatis
621 3364 894 3440 Sibenici
937 3366 1000 3429 et
1045 3364 1281 3430 decima
1325 3382 1626 3447 agnorum
1674 3363 1939 3430 debeant
1983 3365 2151 3428 stare
2195 3362 2370 3428 taciti
2401 3363 2466 3428 et
2501 3360 2775 3428 contenti
2820 3360 2886 3425 in
2915 3380 3056 3445 per·-

353 3454 607 3535 petuum
654 3456 718 3518 et
761 3452 923 3518 omni
972 3454 1267 3538 tempore,
1315 3454 1379 3518 et
1423 3451 1585 3535 quod
1631 3450 1815 3520 dictis
1862 3451 2093 3531 comiti,
2159 3450 2479 3530 iudicibus,
2542 3445 2884 3529 communi,
2935 3450 3047 3514 ho-

351 3540 624 3607 minibus
647 3540 917 3608 civitatis
942 3537 1213 3606 Sibenici
1237 3540 1626 3624 presentibus
1654 3541 1719 3605 et
1738 3537 1965 3605 futuris
1991 3538 2229 3606 nullam
2252 3538 2520 3606 debeant
2543 3558 2790 3606 movere
2816 3538 3052 3622 questi-

350 3648 531 3695 onem
556 3647 669 3695 nec
688 3629 1023 3696 novitatem
1047 3629 1263 3706 iacere,
1290 3630 1354 3694 et
1377 3629 1534 3712 quod
1556 3626 1764 3694 omnia
1787 3630 2077 3694 contenta
2101 3629 2162 3698 in
2194 3627 2358 3693 dicta
2382 3627 2554 3696 bulla.
2584 3625 2821 3694 domini
2850 3626 3048 3693 nostri

353 3736 508 3802 pape
567 3719 631 3782 et
673 3718 739 3782 in
784 3717 1051 3800 presenti
1099 3720 1304 3782 nostro
1350 3717 1671 3800 privilegio
1716 3716 1976 3786 debeant
2034 3716 2100 3781 in
2159 3717 2526 3799 perpetuum
2600 3712 3042 3786 inviolabiliter

351 3805 674 3872 observare
721 3807 786 3872 et
822 3805 1130 3871 observari
1176 3803 1394 3883 facere,
1443 3804 1878 3874 confirmantes
1947 3807 2009 3870 et
2074 3803 2455 3872 ratificantes
2523 3804 3055 3888 approbantesque

349 3894 723 3960 auctoritate
768 3893 1104 3976 apostolica
1164 3891 1368 3958 omnia
1424 3893 1714 3959 contenta
1761 3893 1824 3959 in
1887 3893 2020 3975 ipsa
2086 3893 2258 3958 bulla
2317 3891 2551 3958 domini
2614 3892 2811 3960 nostri
2873 3909 3047 3974 pape.

350 3983 424 4048 In
472 3981 955 4049 contradictores
1000 3997 1140 4050 vero
1188 3980 1496 4063 quoslibet
1562 3982 1626 4045 et
1693 3980 1959 4047 rebelles
2023 3980 2087 4045 in
2133 3980 2430 4064 predictis
2484 3981 2549 4050 et
2591 3977 2870 4063 quolibet
2916 3996 3054 4061 pre-

354 4071 660 4154 dictorum
702 4070 1073 4138 sententiam
1123 4068 1704 4136 excomunicationis
1751 4089 1822 4133 ex
1867 4086 2027 4136 nunc
2070 4088 2177 4152 pro
2221 4070 2291 4133 ut
2334 4087 2407 4132 ex
2453 4071 2621 4146 tunc,
2678 4071 2742 4132 et
2782 4085 2855 4131 ex
2900 4069 3051 4133 tunc

348 4177 457 4242 pro
503 4162 572 4224 ut
620 4178 690 4224 ex
726 4177 909 4237 nunc,
956 4159 1325 4223 auctoritate
1371 4158 1647 4240 predicta
1693 4157 1925 4234 summi
1969 4155 2280 4238 pontificis
2327 4155 2584 4221 ferimus
2626 4157 2692 4220 et
2720 4154 2939 4220 damus
2986 4154 3052 4228 in

350 4247 449 4313 his
495 4246 783 4330 scriptis3
832 4248 898 4314 in
943 4265 1202 4329 quorum
1245 4245 1671 4311 testimonium
1719 4247 1782 4311 et
1813 4245 2170 4330 perpetuam
2201 4244 2563 4316 firmitatem
2596 4244 2708 4309 has
2739 4246 3051 4326 presentes

350 4335 592 4416 litteras
639 4336 770 4402 fieri
816 4336 1115 4401 iussimus
1162 4337 1224 4397 et
1267 4333 1529 4399 fecimus
1576 4334 1693 4400 sub
1739 4334 2110 4416 appensione
2170 4333 2361 4398 nostri
2415 4330 2787 4415 pontificalis
2833 4331 3048 4415 sigilli.

350 4425 585 4489 Datum
631 4425 695 4489 et
738 4425 947 4490 actum
994 4423 1058 4487 in
1099 4421 1350 4487 civitate
1404 4420 1671 4488 Sibenici
1719 4421 1783 4488 in
1829 4420 2060 4504 palatio
2108 4420 2454 4486 communis
2499 4421 2563 4485 in
2640 4419 2773 4485 sala
2832 4437 3054 4503 magna

355 4513 469 4576 sub
537 4529 692 4577 anno
766 4511 1000 4577 domini
1067 4507 1425 4588 MCCCCII,
1502 4509 1831 4575 indictione
1906 4510 2089 4588 Xma,
2169 4507 2270 4575 die
2347 4508 2467 4574 XX
2526 4507 2755 4573 mensis
2817 4507 3049 4587 martii,

348 4599 741 4682 pontificatus
788 4597 1165 4666 sanctissimi
1212 4600 1275 4666 in
1322 4595 1551 4664 christo
1590 4597 1789 4683 patris
1836 4599 1899 4663 et
1942 4596 2175 4662 domini
2221 4596 2415 4664 nostri
2470 4596 2703 4662 domini
2754 4595 3050 4661 Bonifatii

345 4685 554 4752 divina
628 4687 1004 4769 providentia
1079 4705 1233 4771 pape
1309 4687 1399 4751 IX
1444 4704 1601 4752 anno
1652 4685 1839 4750 ·XIII.
1911 4684 2308 4754 Presentibus
2371 4684 2828 4756 venerabilibus
2899 4683 3052 4750 viris

346 4774 539 4841 fratre
584 4774 841 4843 Nicolao
892 4777 1114 4844 abbate
1174 4774 1533 4856 monasterii
1593 4793 1642 4840 s.
1706 4772 1952 4842 Nicolai
2013 4772 2314 4856 Sibenici,
2375 4774 2623 4853 doctore,
2687 4771 2877 4844 fratre
2936 4772 3055 4840 Pe-
