3620 5282
3026 393 3108 459 97

733 560 1164 643 CLXXII.
1216 560 1425 644 θοὰ.
1480 561 1708 647 1369.
1763 561 1866 645 25
1920 564 2205 663 rujna‚
2259 585 2319 645 u
2373 562 2766 646 Mletclh.

380 704 675 776 Napatalo
718 719 794 763 za
829 703 1154 775 poslanika
1197 704 1533 777 odrecb'ena,
1581 705 1660 762 da
1707 706 1993 778 inposlnje
2038 708 2154 785 mir
2192 707 2345 779 medj
2392 706 2691 766 Baesieem
2734 709 2759 766 i
2804 709 3117 769 Kotorani.

604 822 790 888 1369.
861 824 959 887 die
1019 823 1198 889 XXV
1260 824 1650 907 septembris.
1717 822 2042 907 Sapientes
2105 826 2411 891 ordinum.
2477 826 2708 910 Capta:
2772 829 2930 911 quod
2989 848 3119 893 am-

380 912 635 976 baxator
681 913 890 975 noster
937 911 1140 976 iturus
1190 910 1484 977 Catarum
1531 913 1763 977 habeat
1806 912 2163 977 libertatem
2210 914 2273 977 in
2313 933 2455 979 casu
2504 934 2622 997 quo
2655 934 2771 997 pax
2804 920 3119 981 remaneat

386 1000 586 1064 solum
634 1017 743 1081 pro
787 998 943 1064 Jura
989 1000 1064 1063 de
1108 1000 1331 1064 Balsce
1377 999 1561 1064 dandi
1595 1000 1932 1065 terminum
1964 1000 2083 1063 XV
2114 1002 2349 1066 dierum
2396 1002 2492 1067 vel
2524 1004 2662 1068 inde
2709 1004 2870 1068 infra
2915 1004 3118 1070 eidem

383 1087 541 1152 Jura
587 1088 665 1151 ad
705 1087 1142 1152 removendum
1188 1090 1253 1152 et
1295 1086 1758 1152 disarmandum
1807 1107 1919 1152 sua
1963 1089 2234 1171 navigia.

419 1186 424 1193 ’
593 1173 757 1239 Item
803 1175 867 1239 in
914 1192 1059 1240 casu
1107 1193 1223 1258 quo
1266 1193 1383 1258 pax
1431 1179 1745 1240 remaneat
1787 1176 1987 1239 solum
2037 1194 2146 1258 pro
2182 1176 2507 1253 CatariniS,
2557 1176 2654 1241 vel
2680 1177 2840 1260 quod
2878 1177 3116 1243 nollent

384 1262 862 1343 condescendere
909 1262 988 1325 ad
1034 1266 1217 1345 pacta
1264 1262 1417 1327 alias
1463 1263 1677 1327 habita
1725 1282 1865 1327 cum
1913 1264 2073 1327 dicto
2116 1264 2290 1342 Jura,
2359 1267 2422 1327 et
2465 1266 2664 1329 dictus
2710 1264 2862 1329 Jura
2930 1266 3116 1331 vellet

383 1352 447 1413 et
493 1351 656 1414 esset
700 1352 1029 1415 contentus
1077 1350 1301 1414 habere
1346 1353 1408 1414 et
1455 1351 1778 1415 observare
1829 1353 1960 1431 ipsa
2007 1360 2206 1431 pacta,
2270 1353 2431 1433 quod
2480 1352 2686 1416 dictus
2734 1354 3113 1432 ambaxator,

388 1434 551 1501 facto
600 1438 926 1518 superinde
973 1438 1261 1521 quicquid
1308 1438 1447 1502 boni
1500 1439 1742 1519 poterit,
1795 1439 2090 1502 Venetiae
2139 1442 2503 1516 revertatur,
2569 1442 2633 1503 et
2673 1457 2778 1520 pro
2837 1440 2951 1505 hoc
3000 1460 3118 1505 non

390 1523 802 1608 intelligatur,
851 1527 1011 1607 quod
1050 1544 1166 1606 pax
1213 1531 1533 1589 remaneat
1581 1544 1687 1607 pro
1734 1526 1870 1608 ipso
1917 1525 2090 1591 Jura.

591 1613 752 1677 Item
802 1613 999 1694 possit
1045 1613 1246 1677 dictus
1291 1612 1655 1677 ambaxator
1699 1614 1975 1695 accipere
2026 1632 2215 1677 unum
2262 1613 2670 1697 interpretem
2717 1615 2885 1680 ultra
2940 1616 3124 1681 sami-

383 1698 534 1765 liam
582 1701 646 1764 et
690 1719 982 1782 expensas
1028 1700 1576 1783 supralimitatas.
1628 1702 1721 1764 De
1768 1702 1976 1783 partes
2018 1701 2124 1781 42,
2176 1702 2247 1766 de
2298 1721 2415 1767 non
2467 1703 2521 1781 1,
2572 1721 2689 1766 non
2738 1703 2961 1769 sinceri
3018 1704 3119 1769 10.

469 1808 651 1868 Misce
701 1807 1030 1871 XXXIII.
1080 1810 1183 1883 33,
1229 1827 1271 1868 u
1315 1810 1469 1870 mlet.
1520 1811 1754 1870 arkivu.

641 2014 1118 2100 CLXXIII.
1175 2016 1381 2099 God.
1439 2015 1670 2099 1369.
1724 2015 1774 2097 6
1830 2015 2323 2116 εῐιιᾱθιιοςῆ,
2374 2039 2433 2098 u
2487 2016 2878 2100 Mletcih.

387 2155 437 2216 Ο
479 2159 681 2230 njekih
723 2159 983 2229 iivinah,
1028 2160 1158 2233 koje
1190 2160 1258 2231 je
1288 2161 1435 2219 knez
1465 2160 1649 2219 zetski
1693 2158 1885 2233 Gjuro
1926 2158 2135 2218 Βαῑεὶά
2182 2160 2543 2219 Μῑειὲαηοηι
2563 2163 2859 2232 povrattti
2899 2180 3119 2224 morae.

595 2277 1002 2343 Serenissimo
1048 2280 1113 2343 et
1160 2278 1677 2344 excellentissimo
1724 2279 1969 2343 domino
2018 2278 2261 2342 domino
2311 2278 2555 2344 Andree
2604 2278 2950 2346 Contareno
3024 2281 3120 2346 dei

388 2366 590 2450 gratia
637 2366 849 2431 inclito
895 2367 1036 2431 duci
1084 2366 1494 2431 Veneciarum
1544 2370 1660 2431 etc.
1710 2365 2122 2433 Serenissime
2169 2367 2407 2431 domine
2455 2368 2677 2431 noster.
2731 2369 2981 2433 Excelse
3013 2370 3123 2434 do-

385 2453 713 2518 minationi
762 2460 959 2519 vestre
1002 2471 1115 2518 nos
1173 2455 1769 2518 recommendamus.
1833 2454 2065 2519 Noscat
2128 2457 2335 2518 vestra
2403 2455 2763 2532 dominatio,
2828 2457 2985 2539 qnod
3048 2458 3121 2521 de

386 2560 595 2606 mense
641 2541 1013 2624 septembris
1062 2560 1256 2624 nuper
1303 2543 1495 2623 elapsi
1558 2544 1632 2607 ad
1695 2543 2161 2624 requisitionem
2211 2542 2519 2624 Dragonis
2583 2541 2658 2606 de
2707 2541 2929 2608 Cataro
2994 2542 3122 2609 fac-

385 2628 538 2694 toris
585 2632 650 2695 et
695 2631 1108 2712 procuratoris
1157 2629 1381 2694 nobilis
1428 2630 1541 2695 viri
1589 2649 1688 2695 ser
1737 2630 1914 2697 Pauli
1961 2628 2200 2709 Quirini
2246 2629 2494 2694 domino
2528 2630 2792 2713 Georgio
2825 2632 2898 2695 de
2932 2632 3122 2697 Balsa

383 2718 725 2798 scripsisse,
771 2722 1074 2800 quatenus
1125 2717 1244 2782 sibi
1291 2718 1567 2800 placeret
1612 2718 1783 2783 reddi
1831 2717 2030 2783 facere
2082 2716 2247 2782 dicto
2298 2717 2578 2800 Dragoni
2626 2721 2861 2782 certam
2926 2739 3121 2801 quan-

383 2805 638 2870 titatem
684 2805 1048 2869 animalium
1096 2807 1159 2869 et
1205 2805 1331 2869 vini
1378 2825 1485 2887 per
1531 2824 1675 2871 suos
1720 2804 2003 2870 homines
2051 2807 2324 2885 tempore
2373 2807 2678 2887 presentis
2719 2824 2936 2888 guerre
2980 2826 3122 2888 pre-

384 2894 568 2956 terite
634 2893 693 2956 in
741 2894 1029 2957 districtu
1076 2891 1329 2956 Cathari
1401 2904 1720 2975 acceptam
1785 2896 2077 2974 tanquam
2146 2895 2301 2956 bona
2365 2894 2561 2975 ipsius
2623 2894 2854 2957 domini
2917 2894 3116 2972 Pauli,

384 2979 612 3044 valoris
660 2977 829 3044 MCC
877 2981 1240 3044 ducatorum
1288 2981 1445 3052 auri,
1490 2987 1548 3042 et
1594 2981 1780 3056 ultra,
1831 2982 1904 3044 nt
1950 2981 2154 3043 dictus
2204 2982 2417 3061 Drago
2475 2980 2759 3044 asseruit.
2830 2979 2949 3059 Qui
3013 2984 3121 3046 do-

384 3067 589 3131 minus
639 3065 938 3149 Georgius
988 3068 1168 3133 nobis
1214 3086 1326 3148 par
1367 3068 1673 3134 Jacobum
1720 3068 1796 3131 de
1830 3067 2077 3132 Galiera
2113 3069 2310 3130 civem
2344 3071 2625 3131 nostrum
2659 3068 3120 3133 ambaxatorem

382 3173 492 3236 per
534 3171 645 3217 nos
687 3153 764 3218 ad
812 3156 1013 3236 ipsum
1063 3154 1437 3219 destinatum
1487 3156 1822 3238 respondit,
1870 3157 2030 3236 quod
2080 3156 2354 3218 mitteret
2413 3173 2594 3218 suum
2657 3156 3118 3220 ambaxatorem

382 3240 460 3305 ad
531 3244 804 3306 vestram
873 3242 1178 3306 excelsam
1249 3243 1755 3318 dominationem,
1821 3244 1982 3325 quod
2042 3244 2091 3306 si
2156 3242 2440 3306 dominus
2494 3243 2721 3306 Paulus
2775 3243 3008 3307 iuraret
3055 3243 3119 3305 in

387 3329 674 3394 manibus
718 3331 926 3394 nostre
972 3329 1431 3409 dominationis,
1479 3333 1643 3413 quod
1704 3330 1874 3394 dicta
1935 3330 2230 3395 animalia
2289 3334 2351 3393 et
2412 3329 2623 3394 vinum
2694 3331 3118 3412 supradictum

385 3421 593 3481 essent
637 3434 745 3481 sue
775 3416 1048 3498 „rationis
1089 3421 1152 3481 et
1193 3419 1266 3481 ad
1313 3418 1517 3500 ipsum
1568 3419 1976 3499 expectantia,
2047 3417 2208 3499 quod
2272 3419 2521 3498 paratus
2583 3422 2718 3481 erat
2776 3418 2895 3481 sibi
2960 3418 3120 3481 inte-

386 3504 645 3586 graliter
685 3504 893 3567 omnia
940 3504 1267 3568 restituere
1314 3509 1378 3568 et
1423 3505 1763 3569 emendare.
1816 3505 1950 3570 Hoc
2010 3509 2221 3569 autem
2285 3509 2483 3568 vestre
2548 3505 2783 3570 excelse
2842 3505 3121 3569 domina-

385 3592 539 3656 tioni
586 3591 909 3655 notificare
955 3592 1325 3656 curavimus
1375 3593 1585 3657 Vestri
1634 3594 1889 3657 Marcus
1936 3593 2287 3674 ingenerius
2331 3593 2544 3656 consul
2576 3596 2640 3656 et
2680 3594 2829 3657 socii
2873 3594 3002 3657 eius
3056 3593 3118 3655 in

388 3676 667 3743 Catharo.
717 3677 881 3743 Data
928 3678 1017 3743 ibi
1063 3678 1150 3743 VI
1199 3680 1572 3745 novembris,

481 3785 1052 3848 Commemorialium
1114 3783 1260 3846 VII.
1311 3790 1454 3857 121,
1502 3807 1543 3847 u
1587 3789 1743 3850 mlet.
1792 3789 2027 3847 arkivu.

723 3976 1176 4063 CLXXIV.
1222 3975 1428 4059 God.
1483 3975 1701 4058 1370.
1759 3982 1809 4058 8
1865 3974 2226 4077 venaco,
2279 3997 2338 4056 u
2392 3974 2784 4058 Mletcih.

397 4120 600 4181 Uslied
623 4122 876 4194 ponude
926 4120 1178 4195 Gjorqja
1222 4120 1491 4194 Balsida,
1539 4121 1619 4180 da
1664 4120 1960 4181 Mlett‘ani
2006 4121 2189 4193 docb'u
2235 4125 2419 4193 tryom
2466 4137 2507 4176 u
2555 4118 2763 4188 Zentu,
2805 4120 3118 4192 republika

1165 4210 1430 4282 pristaje
1472 4225 1635 4268 samo
1683 4224 1758 4268 uz
1789 4208 2067 4281 povozjne
2111 4208 2323 4280 uvjete.

597 4329 786 4396 1369.
836 4329 1169 4395 indictione
1231 4332 1469 4405 octava,
1533 4328 1631 4392 die
1681 4328 1831 4393 VIII
1891 4327 2209 4393 februarii.
2268 4327 2382 4392 Ser
2442 4325 2756 4391 Johannes
2820 4327 3114 4409 Darpino,

384 4434 484 4481 ser
528 4418 652 4482 Leo
696 4418 952 4494 Bembo,
1023 4436 1119 4481 ser
1167 4416 1388 4481 Daniel
1436 4414 1749 4493 Cornario,
1807 4435 1906 4480 ser
1952 4415 2200 4480 Marcus
2249 4413 2518 4494 Capello,
2582 4412 2889 4494 sapientes
2950 4417 3117 4480 ordi-

383 4523 553 4570 num.
602 4504 834 4587 Capta:
882 4524 1021 4570 cum
1071 4505 1431 4570 ambaxator
1477 4503 1626 4568 Jure
1672 4503 1744 4566 de
1784 4503 2006 4567 Balsce
2057 4503 2254 4566 multa
2299 4502 2467 4564 dicat
2523 4504 2584 4562 et
2629 4501 2957 4581 promittat
3006 4522 3114 4584 pro

381 4594 558 4673 parte
603 4591 755 4657 dicti
803 4593 1038 4657 domini
1091 4593 1207 4674 sui,
1254 4592 1560 4667 videlicet,
1625 4590 1786 4672 quod
1830 4593 1994 4654 esset
2054 4590 2228 4654 valde
2279 4589 2626 4664 contentus,
2693 4589 2850 4669 quod
2923 4589 3117 4652 nostri

382 4678 605 4744 Veneti
652 4685 1160 4746 conversarentur
1206 4681 1266 4743 in
1316 4679 1595 4761 partibus
1642 4678 1792 4755 suiS,
1840 4680 1905 4742 et
1936 4678 2095 4758 quod
2130 4677 2455 4740 mittemus
2488 4675 2802 4738 consulem
2837 4676 3117 4738 nostrum

377 4766 700 4844 addictas
748 4770 974 4850 parteS,
1046 4769 1110 4833 et
1155 4766 1540 4833 conversatio
1591 4767 1949 4846 nostrorum
1998 4765 2224 4828 ibidem
2265 4763 2440 4829 valdo
2488 4761 2689 4841 possit
2748 4778 2878 4825 esse
2943 4761 3116 4825 utilis

456 4885 639 4936 arou.
685 4886 770 4938 rr.
2654 4865 2690 4930 7
