3620 5282
503 292 636 358 390

706 466 1235 551 DXXXVII.
1302 466 1508 548 God.
1568 465 1789 549 1396.
1850 464 1952 548 29
2006 464 2463 566 listopada,
2516 484 2577 544 u
2629 462 3016 544 Mletclh.

495 596 851 669 Dozvoh‘eno
901 590 1099 652 lvanu
1148 592 1477 660 Saracena,
1522 593 1863 666 yospodaru
1913 590 2105 650 Osora
2154 595 2176 649 i
2227 589 2413 649 Oresa
2456 591 2610 649 nelca
2653 587 2714 647 si
2738 588 2938 662 jedna
2977 587 3256 662 yaliy‘icu

960 699 1002 738 u
1047 680 1300 740 Mletcih
1344 681 1586 750 nabavi,
1633 681 1714 738 da
1758 682 1952 753 njome
2011 679 2240 738 morske
2279 694 2500 752 yusare
2545 678 2763 736 ukroti.

705 782 893 846 1396.
942 781 1277 847 indictione
1323 781 1558 864 quinta,
1608 782 1706 846 die
1770 781 2079 846 XXVIIII
2141 779 2438 845 octubris.
2498 777 2731 862 Capta:
2782 797 2922 842 cum
2973 794 3250 857 compa-

490 871 727 939 ruerint
749 871 823 934 ad
850 871 1224 951 presentiam
1273 869 1529 935 dominii
1577 868 1697 933 duo
1745 868 2224 932 ambassiatores
2274 887 2382 949 pro
2429 869 2604 950 parte
2652 865 2880 930 domini
2917 862 3251 929 Johannis

491 959 798 1032 Saraceni,
834 957 1065 1021 domini
1092 956 1316 1022 Abseri
1354 959 1417 1021 et
1463 955 1696 1033 Chersi,
1747 957 2052 1020 instantes
2095 959 2158 1019 et
2201 956 2526 1020 humiliter
2572 954 3012 1036 supplicanteS,
3063 952 3248 1034 quod

489 1066 630 1113 cum
693 1046 800 1110 ille
844 1046 1046 1110 insule
1091 1064 1199 1109 sue
1249 1046 1514 1109 multum
1565 1044 1958 1109 damnificate
2009 1044 2137 1107 sint
2180 1044 2244 1107 et
2315 1041 2590 1126 quotidie
2652 1041 3130 1105 damnificentur
3201 1057 3248 1102 a

488 1133 727 1217 piratiS,
780 1134 1020 1214 placeat
1061 1133 1409 1207 concedere,
1458 1133 1619 1214 quod
1669 1133 1862 1214 possit
1896 1149 2259 1214 recuperare
2291 1130 2393 1194 vel
2423 1129 2558 1193 fieri
2591 1129 2794 1193 facere
2840 1130 2896 1191 in
2949 1126 3249 1192 venetiis

492 1240 675 1287 unam
721 1221 1054 1303 galeciam,
1101 1238 1286 1302 quam
1328 1222 1525 1302 possit
1559 1222 1767 1283 tenere
1814 1219 1894 1282 ad
1926 1218 2090 1300 ipsas
2125 1236 2268 1282 suas
2301 1217 2540 1282 insulas
2567 1220 2628 1280 et
2660 1215 2886 1281 armari
2911 1214 3116 1278 facere
3147 1215 3250 1278 ad

491 1327 669 1374 suam
692 1307 1140 1383 defensionem3
1176 1307 1351 1372 vadit
1375 1325 1537 1388 pars,
1586 1306 1970 1370 considerato
2017 1309 2318 1390 quantum
2350 1307 2553 1368 dictus
2586 1303 2871 1368 dominus
2912 1302 3248 1368 ,Iohannes

493 1396 782 1463 Saraceni
829 1398 928 1459 est
971 1396 1206 1460 amicus
1252 1394 1445 1459 nostri
1490 1394 1769 1470 dominii,
1820 1395 1885 1457 et
1928 1412 2167 1469 causas,
2214 1395 2468 1475 propter
2499 1411 2684 1475 quam
2717 1391 2887 1455 illam
2946 1390 3248 1472 requirit,

496 1482 657 1567 quod
703 1482 1164 1564 complaceatur
1208 1483 1431 1560 eidem,
1479 1484 1633 1565 quod
1681 1481 1883 1565 possit
1926 1482 2029 1546 hic
2076 1481 2142 1545 in
2189 1480 2469 1545 Venetiis
2517 1497 2878 1561 recuperare
2909 1478 3238 1560 galeotam

495 1571 872 1655 predictam;
918 1573 983 1634 et
1027 1569 1080 1634 si
1125 1569 1299 1634 illam
1347 1588 1707 1651 recuperare
1756 1587 1871 1632 non
1921 1571 2150 1651 posset,
2200 1568 2397 1649 possit
2441 1569 2574 1633 fieri
2641 1567 2842 1630 facere
2902 1583 3114 1640 unam,
3164 1568 3246 1627 et

496 1659 672 1724 illam
778 1657 1118 1722 conducere
1177 1659 1252 1721 ad
1315 1656 1548 1721 insulas
1610 1658 1997 1738 supradictas
2058 1675 2200 1721 cum
2261 1655 2628 1732 conditione,
2696 1654 2854 1736 quod
2900 1652 3245 1735 promittat

496 1765 615 1812 non
660 1745 930 1811 alienare
974 1763 1110 1810 eam
1158 1744 1292 1809 sine
1339 1748 1550 1809 nostra
1593 1746 1839 1809 conscia
1885 1762 1996 1809 nec
2042 1762 2284 1809 armare
2318 1743 2441 1808 nisi
2484 1744 2546 1807 in
2579 1760 2756 1807 suam
2791 1738 3242 1818 defensionem,

502 1834 839 1899 secundum
887 1831 1050 1916 quod
1097 1850 1237 1897 eam
1285 1832 1563 1914 requirit.

584 1941 766 2000 Misti
816 1939 1081 1999 XLIII.
1134 1940 1280 2012 158,
1327 1956 1371 1999 u
1414 1940 1572 2000 mlet.
1620 1941 1858 2000 arkivu.

703 2091 1276 2205 Dxxxvl‘n.
1333 2108 1541 2195 con.
1598 2110 1828 2194 1396.
1880 2112 1976 2196 31
2028 2110 2492 2213 ustopaua,
2528 2133 2589 2192 u
2628 2109 3022 2192 Mletcih.

585 2240 598 2253 “
798 2238 983 2311 Njeki
1016 2238 1306 2310 predlozi,
1353 2255 1397 2297 u
1429 2237 1613 2311 postu
1660 2238 1918 2298 iztocm'h
1967 2237 2287 2312 doyoczjaja
2333 2237 2632 2310 stanveni,
2677 2236 2954 2309 οάὁϋοπί.

715 2338 904 2403 1396.
952 2338 1291 2404 indictione
1335 2340 1564 2422 quinta
1600 2339 1696 2404 die
1737 2340 1963 2404 ultimo
2009 2338 2307 2405 octubris,
2356 2338 2469 2404 Ser
2529 2338 2885 2402 Leonardus
2951 2336 3240 2400 Dandulo

500 2427 684 2494 miles
730 2429 1106 2509 procurator,
1155 2445 1254 2490 ser
1298 2427 1645 2492 Barbadico
1692 2427 1896 2503 miles,
1957 2427 2270 2509 sapientes
2346 2426 2626 2501 consilii;
2704 2443 2803 2490 ser
2878 2425 3235 2489 Alexander

502 2513 772 2598 Geor-gio
816 2514 1058 2595 sapiens
1102 2513 1407 2580 ordinum.
1454 2513 1617 2594 Quia
1662 2533 1783 2578 non
1832 2517 2041 2597 potest
2085 2533 2219 2579 esse
2266 2513 2435 2579 aliud
2501 2532 2687 2597 quam
2735 2513 2890 2578 utile
2936 2532 3049 2595 pro
3098 2515 3238 2577 tota

507 2602 964 2670 christianitate
1009 2601 1262 2667 reddere
1306 2601 1708 2668 informatum
1747 2603 2106 2684 specialiter
2139 2602 2457 2668 dominum
2489 2620 2713 2685 papam
2748 2602 2822 2665 de
2854 2601 2996 2665 istis
3030 2599 3233 2678 noviS,

502 2711 619 2777 que
665 2690 974 2755 habentur
1019 2689 1095 2753 de
1132 2690 1423 2756 conflictu
1473 2690 1707 2755 domini
1754 2691 1921 2774 regis
1967 2691 2289 2774 Hungarie
2357 2692 2675 2772 tamquam
2740 2707 3083 2771 personam,
3151 2688 3234 2753 ad

503 2797 687 2862 quam
736 2776 1161 2860 principaliter
1207 2780 1449 2860 spectat
1493 2778 1821 2861 superinde
1892 2779 2240 2859 providere:
2304 2778 2474 2843 vadit
2527 2796 2694 2860 parS,
2770 2776 2932 2861 quod
2993 2773 3238 2858 possint

499 2866 689 2931 scribi
734 2865 914 2930 litere
959 2867 1078 2948 ipsi
1125 2866 1373 2929 domino
1421 2884 1596 2949 pape,
1642 2865 1892 2931 domino
1938 2865 2075 2947 regi
2134 2865 2392 2931 Francie
2438 2866 2503 2930 et
2547 2864 2776 2948 Anglie
2844 2882 2919 2929 ac
2981 2863 3232 2928 domino

498 2952 882 3037 imperatori,
935 2952 1337 3036 significando
1376 2954 1465 3017 eis
1514 2972 1724 3018 casum
1769 2956 1834 3018 et
1876 2953 1953 3018 de
1998 2954 2107 3018 illo
2153 2952 2524 3018 condolendo
2587 2971 2700 3035 pro
2764 2953 2924 3017 bono
2975 2951 3234 3016 chtisti-

503 3041 757 3107 anitatis
805 3043 867 3105 in
917 3040 1029 3105 illa
1068 3040 1289 3117 forma,
1337 3060 1453 3124 que
1501 3040 1810 3106 videbitur
1856 3040 2116 3125 collegio
2161 3040 2417 3120 domini,
2482 3040 2995 3115 consiliariorum,
3057 3037 3234 3118 capi-

508 3131 647 3195 tum
695 3133 757 3192 et
805 3129 1156 3209 sapientum
1204 3129 1526 3211 utriusque
1574 3147 1812 3206 manuS,
1863 3147 1982 3193 non
2020 3127 2349 3211 obligando
2392 3131 2602 3193 tamen
2650 3146 2760 3191 nos
2804 3128 2881 3191 ad
2927 3146 3058 3190 rem
3106 3125 3230 3189 ali·

504 3235 711 3300 quam,
740 3235 857 3299 que
883 3234 991 3298 per
1015 3215 1227 3279 futura
1251 3219 1529 3297 tempora
1555 3219 1763 3298 posset
1794 3219 1961 3280 esset
1991 3216 2405 3299 obbligatoria
2430 3218 2493 3279 et
2555 3215 3000 3296 preiudicativa
3043 3212 3231 3278 nobis

502 3309 565 3369 et.
589 3305 779 3369 statui
807 3310 1031 3368 nostro.
1081 3302 1174 3367 De
1220 3307 1395 3384 parte
1419 3304 1504 3367 45
1537 3304 1643 3368 42.
1691 3303 1923 3386 Capta:
1965 3304 2190 3368 de'non
2214 3304 2319 3381 50,
2369 3303 2495 3378 603
2546 3322 2668 3367 non
2707 3302 2930 3367 sinceri
2980 3299 3082 3379 15,
3120 3303 3230 3365 11.

715 3389 827 3456 Ser
870 3391 1211 3455 Panthaleo
1256 3391 1459 3455 Barbo
1507 3391 1707 3469 miles,
1757 3410 1856 3455 ser
1898 3391 2171 3456 Michael
2233 3390 2421 3456 Steno
2476 3393 2854 3473 procurator,
2903 3389 3227 3471 sapientes

495 3476 774 3553 consilii;
822 3496 922 3543 ser
970 3477 1273 3543 Fantinus
1319 3477 1593 3556 Quirino,
1670 3499 1767 3543 ser
1828 3477 2200 3544 Franciscus
2261 3477 2648 3561 SuperantiO,
2712 3497 2809 3542 ser
2871 3475 3232 3541 Alexander

501 3565 785 3648 Georgio,
830 3568 1141 3646 sapientes
1186 3566 1486 3630 ordinum.
1565 3563 1724 3644 Quia
1798 3568 1964 3630 omni
2013 3568 2111 3631 die
2188 3570 2250 3631 et
2297 3565 2371 3630 de
2417 3567 2571 3630 hora
2615 3567 2681 3630 in
2760 3566 2911 3629 hora
2973 3583 3230 3641 novum,

505 3652 667 3736 quod
707 3652 989 3718 habitum
1036 3651 1156 3717 fuit
1186 3654 1258 3717 de
1305 3652 1593 3718 conflictu
1639 3654 1871 3718 domini
1917 3655 2079 3737 regis
2123 3655 2459 3737 Hungarie,
2509 3655 2805 3718 sentitum
2854 3654 2952 3717 est
2989 3655 3053 3716 et
3085 3671 3235 3716 sen-

501 3741 659 3806 titur
700 3760 836 3806 esse
880 3741 1129 3823 gravius
1169 3743 1233 3805 et
1275 3742 1675 3823 periculosius
1725 3760 1832 3823 pro
1879 3743 2013 3806 tota
2054 3742 2510 3808 christianitate
2554 3743 2618 3806 et
2643 3758 2752 3823 pro
2798 3742 2965 3805 statu
3013 3741 3232 3804 nostro

500 3829 607 3908 ita,
648 3831 810 3910 quod
856 3828 1033 3893 nobis
1072 3830 1279 3910 posset
1340 3847 1476 3893 esse
1520 3829 1785 3894 maxime
1827 3833 2200 3911 oportunum
2247 3830 2474 3894 habere
2520 3834 2693 3893 extra
2740 3831 2979 3892 nostros
3017 3827 3238 3909 provi-

497 3934 664 3982 sores
703 3918 767 3980 et
811 3933 1103 3999 personas
1149 3915 1527 3981 sufficientes
1584 3920 1794 3981 nostro
1864 3918 2129 3999 nomine,
2176 3936 2294 3999 que
2339 3917 2615 4000 amplam
2688 3916 2959 3980 habeant
3035 3915 3237 3979 liber·

496 4006 692 4070 tatem
738 4005 815 4068 ad
861 4004 1227 4086 possendum
1274 4004 1592 4086 providere
1639 4023 1825 4086 super
1866 4005 2083 4069 multis
2129 4005 2398 4082 casibuS,
2446 4004 2550 4087 qui
2581 4006 2829 4087 possent
2869 4020 3231 4079 occurrere;

499 4092 671 4158 vadit
711 4111 873 4173 pars,
921 4091 1077 4173 quod
1117 4090 1281 4155 sicut
1321 4092 1518 4174 pridie
1565 4095 1814 4175 captum
1861 4093 1996 4169 fuit,
2046 4094 2199 4174 quod
2250 4094 2467 4158 fierent
2503 4095 2627 4167 ,duo
2695 4091 3035 4173 provisores
3115 4111 3235 4173 per

496 4179 650 4245 duas
697 4198 918 4243 manus
963 4178 1332 4243 electionum
1381 4181 1447 4244 in
1490 4181 1602 4246 hoc
1663 4180 1920 4245 consilio
1968 4182 2046 4244 et>
2075 4199 2183 4262 per
2229 4181 2645 4262 scruptinium
2691 4181 2754 4244 iu
2803 4179 3068 4260 collegio
3117 4180 3235 4243 do-

498 4268 673 4343 mini,
722 4267 1233 4343 consiliariorum,
1283 4267 1555 4348 capitum
1604 4268 1669 4332 et
1717 4268 2065 4350 sapientum
2115 4264 2362 4334 consilii
2390 4269 2456 4332 et
2486 4267 2790 4342 ordinum,
2825 4267 2914 4330 ita
2947 4266 3085 4331 fieri
3118 4267 3238 4332 de-

497 4357 704 4434 beant,
757 4357 829 4420 ut
872 4373 969 4418 res
1017 4355 1103 4419 sit
1149 4356 1347 4436 magis
1393 4357 1760 4432 communis,
1807 4375 1917 4437 per
1963 4357 2374 4438 scruptinium
2422 4357 2484 4419 in
2531 4357 2653 4418 isto
2699 4352 2970 4427 consilio,
3020 4358 3087 4418 et
3132 4355 3240 4421 illi

498 4444 636 4520 duo,
687 4445 792 4526 qui
855 4442 1184 4507 habuerint
1242 4442 1452 4524 plures
1535 4442 1797 4509 ballotas
1854 4443 2012 4520 aliis,
2079 4442 2454 4510 transeundo
2514 4441 2911 4506 medietatem
2960 4443 3235 4524 consilii,

497 4531 626 4595 sint
670 4530 851 4595 firmi.
905 4530 1133 4595 Verum
1182 4530 1407 4595 habere
1453 4530 1721 4596 debeant
1766 4531 2020 4596 ducatos
2068 4536 2374 4597 trecentos
2422 4547 2531 4610 pro
2557 4529 2777 4612 primis
2810 4530 3012 4593 tribus
3047 4549 3234 4595 men-

496 4617 669 4683 sibus
701 4622 764 4683 et
808 4617 888 4681 ab
933 4617 1077 4683 inde
1123 4619 1188 4682 in
1234 4622 1416 4683 antea
1461 4619 1597 4684 duc.
1647 4618 1830 4685 XXX
1876 4621 1937 4683 in
1988 4639 2197 4684 mense
2243 4626 2307 4684 et
2353 4619 2589 4683 ratione
2638 4617 2867 4682 mensis
2912 4635 3021 4698 pro
3049 4620 3225 4682 utro-

496 4725 634 4788 que,
683 4723 826 4860 οἶαι
874 4705 1161 4772 omnibus
1205 4706 1346 4772 aliis
1382 4707 1582 4772 modis
1629 4711 1695 4772 et
1753 4707 2212 4773 condicionibus
2277 4706 2584 4775 contentis
2646 4706 2706 4769 in
2771 4706 2948 4787 parte
3013 4705 3225 4788 pridie

491 4811 674 4876 super
763 4811 835 4860 oc
879 4796 1080 4878 capta.
