3620 5282
3040 374 3127 453 89

404 560 646 626 fidelem
696 561 975 627 nostrum
1023 562 1319 627 dilectum
1367 562 1738 628 familiarem
1784 564 2157 645 magistrum
2206 564 2461 630 Petrum
2511 562 2747 646 Ligarii
2794 562 2870 629 de
2917 564 3126 630 Medio

403 649 599 714 civem
648 648 1125 732 Zagrabiensem
1173 650 1252 713 ad
1298 669 1406 717 vos
1438 650 1819 715 decrevimus
1854 650 2314 730 destinandum,
2363 652 2649 734 rogant-es
2680 651 2914 716 sincere
2945 671 3127 735 super

403 734 535 816 ipso
581 735 746 801 facto
792 756 899 818 per
945 738 1202 801 eundem
1252 738 1620 820 magistrum
1667 738 1923 802 Petrum
1971 737 2148 804 nobis
2192 738 2566 821 responderi.
2632 738 2795 803 Data
2835 739 2897 801 in
2945 739 3126 803 Wer-

407 823 550 887 thus
595 823 728 889 loco
775 825 978 888 nostre
1024 824 1360 889 venationis
1409 826 1522 889 sub
1569 825 1794 890 annulo
1841 827 2050 891 nostro
2119 828 2353 891 secreto
2399 826 2488 891 VI
2556 825 2653 889 die
2723 825 2953 890 mensis
3023 828 3129 890 de·

407 909 694 975 cembriS.
766 909 1041 988 Quarum
1114 912 1356 993 quidem
1406 912 1755 976 litterarum
1836 912 2074 977 mansio
2120 913 2265 977 talis
2339 916 2508 978 erat:
2587 911 2803 976 inclito
2879 914 3128 977 domino

407 997 615 1062 Marco
661 996 953 1062 Cornario
1000 998 1138 1063 duci
1188 1000 1589 1065 Venetiarum
1636 999 1837 1064 amico
1884 1002 2091 1065 nostro
2134 1000 2475 1066 carissimo,

499 1121 1064 1185 emmenum-iulium
1123 1126 1247 1184 VII
1294 1128 1393 1196 66,
1439 1144 1480 1186 u
1525 1128 1678 1186 mlet.
1725 1128 1959 1187 arkivu.

791 1365 1067 1447 CLIV.
1124 1365 1330 1449 God.
1385 1366 1611 1450 1366.
1665 1366 1716 1447 6
1771 1368 2201 1472 prosince,
2255 1389 2312 1448 u
2369 1366 2751 1450 Vertesu.

663 1528 783 1587 Isti
826 1529 1154 1602 agan-hro.
1205 1531 1365 1603 kralj
1404 1530 1538 1603 pise
1581 1531 1943 1590 Mletdanom
1979 1531 2143 1605 ylede
2187 1531 2464 1590 obedam'h
2509 1549 2610 1588 mu
2650 1532 2860 1605 yalija.

621 1661 990 1744 Exemplum
1057 1662 1407 1727 litterarum
1472 1663 1803 1728 missarum
1868 1664 2268 1728 dominationi
2347 1683 2452 1746 per
2527 1664 2842 1727 domiuum
2920 1682 3128 1744 regem

409 1749 726 1830 Hungarie
773 1767 956 1830 super
1002 1749 1190 1825 simili
1241 1753 1516 1816 materia.
1569 1752 1906 1816 Lodovicus
1953 1754 2049 1816 dei
2099 1751 2301 1834 gratia
2363 1770 2465 1814 rex
2512 1751 2851 1834 Hungarie.
2909 1749 3130 1814 Amice

412 1836 772 1899 carissime!
825 1837 998 1900 Sicut
1065 1857 1171 1919 per
1238 1839 1390 1902 alias
1453 1840 1693 1902 litteras
1760 1842 1999 1904 nostras
2065 1858 2173 1920 per
2234 1839 2569 1903 discretum
2618 1837 3125 1902 Bartholomeum

410 1922 718 1987 notarium
755 1924 817 1987 et
862 1926 1147 1988 nuncium
1184 1928 1456 1989 vestrum
1504 1928 1671 1990 vobis
1705 1926 2000 1990 dir-rectas
2042 1927 2130 1989 sic
2176 1927 2240 1989 et
2283 1945 2390 2007 per
2425 1930 2739 2007 presentes
2769 1923 2845 1989 de
2880 1926 3129 1989 benivo-

408 2008 619 2088 lentia,
670 2028 852 2091 quam
905 2012 966 2074 in
1013 2011 1231 2076 dandis
1281 2014 1455 2076 nobis
1504 2014 1690 2077 certis
1735 2012 1930 2095 galeis
1978 2032 2047 2076 ex
2089 2011 2515 2077 informatione
2562 2012 2782 2076 nobilis
2840 2013 2957 2076 viri
3005 2011 3128 2075 Lu-

414 2096 616 2160 chiani
664 2097 739 2160 de
780 2094 1119 2162 Grimaldis
1169 2103 1231 2163 et
1279 2100 1563 2182 magistri
1614 2100 1782 2164 Petri
1842 2101 1913 2163 de
1970 2096 2175 2164 Medio
2237 2099 2386 2163 civis
2433 2098 2868 2181 Zagrabiensis
2930 2097 3130 2163 fidelis

415 2183 607 2248 nostri
652 2182 976 2249 familiaris
1030 2187 1090 2249 et
1138 2186 1349 2250 dilecti
1401 2190 1752 2251 nostrorum
1801 2188 2180 2262 nuntiorum,
2249 2205 2322 2251 ac
2369 2186 2553 2250 etiam
2620 2206 2688 2248 ex
2752 2187 2907 2249 serie
2966 2185 3130 2248 litte·

412 2288 619 2335 rarum
671 2276 1010 2335 vestrarum
1060 2274 1235 2336 nobis
1282 2293 1390 2355 per
1438 2273 1682 2337 eosdem
1735 2275 1986 2338 nuntios
2034 2275 2499 2356 apportatarum
2573 2273 2795 2337 habere
2858 2291 2965 2337 vos
3030 2290 3131 2336 co-

411 2359 735 2441 gnovimus
771 2358 1142 2440 multiplices
1174 2360 1452 2425 amicicie
1486 2364 1687 2425 vestre
1720 2362 2030 2425 reddimus
2070 2362 2411 2444 gratiarum
2446 2360 2737 2432 actiones,
2788 2360 3131 2424 offerimus·

412 2464 527 2527 que
573 2462 684 2510 nos
731 2445 985 2527 proinde
1035 2447 1206 2512 vobis
1253 2447 1619 2512 favorabiles
1689 2448 1765 2513 ad
1822 2447 2097 2529 quelibet
2156 2448 2329 2512 vobis
2397 2451 2643 2531 gratas;
2715 2446 3131 2510 desiderantes

413 2534 673 2611 attente,
727 2535 1024 2615 quatenus
1073 2554 1255 2616 super
1300 2535 1461 2599 facto
1510 2536 1813 2599 dictarum
1866 2533 2208 2618 gallearum
2273 2554 2378 2616 per
2439 2536 2696 2599 eundem
2760 2533 3127 2617 magistrum

413 2620 688 2700 Petrum,
736 2639 915 2704 quem
960 2622 1035 2685 ad
1104 2640 1209 2687 vos
1271 2643 1455 2706 super
1513 2624 1721 2689 eodem
1787 2623 1951 2688 facto
2013 2622 2406 2687 informatum
2470 2621 2864 2698 remittimus,
2930 2620 3132 2686 velitis

412 2708 583 2773 nobis
626 2709 1011 2788 respondere.
1064 2710 1224 2774 Data
1271 2712 1332 2774 in
1381 2711 1680 2775 Werthus
1729 2710 1860 2775 loco
1894 2713 2100 2774 nostre
2135 2711 2474 2775 venationis
2507 2711 2620 2774 sub
2659 2710 2885 2773 annulo
2926 2709 3133 2773 nostro

411 2798 643 2860 secreto
688 2795 776 2860 VI
819 2794 918 2859 die
966 2799 1194 2861 mensis
1241 2796 1603 2862 decembris.
1649 2797 1923 2877 Quarum
1973 2796 2211 2863 mansio
2256 2798 2402 2861 talis
2449 2799 2617 2862 erat:
2666 2796 2991 2879 magnifico
3023 2796 3131 2858 do-

412 2884 581 2947 mino
631 2882 838 2948 Marco
886 2881 1173 2948 Ceruario
1219 2885 1361 2949 duci
1406 2885 1827 2962 venetiarum,
1878 2885 2077 2949 amico
2126 2887 2331 2948 nostro
2378 2885 2716 2948 carissimo,

503 3006 1069 3068 Commemorialium
1130 3011 1256 3069 VII
1302 3014 1400 3080 66,
1449 3030 1490 3069 u
1536 3013 1685 3071 mlet.
1734 3013 1966 3071 arkivu.

819 3250 1049 3332 CLV.
1105 3249 1311 3332 God.
1369 3249 1595 3334 1366.
1651 3253 1693 3333 7
1750 3251 2177 3352 prosince,
2231 3273 2291 3332 u
2347 3248 2731 3333 Vertesu.

413 3415 529 3472 Ista·
591 3413 922 3487 naun-hrt).
991 3412 1150 3482 kralj
1207 3413 1344 3470 moli
1390 3413 1702 3480 Mletdcmc,
1756 3413 1838 3471 da
1898 3412 2035 3471 drie
2090 3430 2161 3472 za
2211 3409 2440 3470 istinito
2484 3427 2598 3477 sve,
2663 3411 2753 3469 ἔω
2799 3412 2916 3484 je‘m
2983 3412 3132 3470 buda

905 3500 1082 3557 rekao
1128 3501 1332 3574 ¹vaje—<yon
1376 3501 1652 3572 poseanik
1698 3500 1879 3559 Petar
1922 3499 2164 3574 Liyeric‘
2210 3498 2637 3572 Zayrebd‘anin.

621 3636 988 3718 Exemplum
1035 3636 1295 3701 aliarum
1357 3636 1712 3702 litterarum
1775 3636 2107 3702 missarum
2177 3633 2579 3699 dominationi
2640 3653 2747 3718 per
2816 3633 3130 3698 dominum

412 3742 622 3807 regem
668 3723 988 3806 Hungarie
1035 3742 1217 3807 super
1261 3724 1449 3789 simili
1496 3725 1772 3789 materia.
1822 3724 2160 3789 Lodovicus
2222 3721 2318 3787 dei
2382 3722 2585 3804 gratia
2643 3741 2743 3784 rex
2792 3721 3129 3802 Hungarie.

412 3810 565 3875 Cum
612 3829 722 3874 nos
765 3810 1011 3875 fidelem
1056 3814 1337 3875 nostrum
1385 3810 1679 3876 dilectum
1731 3811 2098 3875 familiarem
2164 3809 2532 3890 magistrum
2596 3807 2848 3871 Petrum
2898 3807 3130 3890 Ligerii

416 3897 609 3961 civem
660 3897 1133 3979 Zagrabiensem
1180 3899 1401 3962 harum
1450 3898 1740 3962 videlicet
1786 3901 2167 3962 ostensorem
2215 3896 2292 3961 ad
2343 3913 2449 3960 vos
2497 3893 3018 3959 transmiserimus
3058 3893 3132 3956 de

416 3988 623 4048 nostra
686 3984 1025 4049 intentione
1085 3985 1414 4066 plenaliter
1474 3985 1914 4060 informatum,
1997 3985 2263 4048 vestram
2330 3981 2674 4047 amiciciam
2738 3980 2975 4043 attente
3040 4000 3133 4044 ro-

416 4088 655 4151 gamuS,
707 4072 1011 4152 quatenus
1058 4071 1257 4134 eidem
1332 4074 1541 4136 nostro
1604 4072 1895 4135 familiari
1952 4071 2012 4134 in
2074 4069 2171 4134 his
2229 4069 2531 4144 omnibu3‚
2594 4085 2713 4149 que
2773 4065 2902 4147 ipse
2961 4066 3133 4130 vobis

414 4176 521 4238 pro
565 4159 737 4238 parte
781 4160 992 4222 nostra
1034 4157 1258 4222 dixerit
1307 4160 1421 4222 sub
1466 4158 1832 4223 confidentia
1894 4156 2291 4238 presentium,
2361 4156 2543 4220 fidem
2594 4152 2886 4216 adhibere
2930 4151 3134 4217 velitis

414 4245 794 4308 creditivam.
845 4246 1009 4308 Data
1057 4246 1356 4308 Werthus
1404 4244 1534 4308 loco
1583 4248 1790 4308 nostre
1840 4244 2176 4307 venationis
2212 4243 2328 4306 VlI
2376 4243 2472 4306 die
2515 4241 2744 4304 mensis
2788 4237 3133 4303 decembris

412 4331 526 4394 sub
573 4331 799 4395 annulo
847 4335 1057 4395 nostro
1103 4335 1358 4396 secreto.
1406 4329 1680 4409 Quarum
1732 4331 1968 4396 mansio
2016 4328 2162 4394 talis
2196 4333 2363 4393 erat:
2412 4328 2625 4392 inclito
2661 4327 2903 4391 domino
2929 4327 3133 4390 Marco

413 4416 702 4482 Cor-nario
744 4418 884 4482 duci
933 4418 1330 4482 venetiarum
1382 4438 1492 4481 nec
1542 4437 1654 4481 non
1705 4417 2015 4481 nobilibus
2065 4417 2128 4481 et
2168 4415 2549 4498 sapientibus
2614 4414 2760 4480 viris
2823 4430 3131 4479 commum

417 4504 837 4582 Veneciarum‚
885 4506 1102 4570 amicis
1146 4507 1373 4570 nostris
1418 4505 1775 4570 carissimis,

505 4626 1071 4691 Commemorialium
1128 4628 1257 4690 VII
1301 4634 1402 4702 66,
1447 4648 1490 4691 u
1534 4631 1686 4691 mlet.
1733 4631 1969 4692 arkivu.
