3620 5282
2865 359 2948 426 37

272 532 315 593 si
350 530 586 595 omnino
629 533 696 596 et
741 531 1018 598 finaliter
1064 534 1220 599 scire
1266 535 1452 600 vellet
1512 536 1738 601 clarius
1783 535 2184 602 intentionem
2244 540 2516 602 nostram
2578 556 2759 621 super
2817 538 2948 620 hoc,

264 619 387 682 tunc
429 619 868 703 respondeant,
913 622 1068 703 quod
1113 624 1277 688 sicut
1323 625 1442 690 iam
1490 624 1776 704 diximus,
1825 625 2198 689 intendimus
2244 643 2351 707 pro
2389 627 2562 708 parte
2600 629 2810 691 nostra
2839 627 2951 691 ba-

266 707 384 770 bere
426 709 502 805 in·
532 726 680 772 casu
729 710 1009 792 quolibet
1054 731 1192 776 cum
1236 713 1560 778 maiestate
1603 732 1714 779 sua
1758 713 2248 778 benevolentiam
2295 717 2358 778 et
2402 732 2706 792 amorem,
2770 733 2949 798 prop-

263 797 406 895 terea
443 794 741 876 diximus,
793 798 954 880 quod
997 803 1323 883 postquam
1370 803 1600 866 erimus
1646 802 1709 865 in
1740 802 2056 866 concordia
2100 802 2164 866 et
2214 820 2420 865 amore
2455 821 2681 880 secum,
2726 804 2947 867 eteius

267 887 551 961 maiestas,
599 887 773 949 sicut
821 890 887 950 et
931 907 1038 952 nos
1082 887 1281 953 facere
1328 890 1722 966 intendimuS,
1770 889 2190 973 perseverabit
2236 890 2294 953 iu
2344 908 2491 971 pace
2515 892 2804 972 predicta,
2838 909 2947 955 nos

265 988 360 1034 non
401 971 820 1055 impediemus
867 994 976 1040 nos
1022 977 1083 1040 in
1130 977 1311 1041 factis
1358 978 1607 1053 alienis;
1673 980 1736 1044 et
1795 978 1931 1042 ideo
1995 977 2364 1042 transeundo
2425 980 2655 1062 absque
2717 978 2945 1043 lesione

263 1063 464 1138 nostra,
510 1062 767 1145 poterit,
817 1064 980 1128 sicut
1024 1063 1303 1142 voluerit,
1352 1066 1548 1132 facere
1592 1066 1761 1131 facta
1805 1085 1937 1132 sua.
1985 1066 2091 1145 50,
2139 1065 2242 1129 60.

297 1237 308 1249 ⁸
443 1149 556 1214 Ser
600 1149 904 1216 Nicolaus
948 1153 1150 1218 LeOno
1194 1155 1614 1236 consiliarius:
1680 1154 1854 1220 Licet
1900 1153 2337 1238 exquirendum
2404 1156 2487 1218 sit
2546 1173 2654 1238 per
2705 1173 2947 1219 omnem

263 1255 402 1336 viam
445 1240 507 1301 et
550 1240 815 1303 modum
861 1241 935 1304 de
981 1242 1236 1306 vivendo
1281 1243 1342 1306 in
1391 1262 1537 1326 pace
1582 1244 1646 1307 et
1690 1243 1893 1326 quiete
1940 1262 2083 1307 cum
2128 1242 2448 1322 omnibus,
2498 1245 2760 1308 maxime
2808 1262 2947 1308 cum

261 1326 611 1407 principibus
661 1328 905 1405 mundi,
952 1332 1160 1394 tamen
1206 1331 1268 1393 in
1314 1331 1589 1415 quolibet
1619 1350 1765 1396 casu
1796 1330 2104 1415 agendum
2149 1334 2245 1395 est
2289 1330 2370 1409 id,
2419 1331 2577 1415 quod
2626 1332 2711 1396 sit
2742 1335 2951 1396 noster

262 1411 427 1511 bonor
467 1418 532 1478 et
575 1417 969 1482 conservatio
1017 1420 1224 1483 nostre
1269 1419 1709 1485 iurisdictionis
1756 1423 1819 1484 et
1864 1421 2086 1484 status.
2163 1417 2316 1483 Cum
2361 1421 2569 1484 autem
2607 1420 2774 1486 ultra
2817 1438 2950 1484 om-

263 1519 349 1563 nia
388 1503 578 1566 nostri
626 1505 876 1587 antiqui
923 1507 987 1570 et
1029 1525 1140 1571 nos
1186 1526 1427 1591 semper
1471 1527 1578 1573 cor
1622 1511 1686 1573 et
1732 1510 1999 1573 mentem
2062 1507 2452 1572 habuerimus
2519 1508 2598 1572 ad
2650 1507 2951 1573 defensio-

268 1607 390 1653 nem
431 1593 494 1655 et
536 1593 943 1657 securitatem
991 1594 1198 1678 culphi
1243 1597 1456 1675 nostri,
1505 1598 1566 1661 in
1613 1615 1730 1679 quo
1776 1595 2002 1679 pendet
2044 1598 2246 1661 totum
2291 1599 2569 1661 nostrum
2618 1598 2841 1661 bonum
2889 1599 2953 1661 et

265 1678 497 1778 statum,
544 1683 610 1743 et
654 1681 993 1747 concedere
1038 1684 1365 1749 transitum
1414 1685 1557 1750 huic
1601 1684 1848 1749 domino
1896 1685 1985 1749 sic
2046 1702 2359 1766 expresse,
2423 1684 2525 1767 qui
2591 1703 2733 1749 cum
2779 1687 2953 1749 tanta

266 1769 515 1866 novitate
560 1770 837 1834 transire
887 1772 1020 1835 vult
1063 1790 1170 1855 pro
1216 1773 1580 1855 acquirendo
1626 1792 1884 1858 regnum
1932 1772 2201 1855 Apulee,
2266 1790 2385 1836 nou
2445 1772 2529 1837 sit
2573 1772 2799 1855 absque
2845 1791 2951 1856 pe-

265 1856 436 1955 riculo
476 1859 542 1921 et
580 1859 989 1942 derogatione
1031 1860 1472 1927 iurisdictionis
1527 1862 1765 1926 nostre:
1833 1861 2002 1925 vadit
2060 1879 2199 1943 pars
2220 1909 2236 1939 ,
2286 1860 2444 1943 quod
2506 1860 2569 1924 in
2619 1878 2787 1938 casu,
2834 1877 2950 1943 qno

264 1942 521 2042 dominus
566 1965 674 2011 rex
722 1949 885 2011 hanc
930 1949 1472 2032 interrogationem
1516 1950 1758 2027 faceret,
1808 1948 2113 2026 videlicet,
2161 1948 2214 2012 si
2261 1949 2381 2012 sibi
2426 1948 2709 2013 daremus
2756 1948 2953 2031 impe-

265 2031 584 2097 dimentum
634 2036 702 2099 in
751 2038 1123 2102 transeundo
1169 2057 1277 2120 per
1324 2057 1491 2103 mare
1533 2040 1630 2102 vel
1659 2058 1767 2122 per
1813 2039 2076 2116 terram,
2144 2038 2579 2120 respondeatur
2626 2055 2765 2101 cum
2815 2036 2952 2120 pul-

263 2119 365 2182 cris
411 2121 635 2202 verbis,
686 2123 851 2206 quod
900 2125 961 2188 in
1006 2126 1172 2189 omni
1221 2147 1284 2190 re
1343 2125 1619 2210 possibili
1664 2130 1728 2192 et
1773 2126 2030 2190 honesta
2091 2143 2211 2189 non
2272 2125 2780 2208 impedimentum
2844 2124 2951 2189 sed

266 2206 512 2273 savorem
559 2213 865 2294 reperiret
912 2215 974 2286 in
1020 2214 1231 2289 nobis;
1282 2215 1387 2279 sed
1434 2234 1575 2280 cum
1621 2234 1658 2279 a
1703 2219 1979 2298 tempore
2018 2214 2195 2292 citra,
2245 2214 2415 2278 cuius
2462 2233 2581 2278 non
2626 2215 2792 2278 extat
2825 2232 2954 2278 me-

267 2298 442 2360 moria
486 2299 548 2362 in
599 2301 1006 2378 contrarium,
1059 2301 1350 2386 culphum
1397 2307 1673 2369 nostrum
1722 2304 2173 2387 possederimus
2219 2303 2282 2366 et
2327 2301 2855 2380 custodiverimuS,
2891 2303 2954 2366 et

269 2386 704 2482 presentialiter
752 2390 1175 2472 possideamus
1222 2393 1286 2456 et
1328 2392 1746 2457 custodiamus
1792 2409 1929 2455 cum
1977 2389 2219 2473 magnis
2263 2390 2576 2456 laboribus
2622 2391 2687 2454 et
2731 2408 2954 2473 expen-

267 2489 357 2549 sis,
400 2475 860 2561 habeamusque
917 2479 1114 2543 multa
1172 2483 1353 2562 pacta
1415 2484 1479 2545 et
1535 2481 1965 2546 conventiones
2019 2497 2158 2543 cum
2215 2478 2428 2542 multis
2490 2478 2847 2543 civitatibus
2894 2479 2957 2543 et

269 2558 509 2627 dominis
554 2565 794 2646 muudi,
843 2567 1065 2650 quibus
1110 2587 1418 2651 nunquam
1475 2568 1773 2633 assentire
1836 2566 2173 2643 voluimuS,
2220 2585 2362 2651 ymo
2424 2585 2703 2651 expresse
2755 2566 2957 2648 prohi-

269 2649 512 2750 buimus,
557 2657 633 2718 ut
677 2675 822 2720 cum
864 2657 1122 2721 armatis
1169 2658 1401 2739 possint
1445 2659 1678 2724 dictum
1727 2660 2005 2722 nostrum
2035 2654 2326 2737 culphum
2362 2657 2610 2733 intrare,
2651 2655 2952 2721 celsitudo

272 2757 420 2821 regia
459 2760 569 2806 nos
615 2745 919 2825 quantum
967 2746 1032 2809 in
1076 2746 1240 2810 facto
1302 2747 1600 2811 transitus
1660 2766 1768 2829 per
1815 2764 1983 2810 mare
2043 2746 2246 2827 potest
2304 2745 2527 2810 habere
2589 2745 2810 2809 merito
2852 2763 2956 2808 ex-

273 2832 511 2927 cusatos.
564 2829 800 2897 Verum
847 2834 1164 2915 cupientes
1208 2854 1316 2898 sue
1362 2836 1700 2911 serenitati,
1750 2834 1809 2897 iii
1843 2835 2138 2916 quantum
2165 2850 2505 2915 possumuS,
2554 2832 2957 2915 complacere,

276 2915 508 2982 dicimus
553 2920 633 2999 ei,
683 2921 844 3004 quod
891 2922 1087 2993 eundo
1134 2942 1242 3004 per
1286 2926 1536 3001 terram,
1602 2922 1830 3005 poterit
1892 2921 2187 2998 transire,
2251 2920 2412 2984 sicut
2468 2920 2767 2998 voluerit,
2812 2922 2954 3002 quia

275 3010 549 3102 quantum
596 3010 661 3072 in
704 3009 877 3074 nobis
923 3015 1036 3090 est,
1107 3029 1216 3075 nos
1262 3030 1378 3075 non
1424 3011 1799 3076 intendimus
1859 3011 1923 3073 in
1987 3008 2148 3073 facto
2208 3009 2507 3074 transitus
2572 3028 2679 3092 per
2724 3010 2955 3073 terram

276 3091 605 3175 aliqualiter
651 3098 988 3180 impedire;
1056 3101 1119 3163 et
1163 3118 1302 3163 cnm
1345 3100 1422 3165 iis
1468 3101 1532 3163 et
1576 3099 1714 3164 aliis
1777 3099 1979 3164 verbis
2023 3097 2521 3163 convenientibus
2583 3096 2776 3163 nostri
2824 3116 2957 3162 am-

277 3178 573 3249 baxatores
618 3204 690 3250 se
737 3189 1028 3251 excusent
1071 3205 1108 3251 a
1154 3187 1315 3253 facto
1363 3187 1661 3253 transitus
1707 3206 1816 3270 per
1864 3204 2051 3251 mare.
2108 3186 2211 3263 26,
2259 3186 2363 3249 31.

459 3271 569 3337 Ser
616 3273 880 3339 Mancus
919 3276 1298 3353 ‹Lauredanm
1354 3296 1452 3341 ser
1504 3277 1724 3340 Petrus
1768 3277 1842 3339 de
1888 3273 2101 3340 canali
2147 3277 2211 3338 et
2262 3294 2360 3339 ser
2400 3273 2794 3356 Superantius
2842 3272 2959 3340 Su-

282 3360 565 3455 perantio:
615 3363 700 3427 Et
745 3364 797 3427 si
844 3381 952 3446 pro
982 3366 1158 3447 parte
1202 3364 1352 3429 dicti
1394 3365 1619 3430 domini
1668 3365 1832 3447 regis
1874 3362 2299 3445 requireretur,
2347 3362 2503 3445 quod
2545 3364 2708 3427 esset
2745 3363 2953 3429 nostre

281 3449 614 3546 intentionis
660 3451 726 3515 in
775 3469 939 3531 casu,
986 3470 1106 3535 quo
1153 3452 1339 3517 vellet
1382 3452 1695 3518 transitire
1742 3452 1804 3516 in
1849 3451 2147 3534 Apuliam
2192 3468 2333 3515 cum
2364 3450 2625 3534 navigiis
2671 3451 2956 3529 aliorum,

284 3551 329 3597 si
361 3536 637 3604 videlicet
683 3557 1125 3623 opponeremus
1169 3560 1277 3606 nos
1319 3561 1428 3607 suo
1471 3540 1760 3606 transitui
1821 3539 1919 3604 vel
1963 3556 2115 3617 non,
2172 3539 2579 3621 respondeant
2622 3539 2771 3603 dicti
2828 3556 2960 3603 am-

282 3620 594 3708 baxatores,
645 3627 804 3717 quod
844 3628 1182 3693 dominium
1227 3630 1647 3707 Venetiarum,
1693 3630 2016 3712 postquam
2040 3630 2207 3692 esset
2234 3626 2400 3692 facta
2442 3645 2558 3710 pax
2606 3632 2667 3691 et
2712 3626 2959 3691 firmata

286 3728 376 3793 per
414 3718 873 3783 sacramentum
919 3718 1210 3800 partium,
1259 3719 1610 3784 observaret
1653 3716 1770 3782 sibi
1820 3714 2204 3799 integraliter
2246 3716 2476 3781 dictam
2515 3734 2745 3798 pacem,
2799 3715 2962 3779 sicut

285 3816 498 3886 semper
542 3807 746 3871 facere
792 3805 1116 3870 consuerit.
1165 3806 1224 3870 8.

468 3896 582 3962 Ser
629 3895 891 3960 Besinus
930 3892 1271 3961 contareno
1313 3897 1378 3960 et
1420 3914 1519 3959 ser
1561 3895 1875 3961 Jobannes
1919 3893 2285 3958 Mauroceno
2330 3891 2560 3971 volunt,
2605 3891 2764 3975 quod
2809 3890 2960 3957 dicti

286 3983 682 4051 ambaxatores
726 3984 1152 4066 respondeant,
1198 3985 1357 4067 quod
1403 3983 1740 4049 dominium
1765 3982 2183 4059 Venetiarum,
2231 3982 2552 4064 postquam
2600 3981 2765 4044 esset
2795 3978 2961 4044 facta

288 4088 386 4152 pax
425 4075 485 4137 et
527 4075 776 4139 firmata
819 4090 929 4154 per
971 4075 1429 4137 sacramentum
1478 4072 1767 4155 partium,
1817 4070 2165 4135 observabit
2205 4069 2367 4134 dicto
2412 4066 2658 4133 domino
2698 4067 2830 4152 regi
2861 4066 2958 4132 in-

291 4160 579 4243 tegraliter
625 4160 856 4225 dictam
902 4179 1139 4243 pacem,
1187 4161 1515 4225 dummodo
1564 4162 1691 4245 ipse
1730 4160 1955 4223 serviet
2001 4176 2138 4222 eam
2185 4158 2376 4235 nobis,
2424 4156 2758 4221 secundum
2795 4155 2954 4240 quod

291 4264 503 4332 semper
545 4251 749 4318 facere
792 4250 1125 4325 consuevit,
1173 4249 1445 4314 faciendo
1491 4267 1599 4313 suo
1643 4266 1821 4331 posse
1842 4297 1857 4325 ,
1907 4246 2063 4329 quod
2126 4265 2232 4311 rex
2290 4246 2678 4310 contentetur
2723 4245 2798 4309 de
2861 4263 2959 4309 re·-

292 4340 584 4417 sponsione
631 4336 923 4424 predicta,
966 4335 1084 4401 Sed
1132 4336 1184 4401 si
1227 4339 1519 4412 viderent,
1567 4337 1722 4420 quod
1784 4355 1901 4400 non
1960 4338 2125 4400 esset
2182 4335 2504 4399 contentus
2524 4383 2540 4411 ,
2596 4333 2852 4416 possint,
2901 4331 2955 4396 si

290 4424 363 4488 eis
405 4428 723 4505 videbitur,
768 4425 972 4490 dicere
1012 4425 1176 4491 dicto
1221 4425 1468 4491 domino
1512 4426 1662 4509 regi,
1709 4423 1867 4508 quod
1909 4424 1961 4487 si
2009 4424 2127 4488 sibi
2173 4423 2408 4507 placet,
2470 4422 2590 4505 ipsi
2655 4423 2766 4488 hoc
2809 4419 2961 4486 scri-

293 4510 417 4578 bent
459 4518 785 4589 Venetias;
848 4516 912 4578 et
955 4516 1195 4597 quando
1242 4513 1506 4580 finaliter
1553 4514 1867 4590 viderent,
1929 4511 2087 4595 quod
2150 4512 2223 4575 de
2285 4510 2604 4576 scribendo
2667 4509 2958 4576 Venetias

291 4620 388 4667 non
431 4610 592 4671 esset
651 4602 1029 4686 tangendum
1052 4651 1069 4681 ,
1130 4602 1227 4669 vel
1272 4602 1326 4667 si
1363 4603 1723 4684 tangerent,
1785 4601 1945 4685 quod
1992 4600 2270 4665 dominus
2332 4619 2436 4664 rex
2481 4599 2674 4664 nollet
2716 4597 2947 4675 differe,

292 4694 501 4771 possint
544 4694 697 4761 dicti
756 4691 1180 4756 ambaxatores
1227 4689 1505 4769 vidend0,
1552 4691 1711 4774 quod
1756 4689 1993 4772 pessint
2029 4707 2161 4754 esse
2206 4688 2531 4754 concordes
2576 4688 2649 4754 de
2694 4686 2836 4751 aliis
2869 4685 2959 4751 eis

292 4783 628 4863 commissis,
674 4781 896 4861 dicere,
940 4781 1100 4864 quod
1145 4778 1478 4845 dominium
1524 4777 1927 4845 Venetiarum
1966 4795 2030 4843 se
2064 4778 2126 4842 in
2171 4777 2285 4841 hoc
2331 4775 2491 4842 facto
2536 4794 2653 4841 non
2696 4776 2958 4840 introm-
