3620 5282
2913 417 3041 485 479

324 590 603 657 fecerunt
646 587 752 655 alii
798 605 999 673 reges,
1047 606 1163 671 qne
1211 585 1415 654 omnia
1460 589 1690 671 quante
1734 587 2140 672 importancie
2189 590 2254 654 et
2301 588 2590 673 ponderis
2642 593 2770 657 sint
2842 596 3040 660 statui

323 684 538 744 nostro
583 679 849 762 quilibet
891 677 1280 743 considerare
1325 678 1550 759 potest,
1600 680 1663 740 et
1706 680 2034 760 propterea
2067 679 2158 741 sit‘
2181 679 2638 760 procedendum
2674 680 2733 746 in
2784 683 2872 747 eis
2905 704 3039 749 ma-

326 772 465 833 ture
513 770 575 832 et
619 786 762 831 cum
809 767 969 831 bona
1015 767 1400 830 advertentia
1446 766 1510 829 et
1555 764 2022 839 deliberatione,
2072 768 2136 829 et
2181 766 2406 831 habere
2479 768 3038 837 considerationem

322 857 400 920 ad
448 857 673 933 multa,
723 874 840 938 que
888 854 1064 936 sequi
1109 858 1360 936 possent
1405 872 1479 918 ex
1525 853 1675 927 booz
1725 854 1899 918 vadit
1931 872 2090 935 pars,
2123 854 2285 937 quod
2322 855 2492 920 istud
2539 856 2775 923 factum
2809 858 3041 925 differri

319 962 428 1027 pro
473 962 633 1008 nunc
674 943 918 1017 debeat,
966 943 1157 1007 donec
1204 942 1514 1008 videbitur
1558 941 1697 1025 plus
1768 946 1911 1006 ante
1957 960 2075 1024 quo
2121 945 2510 1021 transibunt,
2587 950 2651 1011 et
2710 948 2771 1011 in
2818 949 3043 1029 quibus

321 1033 610 1097 terminis
657 1036 838 1097 erunt
882 1032 1048 1096 dicta
1093 1031 1368 1113 negocia,
1417 1031 1560 1113 quia
1607 1033 1751 1094 tunc
1796 1033 2139 1112 poterimus
2184 1049 2324 1095 cum
2361 1032 2585 1097 maiori
2653 1035 2786 1100 luce
2832 1038 3041 1101 venire

327 1122 404 1185 ad
449 1119 617 1187 istud
664 1120 1013 1190 consilium,
1060 1123 1125 1184 et
1161 1119 1382 1198 facere,
1431 1120 1594 1183 sicut
1639 1119 1861 1183 melius
1908 1122 1972 1183 et
2017 1118 2232 1184 utilius
2302 1122 2627 1203 apparebit
2673 1143 2784 1206 pro
2864 1127 3036 1189 statu

326 1212 559 1275 nostro.
608 1210 702 1274 De
746 1213 923 1292 parte
973 1207 1074 1285 68,
1124 1207 1199 1272 de
1248 1226 1369 1273 non
1417 1207 1478 1285 2,
1528 1224 1643 1272 non
1693 1206 1920 1271 sinceri
1969 1208 2030 1270 8.

412 1317 652 1379 Secreta
700 1315 872 1378 Gens.
917 1314 1068 1392 Roq.
1116 1316 1177 1379 Ι.
1230 1314 1379 1398 103,
1424 1333 1469 1376 u
1512 1315 1667 1375 mlet.
1716 1316 1952 1375 arkivu.

685 1576 1053 1663 ncxm.
1108 1577 1315 1662 oon.
1371 1540 1603 1662 14os.
1656 1578 1706 1664 5
1760 1577 2207 1676 mmm,
2264 1599 2323 1661 u
2379 1578 2687 1663 zadru.

327 1759 514 1834 Krab'
555 1759 850 1821 Ladislav
894 1759 1257 1835 ocaviesaeuje
1302 1758 1619 1830 Mletlfane,
1690 1759 1770 1818 da
1830 1776 1892 1819 se
1930 1760 1999 1833 je
2056 1777 2099 1819 u
2172 1758 2382 1819 Zadru
2446 1760 2696 1821 okrunio
2735 1776 2812 1821 na
2854 1776 3024 1835 ηραν.

1489 1866 1620 1927 hrv.
1666 1865 1886 1939 kralja.

541 2024 729 2110 Copia
774 2025 1124 2092 litterarum
1172 2024 1401 2090 domini
1436 2026 1600 2109 regis
1631 2023 1909 2089 Ladislai
1940 2042 2124 2107 super
2164 2025 2555 2089 coronatione
2585 2042 2697 2089 sna
2732 2025 2806 2090 de
2839 2042 3026 2109 regno

336 2112 677 2198 Hungarie.
720 2114 1016 2180 Eminens
1064 2117 1127 2179 et
1174 2112 1500 2198 magnifice
1549 2114 1643 2178 vir
1690 2131 1760 2178 ac
1804 2112 2003 2178 amice
2035 2111 2372 2177 carissime.
2421 2111 2741 2178 Inefabilis
2773 2114 2887 2178 alti
2920 2133 3032 2178 nu-

341 2203 528 2267 minis
573 2204 958 2287 providentia
1006 2204 1084 2268 ab
1131 2207 1340 2268 eterno
1387 2203 1774 2281 mortalibus,
1852 2201 2117 2266 liberum
2186 2203 2408 2283 quibus
2471 2202 2642 2266 dedit
2685 2202 3043 2277 arbitrium,

338 2291 613 2374 providit
657 2296 722 2356 et
767 2293 1009 2371 statuit,
1059 2291 1204 2375 quid
1248 2291 1546 2364 futurum,
1595 2291 1687 2354 ita
1733 2292 1892 2372 quod
1941 2289 2468 2355 incommutabilis
2514 2290 2749 2355 decreti
2799 2295 3047 2355 senten-

333 2380 423 2444 tia
455 2381 775 2445 centesimi
822 2382 917 2446 evi
964 2381 1089 2444 iam
1137 2383 1348 2445 exacto
1393 2378 1694 2444 curriculo
1744 2396 2003 2462 regnum
2053 2378 2371 2461 Hungarie
2408 2376 2488 2441 ad
2524 2379 2812 2443 inclitum
2851 2396 3043 2463 genus

335 2469 878 2552 progenitoresque
926 2473 1168 2534 nostros
1219 2469 1416 2533 voluit
1453 2468 1788 2550 pervenire,
1840 2471 1903 2531 et
1948 2467 2197 2531 demum
2244 2469 2319 2532 ad
2368 2467 2485 2531 hec
2531 2485 2724 2550 usque
2759 2473 3041 2551 tempora

337 2557 513 2621 nobis
560 2556 835 2623 eiusdem
884 2558 1062 2643 regni
1110 2558 1414 2633 diadema,
1450 2561 1758 2638 sceptrum
1792 2558 1856 2619 et
1888 2555 2304 2639 gubernacula
2336 2573 2433 2619 res
2447 2560 2733 2634 servavit,
2769 2555 2848 2620 ob
2883 2555 3045 2639 qnod

335 2647 533 2711 nostri
581 2651 866 2729 parentes
912 2648 1179 2730 quodam
1226 2646 1404 2730 quasi
1450 2647 1677 2710 mentis
1725 2644 2026 2728 presagio,
2076 2663 2217 2709 cum
2269 2663 2377 2709 nos
2411 2645 2498 2708 ad
2530 2645 2798 2727 primam
2835 2644 3041 2710 lucem

335 2739 560 2799 natura
602 2734 986 2818 produceret,
1035 2735 1392 2800 Ladislaum
1440 2733 1796 2817 Hungarico
1865 2733 2070 2815 potius
2140 2751 2323 2814 quam
2401 2732 2599 2797 latino
2668 2738 2777 2798 aut
2832 2733 3041 2799 italico

331 2822 597 2900 nomine,
646 2825 821 2888 cuius
867 2823 1049 2889 Italie
1097 2823 1261 2887 omni
1311 2840 1383 2886 ex
1450 2827 1627 2904 parte
1699 2821 1964 2904 benigno
2035 2821 2333 2905 beatoque
2405 2821 2536 2885 solo
2580 2822 2820 2886 natalis
2868 2824 3042 2887 nobis

333 2909 466 2976 dies
510 2911 710 2991 affuit,
759 2916 1152 2990 vocaverunt,
1204 2911 1420 2975 deinde
1463 2911 1926 2993 quamprimum
1973 2912 2189 2975 tenera
2233 2910 2505 2974 adolevit
2535 2913 2667 2974 etas
2728 2914 2789 2975 et
2833 2911 3043 2982 huma,

328 2996 420 3063 ita
495 3004 566 3065 ut
641 3000 733 3078 fit,
811 3011 1021 3083 pectus
1097 3000 1423 3064 subierunt
1490 3018 1653 3064 cure.
1751 2998 1887 3062 Ista
1949 2999 2125 3063 nobis
2202 2998 2495 3080 precipua
2579 2997 2700 3062 ista
2788 3000 3041 3063 assidua

335 3104 577 3171 semper
624 3088 745 3153 fuit
788 3089 1070 3167 intentio,
1118 3106 1301 3170 quam
1348 3089 1470 3150 cito
1515 3106 1623 3168 per
1669 3088 1901 3152 etatem
1948 3097 2056 3150 aut
2115 3087 2342 3168 partim
2390 3086 2682 3150 confectis
2741 3087 3042 3170 expediti-

341 3176 580 3255 onibuS,
628 3195 743 3259 que
789 3195 901 3243 nos
950 3180 1277 3259 occupatos
1324 3179 1571 3240 tenuere
1622 3175 1725 3238 diu
1773 3180 2036 3256 tempus,
2084 3174 2299 3239 habile
2352 3193 2417 3239 se
2461 3173 2679 3239 offeret
2745 3175 2859 3241 has
2905 3195 3038 3241 am-

344 3264 481 3347 plas
530 3267 810 3350 regiones
864 3266 1132 3346 petendi,
1199 3263 1422 3346 hicque
1470 3263 1674 3347 regnis
1717 3257 2051 3345 prevalidis
2098 3262 2528 3327 invictissimis
2573 3264 2861 3345 gentibus
2905 3268 3044 3329 tan-

343 3371 525 3435 quam
575 3354 755 3419 nobis
799 3352 1186 3419 hereditariis
1238 3352 1533 3434 potiundi.
1583 3351 1784 3435 Igitur
1830 3370 1937 3433 per
1982 3351 2289 3416 dictorum
2339 3369 2669 3434 regnorum
2727 3355 3041 3418 reverendi

349 3441 685 3520 antistites,
735 3459 1016 3524 proceres
1063 3444 1126 3506 et
1169 3445 1512 3524 magnates,
1545 3458 1801 3522 quorum
1859 3458 2102 3521 semper
2134 3439 2350 3503 innata
2385 3438 2654 3504 fidelitas
2687 3458 2796 3505 nos
2832 3445 3039 3506 mente

348 3529 549 3612 gessit
593 3534 657 3595 et
703 3532 938 3595 sincere
985 3530 1216 3604 dilexit,
1264 3528 1526 3610 supplici
1573 3547 1752 3610 prece
1795 3529 2014 3604 vocati,
2086 3545 2124 3591 a
2171 3546 2390 3610 supero
2458 3529 2617 3592 mari
2664 3529 2741 3593 ad
2786 3529 2900 3596 hoc
2949 3532 3045 3594 in-

340 3615 541 3681 ferum
587 3607 878 3683 terrestri
916 3620 1186 3683 exercitu
1232 3617 1569 3690 venientes,
1618 3635 1755 3681 mox
1802 3615 2007 3680 navali
2055 3615 2322 3698 primam
2369 3615 2493 3681 situ
2540 3616 2893 3683 eorumdem
2943 3638 3041 3683 re-

336 3724 600 3788 gnorum
648 3707 1038 3790 provintiam,
1075 3705 1475 3784 Dalmatiam,
1525 3704 1904 3787 Jadramque
1950 3706 2084 3769 eius
2130 3704 2445 3768 civitatem
2492 3707 2872 3771 maritimam
2908 3727 3045 3789 per-

337 3795 503 3859 vecti
547 3814 762 3860 sumus
809 3795 1039 3877 pariter
1085 3797 1149 3859 et
1193 3794 1456 3877 ingressi
1500 3795 1678 3858 tanta
1724 3812 1866 3857 cum
1929 3793 2158 3858 civium
2227 3793 2594 3873 incolarum,
2671 3796 3040 3875 accolarum,

337 3882 742 3948 finitimorum
791 3882 1018 3964 letitia,
1065 3901 1327 3966 quorum
1374 3882 1499 3946 iam
1546 3881 1788 3946 infinita
1833 3881 2168 3946 multitudo
2211 3884 2600 3961 convenerat,
2652 3888 2885 3965 quanta
2935 3885 3046 3948 de-

338 3970 527 4036 scribi
573 3977 683 4036 aut
729 3971 852 4036 dici
898 3973 1118 4036 nedum
1168 3969 1338 4036 brevi
1383 3970 1491 4035 sed
1530 3969 1930 4053 ampliloquio
1977 3971 2075 4034 vix
2119 3969 2385 4045 valeret3
2436 3969 2541 4034 ubi
2614 3973 2837 4036 morati
2885 3992 3040 4054 pau-

339 4056 559 4137 lulum,
610 4060 812 4125 solum
859 4079 931 4124 ex
979 4057 1372 4142 profectionis
1418 4061 1625 4124 nostre
1670 4057 1842 4122 fama
1887 4058 2231 4141 prenuntia,
2284 4058 2499 4142 ingens
2567 4057 2726 4124 infra
2786 4062 3041 4126 biduum

338 4151 691 4213 eorumdem
738 4148 1138 4231 prelatorum,
1186 4149 1483 4213 baronum
1515 4152 1578 4211 et
1611 4149 2001 4230 magnatum,
2040 4146 2422 4229 aliarumque
2454 4149 2732 4230 gentium
2789 4154 3042 4214 caterva

336 4238 683 4317 promiscue
728 4236 1100 4320 supervenit,
1151 4238 1324 4301 cuius
1361 4235 1497 4319 jam
1545 4236 1798 4317 incapax
1846 4240 1981 4299 erat
2027 4237 2191 4300 dicta
2235 4236 2453 4300 civitas
2497 4239 2561 4300 et
2593 4235 2915 4302 districtus
2944 4255 3048 4301 co-

338 4325 641 4390 ronationi
687 4326 1214 4408 assumptionique
1260 4325 1488 4402 nostre,
1538 4323 1638 4388 hic
1684 4324 1887 4389 dictus
1935 4325 2030 4388 est
2075 4324 2224 4403 dies,
2253 4324 2357 4406 qui
2390 4323 2538 4389 licet
2569 4325 2764 4389 avidis
2800 4326 3045 4408 populis

339 4430 539 4478 annus
585 4416 755 4479 visus
795 4415 896 4496 sit,
937 4433 1080 4479 mox
1125 4432 1267 4478 cum
1316 4412 1518 4488 affuit,
1598 4430 1840 4477 summo
1915 4411 2191 4476 omnium
2267 4430 2522 4476 assensu
2600 4415 2666 4478 et
2709 4413 3044 4479 alacritate

339 4519 523 4582 quam
574 4504 839 4568 maxima
885 4521 1130 4568 sacrum
1190 4502 1383 4584 capiti
1459 4500 1744 4566 diadema
1803 4502 2115 4583 sceptrum
2178 4500 2390 4564 dextra
2450 4499 2704 4584 levaque
2767 4520 3042 4585 pomum,

340 4593 674 4671 utrumque
740 4590 1146 4670 fortitudinis,
1207 4589 1450 4654 iustitie
1512 4592 1578 4654 et
1622 4589 1878 4653 dominii
1921 4589 2109 4653 index
2153 4590 2474 4670 ceteraque
2521 4588 2793 4673 insignia
2839 4593 2904 4656 et
2949 4610 3047 4657 re-

340 4677 509 4757 galia
555 4677 729 4743 iuxta
774 4698 1008 4745 morem
1056 4679 1229 4762 regni
1270 4678 1589 4763 Hungarie
1659 4677 2047 4760 suscepimus
2119 4677 2516 4756 incrementa,
2588 4678 2797 4760 sicque
2845 4680 3046 4745 multa
3089 4742 3097 4752 ‚

335 4763 723 4831 iucunditate
768 4769 832 4831 et
876 4767 1099 4852 gaudio
1144 4769 1273 4832 dies
1316 4769 1437 4831 iste
1480 4766 1828 4831 letissimus
1875 4771 2048 4830 actus
2094 4774 2209 4831 est.
2257 4761 2390 4843 Que
2438 4766 2504 4831 et
2547 4764 2673 4830 alia
2713 4767 3045 4851 magnifica

333 4850 753 4938 humanosque
797 4855 1035 4923 favetus
1080 4875 1198 4921 non
1246 4855 1472 4922 nostris
1533 4855 1797 4937 meritis,
1854 4872 1892 4919 a
1947 4853 2155 4921 divina
2224 4852 2553 4922 clementia
2615 4857 3042 4944 regnoscimus

3289 4859 3368 4910 „⁴⁵
