3620 5282
2930 419 3056 484 431

337 598 429 664 eis
473 598 725 664 dicens:
775 598 934 680 quod
982 598 1136 663 bene
1176 600 1327 664 sunt
1370 599 1630 681 triginta
1676 595 1796 662 duo
1848 596 1994 662 anni
2037 598 2254 680 elapsi,
2319 616 2392 662 ex
2438 616 2555 680 quo
2599 595 2719 662 fuit
2761 597 2901 679 ipsa
2946 597 3057 661 do-

339 686 508 750 mina
552 685 736 750 Slava
783 686 1016 751 tradita
1073 689 1269 769 nuptu
1339 687 1467 751 viro
1530 704 1642 750 suo
1704 685 1871 751 dicto
1934 685 2230 750 Petrosio.
2301 684 2396 749 Ad
2460 687 2572 750 hec
2633 687 2842 749 autem
2895 686 3060 749 dicte

340 773 584 838 domine
629 774 834 839 Frana
877 777 943 839 et
988 774 1204 839 Plassa
1248 793 1391 855 cum
1450 775 1581 837 suis
1626 773 1955 839 heredibus
1998 772 2450 856 respondebant
2496 772 2819 837 dicentes:
2900 771 3062 854 qnod

337 862 446 925 illo
495 864 787 942 tempore,
837 862 911 924 de
954 879 1073 943 quo
1119 860 1322 926 dictus
1389 860 1735 943 Stephanus
1804 861 1880 925 de
1927 860 2189 944 triginta
2232 860 2472 926 duobus
2516 860 2711 932 annis,
2760 858 3059 931 dicimus,

339 947 497 1030 quod
544 949 653 1012 illo
700 953 974 1030 tempore
1022 948 1146 1012 filie
1215 949 1367 1014 civis
1438 947 1851 1013 Sibenicensis
1898 966 2020 1012 non
2065 948 2425 1013 habuissent
2471 949 2714 1030 partem
2765 947 2883 1011 nisi
2942 946 3063 1011 filii

337 1036 721 1100 obtinuerint
766 1036 971 1100 omnia
1017 1036 1177 1101 bona
1221 1036 1418 1119 patris
1466 1041 1531 1101 et
1573 1035 2039 1119 patrimonium,
2110 1036 2268 1118 quod
2338 1034 2674 1100 secundum
2739 1034 2848 1099 illo
2892 1037 3055 1098 tem-

339 1141 488 1205 pore
533 1123 902 1187 consuetudo
949 1123 1066 1188 fuit
1112 1123 1626 1190 SibenicensibuS.
1674 1124 1967 1189 Preterea
2012 1129 2251 1205 partem
2300 1142 2416 1188 non
2467 1124 2690 1188 debent
2721 1122 2951 1186 habere
2981 1122 3056 1186 de

339 1209 477 1293 jure
523 1211 777 1275 heredes
835 1210 999 1276 dicte
1055 1209 1256 1290 Slave,
1306 1212 1451 1294 quia
1496 1211 1605 1276 illo
1649 1215 1922 1294 tempore
1970 1210 2115 1275 talis
2163 1210 2534 1276 consuetudo
2581 1210 2704 1274 fuit
2749 1210 2810 1274 in
2861 1209 3051 1274 Sebe-

341 1299 500 1373 nico;
549 1299 624 1361 de
671 1299 806 1376 hoc,
849 1298 1008 1380 quod
1055 1298 1208 1364 dicit
1249 1300 1379 1382 ipse
1423 1298 1790 1381 Stephanus,
1844 1299 2000 1383 quod
2047 1299 2213 1363 dicta
2259 1299 2508 1363 domina
2564 1298 2766 1362 Vlada
2810 1300 3061 1379 pactum

342 1387 407 1450 et
451 1386 891 1468 obligationem
937 1385 1188 1451 fecisset
1255 1405 1394 1451 cum
1460 1387 1592 1468 ipsa
1658 1387 1788 1451 filia
1855 1405 1966 1451 sua
2033 1385 2238 1462 Slava,
2303 1389 2375 1451 ut
2416 1386 2643 1451 habeat
2688 1385 2826 1469 ipsa
2871 1403 3058 1467 super

341 1476 576 1554 partem
625 1474 924 1538 librarum
973 1474 1164 1551 mille,
1212 1476 1277 1539 et
1324 1475 1574 1538 tertiam
1638 1477 1880 1557 partem
1928 1474 2000 1538 de
2054 1473 2340 1538 omnibus
2388 1474 2562 1537 bonis
2610 1477 2673 1537 et
2718 1475 3056 1555 possessio-

340 1562 523 1625 nibus
585 1560 734 1625 dicti
795 1560 1133 1640 Radovani,
1203 1562 1319 1625 hoc
1379 1563 1516 1645 ipsa
1575 1561 1822 1627 domina
1867 1561 2066 1626 Vlada
2111 1579 2231 1626 non
2281 1560 2486 1643 potuit
2531 1559 2731 1625 facere
2779 1561 2851 1623 de
2894 1559 3059 1642 jure,

338 1667 463 1724 cur,
511 1650 652 1730 quia
696 1649 833 1730 ipsa
879 1649 1074 1714 Vlada
1106 1667 1225 1713 non
1269 1651 1545 1732 portavit
1589 1648 1820 1731 aliquid
1855 1666 2065 1714 secum
2104 1648 2169 1714 in
2216 1650 2352 1713 dote
2400 1648 2475 1714 de
2523 1648 2699 1712 bonis
2733 1650 3057 1730 parentum

340 1754 592 1800 suorum
640 1736 715 1801 ad
779 1737 977 1818 ipsum
1048 1738 1364 1801 dominum
1429 1737 1830 1802 Radovanum
1899 1738 2190 1802 maritum
2255 1756 2457 1813 suum,
2521 1736 2657 1800 ideo
2721 1736 2902 1817 pacta
2948 1753 3056 1798 seu

344 1823 771 1906 obligationes,
820 1843 937 1905 que
984 1824 1131 1889 fecit
1191 1826 1357 1889 dicta
1402 1825 1600 1889 Vlada
1659 1824 1825 1890 dicte
1860 1824 1986 1890 filie
2048 1844 2156 1889 sue
2205 1822 2407 1901 Slave,
2455 1842 2573 1889 non
2621 1823 2787 1887 valet
2835 1840 2946 1886 nec
2996 1823 3057 1886 in

339 1910 545 1993 aliquo
606 1913 851 1975 tenetur
922 1911 1053 1976 iure
1117 1913 1330 1977 contra
1399 1931 1523 1991 n08,
1574 1914 1637 1976 et
1699 1912 1857 1995 bona
1919 1915 1984 1976 et
2030 1912 2470 1994 possessioneS,
2522 1929 2676 1994 quas
2728 1910 3062 1990 possident,
3165 1968 3168 1971 .

224 2050 227 2051 ν
340 1997 496 2062 bona
540 2001 685 2062 sunt
729 1998 879 2062 dicti
927 1999 1243 2064 Radovani
1304 2001 1368 2064 et
1427 2019 1547 2065 non
1599 1999 1806 2078 Vlade,
1878 1999 2104 2065 idcirco
2162 2001 2414 2064 heredes
2461 1999 2653 2081 ipsius
2703 1995 2883 2061 Slave
2936 2014 3059 2060 non

342 2087 568 2150 debent
607 2085 825 2150 exinde
874 2089 1113 2167 partem
1158 2086 1400 2152 habere.
1455 2087 1609 2170 Sepe
1657 2087 1858 2152 dictus
1902 2087 2250 2170 Stephanus
2298 2106 2480 2169 super
2526 2085 2770 2169 alegata
2815 2084 3059 2149 dicens:

342 2192 454 2256 ego
501 2172 796 2237 confirmo
843 2174 1077 2238 dictum
1146 2175 1627 2239 instrumentum
1698 2175 1772 2239 de
1847 2177 2190 2258 receptione
2248 2175 2662 2257 predictarum
2730 2172 3064 2255 nonigenta

342 2280 446 2325 sex
493 2260 812 2338 librarum,
862 2280 1015 2343 quas
1062 2265 1375 2344 receperat
1437 2265 1572 2344 ipsa
1635 2261 1843 2339 Slava,
1907 2263 2012 2327 sed
2082 2265 2293 2327 tamen
2340 2265 2553 2345 postea
2598 2260 2768 2325 dicta
2816 2261 3065 2324 domina

342 2348 543 2412 Vlada
590 2348 708 2411 sibi
756 2348 989 2431 recepit
1035 2367 1182 2424 eas;
1253 2354 1678 2414 verumtamen
1750 2350 1916 2414 idem
1988 2349 2339 2433 Stephanus
2388 2368 2506 2414 non
2554 2350 2760 2431 potuit
2800 2347 3058 2431 probare

341 2435 503 2500 dicte
550 2436 791 2500 domine
837 2436 1050 2512 Vlade,
1102 2437 1259 2518 quod
1307 2437 1444 2520 ipsa
1490 2436 1687 2502 dictas
1765 2441 2053 2519 pecunias
2115 2441 2326 2521 postea
2370 2437 2722 2517 recepisset,
2774 2440 2836 2500 et
2882 2454 3066 2517 super

341 2523 456 2587 hoc
496 2523 625 2606 ipse
671 2521 937 2596 dicebat,
1001 2525 1160 2606 quod
1237 2524 1347 2589 illo
1409 2525 1683 2608 predicto
1749 2527 2026 2607 tempore
2072 2527 2361 2608 poterant
2422 2525 2586 2589 cives
2636 2522 3065 2589 Sibenicenses
3159 2532 3162 2535 ’

227 2695 231 2699 ἢ
343 2610 556 2675 dotare
599 2610 764 2676 filias
811 2630 971 2691 suaS,
1021 2614 1085 2677 et
1146 2614 1339 2677 multe
1387 2612 1512 2678 filie
1583 2631 1790 2677 eorum
1855 2613 2112 2679 fuerunt
2156 2613 2368 2679 dotate
2414 2632 2451 2678 a
2500 2611 2780 2696 patribus
2828 2610 2956 2676 suis
3003 2612 3066 2675 et

344 2703 581 2782 partem
630 2699 720 2763 eis
767 2700 913 2763 dare
961 2702 1023 2763 et
1089 2701 1354 2765 maxime
1425 2701 1472 2764 si
1549 2700 1973 2767 Sibemcenses
2043 2704 2121 2766 ad
2191 2702 2452 2766 invicem
2502 2700 2829 2765 habuerint
2873 2699 3064 2762 talem

343 2787 846 2852 consuetudinem
894 2806 1012 2850 non
1060 2788 1201 2851 dare
1248 2788 1497 2853 filiabus
1567 2791 1807 2869 partem
1874 2789 1981 2853 illo
2050 2791 2344 2872 tempore,
2417 2790 2625 2853 tamen
2667 2806 2809 2852 cum
2860 2787 3065 2851 foren-

346 2874 515 2938 sibus
563 2876 636 2938 de
686 2875 1004 2938 Dalmatia
1048 2876 1240 2939 talem
1303 2876 1804 2940 consuetudinem
1873 2894 1991 2939 non
2039 2877 2428 2951 habuerunt;
2493 2876 2743 2957 insuper
2789 2872 3059 2951 dicendo,

344 2963 499 3044 quod
549 2965 687 3043 post
735 2960 965 3026 factum
1015 2965 1113 3026 est
1157 2982 1380 3027 novum
1407 2963 1715 3027 statutum
1749 2961 2204 3028 Sibenicensem
2254 2963 2606 3029 continetur
2652 2965 2714 3027 in
2759 2962 2891 3044 ipso
2937 2963 3067 3025 sta-

325 3053 504 3124 tuto,
554 3048 713 3131 quod
758 3049 886 3113 filie
933 3049 1205 3113 habeant
1271 3051 1532 3133 partem,
1609 3051 1812 3115 silicet
1880 3053 2217 3117 secundum
2290 3051 2403 3117 filii
2457 3050 2730 3132 exceptis
2779 3048 3064 3113 domibus

346 3139 409 3201 et
456 3136 956 3214 massanetivom,
1007 3138 1164 3218 quod
1237 3139 1645 3221 superhabeat
1715 3138 1848 3216 filii,
1897 3139 2029 3204 ideo
2073 3141 2145 3209 de
2193 3139 2323 3203 iure
2371 3139 2624 3202 heredes
2670 3137 2833 3201 dicte
2884 3135 3064 3200 Slave

299 3228 603 3306 possunt
649 3223 875 3287 babere
918 3229 1160 3305 partem
1224 3226 1341 3290 sibi
1404 3245 1512 3308 per
1572 3226 1757 3290 istam
1824 3227 2145 3303 rationem,
2214 3230 2278 3291 et
2339 3224 2629 3310 precipue
2691 3225 2834 3308 quia
2887 3223 3066 3288 modo

344 3312 599 3376 herodes
647 3311 796 3375 dicti
843 3311 1366 3378 Radovaniinter
1412 3332 1477 3377 se
1520 3313 1885 3379 divisionem
1931 3314 2222 3380 fecissent
2266 3316 2408 3396 post
2453 3332 2677 3379 novum
2725 3310 3067 3394 capitulare

344 3401 594 3464 sactum.
646 3398 873 3463 Contra
916 3399 1029 3464 hoc
1076 3400 1238 3465 dicte
1286 3400 1532 3465 domine
1574 3403 1773 3465 Frana
1842 3404 1907 3467 et
1961 3403 2181 3467 Plassa
2228 3421 2368 3467 cum
2421 3402 2548 3466 suis
2596 3400 2926 3464 heredibus
2973 3418 3072 3462 re·

345 3487 727 3569 spondebant
751 3486 1042 3564 dicentes,
1094 3489 1278 3570 prout
1323 3507 1511 3570 supra
1558 3489 1842 3567 diximuS,
1892 3489 2312 3569 interdictum,
2361 3488 2522 3572 quod
2569 3486 2821 3552 domina
2870 3485 3071 3552 Vlada

343 3593 460 3638 non
521 3574 721 3655 potuit
765 3573 1036 3655 aliquam
1111 3575 1554 3658 obligationem
1624 3578 1825 3641 facere
1888 3577 2050 3642 dicte
2099 3577 2280 3642 Slave
2326 3578 2451 3641 filie
2499 3594 2610 3640 sue
2658 3576 2755 3641 vel
2803 3575 2945 3639 aliis
2993 3574 3067 3638 de

344 3662 521 3726 bonis
571 3661 720 3725 dicti
770 3661 1105 3738 Radovani,
1147 3679 1215 3726 eo
1262 3663 1406 3745 quia
1468 3664 1529 3727 in
1576 3664 1683 3729 illo
1732 3666 2009 3747 tempore
2055 3666 2330 3748 predicto
2377 3683 2495 3729 non
2544 3662 2892 3727 habuerunt
2938 3662 3070 3725 filie

343 3752 586 3832 partem
640 3749 914 3830 aliquam
963 3750 1298 3814 secundum
1347 3751 1851 3816 consuetudinem
1901 3750 2396 3828 Sibenicensem;
2446 3768 2605 3816 nunc
2647 3751 2855 3815 autem
2901 3749 3068 3814 cives

347 3836 776 3900 Sibenicenses
826 3840 1084 3918 possunt
1118 3838 1316 3901 facere
1363 3838 1435 3902 de
1484 3838 1659 3903 bonis
1722 3841 1850 3903 suis
1914 3841 1989 3903 ad
2053 3860 2233 3904 suum
2279 3839 2458 3916 velle,
2526 3838 2684 3921 quod
2732 3838 3070 3903 secundum

342 3923 695 3989 continetur
740 3924 803 3987 in
851 3925 1086 3987 statuto
1132 3943 1359 3988 eorum.
1449 3925 1578 3989 Nos
1644 3928 1854 3990 autem
1911 3927 2121 3992 dictus
2166 3926 2466 4009 Georgius
2511 3943 2718 3990 comes
2765 3943 2885 3988 una
2924 3943 3066 3988 cum

347 4011 513 4075 dicto
558 4011 804 4075 domino
875 4012 1207 4076 Laurentio
1251 4014 1560 4094 potestate
1623 4016 1686 4076 et
1747 4012 2066 4096 cum‘jtota
2112 4015 2283 4078 curia
2329 4012 2602 4077 civitatis
2652 4011 3069 4077 Sibenicensis

343 4098 591 4164 nemine
640 4100 883 4180 penitus
927 4099 1332 4182 discrepante,
1379 4101 1486 4164 sed
1531 4119 1740 4165 omnes
1787 4104 2109 4166 unanimes
2157 4102 2483 4166 concordes
2515 4100 2734 4176 fiendo,
2781 4117 2904 4163 una
2928 4118 3070 4163 voce

345 4187 410 4250 et
457 4204 559 4249 ore
608 4186 930 4250 audientes
973 4187 1273 4268 placitum
1349 4189 1412 4250 et
1474 4188 1788 4270 utriusque
1859 4190 2068 4271 partis²
2138 4189 2471 4270 habitoque
2518 4186 2732 4251 exinde
2782 4186 3069 4268 diligenti

347 4273 600 4338 consilio
648 4273 737 4339 ita
783 4292 889 4354 per
934 4273 1290 4339 fornitivam
1339 4275 1709 4339 sententiam
1753 4275 2036 4354 diximuS,
2089 4278 2245 4358 quod
2293 4277 2440 4341 dum
2486 4274 2788 4340 veraciter
2831 4273 3069 4338 inveni-

347 4380 508 4438 mus,
554 4362 710 4444 quod
757 4360 868 4425 illo
926 4363 1202 4444 tempore
1250 4362 1525 4446 predicto
1591 4364 1853 4446 triginta
1898 4364 2163 4428 duorum
2209 4381 2509 4429 annorum
2554 4362 2895 4443 elapsorum
2944 4362 3068 4426 filie

347 4447 572 4512 civium
621 4447 1107 4513 Sibenicmsium
1178 4466 1296 4514 non
1364 4450 1715 4515 habuerunt
1770 4453 2009 4534 partem
2076 4450 2345 4534 aliquam
2417 4452 2490 4516 de
2535 4450 2908 4533 patrimonio
2951 4450 3070 4513 nisi

344 4534 479 4611 filii,
515 4539 577 4600 et
612 4537 877 4600 maxime
910 4536 1275 4612 invenimus
1330 4537 1485 4615 quod
1523 4539 1655 4615 ipsa
1686 4537 1887 4603 Vlada
1920 4557 2041 4604 non
2070 4538 2275 4621 potuit
2307 4539 2516 4621 aliqua
2550 4535 2785 4602 ratione
2819 4539 3068 4619 pactum

1645 4644 1727 4690 :ue
1776 4625 1958 4690 Slave
2023 4627 2095 4689 de
2158 4625 2334 4690 bonis
2381 4625 2531 4690 dicti
2577 4624 2900 4689 Radovani
2948 4625 3065 4689 viri

1646 4711 1856 4777 eredes
1902 4713 2017 4777 filii
2057 4715 2122 4776 et
2165 4712 2291 4775 filie
2342 4732 2462 4776 non
2495 4712 2767 4777 habeant
2798 4712 3068 4793 aliquam

1678 4798 1832 4864 dicti
1879 4794 2198 4865 Radovani
2244 4797 2565 4881 Potajnice
2611 4800 2867 4881 propter
2905 4798 3066 4862 anti-
