3620 5282
2980 379 3106 444 241

692 546 1199 629 OOOLVIII.
1244 548 1452 631 Gon.
1501 549 1729 633 1352.
1784 550 2256 653 24'srpnja,
2307 574 2368 633 u
2413 551 2811 635 Mleteih.

369 673 647 747 Riesenje
691 691 735 733 u
778 674 952 747 postu
997 675 1325 751 razmirice,
1374 676 1513 748 koja
1546 676 1614 749 ‚ie
1646 676 1933 749 obstojala
1972 677 2172 749 medju
2203 678 2508 751 biskupom
2553 680 2579 737 i
2624 680 2740 739 obe.
2771 681 3105 740 hvarskom.

583 813 657 876 In
705 812 924 877 christi
988 813 1230 877 nomine
1294 832 1496 878 amen.
1577 815 1764 892 1352,
1814 813 2148 880 indictione
2211 814 2466 897 quinta,
2536 816 2636 881 die
2683 817 2894 882 XXIV
2940 819 3104 897 iulii,

375 902 560 983 capta
605 900 669 964 in
716 900 972 983 rogatis.
1022 898 1176 965 Cum
1228 902 1422 965 multe
1472 902 1881 966 dissensiones
1928 904 1992 967 et
2035 902 2338 968 discordie
2381 906 2444 967 et
2489 905 2844 987 questiones
2890 906 3106 971 hacte-

373 1007 487 1053 nus
533 989 667 1053 orte
710 988 839 1052 sint
882 989 1044 1051 inter
1092 988 1507 1053 venerabilem
1553 990 1754 1055 virum
1803 990 2122 1055 dominum
2170 989 2548 1074 Stephanum
2596 991 2692 1057 dei
2744 995 2948 1076 gratia
2974 996 3106 1077 epi-

374 1094 631 1158 scopum
677 1077 1013 1142 Farensem
1061 1079 1127 1140 et
1172 1075 1406 1140 clerum
1453 1096 1635 1142 suum
1683 1097 1757 1143 ex
1806 1098 1923 1142 una
1974 1080 2169 1161 parte,
2219 1082 2284 1143 et
2328 1081 2725 1161 potestatem,
2779 1099 3109 1147 commune

372 1164 437 1227 et
480 1163 953 1229 universitatem
998 1162 1161 1227 dicte
1209 1166 1371 1228 terre
1416 1184 1487 1229 ex
1535 1165 1750 1243 altera,
1794 1166 1859 1229 et
1902 1185 2012 1248 per
2060 1169 2386 1249 utramque
2412 1170 2651 1249 partem
2676 1169 3094 1252 predictarum

382 1252 692 1315 instanter
736 1250 1156 1335 supplicatum
1200 1251 1388 1316 fuerit
1434 1253 1634 1317 ducali
1681 1253 1975 1332 dominio,
2024 1254 2312 1337 quatinus
2361 1256 2721 1338 dignaretur
2766 1259 2978 1322 sedare
3009 1257 3107 1322 di-

375 1341 509 1403 ctas
558 1340 911 1422 questiones
959 1340 1023 1403 et
1068 1338 1450 1419 diferencias,
1500 1343 1564 1405 et
1609 1361 1711 1405 eas
1760 1360 2150 1424 cognoscere,
2197 1342 2527 1407 terminare
2593 1346 2657 1407 et
2700 1343 2965 1409 diffinire
3012 1364 3109 1410 se-

376 1428 643 1492 cundum
697 1428 859 1510 quod
908 1426 1027 1490 sibi
1075 1427 1310 1491 iustum
1360 1430 1423 1492 et
1468 1429 1833 1493 conveniens
1882 1430 2219 1512 apparebit.
2265 1429 2441 1494 Unde
2473 1431 2710 1496 ducalis
2743 1432 3103 1512 dominaci0‚

380 1515 641 1579 audiens
687 1515 1174 1598 supplicaciones
1218 1518 1286 1579 et
1330 1518 1762 1597 requisiciones
1813 1518 2087 1599 ipsarum
2140 1517 2420 1599 parcium
2459 1537 2643 1583 causa
2666 1519 2926 1600 ponendi
2959 1539 3105 1586 con-

383 1603 657 1667 cordiam
707 1604 772 1667 et
817 1604 1044 1667 bonam
1091 1603 1474 1667 voluntatem
1525 1605 1683 1667 inter
1730 1605 1896 1686 ipsas
1956 1606 2200 1687 partes,
2264 1605 2452 1687 elegit
2495 1606 2920 1690 infrascriptos
2967 1610 3096 1675 tres

384 1691 715 1773 sapiente8‚
765 1690 1057 1754 videlicet
1105 1690 1262 1754 viros
1310 1692 1544 1756 nobiles
1591 1710 1691 1755 ser
1733 1692 2072 1775 Mapheum
2105 1691 2472 1770 Barbadico,
2522 1692 2849 1758 Nicolaum
2874 1694 3105 1761 Viadro

379 1782 441 1841 et
482 1778 739 1842 Petrum
789 1777 1016 1841 Herizo
1063 1778 1227 1842 cives
1274 1778 1702 1856 Veneciarum,
1748 1780 1828 1843 ad
1876 1780 2318 1844 consulendum
2352 1783 2416 1844 et
2446 1780 2921 1846 examinandum
2955 1803 3104 1866 que-

380 1865 614 1930 stiones
659 1867 723 1929 et
761 1864 1101 1930 discordias
1148 1867 1554 1948 supradictas.
1621 1864 1737 1945 Qui
1787 1868 2037 1950 quidem
2102 1867 2452 1949 sapienteS,
2512 1869 2740 1933 auditis
2787 1872 3101 1951 querellis,

374 1952 887 2035 requisicionibus
933 1955 998 2018 et
1042 1953 1530 2036 allegacionibus
1574 1956 1855 2036 parcium
1903 1955 2343 2036 predictarum,
2402 1975 2473 2020 ac
2520 1957 2807 2021 omnibus
2854 1958 2918 2021 et
2969 1960 3097 2024 sin-

370 2040 535 2123 gulis
583 2040 1073 2123 dependentibus
1120 2040 1198 2104 ab
1249 2041 1500 2119 eisdem,
1545 2043 2051 2107 examinaverunt
2096 2046 2160 2108 et
2203 2044 2601 2108 consulerunt
2648 2044 3097 2126 super'huius-

373 2126 541 2192 modi
591 2129 1036 2210 questionibuS,
1086 2130 1264 2209 prout
1304 2129 1404 2192 bic
1468 2128 1723 2194 inferius
1784 2130 2166 2208 declaratur,
2231 2131 2554 2195 videlicet:
2628 2133 2785 2214 quod
2854 2130 3101 2198 omnino

379 2217 729 2297 imponatur
777 2214 1130 2281 scilentium
1181 2216 1475 2297 predictis
1524 2216 1847 2282 discordiis
1896 2220 1958 2281 et
2003 2216 2267 2295 iniuriiS,
2316 2221 2381 2283 et
2427 2220 2584 2301 quod
2636 2220 2943 2285 scribatur
2990 2240 3100 2303 po-

376 2303 595 2368 testati
648 2306 714 2368 et
756 2303 1109 2368 hominibus
1157 2304 1319 2369 dicte
1362 2306 1546 2381 terre,
1594 2323 1662 2369 ac
1711 2306 2059 2370 notificetur
2105 2305 2387 2389 episcopo
2419 2306 2778 2389 supradicto
2827 2312 2889 2373 et
2933 2309 3097 2375 clero

374 2410 505 2469 suo,
554 2391 714 2473 quod
764 2392 1028 2456 debeant
1072 2391 1428 2474 supradicta
1475 2393 1539 2455 et
1583 2390 1983 2476 infrascripta
2028 2394 2235 2458 omnia
2281 2394 2551 2475 plenarie
2600 2395 2942 2461 observare.
3015 2397 3100 2461 Et

370 2497 508 2543 cum
551 2479 708 2544 alias
753 2499 864 2562 per
910 2481 1283 2561 potestatem
1332 2479 1531 2544 Lesne
1578 2481 1942 2544 mandatum
1989 2483 2054 2545 et
2097 2480 2432 2546 inhibitum
2484 2483 2603 2546 fuit
2631 2531 2647 2559 ,
2695 2484 2856 2564 quod
2900 2486 3100 2549 homi-

372 2585 480 2630 nes
528 2568 592 2631 et
633 2586 887 2651 persone
933 2566 1007 2630 de
1055 2566 1256 2631 Lesna
1296 2585 1415 2631 non
1463 2567 1756 2631 deberent
1820 2569 1909 2633 ire
1970 2571 2043 2633 ad
2092 2568 2466 2634 audiendum
2529 2570 2740 2635 divina
2786 2570 2991 2636 officia
3034 2573 3100 2637 in

370 2654 773 2736 preiudicium
811 2656 966 2720 dicti
1013 2654 1199 2730 cleri;
1256 2655 1389 2720 ideo
1437 2657 1768 2720 consulunt
1814 2658 2121 2739 sapientes
2171 2658 2434 2740 predicti
2475 2677 2583 2739 pro
2616 2661 2773 2724 bono
2817 2660 2987 2740 pacis
3034 2664 3098 2724 et

373 2743 702 2822 concordii,
751 2745 822 2808 ut
867 2744 1176 2808 scribatur
1217 2744 1514 2826 potestati
1562 2743 1871 2826 predicto,
1936 2746 2098 2827 quod
2157 2745 2394 2809 dictum
2444 2747 2803 2811 mandatum
2870 2748 3096 2813 debeat

377 2848 665 2896 revocare
708 2831 772 2896 in
818 2831 1042 2910 totum,
1093 2832 1157 2895 et
1202 2831 1483 2896 ordinare
1553 2831 1991 2911 effectualiter,
2056 2831 2216 2914 quod
2280 2833 2544 2915 quilibet
2604 2834 2677 2897 de
2741 2835 2903 2899 dicto
2963 2836 3097 2901 loco

373 2919 599 2983 vadant
645 2921 710 2982 et
751 2919 1008 2983 redeant
1054 2920 1128 2983 ad
1160 2918 1367 2984 divina
1391 2918 1593 2983 officia
1617 2920 1970 3000 supradicta
1995 2920 2165 2983 iuxta
2209 2920 2681 2986 consuetudines
2720 2923 3095 3005 antiquatas.

371 3006 529 3069 Item
579 3025 718 3069 cum
766 3007 939 3085 aliaS,
987 3005 1276 3071 videlicet
1321 3008 1421 3071 die
1468 3007 1677 3070 XXVI
1724 3009 1938 3071 marcii
1985 3025 2177 3090 nuper
2223 3007 2498 3089 preteriti
2538 3027 2649 3091 pro
2697 3012 2875 3091 parte
2923 3015 3095 3095 pote·
3139 3033 3148 3038 ·

368 3095 551 3158 statis
597 3094 859 3176 predicti
921 3096 985 3158 et
1035 3093 1306 3159 iudicum
1355 3097 1418 3158 et
1461 3094 1820 3159 officialium
1869 3096 2030 3159 dicte
2077 3097 2241 3159 terre
2287 3096 2548 3176 quedam
2598 3097 2905 3179 generalis
2953 3118 3094 3182 pro-

369 3180 663 3246 clamatio
725 3182 892 3246 facta
950 3183 1108 3247 foret
1169 3181 1232 3245 in
1293 3181 1446 3246 locis
1509 3183 1670 3246 dicte
1733 3186 1895 3246 terre
1958 3182 2221 3265 publicis
2293 3185 2639 3261 consuetis,
2710 3186 2867 3268 quod
2925 3189 3099 3253 nulla

367 3288 625 3350 persona
669 3269 947 3334 subiecta
993 3270 1315 3352 temporali
1364 3269 1636 3333 dominio
1684 3272 1941 3335 auderet
2000 3270 2366 3352 respondere
2428 3272 2591 3335 dicto
2658 3274 2939 3358 episcopo
2984 3295 3096 3340 nec

366 3357 530 3421 clero
578 3375 688 3421 suo
733 3357 809 3422 de
871 3357 1183 3441 aliquibus
1244 3358 1540 3435 decimiS,
1603 3376 1715 3421 nec
1779 3360 2036 3422 vendere
2100 3376 2208 3423 seu
2270 3358 2417 3422 dare
2481 3360 2569 3424 eis
2634 3361 2842 3443 aliqua
2898 3364 3097 3428 victu-

367 3444 490 3509 alia
542 3463 653 3509 nec
698 3444 868 3527 loqui
916 3444 1208 3526 predictis
1254 3444 1368 3508 sub
1417 3448 1586 3509 certa
1630 3444 1801 3527 gravi
1850 3465 2028 3528 pena,
2083 3446 2408 3510 consulunt
2456 3448 2761 3530 sapientes
2808 3451 3091 3533 predicti,

373 3531 530 3614 quod
576 3532 784 3597 omnia
826 3532 1106 3614 predicta
1150 3535 1583 3598 removeantur
1630 3536 1692 3597 et
1738 3533 1969 3611 taliter,
2019 3535 2177 3615 quod
2230 3534 2358 3616 ipse
2417 3536 2736 3617 episcopus
2783 3540 2847 3601 et
2892 3539 3092 3605 clerus

378 3639 523 3685 suus
570 3619 648 3684 ad
696 3620 1029 3703 pristinum
1077 3621 1311 3684 statum
1361 3621 1766 3697 reducantur,
1831 3625 1894 3684 et
1954 3622 2111 3702 quod
2176 3621 2383 3686 omnia
2443 3624 2598 3687 bona
2661 3626 2914 3707 accepta
2975 3627 3095 3708 ipsi

375 3707 660 3790 episcopo
705 3709 770 3772 et
816 3708 979 3772 clero
1025 3726 1136 3772 suo
1183 3710 1247 3772 et
1292 3707 1543 3783 fabrice,
1608 3707 1841 3772 eisdem
1907 3728 2048 3771 cum
2116 3709 2475 3791 integritate
2541 3711 2951 3777 restituantur
2999 3712 3096 3778 vel

375 3795 548 3861 valor
594 3813 825 3874 eorum,
876 3795 926 3859 si
978 3814 1096 3859 non
1144 3797 1577 3878 reperirentur.
1623 3796 1706 3860 Et
1750 3796 2081 3874 ordinetur,
2130 3798 2289 3878 quod
2336 3796 2542 3861 omnia
2589 3799 2723 3861 iura
2770 3798 3097 3864 decimalis

376 3883 729 3966 spectancia
775 3883 1034 3948 ecclesie
1066 3883 1381 3948 occasione
1429 3883 1661 3948 fabrice
1707 3882 2035 3948 deveniant
2066 3885 2140 3948 ad
2175 3903 2392 3948 manus
2425 3884 2685 3948 alicuius
2717 3884 2919 3951 fidelis
2954 3906 3095 3970 pro·

387 3971 689 4035 curatoris
737 3970 991 4035 ecclesie
1039 3971 1219 4035 fiendi
1268 3970 1603 4035 secundum
1642 3989 1878 4035 morem
1914 3970 2188 4048 solitum,
2239 3973 2341 4054 qui
2372 3976 2653 4054 procuret
2685 3991 2821 4037 cum
2858 3974 3095 4051 effectu,

381 4058 539 4140 quod
590 4075 680 4130 ea,
727 4077 843 4141 que
889 4061 1177 4141 spectant
1221 4057 1383 4122 dicte
1430 4059 1683 4123 ecclesie
1733 4059 2047 4123 occasione
2093 4060 2342 4137 fabrice,
2397 4079 2516 4123 non
2563 4060 2991 4142 dispensentur
3035 4063 3099 4126 in

372 4145 514 4224 alio,
558 4163 745 4228 qnam
792 4145 854 4210 in
902 4144 1225 4210 laboreriis
1261 4149 1325 4210 et
1354 4145 1797 4211 ordinamentis
1844 4146 2515 4229 ecclesie‘snpradicte.
2564 4147 2726 4211 Item
2773 4168 2913 4213 cum
2961 4168 3097 4232 pre—

372 4233 532 4298 dicte
580 4234 802 4298 iniurie
850 4237 912 4298 et
954 4231 1179 4298 offense
1205 4233 1595 4315 pervenerint
1641 4236 1707 4298 et
1752 4236 1885 4299 orte
1919 4235 2049 4298 sint
2080 4235 2242 4299 inter
2265 4235 2432 4318 ipsas
2469 4238 2696 4317 parteS,
2745 4237 2817 4301 ut
2861 4237 3095 4315 dicunt,

370 4320 614 4387 nomine
640 4323 704 4385 et
731 4322 1044 4386 occasione
1077 4321 1257 4385 unius
1288 4320 1499 4385 iubani
1525 4341 1631 4385 seu
1664 4322 1965 4387 exactoris
1990 4323 2391 4398 decimarum,
2440 4323 2681 4387 dicente
2713 4325 2776 4388 et
2805 4325 3098 4409 alegante

383 4409 684 4491 episcopo,
733 4409 892 4490 quod
944 4409 1019 4472 ad
1070 4428 1207 4473 eum
1257 4408 1458 4472 solum
1501 4412 1787 4491 expectat
1834 4410 2051 4474 electio
2100 4410 2248 4475 dicti
2313 4411 2555 4486 iubani3
2620 4413 2685 4475 et
2731 4431 2762 4476 e
2810 4432 3097 4479 converso

379 4494 728 4560 dicentibus
776 4498 842 4559 et
886 4497 1337 4579 opponentibus
1385 4497 1446 4558 in
1489 4498 1865 4561 contrarium
1935 4498 2117 4562 dictis
2178 4501 2521 4581 potestate,
2585 4500 2988 4566 universitate
3034 4503 3096 4566 et

377 4581 730 4648 hominibus
778 4585 938 4648 dicte
984 4586 1165 4661 terre,
1215 4583 1371 4666 qnod
1420 4584 1495 4647 de
1542 4584 1729 4667 longa
1765 4587 1829 4648 et
1860 4586 2117 4668 antiqua
2143 4585 2576 4650 consuetudine
2602 4587 2807 4653 dictus
2840 4590 3099 4654 iubanus

370 4671 555 4735 debet
601 4670 749 4754 eligi
795 4690 906 4754 per
951 4673 1303 4754 episcopum
1353 4673 1835 4754 suprascriptum
1886 4674 1959 4737 de
2004 4677 2266 4756 quatuor
2326 4673 2476 4737 solis
2522 4673 2807 4740 domibus
2870 4678 2945 4740 de
2991 4695 3098 4740 no-

367 4756 596 4823 bilibus
646 4758 813 4824 dicte
859 4759 1042 4837 terre,
1090 4761 1154 4824 et
1194 4761 1409 4842 postea
1456 4759 1808 4823 confirmari
1855 4778 1965 4842 per
2011 4763 2379 4842 potestatem
2426 4759 2792 4828 iamdictam
2815 4811 2831 4841 ,
2881 4782 3099 4828 consu-

427 4875 625 4927 srou.
671 4877 772 4926 m.
2756 4866 2838 4930 16
