3620 5282
3010 351 3140 419 299

418 525 694 591 contenti
736 526 970 592 solvere
1016 545 1328 608 expensas,
1354 529 1427 594 ut
1451 528 1628 594 nobis
1670 526 1937 592 relatum
1973 528 2088 604 est,
2125 531 2188 592 et
2216 528 2593 610 quamcitius
2617 529 2920 611 poteritis,
2956 530 3145 595 debe-

419 615 542 679 atis
592 613 768 678 nobis
816 613 1084 679 scribere
1133 616 1411 682 ordinate
1458 616 1744 700 quicquid
1786 615 2128 681 habueritis
2189 619 2253 679 et
2314 615 2674 681 inveneritis
2735 618 2799 681 in
2845 619 3144 700 predictis

419 705 480 768 et
529 705 768 768 vestras
817 703 1129 786 opiniones
1176 723 1361 787 super
1407 705 1720 787 predictiS,
1795 707 1865 768 ut
1930 704 2130 786 possit
2195 703 2506 786 provideri
2569 708 2631 767 et
2691 704 2842 784 fieri,
2916 724 3027 790 pro
3073 707 3145 771 ut

417 790 644 855 melius
692 791 1002 855 videbitur
1045 792 1191 858 huic
1237 794 1511 872 consilio,
1576 791 1870 857 evisando
1932 793 2123 858 etiam
2185 811 2295 857 nos
2356 793 2429 857 de
2493 794 2700 871 rebuS,
2763 813 2880 878 que
2943 794 3146 860 forent

422 880 761 944 necessarie
808 878 959 944 illuc
1004 880 1172 944 mitti
1220 901 1326 963 pro
1373 882 1542 947 dicto
1590 881 1891 945 laborerio
1936 880 2037 944 vel
2084 899 2281 962 opere.

625 968 784 1032 Item
833 967 1113 1033 debeatis
1171 971 1518 1035 examinare
1588 968 2002 1034 conditionem
2068 973 2302 1051 portus,
2374 971 2437 1033 et
2506 968 2840 1034 informare
2907 989 3039 1047 nos,
3090 972 3146 1035 si

420 1058 635 1138 posset
675 1054 883 1121 reduci
933 1057 1009 1121 ad
1053 1059 1304 1122 modum
1351 1059 1451 1123 vel
1497 1057 1777 1135 formam,
1831 1055 1991 1141 quod
2054 1057 2282 1123 salvari
2353 1061 2604 1139 possent
2671 1059 2847 1141 galee
2909 1061 2973 1123 et
3019 1057 3145 1123 alia

422 1145 682 1227 navigia,
730 1148 797 1208 ut
844 1145 1022 1209 nobis
1068 1145 1323 1228 possitis
1371 1147 1516 1211 dare
1564 1145 2067 1212 informationem
2113 1146 2191 1210 ad
2239 1145 2506 1228 plenum,
2580 1153 2642 1210 et
2688 1146 3025 1229 providere,
3076 1149 3149 1212 ut

419 1232 538 1296 erit
582 1235 1015 1314 opportunum.

629 1320 791 1385 Item
836 1321 998 1404 quia,
1046 1324 1117 1386 ut
1161 1322 1410 1399 dicitur,
1461 1324 1609 1388 sunt
1652 1324 1828 1388 extra
1875 1323 2255 1389 Durachium
2321 1321 2519 1386 multa
2576 1322 2783 1405 capita
2829 1321 3149 1388 Albauen-

439 1410 600 1473 sium
648 1410 711 1472 et
757 1410 1051 1474 similiter
1098 1412 1159 1475 in
1207 1412 1479 1480 civitate.
1530 1428 1787 1495 quorum
1820 1411 2050 1494 aliquia
2097 1413 2385 1476 continuo
2432 1409 2718 1475 habitant
2756 1412 2816 1474 in
2869 1412 3144 1488 civitate,

420 1498 629 1581 aliqua
678 1496 989 1561 interdum
1038 1502 1213 1563 extra
1258 1504 1323 1564 et
1368 1502 1679 1565 interdum
1756 1500 1927 1564 intus
1996 1519 2135 1564 cum
2185 1517 2386 1575 uxore,
2460 1499 2606 1563 filiis
2654 1500 2716 1563 et
2762 1499 3020 1572 familia,
3086 1503 3149 1564 et

423 1586 630 1667 aliqua
677 1586 926 1649 omnino
975 1591 1148 1651 extra
1188 1588 1460 1664 civitate,
1512 1606 1765 1671 quorum
1816 1589 2079 1669 quatuor
2138 1587 2424 1653 videntur
2484 1587 2708 1651 habere
2770 1587 3147 1669 provisiones

419 1693 455 1740 a
503 1676 710 1738 nostro
758 1674 1045 1751 domini0,
1096 1694 1212 1758 que
1258 1695 1397 1741 cum
1450 1676 1734 1740 omnibus
1782 1674 1924 1740 aliis
1991 1676 2279 1741 videntur
2339 1693 2470 1739 esse
2533 1674 2897 1740 fidelissima
2955 1675 3146 1740 nostri

424 1762 701 1836 dominii,
752 1766 815 1826 et
861 1782 932 1826 ex
980 1763 1120 1827 istis
1174 1767 1321 1828 sunt
1364 1766 1594 1847 aliqua,
1636 1783 1752 1846 que
1799 1765 2031 1829 habent
2077 1783 2302 1848 magna
2349 1764 2659 1828 territoria
2699 1768 2762 1828 et
2807 1765 3144 1846 potentiam

424 1854 488 1915 et
534 1849 852 1933 sequelam
902 1851 1220 1917 hominum
1270 1852 1346 1918 de
1389 1857 1578 1929 extra,
1628 1856 1690 1917 et
1736 1852 2041 1936 colligunt
2089 1853 2271 1918 blada
2318 1856 2380 1917 et
2425 1871 2520 1915 res
2583 1849 2741 1917 alias
2789 1852 2850 1915 in
2899 1853 3147 1935 quanti·-

424 1940 575 2014 tate,
627 1958 744 2022 que
792 1941 1009 2004 tenent
1056 1941 1284 2006 terram
1334 1941 1629 2006 Durachii
1676 1941 2056 2016 ubertosam,
2105 1941 2327 2024 quibus
2375 1940 2663 2005 omnibus
2734 1941 3037 2023 capitibus
3085 1942 3149 2005 et

423 2027 731 2092 nobilibus
778 2030 1150 2094 bonum.est
1193 2029 1339 2094 dare
1388 2047 1641 2102 causam
1688 2031 1749 2093 et
1795 2030 2145 2105 materiam,
2219 2030 2379 2112 quod
2450 2048 2525 2092 ne
2571 2030 2713 2093 dum
2761 2032 3150 2112 perseverent

420 2115 483 2179 in
532 2116 648 2181 hac
690 2135 809 2180 sua
846 2117 1004 2180 bona
1050 2116 1382 2195 voluntate,
1437 2119 1539 2182 sed
1589 2119 1662 2181 de
1710 2117 1868 2183 bono
1917 2120 1979 2183 in
2025 2118 2248 2182 melius
2297 2137 2361 2183 se
2410 2117 2754 2199 disponant,
2806 2116 3149 2182 committi·

422 2223 560 2268 mus
607 2205 799 2276 vobis,
840 2203 998 2285 quod
1045 2206 1325 2270 debeatis
1374 2224 1480 2270 vos
1528 2206 1863 2270 informare
1926 2209 1997 2271 de
2061 2206 2510 2272 conditionibus
2573 2205 2844 2269 omnium
2911 2205 3149 2288 predic-

419 2294 643 2368 torum,
693 2293 757 2354 et
801 2292 1105 2357 honorare
1153 2314 1253 2359 eos
1299 2295 1634 2358 secundum
1682 2295 1911 2378 gradus
1959 2312 2125 2373 suoS,
2174 2313 2246 2359 ac
2293 2297 2500 2359 tenere
2547 2294 2799 2358 modum
2847 2293 3148 2377 loquendo

420 2397 630 2443 secum
680 2397 818 2443 cum
870 2381 1076 2444 verbis
1123 2382 1516 2464 generalibus
1564 2383 1978 2448 benivolentia
2025 2387 2089 2448 et
2135 2384 2382 2460 amoriS,
2432 2382 2686 2446 dicendo
2729 2383 2792 2446 et
2848 2382 3148 2448 hortando

422 2485 525 2532 eos
575 2467 768 2531 nostri
818 2469 993 2544 parte
1040 2470 1273 2548 taliter,
1323 2473 1479 2553 quod
1526 2472 1789 2536 firmiter
1833 2473 2089 2536 teneant
2135 2490 2241 2535 nos
2302 2490 2401 2537 eos
2467 2470 2724 2552 diligere
2770 2472 2899 2534 toto
2946 2470 3145 2547 corde,

420 2558 485 2620 et
529 2554 878 2620 inducendo
928 2574 1049 2630 eos,
1096 2559 1257 2640 quod
1309 2562 1673 2624 conservent
1705 2559 1841 2626 loca
1886 2561 1959 2624 de
1990 2562 2162 2625 extra
2185 2559 2459 2641 pacifice,
2494 2561 2565 2624 ut
2595 2559 2866 2624 habeant
2897 2576 3148 2623 causam

422 2643 712 2728 possendi
760 2664 826 2709 se
874 2645 1124 2712 reficere
1169 2650 1233 2712 et
1270 2667 1495 2735 augere
1542 2648 1905 2715 facultatem
1970 2668 2167 2714 suam.
2226 2648 2310 2712 Et
2372 2648 2424 2713 si
2490 2648 2654 2713 inter
2722 2666 2824 2713 eos
2887 2649 3150 2713 oriretur

420 2731 650 2815 aliquis
697 2751 869 2798 error
915 2734 1012 2798 vel
1061 2737 1438 2813 scandalum,
1489 2737 1770 2801 debeatis
1817 2739 1950 2801 toto
1983 2738 2188 2801 vestro
2219 2755 2397 2819 posse
2430 2739 2640 2801 tenere
2675 2737 2923 2801 modum
2950 2755 3152 2802 remo-

425 2820 602 2886 vendi
654 2839 891 2886 errores
970 2824 1035 2886 et
1074 2823 1453 2888 differentias
1520 2826 1586 2889 et
1649 2825 2015 2907 pacificandi
2078 2827 2141 2889 et
2207 2824 2521 2906 quietandi
2572 2842 2695 2900 eoS,
2745 2843 2821 2889 ue
2867 2825 3147 2906 paesium

423 2911 718 2974 damnum
763 2911 861 2975 vel
909 2910 1300 2977 incomodum
1345 2912 1617 2994 recipiat.

632 3000 923 3063 Preterea
968 3003 1064 3064 est
1109 3000 1435 3084 quoddam,
1485 3005 1555 3064 ut
1605 2998 1824 3076 fertur,
1870 3002 2061 3083 caput
2121 2999 2568 3065 Albanensium
2635 3000 2797 3065 inter
2844 3000 3150 3083 predictos

424 3087 676 3151 vocatus
725 3105 931 3153 comes
973 3088 1271 3154 Nichetta
1313 3090 1499 3153 -valde
1541 3094 1761 3172 potens
1809 3090 1874 3153 et
1915 3089 2149 3155 habeus
2217 3087 2527 3153 territoria
2594 3088 3045 3171 perfectissima
3112 3108 3150 3152 a

423 3174 627 3238 bladis
674 3194 892 3240 versus
941 3180 1150 3259 partes
1197 3178 1418 3260 capitis
1465 3178 1559 3242 De
1605 3179 1662 3242 le
1709 3176 1915 3255 Melie,
1964 3178 2066 3260 qui
2116 3194 2320 3241 comes
2367 3176 2634 3242 Nicheta
2679 3178 2839 3259 petit
2890 3176 2965 3241 de
3007 3195 3151 3260 gra-

420 3264 511 3326 tia
557 3263 812 3344 speciali
859 3284 1036 3347 posse
1083 3266 1367 3331 edificare
1416 3285 1604 3345 unum
1650 3284 1909 3348 parvum
1958 3266 2254 3341 castrum,
2303 3265 2459 3348 quod
2532 3264 2652 3329 fuit
2714 3265 2941 3330 ibidem
2988 3266 3150 3330 tem-

422 3351 676 3434 poribus
723 3354 1044 3434 preteritis
1091 3355 1472 3420 solummodo
1517 3373 1626 3439 pro
1687 3353 1990 3419 redductu
2051 3353 2147 3419 sui
2211 3358 2274 3418 et
2318 3353 2558 3418 familie
2622 3373 2733 3418 sue
2790 3354 3148 3418 occurrente

422 3458 567 3505 casu
618 3441 943 3518 novitatis,
993 3445 1057 3507 et
1103 3445 1264 3526 quod
1337 3443 1455 3507 sibi
1521 3442 1938 3508 concedantur
2001 3444 2120 3508 duo
2180 3441 2487 3525 magistri,
2557 3442 2658 3524 qui
2724 3441 3149 3507 rehedifficent

418 3531 695 3593 castrum
742 3530 1111 3610 predictum,
1161 3534 1262 3614 qui
1314 3532 1560 3614 quidem
1632 3550 1835 3596 comes
1896 3530 2213 3605 Nichetta,
2283 3533 2353 3594 ut
2412 3529 2603 3595 refert
2659 3530 3011 3595 Anthonius
3074 3529 3150 3594 de

419 3618 608 3681 Petro
656 3617 905 3694 Pizolis‚
957 3618 1058 3701 qui
1108 3618 1229 3684 fuit
1277 3619 1506 3684 ibidem
1556 3618 1789 3695 consul,
1826 3619 1949 3683 fuit
1979 3623 2044 3684 et
2076 3621 2173 3684 est
2204 3618 2608 3684 fidelissimus
2640 3618 2836 3684 nostri
2869 3618 3147 3695 dominii,

420 3708 483 3769 et
529 3704 689 3788 quod
739 3705 870 3787 ipse
918 3720 1121 3771 comes
1168 3711 1333 3773 esset
1394 3709 1720 3774 contentus
1780 3724 1891 3791 pro
1943 3707 2228 3772 cautione
2289 3708 2352 3770 et
2408 3707 2729 3772 obsidibus
2796 3725 3017 3790 ponere
3086 3707 3151 3771 et

418 3793 565 3857 dare
614 3793 887 3859 dominio
938 3798 1142 3860 nostro
1189 3797 1343 3861 duos
1390 3795 1552 3861 filios
1603 3814 1741 3860 suos
1789 3795 1890 3861 vel
1936 3798 2209 3879 nepoteS,
2259 3795 2367 3879 qui
2429 3796 2668 3860 starent
2714 3798 2821 3861 aut
2869 3795 3148 3859 Venetiis

420 3880 518 3946 vel
566 3880 715 3947 alibi
760 3882 933 3949 iuxta
982 3883 1437 3966 beneplacitum
1488 3887 1793 3963 nostrum,
1846 3886 1913 3948 et
1954 3886 2110 3966 quod
2152 3884 2388 3948 dictum
2436 3886 2712 3948 castrum
2782 3884 3025 3948 teneret
3070 3882 3148 3947 ad

417 3969 713 4034 honorem
754 3972 819 4035 et
865 3989 1044 4037 omne
1093 3975 1453 4037 mandatum
1502 3973 1696 4038 nostri
1744 3972 2021 4036 dominii.
2113 3974 2272 4037 Item
2323 3971 2723 4037 dicit‘dictus
2772 3970 3145 4050 Anthonius,

417 4057 577 4140 quod
628 4057 825 4123 credit
867 4060 1104 4125 dictum
1149 4062 1437 4127 comitem
1489 4061 1615 4125 fore
1664 4062 2046 4133 contentum,
2073 4059 2252 4142 quod,
2295 4059 2690 4124 rehedificato
2726 4059 2892 4124 dicto
2924 4060 3149 4138 castr0,

419 4147 604 4211 rocha
652 4145 1014 4230 principalis
1062 4149 1258 4231 ipsius
1304 4150 1716 4213 custodiretur
1762 4148 1892 4214 suis
1939 4147 2217 4231 expensis
2269 4146 2348 4212 ab
2411 4147 2767 4213 hominibus
2830 4149 2893 4212 et
2939 4149 3147 4212 custo-

418 4233 602 4297 dibus
648 4236 874 4300 nostris
923 4240 986 4300 et
1032 4257 1139 4319 per
1189 4239 1469 4302 nostrum
1518 4237 1880 4303 dominium.
1932 4236 2012 4300 Et
2042 4236 2180 4300 ideo
2213 4235 2494 4301 debeatis
2528 4236 2876 4300 examinare
2906 4235 3147 4300 dictum

420 4323 759 4404 negotium,
810 4327 875 4388 et
921 4325 1256 4391 informare
1297 4345 1404 4390 vos
1472 4326 1741 4406 plenarie
1789 4327 1865 4389 de
1910 4345 1997 4399 eo,
2057 4325 2217 4407 quod
2260 4324 2418 4389 foret
2481 4325 2750 4389 fiendum
2821 4343 2929 4408 pro
2991 4324 3148 4389 bono

419 4409 581 4474 dicte
625 4414 784 4475 terre
832 4417 893 4475 et
939 4413 1165 4479 honore
1212 4419 1442 4489 nostro,
1491 4414 1582 4477 ita
1629 4415 1789 4497 quod
1838 4413 1899 4477 in
1943 4412 2288 4478 reversione
2351 4414 2554 4478 vestra
2602 4413 2796 4496 possit
2840 4412 3144 4496 provideri

422 4499 482 4561 et
522 4496 676 4570 fieri,
729 4499 893 4581 quod
946 4503 1163 4566 utilius
1208 4505 1272 4566 et
1317 4502 1541 4566 melius
1587 4501 1920 4566 videbitur.

632 4586 786 4651 Item
834 4590 977 4669 quia
1025 4592 1269 4664 dicitur,
1299 4592 1461 4673 quod
1508 4589 1618 4654 illa
1666 4590 1862 4654 turris
1910 4589 2010 4654 del
2046 4590 2255 4673 Pirgo,
2293 4591 2448 4656 alias
2480 4589 2707 4653 donata
2743 4590 2807 4653 et
2834 4589 2980 4654 data
3010 4607 3152 4672 per-

420 4690 534 4737 nos
582 4674 826 4737 domine
875 4676 1168 4756 Avalone,
1218 4681 1315 4743 est
1362 4679 1484 4744 sita
1531 4679 1594 4742 in
1644 4676 1792 4755 loco,
1820 4678 1922 4759 qui
1973 4681 2141 4743 esset
2194 4678 2369 4742 valde
2401 4677 2610 4742 dester
2640 4678 2851 4743 nostro
2885 4676 3150 4742 dominio

423 4779 528 4842 pro
574 4760 734 4825 facto
787 4762 1103 4844 Durachii‚
1154 4768 1219 4830 et
1288 4766 1450 4849 quod
1525 4766 1749 4831 leviter
1797 4769 2009 4850 posset
2074 4765 2353 4832 rehaberi
2418 4785 2457 4831 a
2524 4763 2773 4829 domina
2842 4764 3141 4848 predicta,
