<?xml version="1.0" encoding="UTF-8"?>
<!DOCTYPE html PUBLIC "-//W3C//DTD XHTML 1.0 Transitional//EN"
    "http://www.w3.org/TR/xhtml1/DTD/xhtml1-transitional.dtd">
<html xmlns="http://www.w3.org/1999/xhtml" xml:lang="en" lang="en">
 <head>
  <title>
</title>
<meta http-equiv="Content-Type" content="text/html;charset=utf-8" />
  <meta name='ocr-system' content='tesseract 3.04.00' />
  <meta name='ocr-capabilities' content='ocr_page ocr_carea ocr_par ocr_line ocrx_word'/>
</head>
<body>
  <div class='ocr_page' id='page_1' title='image "./monumentaspecta02umjegoog_0551.png"; bbox 0 0 3620 5282; ppageno 0'>
   <div class='ocr_carea' id='block_1_1' title="bbox 3159 317 3198 381">
    <p class='ocr_par' dir='ltr' id='par_1_1' title="bbox 3159 317 3198 381">
     <span class='ocr_line' id='line_1_1' title="bbox 3159 317 3198 381; baseline 0 0"><span class='ocrx_word' id='word_1_1' title='bbox 3159 317 3198 381; x_wconf 84' lang='lat'>7</span> 
     </span>
    </p>
   </div>
   <div class='ocr_carea' id='block_1_2' title="bbox 461 476 3194 2133">
    <p class='ocr_par' dir='ltr' id='par_1_2' title="bbox 461 476 3194 2133">
     <span class='ocr_line' id='line_1_2' title="bbox 477 476 3193 571; baseline 0.006 -31"><span class='ocrx_word' id='word_1_2' title='bbox 477 476 640 541; x_wconf 89' lang='lat' dir='ltr'><strong>inter</strong></span> <span class='ocrx_word' id='word_1_3' title='bbox 701 476 867 558; x_wconf 90' lang='lat' dir='ltr'><strong>ipsos</strong></span> <span class='ocrx_word' id='word_1_4' title='bbox 929 478 1230 560; x_wconf 89' lang='lat' dir='ltr'><strong>appositis</strong></span> <span class='ocrx_word' id='word_1_5' title='bbox 1294 480 1357 542; x_wconf 88' lang='lat' dir='ltr'><strong>et</strong></span> <span class='ocrx_word' id='word_1_6' title='bbox 1421 480 1705 557; x_wconf 76' lang='lat' dir='ltr'><strong>firmatiS,</strong></span> <span class='ocrx_word' id='word_1_7' title='bbox 1764 499 1876 545; x_wconf 91' lang='lat' dir='ltr'><strong>nos</strong></span> <span class='ocrx_word' id='word_1_8' title='bbox 1932 480 2291 562; x_wconf 82' lang='lat' dir='ltr'><strong>profitemus</strong></span> <span class='ocrx_word' id='word_1_9' title='bbox 2353 484 2415 547; x_wconf 91' lang='lat' dir='ltr'><strong>et</strong></span> <span class='ocrx_word' id='word_1_10' title='bbox 2461 484 2882 565; x_wconf 77' lang='lat' dir='ltr'><strong>promittimus</strong></span> <span class='ocrx_word' id='word_1_11' title='bbox 2929 508 3037 571; x_wconf 90' lang='lat' dir='ltr'><strong>per</strong></span> <span class='ocrx_word' id='word_1_12' title='bbox 3082 509 3193 555; x_wconf 90' lang='lat' dir='ltr'><strong>nos</strong></span> 
     </span>
     <span class='ocr_line' id='line_1_3' title="bbox 479 566 3194 660; baseline 0.005 -32"><span class='ocrx_word' id='word_1_13' title='bbox 479 566 544 628; x_wconf 92' lang='lat' dir='ltr'><strong>et</strong></span> <span class='ocrx_word' id='word_1_14' title='bbox 590 582 977 629; x_wconf 81' lang='lat' dir='ltr'><strong>successores</strong></span> <span class='ocrx_word' id='word_1_15' title='bbox 1039 568 1299 644; x_wconf 91' lang='lat' dir='ltr'><strong>nostros,</strong></span> <span class='ocrx_word' id='word_1_16' title='bbox 1362 567 1519 648; x_wconf 90' lang='lat' dir='ltr'><strong>quod</strong></span> <span class='ocrx_word' id='word_1_17' title='bbox 1583 569 2085 651; x_wconf 79' lang='lat' dir='ltr'>quandocumque</span> <span class='ocrx_word' id='word_1_18' title='bbox 2133 568 2338 633; x_wconf 90' lang='lat' dir='ltr'><strong>dictus</strong></span> <span class='ocrx_word' id='word_1_19' title='bbox 2385 569 2673 635; x_wconf 89' lang='lat' dir='ltr'><strong>dominus</strong></span> <span class='ocrx_word' id='word_1_20' title='bbox 2722 590 2928 638; x_wconf 90' lang='lat' dir='ltr'><strong>comes</strong></span> <span class='ocrx_word' id='word_1_21' title='bbox 2975 575 3194 660; x_wconf 80' lang='lat' dir='ltr'><strong>Meyn-</strong></span> 
     </span>
     <span class='ocr_line' id='line_1_4' title="bbox 468 651 3193 728; baseline 0.005 -13"><span class='ocrx_word' id='word_1_22' title='bbox 468 651 699 715; x_wconf 88' lang='lat' dir='ltr'><strong>hardus</strong></span> <span class='ocrx_word' id='word_1_23' title='bbox 746 655 812 716; x_wconf 93' lang='lat' dir='ltr'><strong>et</strong></span> <span class='ocrx_word' id='word_1_24' title='bbox 851 652 1136 716; x_wconf 88' lang='lat' dir='ltr'><strong>dominus</strong></span> <span class='ocrx_word' id='word_1_25' title='bbox 1183 672 1386 717; x_wconf 90' lang='lat' dir='ltr'><strong>comes</strong></span> <span class='ocrx_word' id='word_1_26' title='bbox 1447 653 1752 719; x_wconf 90' lang='lat' dir='ltr'><strong>Henricus</strong></span> <span class='ocrx_word' id='word_1_27' title='bbox 1815 654 1945 719; x_wconf 86' lang='lat' dir='ltr'><strong>eius</strong></span> <span class='ocrx_word' id='word_1_28' title='bbox 1997 656 2189 720; x_wconf 84' lang='lat' dir='ltr'><strong>frater</strong></span> <span class='ocrx_word' id='word_1_29' title='bbox 2236 659 2301 720; x_wconf 90' lang='lat' dir='ltr'><strong>et</strong></span> <span class='ocrx_word' id='word_1_30' title='bbox 2344 675 2555 720; x_wconf 89' lang='lat' dir='ltr'><strong>eorum</strong></span> <span class='ocrx_word' id='word_1_31' title='bbox 2602 659 2853 723; x_wconf 87' lang='lat' dir='ltr'><strong>heredes</strong></span> <span class='ocrx_word' id='word_1_32' title='bbox 2899 662 2997 726; x_wconf 84' lang='lat' dir='ltr'><strong>vel</strong></span> <span class='ocrx_word' id='word_1_33' title='bbox 3054 683 3193 728; x_wconf 90' lang='lat' dir='ltr'><strong>suc-</strong></span> 
     </span>
     <span class='ocr_line' id='line_1_5' title="bbox 469 740 3191 831; baseline 0.004 -29"><span class='ocrx_word' id='word_1_34' title='bbox 469 754 740 802; x_wconf 81' lang='lat' dir='ltr'><strong>cessores</strong></span> <span class='ocrx_word' id='word_1_35' title='bbox 788 740 1037 821; x_wconf 83' lang='lat' dir='ltr'><strong>exigent</strong></span> <span class='ocrx_word' id='word_1_36' title='bbox 1081 758 1189 804; x_wconf 90' lang='lat' dir='ltr'><strong>seu</strong></span> <span class='ocrx_word' id='word_1_37' title='bbox 1250 741 1492 821; x_wconf 86' lang='lat' dir='ltr'><strong>exigere</strong></span> <span class='ocrx_word' id='word_1_38' title='bbox 1556 743 1866 806; x_wconf 89' lang='lat' dir='ltr'><strong>voluerint</strong></span> <span class='ocrx_word' id='word_1_39' title='bbox 1926 743 2163 806; x_wconf 87' lang='lat' dir='ltr'><strong>dictum</strong></span> <span class='ocrx_word' id='word_1_40' title='bbox 2214 747 2485 808; x_wconf 80' lang='lat' dir='ltr'><strong>castrum</strong></span> <span class='ocrx_word' id='word_1_41' title='bbox 2534 745 2927 827; x_wconf 86' lang='lat' dir='ltr'><strong>Rathspurch</strong></span> <span class='ocrx_word' id='word_1_42' title='bbox 2973 768 3010 813; x_wconf 87' lang='lat' dir='ltr'><strong>a</strong></span> <span class='ocrx_word' id='word_1_43' title='bbox 3053 770 3191 831; x_wconf 91' lang='lat' dir='ltr'><strong>pre-</strong></span> 
     </span>
     <span class='ocr_line' id='line_1_6' title="bbox 468 825 3190 916; baseline 0.004 -27"><span class='ocrx_word' id='word_1_44' title='bbox 468 825 617 890; x_wconf 88' lang='lat' dir='ltr'><strong>fatis</strong></span> <span class='ocrx_word' id='word_1_45' title='bbox 663 827 911 890; x_wconf 91' lang='lat' dir='ltr'><strong>domino</strong></span> <span class='ocrx_word' id='word_1_46' title='bbox 958 827 1187 891; x_wconf 89' lang='lat' dir='ltr'><strong>comite</strong></span> <span class='ocrx_word' id='word_1_47' title='bbox 1234 826 1497 911; x_wconf 89' lang='lat' dir='ltr'><strong>Georgio</strong></span> <span class='ocrx_word' id='word_1_48' title='bbox 1545 832 1605 891; x_wconf 92' lang='lat' dir='ltr'><strong>et</strong></span> <span class='ocrx_word' id='word_1_49' title='bbox 1652 829 1785 893; x_wconf 90' lang='lat' dir='ltr'><strong>eius</strong></span> <span class='ocrx_word' id='word_1_50' title='bbox 1834 847 2021 893; x_wconf 85' lang='lat' dir='ltr'><strong>uxore</strong></span> <span class='ocrx_word' id='word_1_51' title='bbox 2069 832 2136 894; x_wconf 95' lang='lat' dir='ltr'><strong>et</strong></span> <span class='ocrx_word' id='word_1_52' title='bbox 2182 848 2220 893; x_wconf 89' lang='lat' dir='ltr'><strong>a</strong></span> <span class='ocrx_word' id='word_1_53' title='bbox 2262 831 2392 894; x_wconf 89' lang='lat' dir='ltr'><strong>suis</strong></span> <span class='ocrx_word' id='word_1_54' title='bbox 2437 832 2789 912; x_wconf 77' lang='lat' dir='ltr'><strong>heredibuS,</strong></span> <span class='ocrx_word' id='word_1_55' title='bbox 2823 836 2887 898; x_wconf 91' lang='lat' dir='ltr'><strong>et</strong></span> <span class='ocrx_word' id='word_1_56' title='bbox 2928 837 3190 916; x_wconf 81' lang='lat' dir='ltr'><strong>predicti</strong></span> 
     </span>
     <span class='ocr_line' id='line_1_7' title="bbox 466 912 3189 998; baseline 0.005 -23"><span class='ocrx_word' id='word_1_57' title='bbox 466 912 754 976; x_wconf 87' lang='lat' dir='ltr'><strong>dominus</strong></span> <span class='ocrx_word' id='word_1_58' title='bbox 822 931 1027 978; x_wconf 90' lang='lat' dir='ltr'><strong>comes</strong></span> <span class='ocrx_word' id='word_1_59' title='bbox 1094 914 1400 996; x_wconf 87' lang='lat' dir='ltr'><strong>Georgius</strong></span> <span class='ocrx_word' id='word_1_60' title='bbox 1463 916 1528 978; x_wconf 93' lang='lat' dir='ltr'><strong>et</strong></span> <span class='ocrx_word' id='word_1_61' title='bbox 1589 934 1737 980; x_wconf 85' lang='lat' dir='ltr'><strong>uxor</strong></span> <span class='ocrx_word' id='word_1_62' title='bbox 1805 918 1939 980; x_wconf 83' lang='lat' dir='ltr'><strong>eius</strong></span> <span class='ocrx_word' id='word_1_63' title='bbox 2007 917 2460 998; x_wconf 76' lang='lat' dir='ltr'><strong>prenominatis</strong></span> <span class='ocrx_word' id='word_1_64' title='bbox 2528 919 2792 984; x_wconf 89' lang='lat' dir='ltr'><strong>dominis</strong></span> <span class='ocrx_word' id='word_1_65' title='bbox 2855 923 3189 989; x_wconf 82' lang='lat' dir='ltr'><strong>comitibus</strong></span> 
     </span>
     <span class='ocr_line' id='line_1_8' title="bbox 467 999 3191 1085; baseline 0.004 -22"><span class='ocrx_word' id='word_1_66' title='bbox 467 999 847 1083; x_wconf 84' lang='lat' dir='ltr'><strong>Meynhardo</strong></span> <span class='ocrx_word' id='word_1_67' title='bbox 895 1004 959 1065; x_wconf 90' lang='lat' dir='ltr'><strong>et</strong></span> <span class='ocrx_word' id='word_1_68' title='bbox 1001 1001 1273 1066; x_wconf 89' lang='lat' dir='ltr'><strong>Henrico</strong></span> <span class='ocrx_word' id='word_1_69' title='bbox 1321 1001 1652 1067; x_wconf 89' lang='lat' dir='ltr'><strong>fratribus</strong></span> <span class='ocrx_word' id='word_1_70' title='bbox 1691 1005 1757 1067; x_wconf 93' lang='lat' dir='ltr'><strong>et</strong></span> <span class='ocrx_word' id='word_1_71' title='bbox 1802 1021 2017 1067; x_wconf 89' lang='lat' dir='ltr'><strong>eorum</strong></span> <span class='ocrx_word' id='word_1_72' title='bbox 2064 1005 2390 1069; x_wconf 86' lang='lat' dir='ltr'><strong>heredibus</strong></span> <span class='ocrx_word' id='word_1_73' title='bbox 2440 1006 2746 1085; x_wconf 85' lang='lat' dir='ltr'><strong>prefatum</strong></span> <span class='ocrx_word' id='word_1_74' title='bbox 2794 1009 3065 1073; x_wconf 80' lang='lat' dir='ltr'><strong>castrum</strong></span> <span class='ocrx_word' id='word_1_75' title='bbox 3095 1029 3191 1075; x_wconf 91' lang='lat' dir='ltr'><strong>re-</strong></span> 
     </span>
     <span class='ocr_line' id='line_1_9' title="bbox 466 1087 3183 1180; baseline 0.004 -29"><span class='ocrx_word' id='word_1_76' title='bbox 466 1087 729 1152; x_wconf 89' lang='lat' dir='ltr'><strong>stituere</strong></span> <span class='ocrx_word' id='word_1_77' title='bbox 772 1090 1147 1166; x_wconf 85' lang='lat' dir='ltr'><strong>recusarent,</strong></span> <span class='ocrx_word' id='word_1_78' title='bbox 1188 1094 1251 1152; x_wconf 90' lang='lat' dir='ltr'><strong>et</strong></span> <span class='ocrx_word' id='word_1_79' title='bbox 1297 1092 1477 1171; x_wconf 87' lang='lat' dir='ltr'><strong>pacta</strong></span> <span class='ocrx_word' id='word_1_80' title='bbox 1524 1090 1685 1153; x_wconf 91' lang='lat' dir='ltr'><strong>inter</strong></span> <span class='ocrx_word' id='word_1_81' title='bbox 1743 1109 1842 1155; x_wconf 87' lang='lat' dir='ltr'><strong>eos</strong></span> <span class='ocrx_word' id='word_1_82' title='bbox 1890 1090 2102 1154; x_wconf 87' lang='lat' dir='ltr'><strong>habita</strong></span> <span class='ocrx_word' id='word_1_83' title='bbox 2143 1092 2556 1173; x_wconf 86' lang='lat' dir='ltr'><strong>infringerent</strong></span> <span class='ocrx_word' id='word_1_84' title='bbox 2599 1093 2726 1157; x_wconf 92' lang='lat' dir='ltr'><strong>ullo</strong></span> <span class='ocrx_word' id='word_1_85' title='bbox 2777 1096 2972 1172; x_wconf 85' lang='lat' dir='ltr'><strong>modo,</strong></span> <span class='ocrx_word' id='word_1_86' title='bbox 3023 1098 3183 1180; x_wconf 90' lang='lat' dir='ltr'><strong>quod</strong></span> 
     </span>
     <span class='ocr_line' id='line_1_10' title="bbox 467 1175 3188 1262; baseline 0.004 -25"><span class='ocrx_word' id='word_1_87' title='bbox 467 1193 573 1239; x_wconf 88' lang='lat' dir='ltr'><strong>nos</strong></span> <span class='ocrx_word' id='word_1_88' title='bbox 634 1175 1006 1256; x_wconf 89' lang='lat' dir='ltr'><strong>supradictis</strong></span> <span class='ocrx_word' id='word_1_89' title='bbox 1054 1177 1300 1241; x_wconf 89' lang='lat' dir='ltr'><strong>domino</strong></span> <span class='ocrx_word' id='word_1_90' title='bbox 1345 1178 1559 1241; x_wconf 88' lang='lat' dir='ltr'><strong>comiti</strong></span> <span class='ocrx_word' id='word_1_91' title='bbox 1606 1176 1871 1260; x_wconf 90' lang='lat' dir='ltr'><strong>Georgio</strong></span> <span class='ocrx_word' id='word_1_92' title='bbox 1919 1180 1981 1242; x_wconf 92' lang='lat' dir='ltr'><strong>et</strong></span> <span class='ocrx_word' id='word_1_93' title='bbox 2028 1179 2161 1242; x_wconf 91' lang='lat' dir='ltr'><strong>eius</strong></span> <span class='ocrx_word' id='word_1_94' title='bbox 2209 1181 2377 1242; x_wconf 85' lang='lat' dir='ltr'><strong>uxori</strong></span> <span class='ocrx_word' id='word_1_95' title='bbox 2437 1198 2507 1243; x_wconf 87' lang='lat' dir='ltr'><strong>ac</strong></span> <span class='ocrx_word' id='word_1_96' title='bbox 2552 1181 2827 1262; x_wconf 87' lang='lat' dir='ltr'><strong>ipsorum</strong></span> <span class='ocrx_word' id='word_1_97' title='bbox 2861 1183 3188 1249; x_wconf 87' lang='lat' dir='ltr'><strong>heredibus</strong></span> 
     </span>
     <span class='ocr_line' id='line_1_11' title="bbox 465 1263 3187 1347; baseline 0.003 -21"><span class='ocrx_word' id='word_1_98' title='bbox 465 1280 584 1327; x_wconf 91' lang='lat' dir='ltr'><strong>non</strong></span> <span class='ocrx_word' id='word_1_99' title='bbox 631 1263 912 1327; x_wconf 90' lang='lat' dir='ltr'><strong>dabimus</strong></span> <span class='ocrx_word' id='word_1_100' title='bbox 976 1283 1171 1346; x_wconf 90' lang='lat' dir='ltr'><strong>neque</strong></span> <span class='ocrx_word' id='word_1_101' title='bbox 1226 1264 1357 1327; x_wconf 88' lang='lat' dir='ltr'><strong>dari</strong></span> <span class='ocrx_word' id='word_1_102' title='bbox 1419 1264 1715 1329; x_wconf 86' lang='lat' dir='ltr'><strong>faciemus</strong></span> <span class='ocrx_word' id='word_1_103' title='bbox 1778 1266 2133 1347; x_wconf 90' lang='lat' dir='ltr'><strong>aliqualiter</strong></span> <span class='ocrx_word' id='word_1_104' title='bbox 2195 1266 2511 1339; x_wconf 81' lang='lat' dir='ltr'><strong>auxilium,</strong></span> <span class='ocrx_word' id='word_1_105' title='bbox 2563 1266 2885 1332; x_wconf 87' lang='lat' dir='ltr'><strong>consilium</strong></span> <span class='ocrx_word' id='word_1_106' title='bbox 2933 1287 3045 1334; x_wconf 92' lang='lat' dir='ltr'><strong>nec</strong></span> <span class='ocrx_word' id='word_1_107' title='bbox 3091 1271 3187 1335; x_wconf 87' lang='lat' dir='ltr'><strong>fa·</strong></span> 
     </span>
     <span class='ocr_line' id='line_1_12' title="bbox 470 1350 3186 1438; baseline 0.003 -24"><span class='ocrx_word' id='word_1_108' title='bbox 470 1368 700 1414; x_wconf 83' lang='lat' dir='ltr'><strong>vorem.</strong></span> <span class='ocrx_word' id='word_1_109' title='bbox 761 1350 1051 1416; x_wconf 88' lang='lat' dir='ltr'><strong>Preterea</strong></span> <span class='ocrx_word' id='word_1_110' title='bbox 1092 1369 1212 1414; x_wconf 89' lang='lat' dir='ltr'><strong>non</strong></span> <span class='ocrx_word' id='word_1_111' title='bbox 1261 1351 1724 1434; x_wconf 88' lang='lat' dir='ltr'><strong>procurabimus</strong></span> <span class='ocrx_word' id='word_1_112' title='bbox 1785 1371 1896 1417; x_wconf 90' lang='lat' dir='ltr'><strong>nec</strong></span> <span class='ocrx_word' id='word_1_113' title='bbox 1943 1354 2193 1418; x_wconf 88' lang='lat' dir='ltr'><strong>tractari</strong></span> <span class='ocrx_word' id='word_1_114' title='bbox 2241 1352 2538 1418; x_wconf 87' lang='lat' dir='ltr'><strong>faciemus</strong></span> <span class='ocrx_word' id='word_1_115' title='bbox 2586 1373 2694 1436; x_wconf 91' lang='lat' dir='ltr'><strong>per</strong></span> <span class='ocrx_word' id='word_1_116' title='bbox 2737 1356 3004 1438; x_wconf 88' lang='lat' dir='ltr'><strong>aliquem</strong></span> <span class='ocrx_word' id='word_1_117' title='bbox 3053 1376 3186 1422; x_wconf 90' lang='lat' dir='ltr'><strong>mo-</strong></span> 
     </span>
     <span class='ocr_line' id='line_1_13' title="bbox 466 1436 3185 1527; baseline 0.003 -27"><span class='ocrx_word' id='word_1_118' title='bbox 466 1436 616 1501; x_wconf 93' lang='lat' dir='ltr'><strong>dum</strong></span> <span class='ocrx_word' id='word_1_119' title='bbox 677 1437 771 1501; x_wconf 89' lang='lat' dir='ltr'><strong>vel</strong></span> <span class='ocrx_word' id='word_1_120' title='bbox 817 1438 1074 1503; x_wconf 83' lang='lat' dir='ltr'><strong>formam</strong></span> <span class='ocrx_word' id='word_1_121' title='bbox 1127 1458 1232 1520; x_wconf 89' lang='lat' dir='ltr'><strong>pro</strong></span> <span class='ocrx_word' id='word_1_122' title='bbox 1259 1440 1419 1504; x_wconf 87' lang='lat' dir='ltr'><strong>dicto</strong></span> <span class='ocrx_word' id='word_1_123' title='bbox 1466 1442 1670 1504; x_wconf 88' lang='lat' dir='ltr'><strong>castro</strong></span> <span class='ocrx_word' id='word_1_124' title='bbox 1694 1440 1993 1516; x_wconf 88' lang='lat' dir='ltr'><strong>habendo,</strong></span> <span class='ocrx_word' id='word_1_125' title='bbox 2023 1440 2210 1504; x_wconf 91' lang='lat' dir='ltr'><strong>donec</strong></span> <span class='ocrx_word' id='word_1_126' title='bbox 2244 1440 2447 1523; x_wconf 87' lang='lat' dir='ltr'><strong>ipsum</strong></span> <span class='ocrx_word' id='word_1_127' title='bbox 2480 1444 2752 1507; x_wconf 88' lang='lat' dir='ltr'><strong>castrum</strong></span> <span class='ocrx_word' id='word_1_128' title='bbox 2792 1443 3185 1527; x_wconf 84' lang='lat' dir='ltr'><strong>Rathspurch</strong></span> 
     </span>
     <span class='ocr_line' id='line_1_14' title="bbox 465 1525 3186 1609; baseline 0.002 -20"><span class='ocrx_word' id='word_1_129' title='bbox 465 1525 720 1607; x_wconf 86' lang='lat' dir='ltr'><strong>prefatis</strong></span> <span class='ocrx_word' id='word_1_130' title='bbox 769 1525 1030 1590; x_wconf 90' lang='lat' dir='ltr'><strong>dominis</strong></span> <span class='ocrx_word' id='word_1_131' title='bbox 1094 1525 1426 1591; x_wconf 90' lang='lat' dir='ltr'><strong>comitibus</strong></span> <span class='ocrx_word' id='word_1_132' title='bbox 1498 1526 1875 1609; x_wconf 89' lang='lat' dir='ltr'><strong>Meynhardo</strong></span> <span class='ocrx_word' id='word_1_133' title='bbox 1921 1530 1986 1591; x_wconf 91' lang='lat' dir='ltr'><strong>et</strong></span> <span class='ocrx_word' id='word_1_134' title='bbox 2043 1528 2312 1591; x_wconf 90' lang='lat' dir='ltr'><strong>Henrico</strong></span> <span class='ocrx_word' id='word_1_135' title='bbox 2368 1527 2665 1593; x_wconf 86' lang='lat' dir='ltr'><strong>fratribus</strong></span> <span class='ocrx_word' id='word_1_136' title='bbox 2713 1532 2777 1593; x_wconf 92' lang='lat' dir='ltr'><strong>et</strong></span> <span class='ocrx_word' id='word_1_137' title='bbox 2818 1549 3031 1595; x_wconf 90' lang='lat' dir='ltr'><strong>eorum</strong></span> <span class='ocrx_word' id='word_1_138' title='bbox 3077 1531 3186 1595; x_wconf 92' lang='lat' dir='ltr'><strong>he-</strong></span> 
     </span>
     <span class='ocr_line' id='line_1_15' title="bbox 461 1612 3182 1699; baseline 0.003 -23"><span class='ocrx_word' id='word_1_139' title='bbox 461 1612 707 1677; x_wconf 89' lang='lat' dir='ltr'><strong>redibus</strong></span> <span class='ocrx_word' id='word_1_140' title='bbox 763 1632 879 1677; x_wconf 90' lang='lat' dir='ltr'><strong>non</strong></span> <span class='ocrx_word' id='word_1_141' title='bbox 956 1612 1144 1677; x_wconf 84' lang='lat' dir='ltr'><strong>fuerit</strong></span> <span class='ocrx_word' id='word_1_142' title='bbox 1205 1615 1588 1678; x_wconf 88' lang='lat' dir='ltr'><strong>restitutum.</strong></span> <span class='ocrx_word' id='word_1_143' title='bbox 1671 1615 1750 1678; x_wconf 84' lang='lat' dir='ltr'><strong>Et</strong></span> <span class='ocrx_word' id='word_1_144' title='bbox 1796 1616 1847 1678; x_wconf 90' lang='lat' dir='ltr'><strong>si</strong></span> <span class='ocrx_word' id='word_1_145' title='bbox 1917 1615 2213 1697; x_wconf 90' lang='lat' dir='ltr'><strong>sepedicti</strong></span> <span class='ocrx_word' id='word_1_146' title='bbox 2277 1614 2563 1680; x_wconf 90' lang='lat' dir='ltr'><strong>dominus</strong></span> <span class='ocrx_word' id='word_1_147' title='bbox 2627 1634 2832 1681; x_wconf 91' lang='lat' dir='ltr'><strong>comes</strong></span> <span class='ocrx_word' id='word_1_148' title='bbox 2879 1618 3182 1699; x_wconf 84' lang='lat' dir='ltr'><strong>Georgius</strong></span> 
     </span>
     <span class='ocr_line' id='line_1_16' title="bbox 466 1700 3180 1769; baseline 0.003 -6"><span class='ocrx_word' id='word_1_149' title='bbox 466 1704 529 1764; x_wconf 92' lang='lat' dir='ltr'><strong>et</strong></span> <span class='ocrx_word' id='word_1_150' title='bbox 576 1700 707 1764; x_wconf 92' lang='lat' dir='ltr'><strong>eius</strong></span> <span class='ocrx_word' id='word_1_151' title='bbox 750 1719 899 1763; x_wconf 87' lang='lat' dir='ltr'><strong>uxor</strong></span> <span class='ocrx_word' id='word_1_152' title='bbox 944 1700 1175 1765; x_wconf 84' lang='lat' dir='ltr'><strong>vellent</strong></span> <span class='ocrx_word' id='word_1_153' title='bbox 1219 1702 1466 1765; x_wconf 88' lang='lat' dir='ltr'><strong>interim</strong></span> <span class='ocrx_word' id='word_1_154' title='bbox 1508 1702 1684 1765; x_wconf 91' lang='lat' dir='ltr'><strong>nobis</strong></span> <span class='ocrx_word' id='word_1_155' title='bbox 1717 1704 1826 1766; x_wconf 90' lang='lat' dir='ltr'><strong>aut</strong></span> <span class='ocrx_word' id='word_1_156' title='bbox 1856 1702 2040 1765; x_wconf 91' lang='lat' dir='ltr'><strong>alicui</strong></span> <span class='ocrx_word' id='word_1_157' title='bbox 2083 1706 2291 1767; x_wconf 88' lang='lat' dir='ltr'><strong>nostro</strong></span> <span class='ocrx_word' id='word_1_158' title='bbox 2338 1703 2587 1768; x_wconf 91' lang='lat' dir='ltr'><strong>subdito</strong></span> <span class='ocrx_word' id='word_1_159' title='bbox 2630 1703 2889 1768; x_wconf 86' lang='lat' dir='ltr'><strong>vendere</strong></span> <span class='ocrx_word' id='word_1_160' title='bbox 2934 1706 3030 1769; x_wconf 86' lang='lat' dir='ltr'><strong>vel</strong></span> <span class='ocrx_word' id='word_1_161' title='bbox 3064 1706 3180 1769; x_wconf 90' lang='lat' dir='ltr'><strong>im-</strong></span> 
     </span>
     <span class='ocr_line' id='line_1_17' title="bbox 463 1788 3181 1874; baseline 0.003 -24"><span class='ocrx_word' id='word_1_162' title='bbox 463 1788 783 1871; x_wconf 89' lang='lat' dir='ltr'><strong>pignerare</strong></span> <span class='ocrx_word' id='word_1_163' title='bbox 842 1791 951 1852; x_wconf 86' lang='lat' dir='ltr'><strong>ant</strong></span> <span class='ocrx_word' id='word_1_164' title='bbox 1012 1790 1191 1853; x_wconf 91' lang='lat' dir='ltr'><strong>modo</strong></span> <span class='ocrx_word' id='word_1_165' title='bbox 1255 1788 1462 1870; x_wconf 92' lang='lat' dir='ltr'><strong>aliquo</strong></span> <span class='ocrx_word' id='word_1_166' title='bbox 1524 1789 1796 1871; x_wconf 85' lang='lat' dir='ltr'><strong>obligare</strong></span> <span class='ocrx_word' id='word_1_167' title='bbox 1859 1789 2199 1871; x_wconf 91' lang='lat' dir='ltr'><strong>predictum</strong></span> <span class='ocrx_word' id='word_1_168' title='bbox 2250 1792 2522 1854; x_wconf 87' lang='lat' dir='ltr'><strong>castrum</strong></span> <span class='ocrx_word' id='word_1_169' title='bbox 2565 1791 2975 1871; x_wconf 83' lang='lat' dir='ltr'><strong>Rathspurch,</strong></span> <span class='ocrx_word' id='word_1_170' title='bbox 3022 1794 3181 1874; x_wconf 89' lang='lat' dir='ltr'><strong>quod</strong></span> 
     </span>
     <span class='ocr_line' id='line_1_18' title="bbox 464 1874 3184 1960; baseline 0.001 -20"><span class='ocrx_word' id='word_1_171' title='bbox 464 1875 623 1940; x_wconf 92' lang='lat' dir='ltr'><strong>illud</strong></span> <span class='ocrx_word' id='word_1_172' title='bbox 671 1893 788 1939; x_wconf 92' lang='lat' dir='ltr'><strong>non</strong></span> <span class='ocrx_word' id='word_1_173' title='bbox 839 1874 1211 1956; x_wconf 88' lang='lat' dir='ltr'><strong>accipiemus</strong></span> <span class='ocrx_word' id='word_1_174' title='bbox 1258 1875 1319 1939; x_wconf 90' lang='lat' dir='ltr'><strong>in</strong></span> <span class='ocrx_word' id='word_1_175' title='bbox 1369 1877 1620 1959; x_wconf 88' lang='lat' dir='ltr'><strong>pignore</strong></span> <span class='ocrx_word' id='word_1_176' title='bbox 1668 1876 1764 1939; x_wconf 90' lang='lat' dir='ltr'><strong>vel</strong></span> <span class='ocrx_word' id='word_1_177' title='bbox 1809 1878 1926 1940; x_wconf 92' lang='lat' dir='ltr'><strong>sub</strong></span> <span class='ocrx_word' id='word_1_178' title='bbox 1987 1876 2357 1959; x_wconf 90' lang='lat' dir='ltr'><strong>obligatione</strong></span> <span class='ocrx_word' id='word_1_179' title='bbox 2403 1877 2631 1959; x_wconf 89' lang='lat' dir='ltr'><strong>aliqua,</strong></span> <span class='ocrx_word' id='word_1_180' title='bbox 2688 1896 2801 1941; x_wconf 90' lang='lat' dir='ltr'><strong>nec</strong></span> <span class='ocrx_word' id='word_1_181' title='bbox 2849 1880 3043 1960; x_wconf 84' lang='lat' dir='ltr'><strong>accipi</strong></span> <span class='ocrx_word' id='word_1_182' title='bbox 3090 1880 3184 1943; x_wconf 91' lang='lat' dir='ltr'><strong>di-</strong></span> 
     </span>
     <span class='ocr_line' id='line_1_19' title="bbox 463 1962 3185 2048; baseline 0.002 -22"><span class='ocrx_word' id='word_1_183' title='bbox 463 1963 790 2027; x_wconf 83' lang='lat' dir='ltr'><strong>mittemus</strong></span> <span class='ocrx_word' id='word_1_184' title='bbox 822 1981 930 2044; x_wconf 92' lang='lat' dir='ltr'><strong>per</strong></span> <span class='ocrx_word' id='word_1_185' title='bbox 960 1962 1229 2043; x_wconf 86' lang='lat' dir='ltr'><strong>aliquem</strong></span> <span class='ocrx_word' id='word_1_186' title='bbox 1262 1964 1652 2027; x_wconf 88' lang='lat' dir='ltr'><strong>subditorum</strong></span> <span class='ocrx_word' id='word_1_187' title='bbox 1681 1966 2046 2028; x_wconf 87' lang='lat' dir='ltr'><strong>nostrorum.</strong></span> <span class='ocrx_word' id='word_1_188' title='bbox 2093 1963 2162 2027; x_wconf 91' lang='lat' dir='ltr'>In</span> <span class='ocrx_word' id='word_1_189' title='bbox 2203 1964 2379 2028; x_wconf 87' lang='lat' dir='ltr'><strong>cuius</strong></span> <span class='ocrx_word' id='word_1_190' title='bbox 2426 1964 2513 2028; x_wconf 89' lang='lat' dir='ltr'><strong>rei</strong></span> <span class='ocrx_word' id='word_1_191' title='bbox 2571 1964 2995 2029; x_wconf 89' lang='lat' dir='ltr'><strong>testimouium</strong></span> <span class='ocrx_word' id='word_1_192' title='bbox 3045 1986 3185 2048; x_wconf 89' lang='lat' dir='ltr'><strong>pre-</strong></span> 
     </span>
     <span class='ocr_line' id='line_1_20' title="bbox 466 2048 3183 2133; baseline 0.001 -18"><span class='ocrx_word' id='word_1_193' title='bbox 466 2052 673 2115; x_wconf 87' lang='lat' dir='ltr'><strong>sentes</strong></span> <span class='ocrx_word' id='word_1_194' title='bbox 720 2053 964 2114; x_wconf 88' lang='lat' dir='ltr'><strong>nostras</strong></span> <span class='ocrx_word' id='word_1_195' title='bbox 1013 2048 1254 2114; x_wconf 88' lang='lat' dir='ltr'><strong>litteras</strong></span> <span class='ocrx_word' id='word_1_196' title='bbox 1312 2049 1443 2112; x_wconf 89' lang='lat' dir='ltr'><strong>fieri</strong></span> <span class='ocrx_word' id='word_1_197' title='bbox 1505 2049 1820 2127; x_wconf 73' lang='lat' dir='ltr'><strong>iussimuS,</strong></span> <span class='ocrx_word' id='word_1_198' title='bbox 1870 2054 1932 2115; x_wconf 92' lang='lat' dir='ltr'><strong>et</strong></span> <span class='ocrx_word' id='word_1_199' title='bbox 1979 2052 2150 2115; x_wconf 89' lang='lat' dir='ltr'><strong>bulla</strong></span> <span class='ocrx_word' id='word_1_200' title='bbox 2194 2055 2405 2116; x_wconf 86' lang='lat' dir='ltr'><strong>nostra</strong></span> <span class='ocrx_word' id='word_1_201' title='bbox 2447 2052 2740 2133; x_wconf 88' lang='lat' dir='ltr'><strong>plumbea</strong></span> <span class='ocrx_word' id='word_1_202' title='bbox 2797 2054 3183 2117; x_wconf 85' lang='lat' dir='ltr'><strong>communiri.</strong></span> 
     </span>
    </p>
   </div>
   <div class='ocr_carea' id='block_1_3' title="bbox 465 2135 3184 2289">
    <p class='ocr_par' dir='ltr' id='par_1_3' title="bbox 465 2135 3184 2289">
     <span class='ocr_line' id='line_1_21' title="bbox 465 2135 3184 2289; baseline 0.001 -88"><span class='ocrx_word' id='word_1_203' title='bbox 465 2136 890 2289; x_wconf 33' lang='lat' dir='ltr'><strong>&amp;aggf-&amp;vilan</strong></span> <span class='ocrx_word' id='word_1_204' title='bbox 909 2139 1118 2201; x_wconf 91' lang='lat' dir='ltr'><strong>nostro</strong></span> <span class='ocrx_word' id='word_1_205' title='bbox 1187 2135 1389 2200; x_wconf 90' lang='lat' dir='ltr'><strong>ducali</strong></span> <span class='ocrx_word' id='word_1_206' title='bbox 1458 2137 1690 2218; x_wconf 90' lang='lat' dir='ltr'><strong>palatio</strong></span> <span class='ocrx_word' id='word_1_207' title='bbox 1759 2136 1860 2203; x_wconf 92' lang='lat' dir='ltr'><strong>die</strong></span> <span class='ocrx_word' id='word_1_208' title='bbox 1922 2136 2139 2202; x_wconf 86' lang='lat' dir='ltr'>XXIII</span> <span class='ocrx_word' id='word_1_209' title='bbox 2214 2138 2579 2218; x_wconf 85' lang='lat' dir='ltr'><strong>decembris,</strong></span> <span class='ocrx_word' id='word_1_210' title='bbox 2640 2138 2764 2202; x_wconf 88' lang='lat' dir='ltr'><strong>XII</strong></span> <span class='ocrx_word' id='word_1_211' title='bbox 2828 2138 3184 2204; x_wconf 89' lang='lat' dir='ltr'><strong>indictionis</strong></span> 
     </span>
    </p>
   </div>
   <div class='ocr_carea' id='block_1_4' title="bbox 549 2326 1793 2403">
    <p class='ocr_par' dir='ltr' id='par_1_4' title="bbox 549 2326 1793 2403">
     <span class='ocr_line' id='line_1_22' title="bbox 549 2326 1793 2403; baseline 0.001 -13"><span class='ocrx_word' id='word_1_212' title='bbox 549 2331 729 2391; x_wconf 68' lang='lat' dir='ltr'><strong>Misit·</strong></span> <span class='ocrx_word' id='word_1_213' title='bbox 778 2326 1089 2391; x_wconf 83' lang='lat' dir='ltr'><strong>XXVIII</strong></span> <span class='ocrx_word' id='word_1_214' title='bbox 1126 2332 1229 2403; x_wconf 86' lang='grc'><strong>83,</strong></span> <span class='ocrx_word' id='word_1_215' title='bbox 1275 2348 1319 2391; x_wconf 79' lang='lat' dir='ltr'><strong>u</strong></span> <span class='ocrx_word' id='word_1_216' title='bbox 1357 2332 1513 2393; x_wconf 76' lang='lat' dir='ltr'><strong>mlet.</strong></span> <span class='ocrx_word' id='word_1_217' title='bbox 1563 2333 1793 2392; x_wconf 75' lang='lat' dir='ltr'><strong>arkivu.</strong></span> 
     </span>
    </p>
   </div>
   <div class='ocr_carea' id='block_1_5' title="bbox 828 2537 2815 2639">
    <p class='ocr_par' dir='ltr' id='par_1_5' title="bbox 828 2537 2815 2639">
     <span class='ocr_line' id='line_1_23' title="bbox 828 2537 2815 2639; baseline -0.001 -19"><span class='ocrx_word' id='word_1_218' title='bbox 828 2539 1071 2629; x_wconf 88' lang='lat' dir='ltr'>XXI.</span> <span class='ocrx_word' id='word_1_219' title='bbox 1128 2537 1336 2621; x_wconf 87' lang='lat' dir='ltr'><strong>God.</strong></span> <span class='ocrx_word' id='word_1_220' title='bbox 1388 2537 1615 2621; x_wconf 79' lang='lat'>1358.</span> <span class='ocrx_word' id='word_1_221' title='bbox 1668 2537 1772 2620; x_wconf 80' lang='lat'><strong>29</strong></span> <span class='ocrx_word' id='word_1_222' title='bbox 1828 2538 2259 2639; x_wconf 75' lang='lat' dir='ltr'><strong>prosilies,</strong></span> <span class='ocrx_word' id='word_1_223' title='bbox 2309 2559 2371 2620; x_wconf 91' lang='lat' dir='ltr'><strong>u</strong></span> <span class='ocrx_word' id='word_1_224' title='bbox 2421 2537 2815 2621; x_wconf 81' lang='lat' dir='ltr'><strong>Mletcih.</strong></span> 
     </span>
    </p>
   </div>
   <div class='ocr_carea' id='block_1_6' title="bbox 459 2679 3186 2939">
    <p class='ocr_par' dir='ltr' id='par_1_6' title="bbox 459 2679 3186 2939">
     <span class='ocr_line' id='line_1_24' title="bbox 651 2679 3183 2763; baseline -0 -17"><span class='ocrx_word' id='word_1_225' title='bbox 651 2680 898 2763; x_wconf 65' lang='lat' dir='ltr'><strong>Capta:</strong></span> <span class='ocrx_word' id='word_1_226' title='bbox 961 2679 1122 2762; x_wconf 90' lang='lat' dir='ltr'><strong>quod</strong></span> <span class='ocrx_word' id='word_1_227' title='bbox 1170 2679 1479 2745; x_wconf 91' lang='lat' dir='ltr'><strong>scribatur</strong></span> <span class='ocrx_word' id='word_1_228' title='bbox 1526 2679 1839 2745; x_wconf 88' lang='lat' dir='ltr'><strong>Leonardo</strong></span> <span class='ocrx_word' id='word_1_229' title='bbox 1888 2679 2194 2758; x_wconf 85' lang='lat' dir='ltr'><strong>Dandulo‚</strong></span> <span class='ocrx_word' id='word_1_230' title='bbox 2244 2679 2681 2745; x_wconf 88' lang='lat' dir='ltr'><strong>ambasciatori</strong></span> <span class='ocrx_word' id='word_1_231' title='bbox 2748 2680 2911 2761; x_wconf 86' lang='lat' dir='ltr'><strong>apud</strong></span> <span class='ocrx_word' id='word_1_232' title='bbox 2975 2699 3183 2763; x_wconf 90' lang='lat' dir='ltr'><strong>regem</strong></span> 
     </span>
     <span class='ocr_line' id='line_1_25' title="bbox 461 2765 3186 2852; baseline -0.001 -18"><span class='ocrx_word' id='word_1_233' title='bbox 461 2770 779 2852; x_wconf 90' lang='lat' dir='ltr'><strong>Hungarie</strong></span> <span class='ocrx_word' id='word_1_234' title='bbox 831 2767 1049 2852; x_wconf 85' lang='lat' dir='ltr'><strong>„quod,</strong></span> <span class='ocrx_word' id='word_1_235' title='bbox 1098 2785 1237 2832; x_wconf 92' lang='lat' dir='ltr'><strong>cum</strong></span> <span class='ocrx_word' id='word_1_236' title='bbox 1288 2766 1373 2830; x_wconf 91' lang='lat' dir='ltr'><strong>sit</strong></span> <span class='ocrx_word' id='word_1_237' title='bbox 1416 2766 1648 2831; x_wconf 89' lang='lat' dir='ltr'><strong>electus</strong></span> <span class='ocrx_word' id='word_1_238' title='bbox 1695 2769 2052 2848; x_wconf 89' lang='lat' dir='ltr'><strong>capitaneus</strong></span> <span class='ocrx_word' id='word_1_239' title='bbox 2097 2765 2378 2845; x_wconf 85' lang='lat' dir='ltr'><strong>Tervisii,</strong></span> <span class='ocrx_word' id='word_1_240' title='bbox 2441 2766 2664 2831; x_wconf 90' lang='lat' dir='ltr'><strong>debeat</strong></span> <span class='ocrx_word' id='word_1_241' title='bbox 2724 2766 2923 2831; x_wconf 91' lang='lat' dir='ltr'><strong>redire</strong></span> <span class='ocrx_word' id='word_1_242' title='bbox 2984 2767 3186 2831; x_wconf 88' lang='lat' dir='ltr'><strong>Vene-</strong></span> 
     </span>
     <span class='ocr_line' id='line_1_26' title="bbox 459 2853 3186 2939; baseline -0 -18"><span class='ocrx_word' id='word_1_243' title='bbox 459 2857 582 2922; x_wconf 90' lang='lat' dir='ltr'><strong>tias</strong></span> <span class='ocrx_word' id='word_1_244' title='bbox 615 2874 721 2939; x_wconf 89' lang='lat' dir='ltr'><strong>pro</strong></span> <span class='ocrx_word' id='word_1_245' title='bbox 753 2856 948 2921; x_wconf 88' lang='lat' dir='ltr'><strong>eundo</strong></span> <span class='ocrx_word' id='word_1_246' title='bbox 980 2856 1056 2920; x_wconf 89' lang='lat' dir='ltr'><strong>ad</strong></span> <span class='ocrx_word' id='word_1_247' title='bbox 1088 2855 1366 2937; x_wconf 89' lang='lat' dir='ltr'><strong>regimen</strong></span> <span class='ocrx_word' id='word_1_248' title='bbox 1398 2862 1620 2918; x_wconf 77' lang='lat' dir='ltr'><strong>suum“</strong></span> <span class='ocrx_word' id='word_1_249' title='bbox 1687 2856 1939 2935; x_wconf 88' lang='lat' dir='ltr'><strong>accepto</strong></span> <span class='ocrx_word' id='word_1_250' title='bbox 1995 2856 2279 2919; x_wconf 91' lang='lat' dir='ltr'><strong>comeatu</strong></span> <span class='ocrx_word' id='word_1_251' title='bbox 2341 2871 2380 2918; x_wconf 90' lang='lat' dir='ltr'><strong>a</strong></span> <span class='ocrx_word' id='word_1_252' title='bbox 2424 2872 2588 2937; x_wconf 90' lang='lat' dir='ltr'><strong>rege,</strong></span> <span class='ocrx_word' id='word_1_253' title='bbox 2639 2853 2738 2918; x_wconf 86' lang='lat' dir='ltr'><strong>vel</strong></span> <span class='ocrx_word' id='word_1_254' title='bbox 2774 2854 2829 2918; x_wconf 90' lang='lat' dir='ltr'><strong>si</strong></span> <span class='ocrx_word' id='word_1_255' title='bbox 2874 2872 2977 2919; x_wconf 84' lang='lat' dir='ltr'><strong>rex</strong></span> <span class='ocrx_word' id='word_1_256' title='bbox 3022 2856 3186 2920; x_wconf 89' lang='lat' dir='ltr'><strong>esset</strong></span> 
     </span>
    </p>
   </div>
   <div class='ocr_carea' id='block_1_7' title="bbox 464 2940 2540 3103">
    <p class='ocr_par' dir='ltr' id='par_1_7' title="bbox 464 2940 2540 3103">
     <span class='ocr_line' id='line_1_27' title="bbox 464 2940 2540 3027; baseline -0.002 -19"><span class='ocrx_word' id='word_1_257' title='bbox 464 2944 666 3026; x_wconf 91' lang='lat' dir='ltr'><strong>longe,</strong></span> <span class='ocrx_word' id='word_1_258' title='bbox 712 2961 750 3006; x_wconf 88' lang='lat' dir='ltr'><strong>a</strong></span> <span class='ocrx_word' id='word_1_259' title='bbox 795 2943 1023 3027; x_wconf 88' lang='lat' dir='ltr'><strong>reginis</strong></span> <span class='ocrx_word' id='word_1_260' title='bbox 1070 2942 1168 3007; x_wconf 83' lang='lat' dir='ltr'><strong>vel</strong></span> <span class='ocrx_word' id='word_1_261' title='bbox 1216 2943 1295 3007; x_wconf 89' lang='lat' dir='ltr'><strong>ab</strong></span> <span class='ocrx_word' id='word_1_262' title='bbox 1348 2941 1511 3018; x_wconf 84' lang='lat' dir='ltr'><strong>aliis,</strong></span> <span class='ocrx_word' id='word_1_263' title='bbox 1567 2940 1671 3023; x_wconf 90' lang='lat' dir='ltr'><strong>qui</strong></span> <span class='ocrx_word' id='word_1_264' title='bbox 1717 2942 2163 3007; x_wconf 87' lang='lat' dir='ltr'><strong>remansissent</strong></span> <span class='ocrx_word' id='word_1_265' title='bbox 2208 2941 2340 3005; x_wconf 89' lang='lat' dir='ltr'><strong>loco</strong></span> <span class='ocrx_word' id='word_1_266' title='bbox 2387 2941 2540 3005; x_wconf 76' lang='lat' dir='ltr'><strong>eius,</strong></span> 
     </span>
     <span class='ocr_line' id='line_1_28' title="bbox 548 3029 1805 3103; baseline 0.001 -11"><span class='ocrx_word' id='word_1_267' title='bbox 548 3033 728 3092; x_wconf 78' lang='lat' dir='ltr'><strong>Misti</strong></span> <span class='ocrx_word' id='word_1_268' title='bbox 776 3032 1081 3092; x_wconf 84' lang='lat' dir='ltr'>XXVIII</span> <span class='ocrx_word' id='word_1_269' title='bbox 1124 3029 1232 3103; x_wconf 88' lang='grc'><strong>83,</strong></span> <span class='ocrx_word' id='word_1_270' title='bbox 1277 3051 1320 3092; x_wconf 80' lang='lat' dir='ltr'><strong>u</strong></span> <span class='ocrx_word' id='word_1_271' title='bbox 1363 3032 1518 3092; x_wconf 76' lang='lat' dir='ltr'><strong>mlet.</strong></span> <span class='ocrx_word' id='word_1_272' title='bbox 1568 3032 1805 3093; x_wconf 79' lang='lat' dir='ltr'><strong>arkivu.</strong></span> 
     </span>
    </p>
   </div>
   <div class='ocr_carea' id='block_1_8' title="bbox 842 3215 2801 3319">
    <p class='ocr_par' dir='ltr' id='par_1_8' title="bbox 842 3215 2801 3319">
     <span class='ocr_line' id='line_1_29' title="bbox 842 3215 2801 3319; baseline -0.002 -17"><span class='ocrx_word' id='word_1_273' title='bbox 842 3220 1133 3302; x_wconf 85' lang='lat' dir='ltr'>XXII.</span> <span class='ocrx_word' id='word_1_274' title='bbox 1189 3218 1395 3303; x_wconf 64' lang='lat' dir='ltr'><strong>(iod.</strong></span> <span class='ocrx_word' id='word_1_275' title='bbox 1450 3218 1676 3304; x_wconf 77' lang='lat'>1359.</span> <span class='ocrx_word' id='word_1_276' title='bbox 1733 3221 1833 3301; x_wconf 84' lang='lat'><strong>14</strong></span> <span class='ocrx_word' id='word_1_277' title='bbox 1888 3215 2245 3319; x_wconf 61' lang='lat' dir='ltr'><strong>siebnja,</strong></span> <span class='ocrx_word' id='word_1_278' title='bbox 2297 3238 2357 3299; x_wconf 88' lang='lat' dir='ltr'><strong>u</strong></span> <span class='ocrx_word' id='word_1_279' title='bbox 2410 3217 2801 3300; x_wconf 80' lang='lat' dir='ltr'><strong>Mletcih.</strong></span> 
     </span>
    </p>
   </div>
   <div class='ocr_carea' id='block_1_9' title="bbox 457 3343 3185 3595">
    <p class='ocr_par' dir='ltr' id='par_1_9' title="bbox 457 3343 3185 3595">
     <span class='ocr_line' id='line_1_30' title="bbox 460 3343 3185 3421; baseline -0.002 -11"><span class='ocrx_word' id='word_1_280' title='bbox 460 3350 563 3410; x_wconf 84' lang='lat' dir='ltr'><strong>Na</strong></span> <span class='ocrx_word' id='word_1_281' title='bbox 607 3349 802 3408; x_wconf 75' lang='lat' dir='ltr'><strong>molbu</strong></span> <span class='ocrx_word' id='word_1_282' title='bbox 847 3349 1034 3408; x_wconf 74' lang='lat' dir='ltr'><strong>Ionem</strong></span> <span class='ocrx_word' id='word_1_283' title='bbox 1096 3348 1288 3421; x_wconf 81' lang='lat' dir='ltr'><strong>Jurja</strong></span> <span class='ocrx_word' id='word_1_284' title='bbox 1347 3347 1749 3421; x_wconf 77' lang='lat' dir='ltr'><strong>korbavskoya</strong></span> <span class='ocrx_word' id='word_1_285' title='bbox 1788 3347 1990 3419; x_wconf 79' lang='lat' dir='ltr'><strong>prima</strong></span> <span class='ocrx_word' id='word_1_286' title='bbox 2041 3361 2122 3415; x_wconf 81' lang='lat' dir='ltr'><strong>sc,</strong></span> <span class='ocrx_word' id='word_1_287' title='bbox 2168 3344 2249 3404; x_wconf 83' lang='lat' dir='ltr'><strong>da</strong></span> <span class='ocrx_word' id='word_1_288' title='bbox 2288 3361 2389 3403; x_wconf 81' lang='lat' dir='ltr'><strong>mu</strong></span> <span class='ocrx_word' id='word_1_289' title='bbox 2432 3360 2496 3403; x_wconf 81' lang='lat' dir='ltr'><strong>sc</strong></span> <span class='ocrx_word' id='word_1_290' title='bbox 2539 3344 2692 3403; x_wconf 79' lang='lat' dir='ltr'><strong>dade</strong></span> <span class='ocrx_word' id='word_1_291' title='bbox 2726 3343 2911 3417; x_wconf 60' lang='lat' dir='ltr'><strong>placa</strong></span> <span class='ocrx_word' id='word_1_292' title='bbox 2958 3363 3040 3404; x_wconf 81' lang='lat' dir='ltr'><strong>na</strong></span> <span class='ocrx_word' id='word_1_293' title='bbox 3082 3346 3185 3405; x_wconf 81' lang='lat' dir='ltr'><strong>de-</strong></span> 
     </span>
     <span class='ocr_line' id='line_1_31' title="bbox 457 3431 3185 3511; baseline -0.001 -14"><span class='ocrx_word' id='word_1_294' title='bbox 457 3442 545 3498; x_wconf 66' lang='lat' dir='ltr'><strong>sei</strong></span> <span class='ocrx_word' id='word_1_295' title='bbox 591 3437 804 3511; x_wconf 64' lang='lat' dir='ltr'><strong>budih,</strong></span> <span class='ocrx_word' id='word_1_296' title='bbox 866 3437 996 3507; x_wconf 71' lang='lat' dir='ltr'><strong>koje</strong></span> <span class='ocrx_word' id='word_1_297' title='bbox 1041 3436 1101 3494; x_wconf 78' lang='lat' dir='ltr'><strong>bi</strong></span> <span class='ocrx_word' id='word_1_298' title='bbox 1145 3452 1221 3494; x_wconf 81' lang='lat' dir='ltr'><strong>on</strong></span> <span class='ocrx_word' id='word_1_299' title='bbox 1281 3435 1453 3494; x_wconf 78' lang='lat' dir='ltr'><strong>uviek</strong></span> <span class='ocrx_word' id='word_1_300' title='bbox 1498 3434 1678 3494; x_wconf 70' lang='lat' dir='ltr'><strong>driao</strong></span> <span class='ocrx_word' id='word_1_301' title='bbox 1739 3449 2010 3508; x_wconf 78' lang='lat' dir='ltr'><strong>spremne</strong></span> <span class='ocrx_word' id='word_1_302' title='bbox 2053 3449 2137 3491; x_wconf 79' lang='lat' dir='ltr'><strong>na</strong></span> <span class='ocrx_word' id='word_1_303' title='bbox 2193 3432 2401 3491; x_wconf 62' lang='lat' dir='ltr'><strong>sluibu</strong></span> <span class='ocrx_word' id='word_1_304' title='bbox 2456 3431 2747 3491; x_wconf 68' lang='lat' dir='ltr'><strong>mletadku</strong></span> <span class='ocrx_word' id='word_1_305' title='bbox 2764 3450 2784 3502; x_wconf 88' lang='lat'><strong>,·</strong></span> <span class='ocrx_word' id='word_1_306' title='bbox 2827 3449 2971 3507; x_wconf 77' lang='lat' dir='ltr'><strong>neyo</strong></span> <span class='ocrx_word' id='word_1_307' title='bbox 3017 3449 3081 3493; x_wconf 81' lang='lat' dir='ltr'><strong>se</strong></span> <span class='ocrx_word' id='word_1_308' title='bbox 3125 3437 3185 3492; x_wconf 79' lang='lat' dir='ltr'><strong>to</strong></span> 
     </span>
     <span class='ocr_line' id='line_1_32' title="bbox 882 3519 2761 3595; baseline -0.003 -13"><span class='ocrx_word' id='word_1_309' title='bbox 882 3523 1071 3582; x_wconf 69' lang='lat' dir='ltr'><strong>alcida</strong></span> <span class='ocrx_word' id='word_1_310' title='bbox 1118 3522 1312 3581; x_wconf 78' lang='lat' dir='ltr'><strong>uslied</strong></span> <span class='ocrx_word' id='word_1_311' title='bbox 1348 3523 1610 3594; x_wconf 67' lang='lat' dir='ltr'><strong>mekojih</strong></span> <span class='ocrx_word' id='word_1_312' title='bbox 1654 3523 1857 3581; x_wconf 68' lang='lat' dir='ltr'><strong>obsim</strong></span> <span class='ocrx_word' id='word_1_313' title='bbox 1887 3520 1997 3595; x_wconf 64' lang='lat' dir='ltr'><strong>jos</strong></span> <span class='ocrx_word' id='word_1_314' title='bbox 2039 3521 2078 3578; x_wconf 76' lang='lat'><strong><em>4</em></strong></span> <span class='ocrx_word' id='word_1_315' title='bbox 2119 3520 2334 3593; x_wconf 72' lang='lat' dir='ltr'><strong>srpm‘a</strong></span> <span class='ocrx_word' id='word_1_316' title='bbox 2377 3520 2489 3578; x_wconf 78' lang='lat' dir='ltr'><strong>iste</strong></span> <span class='ocrx_word' id='word_1_317' title='bbox 2526 3519 2761 3593; x_wconf 74' lang='lat' dir='ltr'><strong>yodine.</strong></span> 
     </span>
    </p>
   </div>
   <div class='ocr_carea' id='block_1_10' title="bbox 458 3638 3194 4771">
    <p class='ocr_par' dir='ltr' id='par_1_10' title="bbox 458 3638 3194 4771">
     <span class='ocr_line' id='line_1_33' title="bbox 682 3638 3188 3724; baseline -0.002 -16"><span class='ocrx_word' id='word_1_318' title='bbox 682 3643 848 3709; x_wconf 85' lang='lat'>1358</span> <span class='ocrx_word' id='word_1_319' title='bbox 908 3642 1245 3707; x_wconf 86' lang='lat' dir='ltr'><strong>indictione</strong></span> <span class='ocrx_word' id='word_1_320' title='bbox 1297 3641 1440 3719; x_wconf 90' lang='lat' dir='ltr'>XII,</span> <span class='ocrx_word' id='word_1_321' title='bbox 1504 3643 1600 3706; x_wconf 93' lang='lat' dir='ltr'><strong>die</strong></span> <span class='ocrx_word' id='word_1_322' title='bbox 1646 3642 1798 3707; x_wconf 87' lang='lat' dir='ltr'><strong>XIV</strong></span> <span class='ocrx_word' id='word_1_323' title='bbox 1868 3640 2152 3716; x_wconf 89' lang='lat' dir='ltr'><strong>ianuarii,</strong></span> <span class='ocrx_word' id='word_1_324' title='bbox 2202 3643 2417 3722; x_wconf 86' lang='lat' dir='ltr'><strong>capta:</strong></span> <span class='ocrx_word' id='word_1_325' title='bbox 2468 3658 2577 3724; x_wconf 90' lang='lat' dir='ltr'><strong>pro</strong></span> <span class='ocrx_word' id='word_1_326' title='bbox 2624 3639 2797 3720; x_wconf 87' lang='lat' dir='ltr'><strong>parte</strong></span> <span class='ocrx_word' id='word_1_327' title='bbox 2848 3638 3076 3703; x_wconf 85' lang='lat' dir='ltr'><strong>nobilis</strong></span> <span class='ocrx_word' id='word_1_328' title='bbox 3121 3639 3188 3704; x_wconf 90' lang='lat' dir='ltr'><strong>et</strong></span> 
     </span>
     <span class='ocr_line' id='line_1_34' title="bbox 459 3725 3186 3816; baseline -0.003 -17"><span class='ocrx_word' id='word_1_329' title='bbox 459 3733 697 3816; x_wconf 86' lang='lat' dir='ltr'><strong>egregii</strong></span> <span class='ocrx_word' id='word_1_330' title='bbox 745 3732 862 3796; x_wconf 84' lang='lat' dir='ltr'><strong>viri</strong></span> <span class='ocrx_word' id='word_1_331' title='bbox 908 3730 1162 3813; x_wconf 86' lang='lat' dir='ltr'><strong>Georgii</strong></span> <span class='ocrx_word' id='word_1_332' title='bbox 1210 3729 1324 3794; x_wconf 89' lang='lat' dir='ltr'><strong>filii</strong></span> <span class='ocrx_word' id='word_1_333' title='bbox 1373 3730 1617 3793; x_wconf 90' lang='lat' dir='ltr'><strong>comitis</strong></span> <span class='ocrx_word' id='word_1_334' title='bbox 1665 3729 1947 3812; x_wconf 87' lang='lat' dir='ltr'><strong>Gregorii</strong></span> <span class='ocrx_word' id='word_1_335' title='bbox 1982 3727 2222 3793; x_wconf 88' lang='lat' dir='ltr'><strong>Curiaci</strong></span> <span class='ocrx_word' id='word_1_336' title='bbox 2272 3727 2427 3791; x_wconf 86' lang='lat' dir='ltr'><strong>civis</strong></span> <span class='ocrx_word' id='word_1_337' title='bbox 2475 3728 2538 3790; x_wconf 93' lang='lat' dir='ltr'><strong>et</strong></span> <span class='ocrx_word' id='word_1_338' title='bbox 2584 3725 2788 3790; x_wconf 88' lang='lat' dir='ltr'><strong>fidelis</strong></span> <span class='ocrx_word' id='word_1_339' title='bbox 2838 3725 3031 3790; x_wconf 92' lang='lat' dir='ltr'><strong>nostri</strong></span> <span class='ocrx_word' id='word_1_340' title='bbox 3078 3744 3186 3790; x_wconf 91' lang='lat' dir='ltr'><strong>no-</strong></span> 
     </span>
     <span class='ocr_line' id='line_1_35' title="bbox 462 3812 3186 3901; baseline -0.004 -16"><span class='ocrx_word' id='word_1_341' title='bbox 462 3822 557 3885; x_wconf 91' lang='lat' dir='ltr'><strong>bis</strong></span> <span class='ocrx_word' id='word_1_342' title='bbox 590 3821 778 3885; x_wconf 86' lang='lat' dir='ltr'><strong>fuerit</strong></span> <span class='ocrx_word' id='word_1_343' title='bbox 824 3820 1146 3884; x_wconf 87' lang='lat' dir='ltr'><strong>humiliter</strong></span> <span class='ocrx_word' id='word_1_344' title='bbox 1208 3816 1608 3901; x_wconf 86' lang='lat' dir='ltr'><strong>suplicatum,</strong></span> <span class='ocrx_word' id='word_1_345' title='bbox 1657 3816 1816 3898; x_wconf 88' lang='lat' dir='ltr'><strong>quod</strong></span> <span class='ocrx_word' id='word_1_346' title='bbox 1865 3835 2004 3880; x_wconf 90' lang='lat' dir='ltr'><strong>cum</strong></span> <span class='ocrx_word' id='word_1_347' title='bbox 2051 3817 2184 3896; x_wconf 90' lang='lat' dir='ltr'><strong>ipse</strong></span> <span class='ocrx_word' id='word_1_348' title='bbox 2243 3814 2532 3879; x_wconf 85' lang='lat' dir='ltr'><strong>habuerit</strong></span> <span class='ocrx_word' id='word_1_349' title='bbox 2575 3831 2613 3877; x_wconf 91' lang='lat' dir='ltr'><strong>a</strong></span> <span class='ocrx_word' id='word_1_350' title='bbox 2669 3814 2897 3877; x_wconf 89' lang='lat' dir='ltr'><strong>comite</strong></span> <span class='ocrx_word' id='word_1_351' title='bbox 2941 3812 3186 3877; x_wconf 86' lang='lat' dir='ltr'><strong>Goricie</strong></span> 
     </span>
     <span class='ocr_line' id='line_1_36' title="bbox 460 3899 3187 3991; baseline -0.004 -18"><span class='ocrx_word' id='word_1_352' title='bbox 460 3909 764 3991; x_wconf 89' lang='lat' dir='ltr'><strong>quoddam</strong></span> <span class='ocrx_word' id='word_1_353' title='bbox 834 3911 1107 3971; x_wconf 86' lang='lat' dir='ltr'><strong>castrum</strong></span> <span class='ocrx_word' id='word_1_354' title='bbox 1172 3907 1465 3970; x_wconf 86' lang='lat' dir='ltr'><strong>vocatum</strong></span> <span class='ocrx_word' id='word_1_355' title='bbox 1525 3904 1868 3986; x_wconf 84' lang='lat' dir='ltr'><strong>Rasporgh,</strong></span> <span class='ocrx_word' id='word_1_356' title='bbox 1932 3906 1996 3968; x_wconf 93' lang='lat' dir='ltr'><strong>et</strong></span> <span class='ocrx_word' id='word_1_357' title='bbox 2062 3903 2342 3967; x_wconf 90' lang='lat' dir='ltr'><strong>intendat</strong></span> <span class='ocrx_word' id='word_1_358' title='bbox 2415 3903 2710 3983; x_wconf 86' lang='lat' dir='ltr'><strong>tanquam</strong></span> <span class='ocrx_word' id='word_1_359' title='bbox 2791 3899 3187 3963; x_wconf 87' lang='lat' dir='ltr'><strong>fidelissimus</strong></span> 
     </span>
     <span class='ocr_line' id='line_1_37' title="bbox 462 3985 3184 4074; baseline -0.004 -12"><span class='ocrx_word' id='word_1_360' title='bbox 462 3997 720 4062; x_wconf 84' lang='lat' dir='ltr'><strong>servitor</strong></span> <span class='ocrx_word' id='word_1_361' title='bbox 766 3994 1005 4059; x_wconf 90' lang='lat' dir='ltr'><strong>ducalis</strong></span> <span class='ocrx_word' id='word_1_362' title='bbox 1071 3993 1324 4057; x_wconf 89' lang='lat' dir='ltr'><strong>dominii</strong></span> <span class='ocrx_word' id='word_1_363' title='bbox 1379 4010 1700 4074; x_wconf 90' lang='lat' dir='ltr'><strong>personam</strong></span> <span class='ocrx_word' id='word_1_364' title='bbox 1749 4009 1927 4055; x_wconf 91' lang='lat' dir='ltr'><strong>suam</strong></span> <span class='ocrx_word' id='word_1_365' title='bbox 1997 3992 2061 4054; x_wconf 88' lang='lat' dir='ltr'><strong>et</strong></span> <span class='ocrx_word' id='word_1_366' title='bbox 2102 3992 2379 4054; x_wconf 89' lang='lat' dir='ltr'><strong>castrum</strong></span> <span class='ocrx_word' id='word_1_367' title='bbox 2428 3989 2493 4051; x_wconf 93' lang='lat' dir='ltr'><strong>et</strong></span> <span class='ocrx_word' id='word_1_368' title='bbox 2537 3986 2761 4064; x_wconf 85' lang='lat' dir='ltr'><strong>omnia,</strong></span> <span class='ocrx_word' id='word_1_369' title='bbox 2810 4004 2928 4069; x_wconf 92' lang='lat' dir='ltr'><strong>que</strong></span> <span class='ocrx_word' id='word_1_370' title='bbox 2974 3985 3184 4061; x_wconf 87' lang='lat' dir='ltr'><strong>habet,</strong></span> 
     </span>
     <span class='ocr_line' id='line_1_38' title="bbox 458 4074 3189 4165; baseline -0.005 -16"><span class='ocrx_word' id='word_1_371' title='bbox 458 4085 534 4149; x_wconf 87' lang='lat' dir='ltr'><strong>ad</strong></span> <span class='ocrx_word' id='word_1_372' title='bbox 581 4101 824 4148; x_wconf 87' lang='lat' dir='ltr'><strong>omnem</strong></span> <span class='ocrx_word' id='word_1_373' title='bbox 873 4082 1069 4165; x_wconf 89' lang='lat' dir='ltr'><strong>ipsius</strong></span> <span class='ocrx_word' id='word_1_374' title='bbox 1115 4079 1351 4144; x_wconf 90' lang='lat' dir='ltr'><strong>ducalis</strong></span> <span class='ocrx_word' id='word_1_375' title='bbox 1395 4077 1829 4144; x_wconf 89' lang='lat' dir='ltr'><strong>dominationis</strong></span> <span class='ocrx_word' id='word_1_376' title='bbox 1876 4077 2199 4142; x_wconf 88' lang='lat' dir='ltr'><strong>servitium</strong></span> <span class='ocrx_word' id='word_1_377' title='bbox 2246 4078 2308 4139; x_wconf 92' lang='lat' dir='ltr'><strong>et</strong></span> <span class='ocrx_word' id='word_1_378' title='bbox 2363 4077 2744 4152; x_wconf 88' lang='lat' dir='ltr'><strong>mandatum,</strong></span> <span class='ocrx_word' id='word_1_379' title='bbox 2796 4074 3189 4156; x_wconf 87' lang='lat' dir='ltr'><strong>dignaremur</strong></span> 
     </span>
     <span class='ocr_line' id='line_1_39' title="bbox 458 4159 3188 4251; baseline -0.004 -15"><span class='ocrx_word' id='word_1_380' title='bbox 458 4172 657 4236; x_wconf 89' lang='lat' dir='ltr'><strong>eidem</strong></span> <span class='ocrx_word' id='word_1_381' title='bbox 747 4169 825 4234; x_wconf 92' lang='lat' dir='ltr'><strong>de</strong></span> <span class='ocrx_word' id='word_1_382' title='bbox 908 4168 1112 4251; x_wconf 86' lang='lat' dir='ltr'><strong>gratia</strong></span> <span class='ocrx_word' id='word_1_383' title='bbox 1142 4165 1424 4249; x_wconf 55' lang='lat' dir='ltr'><strong>‘speciali</strong></span> <span class='ocrx_word' id='word_1_384' title='bbox 1501 4169 1835 4231; x_wconf 89' lang='lat' dir='ltr'><strong>concedere</strong></span> <span class='ocrx_word' id='word_1_385' title='bbox 1910 4169 1973 4228; x_wconf 91' lang='lat' dir='ltr'><strong>et</strong></span> <span class='ocrx_word' id='word_1_386' title='bbox 2048 4164 2363 4247; x_wconf 83' lang='lat' dir='ltr'><strong>providere</strong></span> <span class='ocrx_word' id='word_1_387' title='bbox 2452 4162 2527 4227; x_wconf 91' lang='lat' dir='ltr'><strong>de</strong></span> <span class='ocrx_word' id='word_1_388' title='bbox 2604 4164 2776 4226; x_wconf 89' lang='lat' dir='ltr'><strong>tanto</strong></span> <span class='ocrx_word' id='word_1_389' title='bbox 2867 4159 3188 4242; x_wconf 85' lang='lat' dir='ltr'><strong>stipendio,</strong></span> 
     </span>
     <span class='ocr_line' id='line_1_40' title="bbox 463 4249 3190 4342; baseline -0.005 -18"><span class='ocrx_word' id='word_1_390' title='bbox 463 4261 622 4342; x_wconf 90' lang='lat' dir='ltr'><strong>quod</strong></span> <span class='ocrx_word' id='word_1_391' title='bbox 667 4258 861 4339; x_wconf 90' lang='lat' dir='ltr'><strong>possit</strong></span> <span class='ocrx_word' id='word_1_392' title='bbox 906 4257 1069 4321; x_wconf 89' lang='lat' dir='ltr'><strong>ultra</strong></span> <span class='ocrx_word' id='word_1_393' title='bbox 1111 4253 1416 4319; x_wconf 87' lang='lat' dir='ltr'><strong>familiam</strong></span> <span class='ocrx_word' id='word_1_394' title='bbox 1477 4256 1541 4318; x_wconf 93' lang='lat' dir='ltr'><strong>et</strong></span> <span class='ocrx_word' id='word_1_395' title='bbox 1585 4253 1912 4317; x_wconf 84' lang='lat' dir='ltr'><strong>servitores</strong></span> <span class='ocrx_word' id='word_1_396' title='bbox 1973 4270 2117 4316; x_wconf 91' lang='lat' dir='ltr'><strong>suos</strong></span> <span class='ocrx_word' id='word_1_397' title='bbox 2164 4252 2374 4315; x_wconf 89' lang='lat' dir='ltr'><strong>tenere</strong></span> <span class='ocrx_word' id='word_1_398' title='bbox 2421 4249 2636 4314; x_wconf 87' lang='lat' dir='ltr'><strong>decem</strong></span> <span class='ocrx_word' id='word_1_399' title='bbox 2680 4249 2958 4313; x_wconf 89' lang='lat' dir='ltr'><strong>homines</strong></span> <span class='ocrx_word' id='word_1_400' title='bbox 3007 4263 3190 4330; x_wconf 90' lang='lat' dir='ltr'><strong>eque-</strong></span> 
     </span>
     <span class='ocr_line' id='line_1_41' title="bbox 463 4336 3188 4426; baseline -0.005 -16"><span class='ocrx_word' id='word_1_401' title='bbox 463 4348 642 4420; x_wconf 86' lang='lat' dir='ltr'><strong>stres,</strong></span> <span class='ocrx_word' id='word_1_402' title='bbox 692 4363 831 4410; x_wconf 89' lang='lat' dir='ltr'><strong>cum</strong></span> <span class='ocrx_word' id='word_1_403' title='bbox 872 4343 1097 4426; x_wconf 91' lang='lat' dir='ltr'><strong>quibus</strong></span> <span class='ocrx_word' id='word_1_404' title='bbox 1159 4343 1448 4406; x_wconf 89' lang='lat' dir='ltr'><strong>omnibus</strong></span> <span class='ocrx_word' id='word_1_405' title='bbox 1493 4343 1555 4404; x_wconf 88' lang='lat' dir='ltr'><strong>et</strong></span> <span class='ocrx_word' id='word_1_406' title='bbox 1601 4358 1862 4424; x_wconf 90' lang='lat' dir='ltr'><strong>persona</strong></span> <span class='ocrx_word' id='word_1_407' title='bbox 1916 4357 2028 4404; x_wconf 88' lang='lat' dir='ltr'><strong>sua</strong></span> <span class='ocrx_word' id='word_1_408' title='bbox 2072 4340 2137 4404; x_wconf 92' lang='lat' dir='ltr'><strong>et</strong></span> <span class='ocrx_word' id='word_1_409' title='bbox 2178 4340 2379 4402; x_wconf 88' lang='lat' dir='ltr'><strong>castro</strong></span> <span class='ocrx_word' id='word_1_410' title='bbox 2442 4336 2578 4401; x_wconf 83' lang='lat' dir='ltr'><strong>vult</strong></span> <span class='ocrx_word' id='word_1_411' title='bbox 2623 4355 2756 4401; x_wconf 89' lang='lat' dir='ltr'><strong>esse</strong></span> <span class='ocrx_word' id='word_1_412' title='bbox 2803 4337 2876 4400; x_wconf 91' lang='lat' dir='ltr'><strong>ad</strong></span> <span class='ocrx_word' id='word_1_413' title='bbox 2942 4352 3188 4398; x_wconf 89' lang='lat' dir='ltr'><strong>omnem</strong></span> 
     </span>
     <span class='ocr_line' id='line_1_42' title="bbox 460 4419 3191 4509; baseline -0.005 -11"><span class='ocrx_word' id='word_1_414' title='bbox 460 4431 871 4508; x_wconf 89' lang='lat' dir='ltr'><strong>obedientiam</strong></span> <span class='ocrx_word' id='word_1_415' title='bbox 934 4432 997 4494; x_wconf 90' lang='lat' dir='ltr'><strong>et</strong></span> <span class='ocrx_word' id='word_1_416' title='bbox 1058 4431 1422 4494; x_wconf 85' lang='lat' dir='ltr'><strong>mandatum</strong></span> <span class='ocrx_word' id='word_1_417' title='bbox 1472 4427 1933 4509; x_wconf 67' lang='lat' dir='ltr'><strong>c.ipitaneorum</strong></span> <span class='ocrx_word' id='word_1_418' title='bbox 1997 4428 2062 4490; x_wconf 93' lang='lat' dir='ltr'><strong>et</strong></span> <span class='ocrx_word' id='word_1_419' title='bbox 2112 4427 2420 4490; x_wconf 88' lang='lat' dir='ltr'><strong>rectorum</strong></span> <span class='ocrx_word' id='word_1_420' title='bbox 2468 4422 2697 4499; x_wconf 88' lang='lat' dir='ltr'><strong>Ystrie,</strong></span> <span class='ocrx_word' id='word_1_421' title='bbox 2747 4422 2907 4486; x_wconf 87' lang='lat' dir='ltr'><strong>sicut</strong></span> <span class='ocrx_word' id='word_1_422' title='bbox 2955 4419 3191 4486; x_wconf 89' lang='lat' dir='ltr'><strong>ducalis</strong></span> 
     </span>
     <span class='ocr_line' id='line_1_43' title="bbox 462 4508 3192 4601; baseline -0.005 -17"><span class='ocrx_word' id='word_1_423' title='bbox 462 4520 799 4586; x_wconf 90' lang='lat' dir='ltr'><strong>dominatio</strong></span> <span class='ocrx_word' id='word_1_424' title='bbox 861 4518 1178 4601; x_wconf 82' lang='lat' dir='ltr'><strong>precipiet,</strong></span> <span class='ocrx_word' id='word_1_425' title='bbox 1233 4520 1302 4581; x_wconf 91' lang='lat' dir='ltr'><strong>et</strong></span> <span class='ocrx_word' id='word_1_426' title='bbox 1363 4516 1441 4580; x_wconf 92' lang='lat' dir='ltr'><strong>ad</strong></span> <span class='ocrx_word' id='word_1_427' title='bbox 1504 4514 1955 4580; x_wconf 85' lang='lat' dir='ltr'><strong>defendendum</strong></span> <span class='ocrx_word' id='word_1_428' title='bbox 2014 4515 2306 4579; x_wconf 90' lang='lat' dir='ltr'><strong>honorem</strong></span> <span class='ocrx_word' id='word_1_429' title='bbox 2357 4510 2591 4576; x_wconf 91' lang='lat' dir='ltr'><strong>ducalis</strong></span> <span class='ocrx_word' id='word_1_430' title='bbox 2639 4508 2898 4574; x_wconf 89' lang='lat' dir='ltr'><strong>dominii</strong></span> <span class='ocrx_word' id='word_1_431' title='bbox 2944 4511 3079 4572; x_wconf 88' lang='lat' dir='ltr'><strong>tam</strong></span> <span class='ocrx_word' id='word_1_432' title='bbox 3129 4508 3192 4571; x_wconf 91' lang='lat' dir='ltr'><strong>in</strong></span> 
     </span>
     <span class='ocr_line' id='line_1_44' title="bbox 466 4595 3190 4686; baseline -0.004 -14"><span class='ocrx_word' id='word_1_433' title='bbox 466 4606 829 4674; x_wconf 84' lang='lat' dir='ltr'><strong>civitatibus</strong></span> <span class='ocrx_word' id='word_1_434' title='bbox 877 4610 940 4671; x_wconf 92' lang='lat' dir='ltr'><strong>et</strong></span> <span class='ocrx_word' id='word_1_435' title='bbox 986 4605 1139 4670; x_wconf 92' lang='lat' dir='ltr'><strong>locis</strong></span> <span class='ocrx_word' id='word_1_436' title='bbox 1185 4604 1418 4670; x_wconf 91' lang='lat' dir='ltr'><strong>ducalis</strong></span> <span class='ocrx_word' id='word_1_437' title='bbox 1462 4602 1720 4668; x_wconf 90' lang='lat' dir='ltr'><strong>dominii</strong></span> <span class='ocrx_word' id='word_1_438' title='bbox 1768 4621 1956 4686; x_wconf 90' lang='lat' dir='ltr'><strong>quam</strong></span> <span class='ocrx_word' id='word_1_439' title='bbox 2002 4603 2173 4666; x_wconf 84' lang='lat' dir='ltr'><strong>extra</strong></span> <span class='ocrx_word' id='word_1_440' title='bbox 2217 4602 2435 4665; x_wconf 91' lang='lat' dir='ltr'><strong>contra</strong></span> <span class='ocrx_word' id='word_1_441' title='bbox 2482 4615 2897 4681; x_wconf 90' lang='lat' dir='ltr'><strong>quoscumque</strong></span> <span class='ocrx_word' id='word_1_442' title='bbox 2944 4595 3190 4660; x_wconf 87' lang='lat' dir='ltr'><strong>robato-</strong></span> 
     </span>
     <span class='ocr_line' id='line_1_45' title="bbox 467 4680 3194 4771; baseline -0.005 -11"><span class='ocrx_word' id='word_1_443' title='bbox 467 4714 568 4762; x_wconf 92' lang='lat' dir='ltr'><strong>res</strong></span> <span class='ocrx_word' id='word_1_444' title='bbox 631 4696 699 4761; x_wconf 88' lang='lat' dir='ltr'><strong>et</strong></span> <span class='ocrx_word' id='word_1_445' title='bbox 759 4694 917 4760; x_wconf 89' lang='lat' dir='ltr'><strong>alios</strong></span> <span class='ocrx_word' id='word_1_446' title='bbox 977 4692 1310 4759; x_wconf 81' lang='lat' dir='ltr'><strong>offedentes</strong></span> <span class='ocrx_word' id='word_1_447' title='bbox 1372 4693 1570 4759; x_wconf 87' lang='lat' dir='ltr'><strong>terras</strong></span> <span class='ocrx_word' id='word_1_448' title='bbox 1630 4693 1694 4755; x_wconf 90' lang='lat' dir='ltr'><strong>et</strong></span> <span class='ocrx_word' id='word_1_449' title='bbox 1753 4689 2071 4756; x_wconf 86' lang='lat' dir='ltr'><strong>subditos:</strong></span> <span class='ocrx_word' id='word_1_450' title='bbox 2131 4686 2303 4753; x_wconf 89' lang='lat' dir='ltr'><strong>vadit</strong></span> <span class='ocrx_word' id='word_1_451' title='bbox 2347 4705 2510 4771; x_wconf 88' lang='lat' dir='ltr'><strong>pars,</strong></span> <span class='ocrx_word' id='word_1_452' title='bbox 2556 4684 2716 4768; x_wconf 90' lang='lat' dir='ltr'><strong>quod</strong></span> <span class='ocrx_word' id='word_1_453' title='bbox 2765 4684 2930 4749; x_wconf 89' lang='lat' dir='ltr'><strong>dicto</strong></span> <span class='ocrx_word' id='word_1_454' title='bbox 2977 4680 3194 4748; x_wconf 89' lang='lat' dir='ltr'><strong>comiti</strong></span> 
     </span>
    </p>
   </div>
  </div>
 </body>
</html>
