3620 5282
3024 313 3172 412 ³343

434 529 601 610 ⁴quod
652 546 759 591 uos
813 527 1094 591 dedimus
1142 529 1230 592 eis
1277 528 1731 610 responsionem
1759 532 1900 593 cum
1937 529 2373 594 deliberatione
2398 529 2745 595 nostrorum
2774 526 3170 592 consiliorum

445 616 785 679 secundum
838 616 1222 695 peticionem,
1274 636 1459 698 quam
1510 617 1788 680 fecerunt
1833 617 2029 688 nobis,
2081 621 2144 681 et
2189 619 2279 681 ita
2326 639 2388 682 se
2433 617 2817 681 moventibus
2864 622 2930 678 et
2959 633 3166 697 prose·

458 702 791 786 quentibus
840 705 971 785 ipso
1021 703 1264 766 domino
1305 722 1450 786 rege
1496 723 1633 767 cum
1685 705 2070 786 principibus
2130 706 2461 770 antedictis
2526 704 2723 786 parati
2772 722 2984 766 sumus
3033 719 3170 782 per-

452 808 735 858 severare
782 795 844 853 et
891 791 1230 868 attendere,
1281 794 1616 854 secundum
1664 793 1823 873 quod
1873 794 2223 856 continetur
2295 795 2354 855 in
2415 811 2506 869 ea,
2570 792 2714 875 quia
2758 790 3009 854 facendo
3057 807 3166 870 per

362 895 371 904 ·
444 878 635 941 alium
686 879 958 955 modum,
1008 878 1214 941 videre
1264 880 1561 955 videmur,
1615 879 1776 962 quod
1826 881 1995 962 sequi
2049 882 2297 961 possent
2344 881 2543 943 multa
2568 879 2842 961 pericula
2873 881 2937 940 et
2970 874 3168 940 mani-

441 963 784 1030 festissima
835 968 1060 1029 damna
1101 966 1340 1029 civibus
1390 969 1454 1029 et
1501 966 1950 1029 mercatoribus
2000 967 2227 1031 nostris
2277 970 2340 1030 et
2382 968 2604 1042 nosti-,is
2638 965 3017 1042 civitatibuS,
3050 981 3166 1045 que

448 1061 596 1116 sunt
642 1054 840 1116 vicine
887 1052 1146 1117 Turchis
1197 1054 1509 1135 perdictis,
1560 1055 1721 1136 quod
1772 1053 2058 1118 dominus
2107 1074 2212 1118 rex
2262 1054 2415 1119 velle
2462 1055 2852 1136 aliquatenus
2896 1070 3018 1116 non
3065 1052 3169 1115 de-

448 1142 638 1204 beret.
689 1140 781 1203 De
826 1143 1000 1222 parte
1049 1139 1151 1204 74.

654 1227 765 1292 Ser
813 1228 1063 1291 Marcus
1109 1226 1278 1291 Greno
1324 1228 1592 1301 volebat,
1642 1229 1799 1310 quod
1849 1230 2317 1308 responderetur
2388 1228 2573 1292 dictis
2621 1226 3162 1302 ambasiatoribuS,

444 1317 601 1399 quod
648 1316 843 1397 parati
892 1334 1192 1390 essemuS,
1242 1316 1579 1379 secundum
1628 1316 1788 1396 quod
1835 1317 1923 1379 eis
1970 1315 2420 1397 promissimus,
2459 1316 2852 1380 contribuere
2884 1325 3169 1398 quartam

446 1410 683 1486 partem
731 1404 1052 1484 galearum
1101 1402 1175 1466 de
1225 1421 1499 1477 numero,
1548 1422 1729 1484 quem
1782 1406 2009 1482 ponent
2054 1404 2161 1466 alii
2234 1403 2578 1478 christiani,
2664 1422 2782 1467 non
2829 1401 3160 1466 transendo

446 1509 768 1555 numerum
818 1491 893 1552 de
939 1489 1139 1563 XXV,
1188 1494 1586 1571 prosequente
1637 1491 1887 1554 domino
1937 1510 2079 1571 rege
2128 1509 2268 1555 cum
2342 1491 2722 1572 principibus
2795 1489 3051 1554 Franoie
3100 1490 3165 1553 et

442 1580 690 1661 Angiie,
735 1578 1077 1640 secundum
1124 1578 1281 1659 quod
1328 1577 1505 1641 nobis
1554 1578 1858 1640 dixerunt.
1901 1577 2155 1656 Quando
2194 1586 2406 1641 autem
2471 1579 2583 1642 hoc
2630 1595 2752 1641 non
2797 1576 3047 1652 faceret,
3097 1579 3160 1638 et

443 1669 578 1748 ipse
626 1665 910 1729 dominus
958 1683 1059 1727 rex
1107 1683 1249 1727 cum
1296 1664 1506 1728 favore
1551 1666 1714 1746 regis
1763 1664 2016 1728 Polonie
2086 1669 2149 1730 et
2193 1667 2393 1729 Bosne
2450 1684 2519 1729 ac
2582 1666 2754 1728 ducis
2803 1664 3059 1728 Austris
3105 1665 3168 1726 et

450 1753 716 1817 aliorum
764 1752 940 1816 nobis
988 1752 1442 1817 nominatorum
1495 1752 1858 1834 procederet
1904 1755 1969 1817 et
1992 1753 2377 1835 prosequiret
2423 1771 2565 1816 cum
2615 1752 2726 1816 deo
2759 1771 2912 1834 opus
2946 1753 3169 1832 ipsum,

448 1858 560 1904 nos
608 1841 799 1904 etiam
847 1839 912 1902 in
959 1839 1077 1903 isto
1127 1858 1292 1919 casu,
1341 1859 1459 1904 non
1530 1839 1831 1904 habentes
1897 1846 2246 1922 respectum
2315 1842 2392 1904 ad
2471 1842 2699 1904 damna
2767 1842 2831 1903 et
2876 1839 3171 1920 pericula,

450 1948 567 2010 que
613 1927 788 1992 nobis
836 1930 900 1991 et
946 1928 1174 1991 nostris
1223 1928 1396 2009 sequi
1444 1932 1720 2009 possent,
1769 1927 1891 1991 nisi
1937 1928 2174 1992 factum
2223 1927 2400 1991 fieret
2461 1943 2604 1992 cum
2677 1926 2917 2003 effectu,
2969 1925 3171 2007 parati

447 2014 677 2079 erimus
725 2014 1043 2097 providere
1091 2033 1197 2094 per
1243 2014 1423 2078 illum
1474 2014 1743 2092 modum,
1792 2017 1891 2097 qui
1944 2017 2028 2078 sit
2080 2034 2221 2079 cum
2265 2016 2490 2079 honore
2543 2019 2755 2079 sancte
2805 2014 3026 2078 matris
3073 2032 3171 2078 ec-

446 2102 631 2167 clesie
679 2107 740 2166 et
788 2107 997 2167 nostro
1043 2120 1114 2167 ao
1161 2102 1437 2167 utilitate
1482 2103 1570 2185 pii
1618 2105 1820 2185 operis
1890 2103 2213 2169 antedicti.
2289 2104 2381 2167 De
2448 2105 2624 2186 parte
2668 2102 2776 2166 43.
2821 2104 2895 2167 de
2943 2119 3061 2167 non
3103 2100 3166 2182 4,

447 2209 572 2255 non
621 2190 844 2254 sinceri
890 2190 953 2252 9.

533 2297 775 2358 Secreta
827 2296 1078 2358 Consilii
1122 2298 1489 2373 Roqatorum
1536 2298 1614 2360 R.
1667 2301 1812 2370 109,
1860 2316 1903 2359 u
1948 2298 2104 2358 mlet.
2150 2299 2389 2358 arkivu.

622 2555 1376 2639 CCCCLXXXIX.
1433 2557 1639 2641 God.
1697 2558 1923 2644 1395.
1978 2557 2053 2640 5.
2097 2561 2463 2662 travnja‚
2518 2581 2579 2640 u
2633 2557 3024 2640 Mletcih.

442 2666 587 2762 Ana
632 2704 915 2778 kneqinja
962 2703 1220 2777 Senjska
1254 2705 1537 2787 tzahtieva
1584 2705 1661 2763 od
1703 2705 2037 2778 Mletoana,
2086 2705 2165 2762 da
2191 2705 2290 2777 joj
2327 2709 2576 2776 povrate
2619 2704 2774 2778 yrad
2802 2703 3092 2776 Raspurk
3124 2721 3167 2764 u

1157 2792 1331 2861 Istri,
1377 2810 1416 2851 a
1462 2794 1563 2851 oni
1606 2793 1874 2864 pristaju
1921 2810 1996 2851 uz
2043 2793 2212 2866 njeko
2258 2794 2467 2865 uvjete.

608 2945 611 2947 .
661 2893 827 2958 1395
872 2893 1209 2958 indictione
1257 2895 1479 2969 tercia,
1524 2895 1621 2958 die
1674 2896 1891 2976 quinto
1937 2894 2176 2976 apriliS.
2226 2893 2548 2975 Sapientes
2593 2891 2858 2958 consilii.
2926 2890 3156 2974 Capta:

445 2983 606 3065 quod
656 2983 1099 3062 respondeatur
1143 2981 1284 3045 istis
1332 2983 1567 3045 nuntiis
1616 2982 1945 3062 magnifice
2007 2983 2252 3045 domine
2317 2982 2496 3046 Anne
2567 2981 2880 3046 comitisse
2944 2978 3167 3062 Segnis

443 3071 516 3132 ad
567 3069 1056 3150 requisitionem,
1107 3088 1293 3152 quam
1341 3070 1517 3133 nobis
1566 3068 1817 3146 fatiunt,
1867 3071 2027 3150 quod
2075 3070 2253 3133 nobis
2319 3068 2564 3151 placeat
2623 3067 2855 3150 prefate
2918 3067 3168 3133 domine

444 3157 773 3220 restituere
819 3160 1092 3220 castrum
1144 3158 1465 3239 Raspurch
1499 3157 1790 3221 dantibus
1842 3161 1907 3220 et
1936 3158 2413 3221 restituentibus
2447 3157 2599 3238 ipsis
2631 3157 2811 3220 nobis
2845 3156 3166 3236 pecuniam

443 3242 608 3307 dicte
655 3243 900 3307 domine
948 3247 1300 3307 mutuatam
1350 3262 1456 3325 per
1513 3244 1999 3308 dominationem
2065 3246 2346 3309 nostram
2417 3246 2482 3307 et
2529 3245 2644 3308 cet.
2714 3240 2889 3321 Quod
2935 3261 3043 3308 nos
3089 3243 3167 3308 de

444 3330 559 3394 tali
606 3331 670 3393 et
715 3331 805 3394 sic
852 3331 1061 3395 subita
1106 3332 1507 3413 requisitione
1554 3350 1672 3395 non
1722 3333 2038 3395 modicum
2081 3330 2379 3395 admirari
2447 3331 2900 3413 compellimur,
2965 3331 3166 3395 consi-

442 3418 749 3494 derantes,
797 3418 957 3499 quod
1005 3420 1247 3500 quando
1304 3418 1656 3501 accepimus
1721 3420 1957 3484 dictum
2021 3419 2227 3483 locum
2294 3421 2354 3482 in
2415 3418 2688 3500 pignore,
2756 3436 2867 3483 nos
2929 3416 3164 3484 fuimus

443 3506 710 3570 firmiter
757 3505 1097 3583 informati,
1146 3506 1307 3588 quod
1350 3506 1520 3570 dicta
1567 3508 1814 3570 domina
1861 3508 2180 3571 comitissa
2227 3507 2459 3571 dictum
2509 3507 2711 3570 locum
2748 3524 2936 3588 usque
2969 3506 3169 3571 maxi-

442 3613 619 3658 mum
682 3597 926 3674 tempus
989 3610 1109 3656 non
1191 3594 1541 3670 redimeret,
1612 3596 1862 3676 propter
1926 3595 2088 3676 quod
2156 3593 2594 3659 defulcivimus
2654 3612 2865 3658 omnes
2920 3596 3164 3659 nostros

442 3680 863 3764 paysinaticos
929 3681 1256 3761 armigeris
1319 3684 1383 3745 et
1440 3682 1584 3746 aliis
1647 3682 2029 3763 opportuniS,
2093 3681 2356 3746 fatiento
2417 3680 2549 3746 fieri
2614 3681 2802 3745 etiam
2869 3681 2932 3745 in
2997 3681 3163 3746 dicto

441 3773 644 3833 castro
687 3786 875 3850 quam
921 3767 1131 3850 plures
1182 3769 1484 3833 notabiles
1532 3771 1596 3832 et
1640 3770 1980 3833 immensas
2013 3789 2309 3851 expensas
2341 3788 2449 3851 pro
2486 3769 2866 3833 habitatione
2900 3771 3160 3834 rectoris

443 3856 658 3927 nostri,
706 3874 887 3937 quem
937 3855 1224 3919 misimus
1271 3857 1350 3920 ad
1396 3856 1632 3921 dictum
1681 3857 1886 3920 locum
1933 3875 2042 3939 per
2088 3860 2238 3921 duos
2283 3875 2472 3921 annos
2519 3857 2584 3920 et
2614 3856 2805 3920 etiam
2844 3874 2953 3938 pro
2985 3857 3164 3921 habi-

443 3943 678 4008 tatione
725 3938 1270 4025 stipendiariorum
1319 3947 1691 4021 nostrorum,
1740 3962 1889 4026 quos
1930 3946 1991 4008 in
2040 3944 2206 4009 dicto
2268 3945 2400 4009 loco
2462 3944 2780 4025 posuimus
2843 3945 2908 4007 et
2943 3944 3159 4019 aliter3

442 4031 549 4094 sed
598 4030 1037 4095 nichilominus
1079 4030 1354 4119 volentes
1401 4051 1489 4109 ea,
1540 4051 1657 4114 que
1706 4033 2127 4112 promisimus,
2173 4035 2241 4095 ut
2284 4050 2526 4113 semper
2573 4031 2690 4095 fuit
2723 4030 2911 4095 moris
2959 4032 3161 4095 domi-

443 4120 711 4182 nationis
757 4120 987 4193 nostre,
1036 4116 1453 4183 involabiliter
1500 4121 1818 4184 attendere
1865 4123 1929 4183 et
1988 4121 2334 4197 observare,
2394 4137 2608 4183 sumus
2669 4117 2961 4196 contenti,
3037 4137 3159 4183 nou

440 4205 810 4293 advertendo
858 4212 1158 4287 expensas*
1196 4206 1465 4271 imensas
1514 4227 1621 4289 per
1680 4226 1787 4270 nos
1848 4207 2066 4285 factas,
2127 4225 2239 4272 nec
2300 4206 2628 4270 sinistrum
2685 4209 2796 4269 aut
2858 4207 3153 4272 damnum

439 4293 689 4375 aliquod
737 4295 930 4357 nostri
972 4293 1244 4370 rectoria,
1297 4296 1398 4376 qui
1446 4295 1511 4359 in
1557 4294 1722 4360 dicto
1768 4295 1903 4359 loco
1948 4298 2062 4372 est,
2112 4295 2314 4376 ipsum
2363 4296 2635 4358 castrum
2685 4292 2847 4357 dicte
2911 4293 3157 4360 domine

440 4382 765 4445 restituere
813 4380 974 4446 infra
1021 4381 1200 4446 illum
1251 4383 1585 4446 terminum
1635 4382 2075 4447 rationabilem
2120 4385 2183 4446 et
2229 4382 2575 4458 honestum,
2625 4380 2788 4444 infra
2822 4400 3005 4463 quem
3040 4401 3151 4447 nos

436 4469 743 4548 possimus
790 4468 1078 4533 reducere
1126 4473 1190 4532 et
1235 4470 1518 4552 regulare
1565 4470 1982 4554 paysiuaticos
2045 4475 2308 4545 nostrOS,
2374 4472 2438 4533 et
2493 4468 2661 4550 ipsos
2721 4468 2941 4533 fulcire
3004 4488 3157 4552 gen-

436 4554 605 4619 tibus
678 4558 742 4618 et
808 4556 948 4619 aliis
1011 4559 1392 4639 opportuniS,
1456 4575 1529 4623 ac
1585 4560 1776 4623 etiam
1840 4559 2013 4622 nobis
2080 4558 2414 4638 providere,
2477 4555 2540 4619 in
2603 4561 2907 4639 quantum
2971 4558 3150 4623 nobis

436 4644 748 4723 appareat,
796 4642 869 4706 de
918 4663 1036 4709 uno
1082 4644 1374 4725 fortilicio
1419 4647 1823 4711 construendo
1870 4647 1943 4709 de
1992 4663 2144 4708 novo
2192 4662 2299 4725 pro
2347 4643 2681 4708 securitate
2729 4644 3036 4708 terrarum
3084 4647 3149 4708 et

433 4728 709 4795 locorum
740 4732 1111 4798 nostrorum.
1175 4733 1259 4797 Et
1290 4733 1377 4797 sic
1410 4733 1693 4797 eamdem
1728 4730 2050 4797 dominam
2084 4731 2468 4795 comitissam
2499 4748 2809 4813 rogamuS,
2844 4733 3149 4815 quatenus
