3620 5282
3012 339 3136 406 231

415 508 602 573 fuerit
646 510 1119 592 contrafactum,
1166 532 1238 578 ac
1287 514 1401 578 sub
1448 532 1522 579 ea
1569 521 1763 597 pena,
1812 530 1996 597 quam
2061 514 2372 596 imponere
2422 514 2683 580 voluerit
2728 534 2933 582 comes
3000 536 3139 600 pre-

417 615 558 661 sens
597 599 661 662 et
702 599 807 683 qui
854 620 963 683 per
1010 603 1288 683 tempora
1336 602 1456 666 erit
1504 603 1563 666 in
1609 603 1780 685 Pago
1829 621 1936 684 pro
1991 603 2192 666 ducali
2240 601 2508 667 dominio
2571 604 2983 683 constitutus,
3034 607 3137 689 qui

418 701 622 749 comes
659 704 766 768 pro
814 690 1240 753 observatione
1288 690 1562 754 omnium
1602 691 2026 772 predictorum
2073 691 2266 771 possit
2311 690 2591 755 ordinare
2639 695 2702 754 et
2749 693 3019 756 statuere
3065 711 3136 757 ac

424 789 643 853 penam
695 776 760 839 et
804 793 994 858 penas
1026 775 1357 859 imponere,
1408 777 1569 842 sicut
1615 778 1668 840 ei
1718 777 2032 842 videbitur
2080 779 2143 841 et
2186 778 2471 859 placebit,
2521 798 2636 859 que
2669 798 2825 861 pena
2872 784 2934 843 et
2983 798 3136 862 pene

421 859 651 925 totiens
698 864 1170 929 committantur
1219 868 1283 928 et
1330 864 1656 946 exigantur
1703 884 1741 928 a
1788 867 1963 947 parte
1997 866 2472 930 contrafaciente
2507 868 2569 930 et
2601 866 2943 947 applicetur
2972 868 3137 950 parti

418 946 791 1028 observanti,
838 951 1123 1032 quociens
1170 951 1232 1015 in
1284 952 1577 1034 predictis
1622 956 1686 1017 et
1729 953 2009 1035 quolibet
2033 953 2445 1034 predictorum
2493 972 2601 1035 per
2633 955 2818 1018 aliam
2861 956 3136 1036 ipsarum

422 1035 697 1116 parcium
744 1037 932 1103 fuerit
967 1040 1432 1117 contrafactum,
1483 1042 1547 1104 et
1592 1058 1749 1122 pena
1803 1040 2135 1104 commissa
2183 1040 2280 1104 vel
2326 1058 2445 1104 non
2504 1043 2867 1119 commissa,
2931 1042 3140 1106 omnia

418 1122 483 1185 et
527 1124 774 1205 singula
820 1127 1237 1209 suprascripta
1282 1128 1342 1190 in
1391 1146 1503 1191 sua
1550 1127 1849 1192 firmitate
1883 1128 2235 1210 perdurent.
2284 1129 2712 1192 Promiserunt
2757 1132 2964 1194 autem
2998 1149 3140 1212 par-

415 1210 509 1274 tes
555 1211 825 1293 predicte
870 1212 1058 1278 michi
1106 1215 1341 1279 notario
1390 1215 1778 1296 infrascripto
1817 1215 2160 1297 stipulanti,
2210 1218 2281 1279 ut
2326 1216 2570 1299 publice
2596 1235 2870 1298 persone,
2919 1219 3128 1282 omnia

414 1298 480 1361 et
518 1297 767 1381 singula
813 1302 1231 1384 suprascripta
1275 1303 1589 1367 attendere
1637 1308 1701 1367 et
1746 1303 2090 1377 observare,
2139 1305 2202 1367 et
2246 1303 2335 1367 eis
2388 1322 2504 1367 non
2553 1303 2973 1369 contrafacere
3043 1304 3138 1369 vel

416 1385 619 1450 venire
668 1387 784 1452 sub
828 1389 1133 1471 ypotecha
1179 1391 1241 1454 et
1287 1390 1661 1472 obligatione
1709 1391 1985 1455 omnium
2034 1390 2333 1454 bonorum
2381 1391 2528 1454 dicti
2579 1392 2810 1456 domini
2859 1392 3033 1456 ducis
3076 1395 3140 1456 et

418 1474 765 1539 communis
813 1476 1216 1541 veneciarum
1262 1496 1333 1541 ac
1377 1476 1528 1541 dicti
1578 1477 1923 1541 communis
1973 1480 2036 1541 et
2080 1477 2503 1542 universitatis
2547 1480 2701 1559 Pagi
2746 1483 2811 1544 et
2855 1480 3136 1544 omnium

417 1561 481 1623 et
526 1560 911 1642 singularum
959 1564 1322 1645 specialium
1386 1582 1810 1647 personarum.
1883 1565 1950 1629 L.
2004 1565 2065 1629 S.
2114 1565 2244 1647 Ego
2293 1565 2583 1629 Nicolaus
2646 1568 2721 1630 de
2788 1568 3140 1631 Lambertis

418 1646 726 1730 imperiali
772 1652 1138 1716 auctoritate
1184 1650 1461 1716 notarius
1524 1655 1588 1715 et
1647 1652 1908 1717 ducatus
1957 1653 2365 1718 Veneciarum
2430 1654 2631 1717 scriba
2678 1654 2801 1718 hiis
2849 1654 3138 1718 omnibus

414 1734 683 1812 interfui,
734 1738 801 1802 et
845 1741 1100 1820 rogatus
1146 1738 1368 1821 scripsi
1418 1741 1480 1803 et
1518 1740 1849 1822 publicavi.

507 1825 1074 1888 Connnemorialium
1119 1830 1233 1889 11⁷.
1282 1831 1431 1906 209,
1479 1848 1521 1889 u
1566 1831 1907 1889 mletadkom
1953 1831 2191 1889 arkivu.

731 2014 1238 2102 CCCXLVI.
1312 2020 1519 2102 God.
1573 2020 1796 2103 1352.
1853 2021 1942 2100 11
1996 2008 2361 2121 svibnja,
2415 2039 2475 2099 u
2530 2020 2835 2101 Zadru.

430 2143 590 2204 Ῡιεέε
633 2145 927 2205 εαάανεΙοο
981 2147 1241 2220 pristaje
1302 2164 1386 2205 na
1441 2147 1715 2222 poqodbu
1775 2146 2109 2218 sklole'enu
2168 2147 2367 2219 merliu
2426 2147 2788 2219 republikom
2835 2147 2854 2203 ι’
2891 2143 3146 2219 paikom

1343 2236 1603 2294 obcinom
1653 2235 1819 2309 ylede
1854 2235 2049 2306 pail-e
2093 2234 2221 2292 soli.

622 2354 691 2416 ln
738 2352 969 2418 Christi
1033 2354 1277 2419 nomine
1340 2373 1541 2420 amen.
1605 2356 1784 2418 Anno
1837 2354 1913 2418 ab
1978 2353 2405 2419 incarnacione
2463 2353 2736 2418 eiusdem
2802 2354 3140 2418 millesimo

416 2440 847 2505 trecentesimo
889 2441 1399 2525 quinquagesimo
1425 2444 1705 2519 secundo,
1754 2441 2091 2506 indictione
2120 2442 2355 2523 quinta,
2404 2441 2502 2505 die
2548 2442 2869 2505 undecimo
2916 2443 3145 2505 mensis

416 2528 582 2604 maii,
648 2528 925 2611 tempore
989 2530 1494 2595 excellentissimi
1557 2529 1788 2593 domini
1855 2529 2046 2592 nostri
2110 2529 2343 2593 domini
2398 2529 2643 2593 Andree
2715 2528 2996 2592 Dandulo
3045 2530 3138 2593 dei

423 2617 631 2699 gracia
679 2616 1085 2681 Veneciarum
1135 2620 1248 2682 etc.
1301 2617 1500 2682 incliti
1550 2617 1744 2693 duola,
1794 2620 1860 2681 et
1905 2617 2220 2682 reverendi
2284 2618 2477 2700 patris
2526 2616 2759 2681 domini
2809 2615 3051 2681 Nicolai
3102 2634 3138 2680 a

421 2703 744 2768 Matafaris
791 2703 1113 2769 Jadrensis
1160 2706 1624 2788 archiepiscopi,
1675 2708 1738 2769 et
1784 2705 2017 2787 egregii
2061 2723 2131 2768 ac
2178 2706 2446 2787 potentis
2495 2705 2607 2768 viri
2658 2705 2893 2768 domini
2940 2705 3139 2769 Justi-

416 2791 583 2855 niani
630 2791 985 2857 Justiniano
1037 2794 1414 2858 honorabilis
1461 2793 1709 2857 comitis
1757 2796 1821 2856 et
1868 2792 2176 2874 capitanei
2222 2792 2493 2856 civitatis
2540 2792 2749 2855 Jadre.
2824 2791 2980 2855 Cum
3029 2793 3143 2854 du-

418 2879 545 2943 cale
592 2878 936 2943 dominium
985 2880 1394 2944 Veneciarum
1441 2881 1862 2962 suprascripto
1909 2880 2156 2943 domino
2188 2880 2400 2943 comiti
2448 2882 2510 2942 et
2557 2880 2874 2960 capitaneo
2920 2883 2984 2942 et
3031 2897 3141 2941 no·

420 2966 646 3030 bilibus
692 2968 760 3030 et
798 2967 1178 3050 sapientibus
1223 2968 1373 3032 viris
1420 2969 1683 3032 dominis
1731 2968 1918 3031 Petro
1966 2966 2233 3044 Faletro,
2298 2971 2362 3031 et
2404 2966 2676 3031 Johanni
2743 2967 3133 3047 SuperanciO,

418 3054 782 3119 consiliariis
825 3054 1089 3133 comitis,
1140 3056 1268 3119 suis
1314 3056 1545 3119 litteris
1593 3055 2047 3129 demandasset,
2100 3058 2169 3118 ut
2209 3056 2535 3118 convocato
2584 3052 2841 3117 consilio
2891 3058 2956 3118 et
3002 3056 3140 3117 uni-

421 3142 706 3206 versitate
753 3143 1055 3207 bonorum
1102 3142 1420 3207 hominum
1467 3143 1696 3221 Jadre,
1763 3144 2133 3225 exponerent
2195 3142 2285 3206 eis
2343 3143 2525 3223 pacta
2586 3145 2648 3206 et
2705 3141 3141 3206 conventiones

419 3228 600 3293 initas
647 3231 714 3294 et
752 3229 1015 3295 firmitas
1062 3231 1225 3294 inter
1271 3230 1579 3294 sindicum
1628 3230 1905 3295 eiusdem
1953 3229 2188 3295 ducalis
2236 3229 2490 3294 dominii
2540 3247 2612 3291 ex
2660 3231 2836 3310 parte
2884 3247 3027 3304 una,
3080 3231 3144 3293 et

419 3316 843 3381 ambaxatores
890 3319 959 3381 et
1003 3318 1266 3381 sindicos
1315 3318 1661 3382 communis
1709 3321 1772 3381 et
1819 3318 2139 3382 hominum
2189 3316 2342 3399 Pagi
2386 3336 2457 3380 ex
2508 3316 2707 3380 altera
2755 3335 2940 3400 super
2971 3317 3144 3381 facto
3213 3376 3222 3380 -

418 3404 562 3468 salis
610 3404 786 3488 Pagi,
834 3408 898 3468 et
943 3421 1046 3468 eos
1093 3405 1484 3469 hortarentur
1548 3407 1624 3469 ad
1677 3405 2002 3469 volendum
2067 3405 2310 3470 firmare
2357 3408 2422 3468 et
2467 3405 2778 3468 ratificare
2826 3409 3008 3486 pacta
3074 3407 3141 3468 et

420 3492 845 3557 conventiones
889 3491 1221 3574 predictaS,
1273 3494 1343 3556 ut
1388 3492 1680 3574 leguntur
1722 3497 1782 3556 et
1832 3493 2223 3556 continentur
2269 3493 2334 3555 in
2380 3494 2700 3556 contractu
2759 3511 2942 3573 super
2992 3492 3144 3557 inde

419 3579 711 3656 conse-cte,
763 3578 937 3643 cuius
977 3580 1155 3663 copia
1201 3583 1381 3663 prout
1424 3579 1639 3645 habita
1688 3580 1807 3643 fuit
1850 3579 2080 3644 litteris
2105 3579 2428 3644 ducalibus
2474 3579 2810 3643 interclusa
2836 3579 3134 3643 districte

419 3665 664 3731 inferius
711 3668 1040 3731 annotatur
1093 3666 1155 3730 in
1212 3669 1512 3749 quantum
1580 3666 2046 3731 universitatem
2111 3669 2174 3731 et
2218 3666 2498 3732 homiues
2553 3666 2742 3731 Jadre
2810 3669 3146 3749 tangerent

419 3754 509 3818 vel
557 3756 812 3837 possent
859 3756 1107 3836 tangere
1154 3773 1396 3838 quoquo
1445 3753 1642 3832 mode,
1704 3757 1767 3819 et
1834 3757 2156 3837 propterea
2222 3752 2442 3835 prefati
2503 3754 2737 3818 domini
2805 3772 3013 3818 comes
3083 3756 3146 3816 et

417 3842 542 3907 eius
586 3842 923 3907 consiliarii
971 3842 1313 3924 supradicti
1373 3841 1592 3905 ducale
1658 3841 2015 3924 preceptum
2077 3844 2358 3924 optantes
2412 3841 2755 3907 executioni
2819 3840 3143 3916 mandare,

417 3929 766 3994 convocatis
811 3948 920 4012 per
966 3945 1255 4011 precones
1302 3929 1471 3992 curie
1519 3929 1831 3994 nobilibus
1877 3929 2043 3994 dicte
2092 3932 2289 4007 terre,
2341 3931 2405 3994 et
2452 3930 2542 3994 eis
2590 3929 2650 3992 in
2699 3927 2833 3992 sala
2880 3929 3143 3991 comita·

419 4022 512 4082 tus
555 4015 743 4084 Jadre
790 4020 1200 4102 congregatiS,
1244 4016 1349 4100 qui
1398 4019 1977 4098 representaverunt
2047 4017 2374 4082 consilium
2422 4018 2720 4081 ettotam
2770 4015 3145 4080 universita-

418 4107 539 4169 tem
581 4105 883 4170 nobilium
936 4108 999 4168 et
1047 4103 1347 4168 bonorum
1389 4103 1709 4168 hominum
1757 4103 2032 4168 civitatis
2065 4105 2358 4187 predicte,
2408 4104 2563 4186 ipsis
2607 4103 2694 4167 sic
2745 4103 3144 4186 congregatis

422 4194 857 4276 proposuerunt
902 4192 1086 4274 pacta
1132 4193 1195 4256 et
1241 4190 1679 4256 convenciones
1726 4192 1913 4256 initas
1961 4193 2026 4255 et
2071 4193 2387 4270 firmatas,
2437 4196 2507 4255 ut
2554 4189 2835 4272 superius
2894 4192 2994 4254 est
3042 4209 3143 4253 ex-

419 4294 713 4360 pressum,
763 4282 828 4344 et
875 4280 953 4344 ad
999 4279 1310 4343 cautelam
1360 4278 1594 4342 dictam
1656 4279 1900 4362 copiam
1947 4279 2340 4344 instromenti
2385 4298 2494 4344 seu
2547 4279 2901 4343 contractus
2958 4293 3144 4359 super

418 4366 552 4432 iude
597 4366 864 4432 confecti
907 4381 1017 4448 per
1062 4365 1506 4431 cancellarium
1552 4384 1731 4431 suum
1779 4385 1989 4431 coram
2029 4367 2119 4431 eis
2166 4366 2510 4450 vulgariter
2553 4365 2678 4448 legi
2723 4368 2788 4429 et
2834 4365 3140 4447 publicari

422 4452 706 4533 fecerunt,
756 4454 1075 4518 hortantes
1115 4453 1378 4537 benigne
1424 4471 1634 4518 omnes
1669 4458 1733 4519 et
1761 4453 2036 4536 singulos
2077 4456 2484 4537 congregatos
2530 4452 2780 4530 ibidem,
2832 4455 3139 4536 quatenus

421 4544 591 4621 pacta
634 4547 700 4607 et
744 4540 1179 4607 conventiones
1221 4539 1533 4623 predictas
1578 4541 1641 4606 in
1689 4541 1857 4607 dieta
1903 4540 2081 4622 copia
2128 4544 2191 4606 et
2237 4541 2337 4604 hic
2382 4539 2637 4605 inferius
2685 4541 2976 4604 seriosius
3036 4556 3146 4601 an·

424 4631 658 4695 notatas
707 4631 769 4693 in
815 4629 1115 4712 quantum
1159 4643 1483 4692 commune
1531 4630 1595 4693 et
1641 4628 2113 4693 universitatem
2161 4628 2482 4692 hominum
2507 4626 2700 4691 Jadre
2746 4630 2810 4692 et
2853 4625 3136 4690 homines

426 4714 745 4784 existentes
792 4716 1024 4782 ibidem
1069 4718 1135 4780 et
1178 4714 1521 4799 quemlibet
1563 4731 1777 4782 eorum
1825 4717 1890 4779 et
1933 4714 2242 4798 quoslibet
2287 4713 2449 4778 alios
2495 4713 2834 4779 Jadrenses
2869 4710 3136 4792 tangunt
