3620 5282
485 343 606 408 178

474 518 797 599 Dyesgeur
845 516 904 580 in
952 516 1220 597 quadam
1266 532 1511 579 camera
1556 513 1753 596 ipsius
1801 514 1988 578 castri
2037 533 2222 596 penes
2276 515 2524 595 stupam
2573 532 2852 597 parvam,
2898 515 3202 596 presenti-

473 605 590 669 bus
633 603 1090 669 venerabilibus
1126 602 1272 666 viris
1311 601 1577 666 dominis
1616 600 1882 683 Georgio
1919 601 2261 678 Bosinensi‚
2308 602 2569 666 Nicolao
2611 601 2972 666 Chasmensi
3007 601 3203 665 eccle-

472 691 709 756 siarum
757 691 1100 774 prepositiS,
1151 689 1497 769 magnificis
1543 689 1692 752 viris
1741 688 2006 752 dominis
2053 690 2317 771 Georgio
2356 690 2608 754 Bubech
2659 690 2955 771 magistro
3001 691 3207 754 taver-

474 778 754 844 nicorum
810 778 1203 860 reginalium,
1251 776 1576 841 Emericho
1610 775 1869 841 Bubech
1911 794 2245 859 regnorum
2278 777 2593 842 Dalmatie
2627 778 2693 842 et
2738 776 2987 842 Croacie
3021 776 3200 853 ban0,

472 866 738 930 testibus
784 866 858 931 ad
908 865 1182 947 predicta
1227 864 1588 929 vocatis-et
1647 865 1920 947 rogatis,
1990 867 2054 926 et
2116 864 2258 928 aliis
2322 864 2623 947 pluribus
2689 864 2823 947 Ego
2886 863 3202 929 Galvanus

471 952 780 1036 quondam
826 972 923 1017 ser
969 952 1388 1018 Bartholomei
1436 950 1510 1015 de
1558 950 1983 1029 Castrobaldo,
2032 950 2184 1016 civis
2233 954 2509 1033 patavus,
2559 951 2847 1035 publicus
2895 951 3201 1032 imperiali

473 1041 802 1105 actoritate
847 1040 1126 1105 notarius
1173 1058 1244 1104 ac
1292 1040 1469 1103 iudex
1514 1038 1859 1104 ordinarius
1922 1043 1986 1103 et
2045 1038 2267 1119 prefati
2319 1039 2552 1103 domini
2601 1038 2872 1122 episcopi
2919 1036 3201 1121 Quinque

472 1127 874 1192 ecclesiarum
924 1128 1160 1204 scriba,
1207 1128 1492 1191 omnibus
1539 1127 1859 1209 premissis
1908 1125 2193 1204 interfui,
2257 1130 2320 1190 et
2366 1145 2477 1209 per
2525 1126 2836 1208 prefatum
2884 1126 3197 1190 dominum

473 1233 687 1298 regem
733 1215 1073 1297 requisitus
1120 1233 1192 1279 ea
1235 1214 1500 1279 fideliter
1544 1215 1799 1296 scripsi,
1866 1217 1929 1276 et
1989 1214 2051 1277 in
2106 1214 2267 1278 hanc
2311 1212 2575 1279 formam
2626 1214 2941 1297 publicam
2992 1212 3199 1294 redegi

470 1302 586 1367 sub
632 1303 754 1366 mei
802 1304 980 1386 signo
1027 1303 1092 1367 et
1137 1302 1382 1367 nomine
1426 1301 1757 1366 consuetis

554 1410 879 1472 Paetorum
934 1410 1038 1472 VI.
1091 1410 1195 1480 38,
1237 1427 1279 1468 u
1324 1409 1480 1468 mlet.
1529 1409 1764 1468 arkivu.

726 1632 1002 1714 com.
1057 1631 1265 1714 God.
1320 1631 1533 1713 1381.
1586 1630 1688 1711 26
1742 1630 2239 1729 studenoga.
2293 1652 2354 1712 u
2405 1631 2919 1729 Diosgyoru.

466 1775 751 1850 Ljudevit
794 1794 965 1852 ηραν.
986 1776 1157 1836 -ὴνυ,
1206 1776 1368 1846 Ιεναῑφ·
1412 1775 1666 1835 smdoei
1684 1819 1699 1844 ,
1758 1774 1841 1832 da
1890 1774 2081 1920 jZ‘Od
2134 1774 2449 1834 Mletcana
2484 1774 2709 1846 premio
2757 1775 2928 1832 7000
2971 1774 3200 1833 dulcata

1541 1880 1616 1922 za
1653 1879 1817 1935 prvu
1860 1879 1934 1937 ρο
1977 1879 2106 1921 mu.

673 1998 991 2079 Quietatio
1037 1999 1294 2084 pecunie
1341 2000 1539 2065 solute
1582 1999 1834 2065 domino
1880 1999 2010 2082 regi
2057 1999 2375 2082 Hungarie
2422 2017 2528 2081 pro
2573 1998 2772 2082 primo
2820 2017 2999 2065 anno.

679 2089 752 2151 In
799 2086 1033 2154 Christi
1067 2087 1312 2152 nomine
1369 2106 1571 2152 amen.
1633 2087 1814 2152 Anno
1872 2105 1910 2151 a
1959 2088 2285 2153 nativitate
2314 2087 2621 2151 *eiusdem
2685 2087 3018 2151 millesimo
3068 2089 3192 2151 tre-

465 2176 804 2242 centesimo
849 2175 1270 2259 octuagesimo
1315 2174 1550 2257 primo,
1598 2175 1901 2240 indicione
1946 2178 2204 2256 quarta,
2254 2173 2355 2239 die
2404 2174 2622 2238 martis
2672 2174 2971 2258 vigesimo
3019 2178 3188 2240 sexto

467 2262 838 2329 novembris,
902 2261 1059 2328 Cum
1106 2261 1170 2327 iu
1217 2264 1534 2327 contractu
1575 2263 1746 2344 pacis
1794 2280 1988 2345 nuper
2034 2263 2274 2327 scilicet
2317 2262 2416 2325 die
2461 2264 2674 2326 octavo
2717 2264 2950 2327 mensis
2996 2281 3191 2346 augu-

464 2352 546 2415 sti
594 2350 867 2432 proxime
929 2350 1124 2432 elapsi
1184 2350 1493 2414 celebrate
1538 2353 1603 2414 et
1664 2349 1906 2415 firmate
1967 2349 2031 2412 in
2091 2349 2347 2414 civitate
2406 2348 2659 2413 Taurini
2729 2350 3083 2415 interventu
3129 2352 3193 2412 et

465 2436 888 2502 laudabilibus
913 2438 1201 2519 operibus
1248 2436 1472 2501 excelsi
1517 2438 1582 2503 et
1605 2436 1867 2501 illustris
1915 2438 2141 2501 domini
2177 2436 2699 2501 dominiAmedei
2745 2438 2989 2501 comitis
3039 2438 3194 2502 Sab-

462 2524 689 2590 baudie
733 2524 898 2588 inter
945 2526 1310 2589 reverendos
1355 2529 1566 2608 patres
1611 2524 1894 2588 dominos
1958 2523 2362 2588 Valentinum
2422 2522 2706 2605 Quinque
2753 2523 3187 2588 ecclesiensem

461 2614 524 2678 et
569 2611 836 2677 Paulum
898 2610 1408 2694 Zagrabiensem‚
1466 2612 1865 2678 ecclesiarum
1926 2612 2268 2694 episcopos,
2336 2615 2769 2695 procuratores
2822 2614 2886 2676 et
2946 2613 3190 2694 legatos

461 2787 748 2867 Polonie,
798 2786 1140 2868 Dalmatie,
1191 2784 1473 2867 Croacie,
1524 2787 1754 2864 Rame‚
1804 2786 2043 2865 Servis,
2093 2784 2370 2863 Galicie,
2420 2787 2818 2864 Ludomerie,
2870 2787 3184 2868 Bulgarie,

461 2871 878 2956 Cumanieque
924 2874 1123 2957 regia,
1171 2873 1465 2957 principis
1500 2874 1877 2939 Salernitani
1903 2876 1969 2939 et
2013 2874 2260 2938 honoris
2304 2873 2533 2938 montis
2574 2875 2772 2938 sancti
2824 2874 3028 2955 angeli
3083 2875 3190 2937 do·

465 2962 640 3038 mini,
688 2962 1104 3044 procuratorio
1145 2961 1392 3026 nomine
1438 2962 1661 3043 prefati
1709 2961 1943 3025 domini
1993 2961 2157 3043 regis
2204 2980 2274 3026 ex
2323 2979 2444 3024 una
2480 2962 2680 3042 parte,
2731 2962 2797 3025 et
2842 2961 3080 3026 nobiles
3128 2965 3190 3026 et

460 3049 772 3132 sapientes
819 3048 982 3113 viros
1027 3049 1306 3113 dominos
1353 3048 1714 3115 Zachariam
1764 3047 2122 3126 contareno,
2169 3049 2518 3114 ‚Iohannem
2568 3047 2911 3113 Gradonico
2957 3053 3021 3113 et
3069 3049 3187 3111 Mi-

462 3136 736 3201 chaelem
785 3135 1156 3201 Mauroceno
1203 3139 1652 3218 procuratorem
1698 3135 1957 3201 ecclesie
2004 3137 2201 3200 sancti
2248 3136 2479 3212 Marci,
2528 3134 2917 3199 honorabiles
2965 3136 3184 3199 amba—

460 3223 747 3300 1iatoreS,
795 3222 1082 3307 syndicos
1125 3226 1190 3287 et
1234 3225 1661 3305 procuratores
1703 3223 1929 3287 excelsi
1991 3226 2055 3285 et
2099 3222 2333 3287 illustri
2379 3221 2613 3285 domini
2673 3223 2913 3286 Andree
2961 3221 3183 3287 Conta-

456 3329 602 3375 reno
647 3310 764 3374 Dei
809 3310 1013 3392 gratia
1056 3310 1229 3374 ducis
1259 3311 1660 3375 ‘venetiarum
1710 3315 1828 3374 etc.
1878 3314 1941 3373 et
1979 3311 2324 3374 communis
2351 3310 2783 3387 Venetiarum,
2834 3312 3182 3392 syndicario

458 3398 522 3462 et
565 3398 982 3479 procuratorio
1030 3396 1273 3462 nomine
1331 3397 1605 3462 eiusdem
1645 3397 1877 3462 domini
1928 3397 2102 3461 ducis
2161 3400 2223 3461 et
2261 3397 2607 3462 communis
2667 3398 3066 3462 Venetiarum
3111 3417 3180 3459 ex

456 3488 629 3566 parte
660 3483 880 3563 altera,
905 3484 1068 3549 inter
1098 3486 1305 3549 cetera
1335 3486 1738 3564 contineatur,
1765 3485 1927 3567 quod
1959 3483 2195 3549 dictum
2238 3502 2560 3547 commune
2597 3485 2994 3549 Veneciarum
3038 3487 3182 3548 dare

459 3573 526 3635 et
571 3571 806 3636 solvere
852 3570 1075 3636 debeat
1118 3573 1283 3636 dicto
1336 3573 1729 3637 serenissimo
1793 3572 2037 3635 domino
2099 3572 2227 3654 regi
2291 3574 2355 3634 et
2414 3571 2545 3634 eius
2606 3573 3064 3636 successoribus
3121 3574 3179 3634 in

461 3676 649 3741 regno
697 3662 761 3722 et
805 3675 1030 3722 corona
1074 3661 1139 3723 et
1183 3659 1304 3741 ipsi
1349 3677 1568 3723 corone
1635 3659 2082 3741 representauti
2145 3678 2401 3741 regnum
2461 3660 2525 3721 et
2571 3659 3023 3740 presidentibus
3074 3677 3180 3740 pro

463 3745 602 3828 ipsa
644 3763 866 3810 corona
911 3745 975 3810 in
1025 3749 1392 3828 perpetuum
1440 3748 1753 3811 annuatim
1800 3746 2055 3810 ducatos
2102 3749 2336 3828 septem
2395 3744 2593 3809 millia
2640 3747 2777 3809 boni
2823 3747 2959 3810 auri
3007 3748 3072 3809 et
3118 3748 3179 3810 in

460 3851 613 3898 auro
661 3834 725 3896 et
762 3834 905 3897 boui
953 3835 1019 3897 et
1066 3833 1217 3897 iusti
1261 3835 1567 3914 ponderiS,
1614 3835 1906 3899 solvenda
1949 3834 2114 3896 dicto
2159 3834 2406 3897 domino
2452 3833 2606 3914 Regi
2652 3837 2715 3896 et
2759 3834 2892 3896 eius
2940 3852 3183 3897 succes-

456 3921 700 3986 soribus
747 3923 812 3984 et
859 3937 1080 3984 corone
1126 3924 1190 3983 et
1235 3921 1693 4002 presidentibus
1741 3922 2032 4003 predictis
2076 3920 2173 3984 vel
2219 3920 2579 3985 tesaurariis
2618 3920 2890 4002 ipsorum
2936 3930 3000 3983 et
3046 3921 3179 3984 cui-

455 4007 610 4072 libet
669 4006 777 4071 alii
842 4007 1093 4072 habenti
1155 4009 1450 4090 ydoneam
1503 4010 1873 4089 potestatem
1941 4007 2269 4090 recipiendi
2331 4007 2698 4071 solutionem
2767 4007 3176 4088 predictorum

456 4096 696 4178 septem
744 4094 1015 4159 millium
1065 4095 1446 4173 ducatorum,
1496 4100 1559 4159 et
1605 4095 1679 4158 de
1723 4095 1860 4177 ipsa
1899 4095 2224 4175 solutione,
2263 4095 2707 4175 quietationem
2756 4097 2821 4158 et
2867 4096 3182 4159 liberatio-

451 4201 593 4245 nem
654 4181 926 4246 debitam
993 4181 1258 4247 saciendi
1317 4201 1425 4263 per
1486 4186 1941 4264 procuratorem
1996 4200 2107 4246 seu
2168 4182 2492 4265 syndicum
2532 4181 2682 4246 dicti
2716 4184 3062 4247 communis
3117 4183 3179 4245 in

452 4268 611 4333 festo
651 4269 849 4332 sancti
897 4270 1061 4351 regis
1109 4268 1406 4351 Stephani
1457 4270 1757 4351 vigesima
1820 4270 1919 4332 die
1989 4271 2232 4351 augusti
2302 4269 2638 4333 cuiuslibet
2697 4270 2836 4332 anni
2888 4270 2981 4332 vel
3031 4273 3177 4333 ante

452 4354 688 4419 dictum
738 4356 987 4434 festum,
1037 4375 1158 4438 qua
1202 4357 1509 4421 solutione
1553 4358 1753 4433 facta,
1802 4356 2179 4437 quietatione
2242 4358 2307 4420 et
2353 4356 2718 4421 liberatione
2759 4358 2833 4420 de
2884 4358 3173 4438 receptiS,

452 4439 651 4504 facere
698 4443 1025 4507 teneantur
1071 4446 1136 4507 et
1184 4444 1471 4508 teneatur
1519 4444 1739 4508 nuncio
1788 4447 1854 4507 et
1900 4443 2151 4527 syndico
2199 4444 2596 4508 Venetorum.
2645 4444 2877 4507 Verum
2925 4443 3000 4506 de
3041 4464 3177 4524 pre-

452 4527 719 4590 statione
780 4529 1085 4593 dictorum
1150 4535 1389 4612 septem
1454 4530 1720 4594 millium
1792 4532 2154 4594 ducatorum
2223 4530 2422 4594 fienda
2485 4530 2722 4611 prefato
2783 4532 3176 4595 serenissimo

451 4613 699 4676 domino
747 4616 874 4696 regi
927 4635 1035 4695 pro
1079 4633 1240 4680 anno
1287 4619 1594 4699 presenti,
1655 4616 1799 4699 quia
1845 4619 2094 4699 propter
2141 4618 2437 4698 temporis
2490 4618 2851 4680 brevitatem
2902 4637 3021 4681 non
3068 4637 3175 4699 po-

447 4698 616 4760 terat
664 4699 794 4763 fieri
855 4701 934 4763 ad
997 4703 1331 4770 terminum
1395 4704 1780 4781 ordinatum,
1844 4707 2211 4768 conventum
2272 4706 2337 4768 et
2399 4706 2825 4769 contentatum
2886 4703 3008 4767 fuit
3062 4724 3173 4787 per
