3620 5282
460 347 588 411 378

462 520 865 604 deputandoS‚
916 539 1027 585 nec
1075 520 1150 585 de
1198 520 1349 603 ipsis
1398 520 1549 584 locis
1596 521 1661 583 et
1706 520 1891 583 terris
1939 518 2066 583 ullo
2114 537 2380 600 unquam
2449 519 2729 599 tempore
2772 535 2879 598 per
2926 535 2991 580 se
3038 534 3178 580 suc-

461 628 736 674 cessores
782 627 924 673 suos
971 608 1072 672 vel
1116 608 1270 673 alios
1297 608 1672 673 intromittet
1697 606 1790 671 vel
1820 607 2164 687 impediret,
2217 605 2578 670 renuncians
2612 624 2682 669 ac
2728 605 2800 683 in,
2838 622 2946 668 nos
2977 605 3181 668 trans-

463 697 665 761 ferens
714 714 894 759 omne
946 696 1058 772 ine,
1107 697 1159 759 si
1209 697 1365 778 quod
1412 695 1843 776 acquisivisset
1889 695 1950 757 in
1999 694 2108 771 eis,
2158 694 2248 758 ita
2280 694 2506 770 tamen,
2556 694 2716 775 quod
2764 693 2929 774 ipsas
2960 693 3176 768 terra8‚

462 787 667 848 castra
714 784 778 847 et
822 783 955 848 loca
1005 787 1067 846 et
1115 783 1395 847 subditos
1449 802 1658 847 earum
1707 801 1817 847 nec
1865 801 1985 847 non
2031 800 2245 846 omnes
2292 782 2542 858 amicos,
2591 779 2954 844 adherentes
2989 781 3053 843 et
3083 796 3180 842 se-

464 889 692 954 quaces
740 871 934 951 ipsius
981 870 1212 934 domini
1261 871 1425 953 regis
1462 874 1600 940 ,tam
1650 870 1887 934 nobiles
1934 889 2117 950 quam
2183 868 2482 952 ignobiles
2531 870 2872 932 tractemus
2918 865 3181 930 dulciter

462 962 525 1022 et
573 958 858 1040 benigne,
911 958 1185 1021 remissis
1234 959 1519 1023 omnibus
1566 957 1807 1022 iniuriis
1855 958 1917 1021 et
1967 957 2212 1020 offensis
2279 958 2344 1020 et
2389 956 2551 1020 sicut
2610 955 2987 1019 faciebamus
3035 954 3177 1018 ante

466 1046 770 1111 novitates
813 1047 1114 1128 presentis
1159 1064 1395 1127 guerre,
1447 1048 1510 1109 et
1556 1046 1719 1109 sicut
1780 1046 1832 1109 si
1895 1044 2142 1109 domino
2205 1044 2335 1126 regi
2397 1061 2707 1124 nunquam
2770 1040 3178 1106 adhesissent.

463 1132 545 1196 Et
591 1153 622 1197 e
671 1152 957 1197 converso
1005 1132 1290 1214 promisit
1335 1133 1611 1215 prefatus
1657 1132 1942 1197 dominus
1989 1152 2093 1195 rex
2129 1133 2327 1196 facere
2374 1133 2438 1195 et
2483 1148 2726 1195 servare
2773 1129 2848 1193 de
2894 1128 3178 1193 omnibus

463 1220 699 1297 amiciS‚
748 1220 1186 1284 adherentibus
1236 1222 1299 1284 et
1345 1221 1714 1303 sequacibus
1754 1221 1981 1283 nostris
2029 1221 2157 1283 tam
2207 1218 2515 1284 nobilibus
2563 1236 2744 1300 quam
2772 1216 3168 1300 ignobilibus.

463 1308 622 1372 Item
670 1308 831 1390 quod
882 1308 1114 1391 captivi
1151 1327 1220 1371 ex
1248 1309 1507 1390 utraque
1533 1308 1761 1408 (parte)
1785 1307 1981 1371 libere
2009 1307 2372 1370 relaxentur.
2425 1307 2579 1370 Item
2607 1307 2763 1388 quod
2811 1324 2883 1368 ex
2912 1307 3175 1385 utraque

463 1398 641 1495 parte
683 1396 1086 1460 remittantur
1133 1398 1197 1459 et
1238 1414 1309 1458 ex
1358 1415 1519 1460 nunc
1566 1395 1822 1459 remisse
1869 1394 2302 1477 intelligantur
2349 1412 2561 1457 omnes
2623 1392 3022 1492 offensiones,
3084 1391 3180 1454 in-

462 1481 617 1547 iurie
673 1483 736 1546 et
782 1483 1011 1547 damna
1058 1483 1375 1565 preterita,
1424 1502 1540 1547 non
1587 1482 1989 1564 intelligendo
2052 1483 2292 1559 debita,
2340 1481 2560 1563 quibus
2606 1479 2725 1544 sibi
2771 1480 3034 1543 invicem
3089 1480 3178 1541 te-

464 1571 758 1634 nerentur
809 1569 1109 1652 speciales
1158 1589 1430 1652 persone,
1497 1573 1568 1634 de
1626 1570 1849 1651 quibus
1911 1570 2021 1633 fiet
2086 1569 2334 1633 iusticia
2392 1567 2740 1632 hincinde.
2817 1567 2980 1631 Item
3020 1564 3179 1665 quod

461 1655 670 1721 dictus
719 1657 1020 1721 dominus
1054 1677 1156 1721 rex
1206 1657 1364 1721 bona
1411 1658 1529 1722 fide
1574 1656 1928 1739 prohibebit
1975 1658 2038 1721 et
2083 1656 2389 1721 ordinabit
2433 1674 2571 1720 cum
2623 1654 2861 1732 effectu,
2911 1656 3071 1736 quod
3113 1652 3178 1716 in

461 1745 672 1826 aliqua
722 1748 1025 1808 terrarum
1076 1764 1183 1809 seu
1228 1745 1568 1809 insularum
1617 1748 1728 1809 aut
1772 1746 2063 1820 locorum,
2113 1763 2229 1826 que
2273 1744 2636 1826 perventuro
2684 1745 2831 1805 sunt
2874 1743 2949 1806 ad
2981 1739 3182 1804 domi-

463 1833 639 1896 nium
690 1832 836 1896 dicti
887 1832 1118 1896 domini
1166 1833 1331 1915 regis
1378 1837 1441 1897 et
1481 1850 1598 1914 que
1640 1834 1762 1896 iam
1787 1835 2218 1914 pervenerunt,
2266 1850 2382 1895 non
2429 1829 2774 1894 armabitur
2817 1829 2881 1892 in
2929 1846 3178 1892 cursum

468 1937 579 1982 nec
628 1920 1010 1983 exercebitur
1054 1920 1317 2001 piratica
1364 1938 1467 1983 seu
1517 1920 1808 1984 damnum
1857 1923 1968 1985 aut
2013 1919 2308 1983 violentia
2354 1917 2666 1999 aliquibus
2720 1915 3176 1998 navigantibus,

464 2024 578 2069 nec
626 2008 1109 2088 receptabuntur
1156 2008 1215 2071 in
1262 2007 1391 2070 suis
1437 2007 1739 2088 portubus
1786 2007 2042 2071 cursarii
2092 2008 2155 2069 et
2202 2004 2493 2082 malefici,
2544 2006 2646 2069 sed
2713 2003 2922 2086 pocius
2968 2003 3180 2067 turba-

462 2093 695 2157 buntur
739 2096 805 2158 et
844 2095 1250 2158 coroebuntur
1297 2094 1459 2158 sicut
1503 2094 1681 2158 decet
1722 2095 1959 2176 regiam
2003 2093 2314 2158 iusticiam
2363 2095 2427 2156 et
2470 2093 2785 2156 honorem.
2833 2092 2914 2156 Et
2953 2111 2985 2154 e
3033 2108 3179 2173 conf

463 2199 643 2245 verso
693 2182 754 2244 in
804 2181 1031 2245 nostris
1078 2182 1260 2245 terris
1310 2184 1373 2245 et
1417 2181 1639 2246 insulis
1686 2182 2084 2263 promisimus
2132 2200 2241 2245 nos
2286 2180 2557 2244 facturos
2597 2180 2752 2243 illud
2798 2179 2981 2242 idem.
3031 2178 3182 2241 Pre-

461 2270 636 2331 terea
682 2268 969 2349 promisit
1012 2268 1291 2331 dominus
1338 2288 1439 2332 rex
1487 2268 1761 2350 prefatus
1810 2269 1992 2332 verbo
2039 2287 2146 2332 suo
2194 2269 2359 2349 regio
2406 2268 2724 2332 universos
2771 2268 2833 2329 et
2896 2264 3172 2347 singulos

463 2354 653 2432 civeS,
704 2356 981 2419 subditos
1045 2357 1108 2419 et
1164 2354 1375 2419 fideles
1438 2359 1678 2420 nostros
1744 2358 1808 2419 et
1861 2358 2203 2420 communis
2260 2356 2667 2420 Veneciarum
2742 2353 3054 2417 venientes
3101 2352 3181 2415 ad

400 2520 415 2531 -
462 2444 686 2518 terrm,
735 2445 968 2524 portuS‚
1019 2442 1253 2506 insulas
1298 2444 1363 2506 et
1407 2442 1543 2507 loca
1590 2463 1826 2526 queque
1889 2443 2136 2507 subdita
2187 2442 2642 2524 presentialiter
2687 2444 2751 2505 et
2791 2442 2853 2504 in
2902 2440 3178 2503 futurum

465 2529 782 2593 maiestati
833 2548 939 2593 sue
984 2530 1213 2594 habere
1260 2532 1323 2593 et
1366 2530 1582 2593 haberi
1631 2530 1826 2594 facere
1860 2531 2063 2594 salvos
2111 2532 2174 2593 et
2213 2547 2456 2594 securos
2503 2546 2642 2593 cum
2672 2528 2968 2610 personis,
3002 2526 3178 2590 bonis

466 2617 529 2681 et
576 2616 838 2700 navigiis
885 2635 956 2682 ac
1001 2618 1182 2682 rebus
1230 2618 1604 2696 eorumdem,
1654 2620 1718 2682 et
1763 2620 1921 2701 quod
1956 2636 2164 2682 secure
2197 2619 2263 2682 et
2285 2617 2491 2699 quiete
2538 2618 2782 2699 possint
2829 2616 2939 2692 ire,
2990 2616 3173 2691 stare,

467 2704 666 2768 redire
719 2708 781 2769 et
830 2707 1091 2770 transire
1137 2725 1247 2788 per
1292 2706 1488 2770 dictos
1536 2711 1769 2788 portuS‚
1817 2709 2013 2771 terras
2061 2709 2124 2769 et
2168 2706 2303 2770 loca
2348 2724 2487 2769 cum
2541 2704 2841 2787 navigiiS‚
2891 2701 3174 2785 personis

465 2794 529 2855 et
574 2793 989 2856 mercimoniis
1033 2793 1180 2870 suiS‚
1228 2812 1373 2903 ymo
1420 2794 1588 2876 ipsas
1653 2794 1952 2858 tractabit
2014 2797 2078 2857 et
2141 2793 2396 2856 tractari
2453 2793 2590 2857 vult
2650 2791 2915 2855 dulciter
2961 2791 3026 2854 et
3071 2789 3181 2853 be-

463 2881 651 2961 nigne
700 2881 817 2943 sub
865 2880 1178 2945 favoribus
1226 2866 1310 2943 et
1333 2882 1560 2963 graciis
1608 2881 1754 2945 suis,
1803 2881 1888 2944 Et
1932 2901 1965 2945 e
2011 2882 2222 2945 contra
2255 2898 2364 2943 nos
2399 2881 2518 2943 dux
2565 2884 2626 2943 et
2671 2896 2992 2943 commune
3017 2878 3180 2941 trac-

465 2967 742 3031 tabimus
790 2970 1068 3033 subditos
1113 2971 1178 3031 et
1224 2968 1435 3033 fideles
1482 2969 1627 3033 dicti
1691 2969 1921 3032 domini
1987 2969 2185 3050 regis,
2251 2968 2361 3031 tali
2426 2968 2669 3032 vinculo
2726 2965 3049 3029 interiecto
3113 2964 3178 3028 in

462 3054 761 3135 predictis
811 3056 1094 3120 omnibus
1144 3058 1208 3119 et
1251 3056 1533 3138 singulm,
1581 3056 1740 3138 quod
1788 3055 1841 3119 si
1887 3056 2157 3137 partium
2208 3054 2415 3137 aliqua
2459 3053 2602 3118 huic
2643 3052 3038 3130 ordinacioui‚
3087 3052 3180 3115 di-

463 3141 806 3220 spositioni,
857 3143 1170 3206 concordie
1219 3144 1403 3224 atque
1449 3143 1583 3225 paci
1631 3143 1933 3206 niteretur
1995 3143 2296 3206 contraire
2343 3143 2408 3205 et
2469 3160 2602 3205 eam
2669 3139 3021 3221 infrangere
3078 3139 3177 3203 vel

464 3226 693 3290 violare
742 3232 1084 3304 conaretur,
1135 3228 1376 3310 aliquas
1418 3232 1633 3305 terras,
1682 3232 1908 3304 castra,
1973 3229 2210 3293 insulas
2275 3231 2386 3293 aut
2447 3231 2657 3310 portus
2719 3228 2793 3291 de
2842 3227 2995 3304 hiis,
3060 3244 3178 3308 que

462 3314 830 3378 renunciata
876 3319 1040 3388 sunt,
1090 3317 1445 3396 occupando
1504 3317 1602 3381 vel
1667 3316 1853 3379 aliter
1913 3317 2049 3396 paci
2111 3315 2634 3392 contrafaciendo‚
2702 3334 2773 3379 ex
2834 3318 2980 3378 tunc
3031 3331 3178 3395 pars

461 3400 667 3464 altera
713 3400 777 3463 id
826 3402 956 3465 sedi
1002 3402 1333 3482 apostolice
1380 3403 1669 3467 intimare
1724 3403 1968 3479 debeat,
2019 3405 2083 3466 et
2127 3403 2411 3467 dominus
2476 3421 2637 3485 papa
2694 3403 2903 3485 vigore
2949 3400 3180 3465 emolo-

463 3489 731 3570 gationis
779 3490 843 3552 et
890 3489 1219 3571 potestatis
1263 3489 1405 3554 date
1453 3509 1563 3573 per
1604 3492 1803 3573 ipsum
1862 3489 2181 3554 dominum
2243 3509 2452 3574 regem
2502 3492 2566 3554 et
2609 3508 2719 3554 nos
2782 3494 2993 3553 tenore
3040 3507 3178 3570 pre-

465 3575 735 3639 sentium
788 3576 1134 3641 litterarum
1171 3580 1455 3642 teneatur
1503 3580 1568 3642 et
1608 3578 1760 3643 velit
1804 3577 1964 3642 iufra
2010 3579 2283 3660 spacium
2315 3579 2496 3641 unius
2531 3577 2759 3642 mensis
2807 3576 3175 3658 simpliciter

462 3665 530 3727 et
575 3664 650 3728 de
700 3664 878 3744 plano
927 3664 1155 3745 absque
1198 3667 1461 3746 strepitu
1508 3667 1573 3730 et
1617 3666 1815 3749 figura
1863 3665 2110 3742 iudicii,
2160 3666 2356 3729 solum
2405 3668 2650 3747 recepta
2697 3664 2817 3729 fide
2865 3665 2929 3728 et
2989 3662 3177 3728 certi-

463 3751 749 3816 ficatione
789 3751 1139 3816 violationis
1188 3755 1251 3815 et
1298 3753 1663 3817 infrictionis
1726 3753 2034 3818 antedicta
2097 3752 2174 3815 ad
2237 3753 2695 3817 observantiam
2761 3752 2927 3816 dicte
2974 3751 3178 3832 dispo-

463 3839 707 3903 sitionis
757 3842 821 3903 et
864 3840 1270 3903 ordinationis
1318 3840 1496 3904 illum
1544 3843 1654 3904 aut
1700 3840 1839 3905 illos
1884 3840 2225 3921 astringere
2272 3858 2531 3904 censura
2578 3839 2998 3905 ecclesiastica
3047 3857 3175 3902 me-

464 3925 672 3991 diante
720 3927 783 3991 in
829 3945 1117 4009 personas
1165 3929 1260 3991 vel
1308 3928 1818 3992 communitatem
1855 3926 2422 4004 contrafacientem‚
2474 3927 2759 3991 videlicet
2805 3925 3176 3991 sententiam

467 4014 782 4078 interdicti
830 4017 893 4079 et
938 4015 1001 4078 in
1064 4014 1423 4098 syngulares
1484 4034 1777 4097 personas
1841 4014 2423 4080 excomunicationis
2485 4013 2912 4096 proferrendo,
2975 4033 3012 4077 a
3056 4030 3177 4093 qua

461 4103 815 4166 nullatenus
863 4102 1254 4180 absolvatur,
1299 4102 1490 4166 donec
1551 4122 1659 4185 per
1707 4107 1944 4184 partem
2012 4102 2350 4184 predictam
2413 4102 2863 4184 infrangentem
2926 4100 3022 4164 vel
3088 4101 3176 4163 in-

462 4188 741 4272 frangere
790 4194 1220 4270 procurantem
1271 4192 1431 4272 parti
1481 4190 1661 4254 alteri
1724 4190 2073 4254 observanti
2139 4189 2438 4265 satisfiat,
2507 4191 2688 4271 prout
2747 4188 2868 4252 erit
2916 4188 3173 4265 iustum,

460 4274 640 4338 illum
690 4277 786 4340 vel
835 4277 978 4341 illos
1025 4277 1463 4341 nichilominus
1510 4277 1934 4341 denunciando
1982 4276 2334 4358 fideifragos
2382 4280 2445 4338 et
2490 4277 2783 4358 periuros
2851 4275 2914 4340 Si
2964 4277 3173 4339 autem

460 4360 669 4443 aliqua
716 4365 941 4427 damna
987 4366 1085 4428 vel
1134 4364 1354 4428 iniurie
1401 4369 1509 4428 aut
1555 4364 1911 4429 offensiones
1949 4364 2484 4428 committerentur
2531 4382 2638 4445 per
2687 4363 2961 4426 subditos
3007 4363 3176 4426 utro-

462 4466 719 4530 rumque
767 4450 1108 4529 alterrut1i‚
1158 4471 1227 4515 ex
1272 4455 1418 4517 tunc
1460 4471 1644 4552 super
1691 4452 1830 4516 illos
1872 4471 1980 4534 per
2026 4452 2227 4533 ipsum
2275 4452 2587 4514 dominum
2632 4469 2839 4531 regem
2891 4450 2986 4513 vel
3034 4468 3177 4514 suos

459 4533 759 4599 officiales
809 4539 872 4600 et
918 4541 1187 4602 rectores
1235 4537 1504 4603 locorum
1555 4541 1829 4621 ipsorum
1878 4538 2328 4621 pertinentibus
2374 4538 2451 4601 ad
2506 4556 2616 4602 nos
2663 4540 2726 4601 et
2772 4557 2878 4619 per
2923 4555 3033 4601 nos
3078 4537 3177 4601 vel

462 4623 703 4685 nostros
750 4624 1017 4687 rectores
1064 4628 1127 4687 et
1169 4625 1486 4701 officiales,
1535 4627 1984 4708 pertinentibus
2035 4624 2110 4690 ad
2158 4626 2362 4707 ipsum
2395 4625 2714 4690 dominum
2762 4643 2968 4707 regem
3017 4624 3178 4689 intra

461 4710 730 4792 spatium
770 4710 948 4774 unius
999 4712 1226 4776 mensis
1280 4731 1316 4776 a
1360 4715 1639 4795 tempore
1700 4714 1979 4796 deposite
2041 4713 2285 4795 querele
2346 4712 2622 4793 plenaria
2685 4712 2995 4777 satisfatio
3058 4711 3177 4775 im-

2889 4831 2904 4858 b
