3620 5282
505 363 635 428 416

824 534 1229 617 XLVIII.
1284 534 1491 618 Goffl.
1547 532 1773 616 1282.
1842 533 1942 617 23
1995 532 2364 634 svibnja‚
2419 556 2479 615 u
2526 532 2917 616 Mletcih.

483 664 793 737 ‚Dopusda
841 680 921 735 se,
972 664 1052 721 da
1098 663 1315 737 tryovci
1360 664 1417 721 iz
1450 661 1725 734 prediola
1784 661 1964 732 preko
2011 658 2315 732 Slavonije
2359 659 2383 717 i
2428 661 2484 718 iz
2531 658 2819 733 Zakomye
2861 677 3033 734 moyn
3077 665 3231 735 tryo·

730 752 856 809 vati
899 769 942 809 u
984 751 1252 819 Korona,
1300 750 1387 807 ali
1428 766 1490 809 se
1536 749 1900 807 Mletbanom
1945 748 2297 819 zabranjzv'e
2330 746 2587 819 polaziti
2626 764 2735 806 one
2778 752 3000 807 strane.

718 887 892 967 Quod
942 890 1315 952 mercatores
1358 885 1433 950 de
1480 884 1645 950 ultra
1677 884 2069 950 Sclavoniam
2115 885 2179 947 et
2225 882 2552 948 Zaconiam
2594 883 2834 965 possint
2879 884 2972 948 uti
3018 885 3097 949 ad
3127 902 3230 949 ca-

510 980 712 1042 strum
759 974 1010 1040 Coronis
1061 993 1202 1038 cum
1249 972 1735 1038 condictionibus
1782 970 2101 1053 appositis.
2166 969 2507 1034 Millesimo
2548 970 2973 1036 ducentesimo
3016 974 3228 1036 octua-

508 1064 742 1148 gesimo
789 1061 1446 1151 secundm-indictione
1493 1059 1572 1136 X,
1624 1060 1719 1123 die
1766 1059 1978 1122 XXIII
2028 1057 2171 1122 maii
2223 1057 2344 1121 fuit
2386 1059 2567 1141 capta
2613 1077 2795 1140 pars:
2861 1059 3023 1142 qnod
3065 1078 3230 1123 mer-

509 1154 749 1215 catores
796 1150 870 1215 de
919 1149 1085 1213 ultra
1133 1147 1519 1213 Sclavoniam
1569 1148 1633 1211 et
1679 1145 2005 1210 Zaconiam
2051 1146 2290 1226 possint
2340 1147 2432 1209 uti
2491 1147 2568 1209 ad
2630 1148 2905 1211 castrum
2952 1146 3226 1223 Coronis,

507 1242 572 1303 et
617 1256 819 1303 emere
867 1239 932 1301 et
976 1239 1215 1318 portare
1265 1236 1669 1299 mercationes
1716 1233 1902 1308 ultra,
1952 1234 2056 1297 sed
2101 1232 2307 1297 nullus
2354 1232 2627 1297 Venetus
2676 1251 2787 1298 nec
2837 1234 3057 1298 havere
3103 1234 3223 1298 ali-

435 1334 446 1345 ·
507 1328 680 1390 cuius
729 1324 955 1389 Veneti
1000 1324 1198 1406 possit
1242 1324 1336 1387 uti
1382 1321 1548 1386 ultra
1585 1338 1696 1384 nec
1741 1321 1830 1384 ire
1877 1338 1987 1384 nec
2036 1321 2282 1384 mittere
2345 1338 2455 1384 nec
2501 1319 2703 1385 facere
2750 1320 3027 1404 aliquam
3091 1340 3224 1385 cre·-

508 1413 801 1491 dentiam,
851 1431 959 1494 per
1006 1429 1194 1492 quam
1237 1429 1342 1474 sue
1390 1428 1487 1473 res
1536 1407 1761 1472 vadant
1806 1408 1973 1471 ultra
2021 1405 2411 1472 Sclavoniam
2457 1410 2521 1472 et
2565 1407 2931 1485 Zaconiam,
2992 1408 3100 1472 sed
3147 1408 3223 1473 de

511 1500 808 1565 veniendo
855 1503 1225 1563 mercatores
1273 1516 1411 1561 cum
1451 1497 1582 1560 suis
1629 1494 2116 1559 mercationibus
2150 1496 2224 1558 de
2282 1494 2448 1559 ultra
2495 1494 2882 1560 sclavoniam
2929 1498 2992 1559 et
3041 1496 3229 1561 Zaco-

508 1588 676 1652 niam
724 1588 1042 1651 remaneat
1085 1586 1149 1650 in
1197 1585 1485 1650 libertate
1531 1582 2014 1648 castellanorum
2059 1586 2311 1664 propter
2357 1584 2557 1647 certas
2604 1582 3058 1663 condictioneS,
3108 1602 3226 1666 que

507 1677 763 1758 possent
807 1692 1139 1740 occurrere.

594 1765 780 1825 Liber
809 1764 1133 1824 communis
1178 1763 1231 1821 1.
1282 1763 1384 1836 55,
1433 1779 1475 1821 u
1514 1761 1733 1819 arkivu
1773 1759 2132 1820 mletaokom.
2202 1784 2210 1802 ·

875 1950 1196 2031 XLIX.
1271 1948 1479 2031 God.
1535 1947 1755 2030 1282.
1807 1946 1902 2029 18
1958 1949 2282 2049 srpnja,
2336 1970 2396 2029 u
2448 1947 2840 2030 Mletcih.

700 2062 873 2150 Salju
919 2092 979 2134 se
1025 2075 1280 2145 brodovi,
1326 2075 1479 2133 nelca
1512 2091 1685 2148 pase,
1730 2073 1810 2133 da
1854 2091 1916 2133 se
1961 2074 2177 2133 bra-§no
2223 2075 2249 2132 i
2294 2077 2387 2148 try
2430 2074 2637 2132 uenosi
2680 2090 2724 2132 u
2768 2073 2982 2133 Rieku.

718 2197 809 2260 De
856 2194 1043 2279 lignis
1091 2194 1410 2259 mittendis
1456 2195 1532 2258 ad
1579 2190 1841 2258 Flumen
1888 2209 1998 2275 pro
2045 2210 2116 2256 eo
2165 2192 2327 2276 quod
2393 2211 2492 2257 res
2540 2211 2658 2255 non
2720 2195 3044 2274 portentur
3089 2210 3235 2257 con-

506 2287 607 2350 tra
654 2286 944 2350 bannum.
998 2281 1337 2346 Millesimo
1387 2281 1809 2346 ducentesimo
1858 2281 2276 2363 octuagesimo
2317 2280 2603 2358 secund0,
2656 2279 2989 2345 indictione
3012 2281 3095 2357 X,
3129 2281 3229 2345 die

506 2372 720 2437 XVIII
763 2370 919 2445 iulii,
965 2369 1087 2433 fuit
1132 2372 1317 2451 capta
1355 2387 1520 2452 parS,
1574 2369 1720 2449 quia
1769 2367 2061 2432 victualia
2106 2372 2169 2432 et
2214 2368 2621 2432 mercacIones
2653 2370 2977 2449 portantur
3009 2370 3230 2433 contra

507 2461 717 2524 nostra
763 2457 1189 2522 ordinamenta
1235 2455 1314 2519 ad
1363 2458 1570 2537 partes
1618 2455 1926 2519 Fluminis
1973 2457 2039 2518 et
2084 2454 2162 2517 ad
2208 2454 2364 2519 alias
2414 2457 2658 2535 parteS,
2707 2457 2866 2536 quod
2936 2456 3250 2521 mittatur.

505 2546 748 2629 lignum
796 2543 894 2608 vel
938 2544 1107 2626 ligna
1153 2544 1216 2606 in
1263 2545 1419 2607 mari
1466 2543 1628 2607 sicut
1655 2542 1961 2607 videbitur
2006 2541 2085 2606 ad
2119 2543 2251 2621 hoc,
2298 2543 2370 2606 ut
2400 2540 2694 2606 victualia
2720 2543 2783 2605 et
2813 2542 3228 2608 mercaciones

509 2652 630 2699 non
680 2632 1000 2716 portentur
1045 2632 1258 2697 contra
1304 2630 1513 2696 nostra
1558 2630 2002 2695 ordinamenta.

595 2724 782 2783 Ia'ber
826 2722 1148 2782 communis
1192 2723 1248 2781 1.
1301 2723 1445 2792 134,
1492 2739 1536 2781 u
1579 2722 1797 2781 arkivu
1842 2721 2200 2780 mletackom.

1093 2911 1189 2991 L.
1269 2910 1476 2993 God.
1533 2909 1759 2993 1282.
1819 2908 2146 3009 sunna,
2202 2931 2262 2990 u
2315 2907 2681 2991 Mletcill

1113 3036 1162 3097 ο
1206 3039 1405 3111 njekoj
1444 3038 1688 3110 parmai
1735 3054 1778 3095 u
1823 3036 2019 3105 Rabu,
2067 3036 2219 3094 hako
2265 3036 2345 3093 aa
2388 3051 2451 3094 se
2494 3035 2654 3094 riesi.

718 3160 897 3237 Item,
947 3157 1105 3241 quod
1144 3156 1606 3239 infrascriptum
1672 3154 1988 3239 negotium
2049 3155 2404 3220 consultum
2465 3173 2573 3236 per
2638 3153 2960 3219 dominum
3008 3154 3229 3221 ducem

512 3250 576 3313 et
622 3246 999 3311 consiliarios
1047 3247 1159 3309 et.
1196 3293 1209 3308 .
1247 3294 1261 3308 .
1305 3245 1369 3308 et
1429 3245 1843 3326 approbatum
1905 3263 2012 3324 per
2048 3291 2061 3306 .
2100 3291 2113 3306 .
2157 3245 2391 3325 ‚prout
2456 3241 2747 3306 similiter
2813 3242 3224 3323 continentur,

510 3354 651 3399 cum
700 3333 1005 3407 omnibuS,
1054 3350 1168 3413 que
1232 3331 1626 3395 continentur
1689 3330 1754 3394 in
1799 3331 1928 3408 eiS,
1991 3329 2214 3395 debeat
2281 3348 2415 3394 esse
2475 3328 2730 3393 firmum
2779 3334 2843 3393 et
2887 3330 3225 3396 observari.

509 3421 708 3486 Tenor
745 3420 917 3485 cuius
964 3418 1204 3482 consilii
1251 3418 1397 3482 talis
1446 3420 1573 3482 est:
1623 3417 1975 3481 consultum
2016 3417 2113 3481 est
2158 3436 2268 3498 per
2316 3415 2636 3480 dominum
2708 3416 2929 3481 ducem
2977 3420 3040 3482 et
3087 3436 3231 3483 con-

510 3508 794 3584 siliarios,
844 3504 1006 3588 quod
1053 3522 1377 3569 commune
1423 3505 1724 3570 Arbensis
1790 3505 2056 3586 accipiat
2117 3522 2310 3568 unum
2370 3503 2674 3580 iudicem,
2750 3506 2814 3567 et
2843 3504 3227 3578 ,Janacolam

511 3597 807 3661 maiorem
856 3598 919 3658 et
953 3642 967 3657 .
1004 3641 1017 3656 .
1057 3642 1072 3656 .
1121 3592 1404 3669 iudicem,
1453 3594 1556 3676 qui
1605 3593 1944 3657 terminent
1974 3591 2357 3673 questionem
2391 3610 2498 3672 per
2532 3591 2734 3656 totum
2782 3611 3056 3657 mensem
3091 3592 3232 3657 iulii

510 3684 857 3767 presentis;
905 3683 967 3745 et
1013 3680 1066 3744 si
1113 3680 1369 3761 predicti
1415 3680 1648 3744 iudices
1707 3678 1871 3742 infra
1929 3678 2241 3760 prefatum
2304 3678 2639 3742 terminum
2682 3727 2696 3743 .
2733 3727 2747 3742 .
2783 3727 2797 3741 .
2832 3697 2953 3743 non
3007 3680 3226 3744 termi-

509 3771 791 3837 naverint
834 3769 1202 3851 questioneS,
1250 3786 1365 3850 que
1412 3769 1735 3832 vertuntur
1781 3767 1943 3830 inter
2005 3767 2169 3849 ipsos
2231 3783 2341 3847 pro
2403 3767 2713 3830 communi
2761 3768 2827 3831 et
2870 3766 3224 3832 hominibus

502 3860 670 3924 Arbe
718 3860 782 3922 et
826 3855 1041 3921 eadem
1087 3854 1405 3929 Janocola,
1453 3854 1736 3918 dominus
1783 3853 1904 3917 dux
1966 3854 2029 3918 et
2088 3853 2466 3917 consiliarii.
2504 3902 2518 3916 .
2557 3903 2569 3916 .
2605 3855 2674 3917 et
2735 3854 3002 3919 tercium
3062 3853 3224 3919 iudi-

502 3950 660 4026 cent,
706 3946 810 4028 qui
854 3946 981 4008 tres
1028 3945 1352 4007 teneantur
1397 3943 1729 4006 terminare
1776 3942 2132 4022 questiones
2204 3940 2513 4023 predictas
2560 3958 2753 4024 usque
2800 3942 2883 4005 ad
2933 3942 3218 4024 quintum

502 4035 811 4100 decimum
859 4031 1023 4095 diem
1066 4029 1298 4094 mensis
1344 4029 1592 4110 augusti
1638 4029 1912 4110 proxime
1960 4029 2224 4104 venturi,
2277 4029 2340 4091 et
2385 4030 2595 4109 partes
2622 4029 2948 4093 teneantur
2993 4029 3220 4094 habere

503 4127 729 4198 ratum,
778 4118 935 4202 quod
980 4118 1102 4199 ipsi
1147 4116 1381 4181 iudices
1429 4117 1787 4181 iudicabunt
1841 4115 1954 4178 sub
2002 4133 2157 4196 pena
2232 4116 2709 4198 quingentarum
2757 4114 3064 4180 librarum
3113 4136 3222 4198 pro

505 4209 821 4292 qualibet.
860 4222 1228 4278 ..servar03
1277 4205 1382 4286 qui
1426 4202 1659 4267 iudices
1708 4203 1949 4284 possint
2012 4201 2284 4266 iudicare
2331 4221 2439 4284 per
2498 4202 2827 4280 iustitiam,
2877 4222 2985 4285 per
3029 4205 3221 4269 ratio-

503 4314 664 4372 nem,
712 4314 815 4374 per
858 4293 1125 4367 laudem,
1189 4310 1292 4372 per
1356 4290 1683 4355 arbitrium
1716 4339 1730 4353 .
1768 4339 1782 4353 .
1822 4340 1834 4353 .
1885 4290 1963 4353 ad
2026 4292 2485 4354 sacramentum
2555 4291 2618 4352 et
2686 4290 2842 4354 alias
2881 4339 2895 4353 .
2933 4339 2948 4355 .
2991 4340 3007 4355 .
3056 4292 3220 4356 sicut

505 4400 612 4463 per
656 4380 1151 4445 terminationem
1199 4378 1471 4459 ipsarum
1519 4378 1910 4460 questionum
1960 4376 2268 4441 videbitur
2307 4379 2742 4458 opportunum,
2794 4379 2857 4440 et
2904 4377 3218 4461 imponere

510 4468 599 4531 eis
646 4486 866 4550 penam
915 4468 981 4532 et
1016 4484 1204 4548 penas
1250 4466 1414 4530 sicut
1455 4466 1739 4546 expedire
1763 4463 2109 4539 videbitur;
2159 4465 2222 4527 et
2252 4462 2660 4546 intelligatur,
2709 4463 2873 4546 quod
2920 4464 3072 4529 dicti
3126 4465 3223 4530 iu-

512 4553 676 4617 dices
731 4554 969 4634 possint
1013 4552 1283 4618 iudicare
1345 4556 1409 4616 et
1468 4551 1758 4616 deffenire
1823 4551 2169 4632 questiones
2229 4550 2537 4632 predictas
2605 4551 2795 4615 simul
2859 4552 2959 4616 vel
3022 4555 3220 4617 maior

509 4659 652 4724 pars
701 4659 927 4704 eorum.
970 4640 1043 4703 In
1089 4638 1307 4703 maiori
1354 4639 1486 4704 sala
1531 4637 1796 4703 ducutus
1845 4638 2244 4702 Venetiarum
2290 4638 2355 4701 in
2399 4637 2710 4720 presentia
2734 4638 2967 4703 domini
3015 4640 3210 4718 dacia,

509 4728 898 4817 presentibus
946 4727 1200 4810 Biagna,
1249 4724 1587 4809 Seraphino
1632 4723 2002 4805 Lombardo,
2051 4724 2261 4789 Marco
2306 4725 2482 4790 Rana
2544 4725 2949 4805 cancellarie,
3014 4728 3212 4812 magi-
