3620 5282
3065 389 3191 455 199

445 565 716 647 quinque
761 563 970 649 galeas
1017 564 1174 629 bene
1217 567 1495 629 armatas
1541 566 1606 629 et
1649 565 1896 647 paratas
1927 563 2004 629 ad
2037 581 2251 630 omnes
2294 583 2437 630 suas
2485 582 2782 647 expensas
2824 563 3002 629 nobis
3038 566 3185 630 dare

448 654 739 717 teneatur
784 655 846 717 et
892 653 1112 717 debeat
1157 652 1232 719 ad
1280 653 1571 717 damnum
1616 654 1681 717 et
1725 652 2143 717 confusionem
2192 671 2424 727 eorum,
2477 671 2629 735 quas
2672 651 2883 735 galeas
2931 653 3181 736 regina-

447 739 525 803 lis
573 740 864 805 maiestas
908 742 1186 823 predicta
1231 744 1439 806 tenere
1485 741 1707 805 debeat
1751 741 1906 805 bene
1955 744 2228 806 armatas
2276 744 2339 806 et
2385 744 2633 825 paratas
2685 739 2849 806 infra
2882 741 3184 806 terminos

447 831 509 892 et
554 826 821 892 confines
871 828 1198 910 predictos,
2722 845 2733 858 ·

655 916 834 994 Item,
889 916 1047 998 quod
1096 915 1388 1000 reginalis
1437 915 1730 980 maiestas
1778 916 2054 998 predicta
2101 917 2389 981 teneatur
2433 918 2496 981 et
2542 915 2764 980 debeat
2789 916 3032 997 penitus
3079 917 3188 981 de-

453 1020 674 1085 negare
718 1003 850 1068 illis
895 1004 1127 1068 talibus
1174 1004 1565 1068 venientibus
1612 1003 1690 1066 ad
1735 1003 2073 1085 dampnum
2121 1007 2184 1068 et
2207 1003 2606 1068 offensionem
2651 1005 2933 1068 nostram
2960 1022 3182 1069 omnes

454 1094 666 1172 portus
712 1110 855 1156 suos
900 1092 1279 1157 marittimos
1326 1097 1628 1156 terrarum
1676 1095 1738 1154 et
1785 1091 2065 1155 locorum
2114 1111 2364 1156 suorum
2396 1092 2813 1173 predictorum
2863 1094 2927 1157 et
2968 1092 3179 1157 omnia

455 1177 749 1243 victualia
794 1184 857 1243 et
917 1180 1407 1259 refrescamenta,
1472 1180 1538 1243 et
1594 1180 1865 1244 tractare
1925 1180 2064 1244 illos
2126 1182 2447 1262 tamquam
2510 1179 2812 1257 inimicoS,
2864 1182 2929 1245 et
2974 1180 3175 1259 nobis,

451 1264 645 1347 galeis
693 1271 757 1332 et
802 1267 1066 1350 navigiis
1135 1270 1363 1332 nostris
1431 1268 1774 1332 consentire
1846 1268 1918 1331 de
1978 1267 2281 1350 possendo
2327 1268 2557 1332 intrare
2604 1267 2669 1331 in
2716 1268 2847 1331 suis
2895 1267 3176 1350 portibus

449 1354 739 1433 predictis
786 1357 851 1419 et
897 1353 1118 1421 babere
1165 1355 1462 1421 victualia
1502 1357 1567 1419 et
1613 1354 2088 1420 refrescamenta
2138 1373 2241 1437 pro
2275 1357 2488 1422 nostra
2531 1356 2813 1437 pecunia,
2849 1357 3014 1420 sicut
3045 1355 3180 1421 fue-

443 1440 529 1505 rit
573 1444 1011 1525 opportunum,
1054 1448 1115 1507 et
1161 1444 1352 1509 etiam
1413 1444 1572 1526 quod
1622 1445 1684 1507 in
1747 1444 1929 1507 terris
1975 1447 2041 1508 et
2085 1444 2236 1508 locis
2298 1444 2426 1508 suis
2488 1443 2803 1508 Dalmatio
2873 1445 3183 1526 possimus

442 1546 692 1594 armare
738 1530 815 1594 ad
879 1534 1121 1596 nostras
1168 1549 1463 1614 expensas
1507 1530 1571 1598 in
1617 1530 1784 1595 dicto
1846 1549 1995 1596 casu
2044 1531 2283 1615 aliquas
2344 1530 2573 1615 galeae,
2620 1532 2784 1595 sicut
2830 1529 3021 1596 fuerit
3065 1549 3177 1614 op-

443 1620 801 1699 portunum.
851 1619 932 1682 Et
977 1619 1040 1684 in
1089 1619 1383 1701 predictis
1429 1620 1718 1684 omnibus
1765 1619 1830 1682 et
1873 1618 2038 1684 circa
2074 1620 2351 1702 predicta
2391 1619 2756 1702 ambaxator
2794 1621 3004 1684 noster
3037 1636 3180 1700 pro·

443 1707 622 1769 curet
667 1707 880 1770 omnia
925 1707 1034 1771 illa
1081 1708 1320 1771 maiora
1366 1708 1693 1791 avantagia
1737 1708 1800 1771 et
1870 1707 2352 1784 melioramenta,
2425 1726 2541 1789 que
2590 1707 2818 1787 poterit
2856 1725 2966 1789 pro
3014 1707 3174 1771 bono

444 1794 643 1857 nostri
688 1795 1058 1870 communis,
1105 1794 1267 1860 sicut
1311 1796 1386 1859 de
1432 1813 1692 1876 persona
1735 1813 1850 1858 sua
1898 1795 2075 1876 plene
2120 1813 2457 1878 speramus
2508 1794 2589 1858 Et
2621 1793 2675 1859 si
2722 1799 2932 1858 noster
2962 1794 3180 1859 amba-

446 1881 625 1945 xator
694 1882 925 1964 poterit
990 1883 1268 1948 obtinere
1335 1885 1611 1947 nostram
1682 1883 2084 1947 intentionem
2153 1902 2263 1966 per
2309 1884 2559 1948 modum
2606 1881 2975 1966 predictum,
3028 1883 3181 1947 bene

448 1969 722 2050 quidem,
771 1972 837 2034 et
882 1974 1030 2035 tunc
1075 1972 1140 2036 in
1185 1971 1350 2036 dicto
1396 1989 1562 2048 casu,
1610 1971 1904 2053 imposito
1952 1972 2072 2036 fine
2118 1970 2317 2042 factis,
2350 1974 2604 2052 accepto
2665 1970 3013 2035 honorabili
3079 1987 3179 2034 co-

445 2058 653 2121 meatu
700 2061 764 2122 et
812 2061 1029 2141 rogato
1089 2059 1508 2123 instrumento
1568 2058 1644 2122 ad
1695 2058 1943 2139 plenum
1992 2077 2129 2124 cum
2179 2060 2475 2124 clausulis
2534 2059 2916 2141 opportunis,
2964 2059 3180 2122 redeat

444 2142 738 2211 Venetias
787 2146 863 2210 de
909 2147 1197 2212 omnibus
1246 2145 1648 2221 informatum
1696 2148 1749 2211 si
1798 2164 1941 2212 vero
1983 2166 2102 2213 non
2171 2150 2381 2230 posset
2430 2148 2726 2224 obtinere,
2777 2148 2848 2209 ut
2895 2145 3179 2229 superius

440 2230 679 2297 dictum
729 2236 847 2312 est,
895 2236 1042 2317 quia
1086 2234 1381 2317 reginalis
1431 2233 1724 2298 maiestas
1793 2234 2075 2316 predicta
2125 2234 2313 2300 vellet
2358 2254 2465 2319 per
2510 2235 2703 2299 alium
2753 2233 3029 2312 modum,
3080 2233 3178 2299 vel

435 2320 582 2400 quia
628 2324 981 2386 remaneret
1026 2340 1136 2405 pro
1208 2322 1420 2405 aliqua
1488 2321 1829 2397 diserentia‚
1903 2323 2049 2387 tunc
2110 2323 2343 2388 scribat
2386 2321 2676 2406 quicquid
2720 2322 2909 2387 fuerit
2957 2324 3021 2386 et
3066 2322 3179 2386 ha-

442 2405 643 2471 buerit
690 2414 751 2474 et
788 2409 851 2474 in
899 2430 1021 2495 quo
1085 2412 1351 2475 termino
1413 2411 1662 2494 negotia
1722 2411 2135 2475 remanserint
2187 2410 2592 2494 singulariter
2638 2412 2702 2474 et
2748 2409 3067 2487 distincte,
3112 2412 3179 2474 et

436 2499 716 2577 expectet
761 2502 1039 2563 nostrum
1106 2497 1488 2563 mandatum.
1537 2499 1618 2562 Et
1670 2498 1784 2563 fiat
1816 2499 2156 2564 sindicatus
2197 2499 2276 2562 ad
2323 2499 2573 2580 plenum
2630 2498 2691 2561 in
2741 2498 2941 2563 forma
2986 2497 3173 2563 solita

436 2593 645 2650 nostro
690 2587 1093 2663 ambaxatori,
1143 2587 1307 2652 sicut
1351 2585 1412 2651 in
1458 2605 1608 2652 casu
1657 2586 1852 2652 simili
1900 2585 2030 2651 fieri
2080 2587 2398 2654 consuevit
2448 2621 2522 2634 —-
2574 2585 2680 2651 62.

639 2672 752 2739 Ser
775 2673 1002 2740 Vitalis
1029 2674 1238 2740 Laudo
1265 2675 1685 2740 consiliarius:
1713 2677 1872 2760 quod
1892 2675 1969 2740 ad
1993 2675 2226 2741 factum
2253 2675 2626 2741 sacramenti
2652 2675 2987 2758 accipiendi
3011 2693 3049 2738 a
3074 2694 3172 2739 re·

429 2759 626 2844 ginali
674 2763 1000 2828 maiestate
1059 2763 1380 2847 Hungarie
1439 2763 1800 2828 comittatur
1860 2764 2236 2829 ambaxatori
2309 2767 2538 2841 nostro,
2586 2765 2751 2828 sicut
2797 2762 3017 2828 volunt
3063 2780 3166 2827 sa-

429 2847 692 2930 pientes.
741 2850 840 2915 Ad
889 2852 1121 2916 factum
1168 2868 1310 2916 vero
1356 2851 1505 2935 lige,
1572 2851 1634 2915 in
1681 2869 1831 2916 casu
1876 2871 1996 2935 quo
2043 2852 2153 2917 fiat
2198 2852 2255 2917 ei
2302 2854 2555 2929 mentio,
2605 2850 2829 2917 debeat
2875 2851 3168 2916 ambaxa-

436 2940 534 3000 tor
581 2939 966 3018 respondere,
1016 2939 1176 3022 quod
1221 2939 1369 3022 quia
1416 2939 1571 3004 alias
1617 2941 1789 3005 mota
1833 2939 2082 3004 fuerunt
2126 2941 2312 3006 verba
2361 2941 2592 3005 nostris
2639 2938 3174 3004 ambaxiatoribus

434 3023 508 3086 de
557 3023 718 3089 facto
768 3026 950 3090 istius
998 3027 1141 3110 lige,
1188 3028 1320 3108 ipse
1379 3027 1746 3092 ambaxator
1809 3029 2015 3091 noster
2063 3027 2251 3093 babet
2299 3029 2361 3092 in
2409 3027 2721 3093 mandatis
2769 3046 2806 3092 a
2852 3027 3027 3092 nobis
3064 3046 3175 3092 au·

434 3110 641 3175 diendi
691 3114 755 3176 et
800 3114 1213 3197 intelligendi,
1261 3115 1548 3198 quicquid
1597 3115 1715 3181 sibi
1763 3115 2022 3191 dicetur,
2073 3118 2138 3181 et
2180 3135 2292 3200 per
2335 3134 2518 3199 quem
2567 3115 2821 3181 modum
2872 3116 3006 3198 ipsa
3039 3115 3171 3198 liga

429 3201 494 3261 et
536 3198 830 3281 placeret,
873 3205 937 3267 et
998 3202 1308 3267 scribendi
1372 3205 1435 3267 et
1498 3203 1860 3286 expectandi
1923 3207 2205 3269 nostrum
2269 3205 2666 3278 mandatum3
2716 3205 2781 3267 et
2829 3205 2920 3269 sic
2965 3201 3168 3268 facere

425 3289 492 3351 et
537 3287 867 3353 observare
913 3289 1138 3355 debeat
1186 3290 1550 3356 ambaxator
1596 3295 1822 3357 noster.
1873 3291 1979 3371 22,
2030 3293 2103 3357 de
2150 3310 2270 3357 non
2316 3294 2381 3372 4,
2430 3311 2550 3357 non
2595 3291 2819 3358 sinceri
2870 3291 2973 3356 14.

424 3394 695 3542 ulmeta·
723 3394 1139 3544 lXtXX'ZIII.
1192 3399 1295 3473 52,
1344 3402 1401 3459 et
1444 3398 1632 3459 Liber
1675 3398 2046 3459 Secretorum
2097 3398 2342 3477 Gollcqii
2389 3399 2828 3460 1382—1385
2863 3417 2933 3475 p.
2991 3400 3163 3459 15-

511 3528 526 3553 ,
575 3501 618 3542 u
662 3501 716 3543 m
745 3501 775 3543 e
805 3530 819 3545 .
870 3501 944 3543 ar
1011 3503 1104 3547 vu.
1255 3501 1274 3519 ·
1689 3520 1716 3528 ·

640 3708 1277 3793 CCLXXXIII.
1327 3711 1534 3795 God.
1593 3712 1793 3797 1383
1870 3713 2001 3797 26.
2055 3717 2381 3817 srpnja‚
2431 3736 2491 3797 u
2543 3714 2940 3798 Mletcih.

501 3870 846 3944 Naredjeno
881 3873 1208 3947 poslanilm
1251 3891 1294 3932 u
1349 3871 1663 3950 Uqarskoj,
1720 3878 1879 3936 nelca
1924 3878 2198 3936 obustavi
2241 3878 2414 3936 svaki
2456 3877 2708 3951 doqovor
2752 3893 2786 3934 o
2832 3889 3070 3937 savem.

632 3990 814 4057 1383.
842 3990 1178 4058 indictione
1203 3994 1395 4071 sexta,
1423 3995 1519 4058 die
1545 3994 1757 4060 XXVI
1781 3995 1942 4061 iulii.
1972 3996 2294 4076 Dominus,
2323 4015 2420 4062 εει·
2443 3996 2758 4063 Johannes
2778 3996 3035 4076 Bembo,
3064 4015 3166 4067 ser

408 4076 638 4142 Vitalis
671 4078 901 4156 Laudo,
936 4079 1430 4157 consiliarii;ser
1475 4083 1700 4148 Petrus
1744 4083 1909 4149 Nani
1954 4085 2299 4167 caputloco
2344 4084 2847 4163 consiliarii33er
2893 4085 3170 4156 Jacobus

413 4163 765 4231 Vallaresso
792 4187 890 4232 ser
916 4166 1133 4233 Victor
1157 4168 1477 4249 Marcello,
1517 4171 1725 4254 capita
1759 4170 1836 4236 de
1860 4172 1991 4250 XL,
2027 4191 2127 4237 ser
2157 4172 2495 4238 Lodovicus
2520 4172 2901 4253 Lauredano,
2919 4192 3019 4238 ser
3042 4175 3170 4242 Do·

411 4252 672 4318 minicus
709 4254 999 4334 Michael,
1035 4274 1135 4321 εει·
1170 4257 1445 4323 Karolus
1476 4257 1665 4334 Geno,
1702 4258 2012 4343 sapientes
2044 4259 2308 4325 consilii.
2343 4258 2577 4342 Capta:
2605 4261 2765 4346 quod
2807 4261 3027 4329 statim
3058 4283 3171 4349 per

408 4339 563 4404 duos
596 4341 836 4407 veloces
875 4362 1160 4409 cursores
1195 4345 1501 4411 scribatur
1546 4347 1742 4414 nobili
1784 4348 1919 4413 viro
1951 4366 2052 4414 ser
2098 4348 2407 4415 Saraceno
2445 4348 2734 4414 Dandulo
2781 4350 3168 4419 ambaxatori

404 4429 617 4493 nostro
664 4429 728 4492 in
778 4430 1122 4514 Hungaria,
1175 4434 1339 4517 quod
1389 4434 1452 4497 in
1503 4451 1650 4501 casu
1700 4454 1820 4519 quo
1865 4436 1982 4501 sibi
2032 4436 2198 4501 facta
2244 4452 2362 4501 non
2411 4435 2497 4501 sit
2541 4435 2753 4521 aliqua
2802 4438 3036 4505 mentio
3083 4442 3160 4506 de

408 4514 573 4579 facto
612 4515 739 4600 lige
788 4536 900 4582 nec
947 4519 1079 4600 ipse
1128 4521 1199 4585 de
1250 4521 1382 4604 ipso
1455 4521 1621 4588 facto
1669 4522 1889 4588 fecerit
1953 4523 2227 4607 aliquam
2273 4524 2678 4598 mentionem.
2755 4525 2930 4593 nullo
2979 4527 3161 4594 modo

403 4601 628 4702 debeat
674 4604 746 4668 de
794 4606 931 4688 ipsa
980 4607 1108 4690 liga
1153 4627 1218 4672 se
1284 4609 1583 4692 impedire
1626 4629 1739 4677 nec
1780 4611 2057 4695 aliquam
2102 4612 2305 4678 facere
2375 4612 2778 4691 mentionem,
2827 4613 2937 4679 sed
2983 4633 3168 4700 expe-

406 4690 575 4755 ditus
621 4690 696 4756 de
745 4692 888 4758 aliis
942 4694 1062 4760 sibi
1100 4696 1411 4775 comissis,
1443 4699 1667 4780 redeat
1712 4698 2025 4765 Venetias.
2077 4700 2149 4765 In
2192 4719 2343 4767 casu
2388 4717 2533 4765 vero
2581 4719 2702 4784 quo
2750 4701 2953 4767 eidem
2998 4702 3166 4770 facta

402 4780 563 4843 toret
610 4779 820 4863 aliqua
884 4781 1123 4848 mentio
1187 4784 1265 4848 de
1323 4784 1461 4867 ipsa
1506 4784 1636 4870 liga
1684 4789 1796 4852 aut
1843 4787 2021 4853 fleret
2081 4789 2229 4855 ante
2270 4805 2585 4855 recessum
2634 4807 2836 4870 suum,
2884 4790 2986 4855 vel
3030 4792 3165 4875 ipse
