3620 5282
3043 324 3121 389 81

726 493 1168 576 cxxxix.
1224 493 1433 575 eoo.
1490 472 1719 576 1365.
1774 490 1825 574 5
1880 493 2225 593 onusta,
2277 517 2337 576 u
2388 492 2797 575 Buuimu.

402 635 623 695 Nikola
654 635 1022 709 ostroyonski
1064 635 1402 707 nadbisk-up
1448 635 1473 692 i
1518 635 1742 695 Nikola
1779 635 1982 694 Konth
2027 635 2275 709 uqarski
2297 635 2540 708 palatin
2570 638 2922 709 uvieravcv’u
2951 637 3132 697 Mzet-

404 725 567 793 ἑαπε,
614 723 695 781 da
738 722 800 784 cc
845 739 906 782 sc
951 722 1281 797 aqam-hro.
1328 722 1490 795 krab‘
1535 723 1701 782 tvrdo
1747 722 1945 782 drz'ati
1988 724 2161 793 mira,
2209 740 2249 782 a
2293 723 2372 782 da
2412 740 2633 796 nepaze
2677 741 2760 783 na
2803 724 2968 784 krive
3002 725 3131 799 yla·

1216 826 1366 878 seve,
1412 810 1535 882 hojo·
1577 826 1639 869 se
1684 827 1716 870 o
1763 814 1879 868 tom
1919 811 2309 883 razprostiru.

616 930 988 1013 Exemplum
1032 929 1383 994 litterarum
1430 930 1694 995 aliarum
1738 931 2068 994 missarum
2114 928 2357 995 domino
2412 928 2793 995 cancellario
2860 950 2969 1013 per
3028 931 3137 995 do·

408 1017 606 1082 minos
664 1017 998 1082 Nicolaum
1052 1017 1581 1099 archiepiscopum
1629 1015 2114 1099 Strigouiensem
2161 1015 2400 1099 locique
2446 1015 2720 1081 eiusdem
2772 1018 3128 1082 commitem

409 1112 765 1187 perpetuum
811 1106 877 1168 et
933 1103 1256 1168 Nicolaum
1320 1103 1531 1169 Konth
1591 1104 1763 1187 regni
1812 1104 2131 1186 Huugarie
2177 1103 2516 1185 palatinum
2565 1122 2749 1185 euper
2789 1104 2958 1170 dicta
3003 1122 3134 1169 ma-

410 1192 582 1256 teria.
629 1190 991 1255 Amicorum
1038 1190 1415 1255 dulcissime.
1478 1192 1818 1273 Postquam
1883 1191 2053 1254 bulla
2111 1189 2313 1255 incliti
2369 1190 2603 1254 domini
2670 1191 2903 1255 domini
2969 1191 3128 1255 Lau-

408 1280 590 1342 rentii
639 1277 807 1343 Celsi
850 1278 1025 1343 ducis
1075 1278 1479 1343 Veneciarum
1525 1282 1588 1342 et
1634 1282 1836 1343 vestre
1882 1276 2088 1342 littere
2137 1297 2244 1360 per
2277 1278 2575 1359 quosdam
2608 1296 2889 1344 cursores
2946 1277 3126 1344 nobis

411 1364 658 1430 fuerunt
704 1365 994 1443 exhibite,
1041 1384 1145 1429 eas
1184 1366 1247 1430 iu
1296 1368 1606 1429 momento
1653 1367 1899 1430 domino
1943 1366 2153 1429 nostro
2198 1366 2351 1447 regi,
2400 1365 2505 1445 qui
2550 1366 2614 1428 in
2663 1366 2942 1446 partibus
2991 1367 3132 1430 erat

410 1454 682 1530 remotiS,
734 1453 1027 1535 dirrigere
1093 1453 1478 1530 curavimus;
1527 1454 1631 1535 qui
1677 1454 1924 1535 quidem
1973 1452 2256 1516 dominus
2300 1471 2423 1529 rex,
2471 1451 2702 1516 auditis
2742 1452 2976 1518 talibus
3023 1469 3135 1517 no·

413 1539 732 1614 vitatibus,
781 1542 1030 1622 stupore
1080 1541 1424 1605 mirabatur
1461 1540 1523 1604 in
1573 1541 1788 1619 extasi,
1837 1539 2083 1622 qualem
2131 1541 2341 1604 autem
2398 1540 2464 1603 et
2523 1539 2817 1620 quantam
2880 1557 3132 1621 respou-

411 1626 607 1692 sivam
656 1627 735 1690 ad
782 1643 994 1691 earum
1039 1630 1329 1692 contenta
1376 1630 1576 1692 vestro
1622 1628 1851 1692 direxit
1896 1627 2165 1691 dominio
2235 1626 2297 1691 iu
2358 1623 2595 1691 eisdem
2657 1625 2846 1708 regiis
2901 1624 3132 1691 litteris

414 1714 640 1779 clarius
681 1714 960 1795 poteritis
1005 1715 1262 1779 edoceri.
1305 1712 1536 1779 Scituri
1607 1716 1837 1792 tamen,
1897 1713 2182 1796 scrupulo
2242 1713 2576 1778 cuiuslibet
2638 1713 2975 1778 dubietatis
3037 1732 3136 1778 se·

414 1804 600 1880 moto,
649 1802 807 1883 quod
852 1801 1012 1865 dicte
1059 1801 1364 1866 novitates
1411 1820 1521 1865 nec
1568 1802 1719 1866 talia
1764 1802 2117 1886 procedant,
2183 1812 2299 1882 que
2347 1800 2543 1881 pactis
2606 1802 2671 1865 et
2737 1801 3135 1883 compositio·

417 1888 595 1953 nibus
643 1887 946 1970 prioribus
994 1888 1156 1953 inter
1200 1891 1476 1954 vestrum
1518 1887 1862 1953 dominium
1906 1890 1972 1953 et
2015 1889 2218 1970 ipsum
2285 1886 2605 1951 dominum
2668 1887 2950 1953 nostrum
3015 1886 3136 1951 ini-

417 1975 521 2048 tie,
567 1974 856 2054 firmatiS,
906 1978 970 2039 et
1015 1975 1367 2040 efficacibus
1413 1976 1643 2040 litteris
1693 1974 1960 2053 vallatis,
2011 1974 2317 2056 pretensis
2371 1974 2844 2039 cavilationibus
2890 1977 3136 2039 contra-

416 2063 626 2127 venire
674 2064 945 2144 possent‚
986 2066 1050 2127 et
1088 2062 1209 2126 hiis
1254 2061 1660 2147 preiudicium
1711 2064 1768 2126 in
1822 2081 2032 2127 earum
2083 2061 2422 2127 violacione
2467 2080 2780 2145 generare,
2841 2080 2985 2145 ymo
3041 2079 3135 2138 ea,

417 2168 532 2231 que
573 2149 793 2214 illicite
852 2148 1017 2214 facta
1077 2152 1141 2214 et
1201 2152 1554 2232 perpetrata
1614 2149 1911 2229 existunt,
1975 2147 2390 2214 refformanda
2444 2148 2757 2213 commisit
2817 2150 2884 2214 et
2949 2147 3143 2213 edixit

418 2235 584 2318 regio
659 2237 775 2301 sub
830 2238 1013 2301 edito.
1076 2236 1329 2301 Placeat
1386 2236 1582 2319 igitur
1645 2240 1846 2303 vestre
1896 2235 2244 2320 prudentie,
2309 2234 2469 2319 quod
2531 2238 2586 2301 si
2657 2235 2818 2301 tales
2863 2252 3142 2300 rumores

421 2325 483 2387 in
548 2324 739 2388 vestri
809 2324 1153 2389 communis
1216 2324 1509 2389 noticiam
1569 2325 1937 2407 contingant
1995 2323 2300 2400 devenire,
2375 2323 2508 2387 siue
2571 2323 2659 2388 rei
2729 2323 3141 2406 esperimeuto

417 2420 649 2475 aurem‘
676 2428 791 2474 non
839 2428 1142 2494 apponere
1187 2410 1566 2488 credibilem,
1619 2416 1815 2494 neque
1862 2411 2054 2476 etiam
2100 2410 2533 2488 exaudibilem,
2582 2429 2724 2475 cum
2785 2410 2859 2475 de
2906 2410 3035 2475 vita
3079 2410 3143 2473 et

419 2498 873 2580 perseverantia.
931 2497 1165 2563 domini
1227 2499 1422 2563 nostri
1482 2499 1865 2581 experientia
1931 2499 2146 2564 habita
2214 2497 2445 2563 dudum
2521 2497 2713 2563 suerit
2788 2496 3144 2562 manifesta.

419 2585 583 2652 Data
628 2584 805 2651 Bude
851 2586 1065 2669 quinto
1110 2585 1210 2650 die
1257 2587 1488 2653 monsie
1536 2586 1767 2652 martii.

627 2674 702 2738 Iu
748 2673 1263 2757 superscriptione
1318 2674 1705 2740 continetur:
1777 2672 2042 2756 sapienti
2111 2672 2175 2737 et
2242 2690 2463 2755 magne
2532 2672 2833 2738 industrie
2897 2671 3148 2737 domiuo

422 2758 848 2862 Beueintendi,
910 2761 1256 2826 communis
1316 2762 1726 2827 veneciarum
1785 2761 2154 2827 cancellario
2214 2759 2600 2843 dignissimo,
2664 2759 2867 2824 amico
2939 2761 3150 2825 nostro

424 2864 767 2913 carissimo.
2172 2881 2175 2882 ⁷

516 2950 1088 3019 Commemorialium
1143 2957 1287 3018 1⁷11.
1339 2959 1441 3028 48,
1480 2975 1523 3016 u
1567 2957 1722 3018 mlet.
1772 2957 2006 3017 arkivu.

836 3144 1082 3228 CXL.
1136 3145 1343 3227 God.
1398 3144 1624 3228 1365.
1678 3145 1779 3226 10
1835 3142 2177 3244 ozujka‚
2231 3165 2291 3224 u
2344 3141 2738 3225 Mlctcih.

423 3286 635 3346 Prinm
676 3304 756 3363 se,
800 3288 881 3346 da
925 3304 986 3348 sc
1029 3289 1255 3362 vjerm‘e
1298 3289 1488 3350 knew
1531 3289 1813 3348 krdRomu
1856 3289 2059 3346 Ivanu
2102 3287 2128 3345 i
2170 3290 2419 3362 njeqovu
2463 3286 2864 3346 namicetm'ku
2892 3303 2935 3345 u
2965 3285 3153 3359 Smin

425 3390 501 3435 aa
544 3375 717 3448 m'eko
762 3376 993 3445 oriente,
1030 3375 1101 3434 ili
1146 3377 1300 3436 nelca
1342 3393 1404 3435 se
1445 3393 1654 3436 miamo
1683 3375 1932 3448 izasab'e
1959 3375 2260 3447 poslanik,
2306 3374 2387 3432 da
2409 3391 2470 3434 se
2499 3392 2532 3435 ο
2558 3374 2825 3434 novostih
2849 3374 3150 3435 obaviestr‘.

644 3492 828 3558 1365.
877 3493 976 3558 die
1021 3494 1257 3561 decimo
1305 3495 1537 3560 marcii.
1589 3495 1909 3569 Dominus,
1958 3493 2292 3559 consiliarii
2325 3496 2389 3558 et
2429 3494 2657 3577 capita.
2706 3492 2940 3579 Capta:
2988 3494 3149 3576 quod

426 3580 730 3657 dominus,
776 3581 1111 3646 consiliarii
1159 3584 1223 3647 et
1268 3583 1474 3665 capita
1518 3582 1759 3665 possint
1802 3581 2056 3648 affidare
2099 3583 2395 3646 comitem
2440 3581 2785 3646 Jobauuem
2846 3582 3151 3665 quondam

426 3669 668 3734 comitis
714 3668 1094 3734 Bartholami
1142 3670 1216 3734 de
1260 3670 1455 3748 vegla
1501 3673 1565 3735 et
1608 3670 1944 3735 Frixonum
1986 3670 2280 3734 vicarium
2314 3667 2378 3732 in
2410 3667 2656 3751 Segnia,
2702 3669 2766 3733 et
2809 3667 3156 3750 quemlibet

426 3773 638 3821 eorum
684 3775 793 3839 per
838 3753 957 3820 XV
1003 3755 1099 3821 vel
1146 3756 1370 3840 viginti
1416 3757 1569 3837 dies,
1619 3757 1720 3824 vel
1763 3757 2011 3821 mitt-ere
2058 3756 2137 3821 ad
2185 3774 2287 3822 eos
2341 3757 2635 3822 nuncium
2697 3772 2808 3839 pro
2870 3751 3154 3820 habenda

428 3842 861 3909 informatione
907 3844 982 3909 de
1024 3842 1220 3908 noviS.

515 3949 694 4011 Misti
743 3947 980 4010 XXXI
1020 3951 1125 4028 93,
1168 3968 1211 4012 u
1253 3950 1411 4012 mlet.
1459 3950 1691 4011 arkivu.

835 4157 1121 4240 oxu.
1175 4156 1384 4240 coc.
1438 4156 1661 4240 1365.
1714 4158 1765 4240 3
1815 4158 2184 4258 travnja,
2237 4178 2298 4238 u
2349 4154 2744 4237 materh.
2872 4089 2877 4094 ’

426 4300 717 4374 Naputalc
759 4316 836 4361 ια
869 4299 1197 4374 poslam‘ka
1240 4301 1532 4361 odaslana
1575 4302 1807 4374 vojvodi
1852 4300 2280 4373 austrijskomu
2318 4302 2469 4370 nate,
2530 4298 2611 4356 da
2664 4300 2889 4372 nastoji
2926 4300 3152 4372 post-ie·

544 4387 745 4447 dovoti
787 4404 864 4449 aa
909 4388 1027 4448 mir
1069 4384 1273 4463 media
1313 4389 1702 4465 yospodarom
1740 4389 2177 4462 padovanskim
2221 4388 2246 4446 i
2290 4386 2594 4461 oqlejskim
2629 4385 3028 4457 patriarkom.

639 4506 944 4573 Comissio
991 4507 1274 4573 Bartholi
1320 4507 1501 4574 Ureio
1550 4506 1725 4573 missi
1767 4507 1845 4574 ad
1891 4507 2211 4573 dominum
2256 4504 2477 4569 ducem
2518 4502 2792 4568 Austrie.
2842 4503 3153 4581 Barthole,

428 4594 582 4661 vade
650 4595 729 4660 ad
794 4593 1117 4661 dominum
1187 4597 1405 4662 ducem
1472 4594 1749 4672 Austrie,
1820 4594 1916 4659 cui
1977 4593 2215 4660 decenti
2259 4591 2464 4656 salute
2513 4591 2826 4671 preposita
2871 4607 3152 4672 expones,

428 4680 588 4768 quod
630 4701 740 4766 per
784 4681 1211 4749 ambaxatores
1256 4685 1497 4750 nostros
1542 4682 1619 4748 ab
1668 4700 1739 4747 eo
1785 4699 2063 4749 reversos
2110 4678 2528 4745 intelleximus
2573 4676 2869 4743 honorem
2932 4678 2996 4741 et
3048 4693 3154 4741 cu-

501 4801 691 4852 ffsrou.
737 4803 822 4852 iv.
2696 4782 2737 4846 6
