3620 5282
495 342 581 406 32

837 519 1097 600 XLV.
1161 520 1366 603 God.
1422 522 1643 604 1347.
1698 521 1799 605 25
1855 522 2309 624 listopada‚
2365 546 2425 605 u
2480 524 2871 607 Mletcih.

496 644 850 718 Dozvoljeno
896 646 1084 705 knezu
1126 646 1433 719 melcoma,
1482 649 1561 707 da
1606 650 1792 723 njes'to
1838 649 2025 709 branc
2071 651 2127 708 iz
2172 650 2330 709 Istre
2375 650 2590 721 izvaie,
2636 669 2665 710 s
2699 651 3092 725 primjetbom,
3137 651 3217 711 da

958 751 1018 794 se
1064 737 1278 795 talu-ova
1320 738 1516 795 milost
1556 739 1796 809 nesmije
1843 739 1965 797 vise
2005 739 2073 796 ni
2117 756 2216 796 ma
2261 740 2435 798 komu
2459 740 2751 812 podieliti.

610 942 613 943 ⁷
712 871 900 935 1347.
949 872 1047 935 die
1094 873 1273 937 XXV
1319 874 1607 953 octubriS,
1658 878 1874 958 capta:
1924 877 2083 959 quod
2129 878 2239 941 fiat
2301 878 2505 960 gratia
2571 878 2699 943 viro
2745 878 2934 942 nobili
2981 877 3211 944 Jacobo

494 955 799 1033 Ceruario,
846 959 1009 1025 ituro
1056 963 1265 1026 comiti
1314 962 1484 1046 Pagi,
1533 964 1689 1044 quod
1742 982 1850 1045 pro
1899 984 2012 1028 usu
2061 984 2168 1030 suo
2213 968 2277 1029 et
2321 966 2556 1030 familie
2610 985 2717 1030 sue
2763 968 2961 1048 possit
3004 970 3210 1031 extra-

491 1045 634 1110 here
682 1047 756 1111 de
804 1047 954 1112 Pola
999 1052 1064 1113 et
1110 1050 1393 1115 Polisana
1439 1058 1503 1115 et
1544 1053 1877 1116 conducere
1922 1052 2159 1135 Pagum
2205 1053 2398 1117 staria
2445 1054 2705 1137 triginta
2748 1052 3081 1130 frumenti;
3149 1057 3213 1119 et

493 1135 651 1218 quod
699 1136 773 1199 de
818 1142 1017 1201 cetero
1058 1157 1173 1203 non
1222 1140 1418 1219 possit
1478 1139 1665 1203 alicui
1724 1141 1970 1204 concedi
2019 1142 2267 1205 licentia
2333 1141 2431 1207 vel
2477 1142 2704 1206 similis
2758 1142 2962 1224 gratia
3009 1146 3213 1206 extra-

490 1223 674 1286 hendi
728 1224 803 1287 de
868 1224 1178 1309 aliquibus
1241 1229 1518 1308 partibus
1583 1227 1792 1292 Ystrie
1856 1229 2101 1311 aliquod
2161 1229 2417 1295 bladum
2477 1249 2586 1312 pro
2646 1231 3035 1294 conducendo
3102 1249 3210 1294 seu

491 1312 792 1392 portando
839 1314 961 1378 alio
1007 1334 1189 1397 quam
1240 1315 1532 1382 Venetias
1583 1317 1698 1379 sub
1747 1336 1905 1399 pena
1950 1318 2252 1381 librarum
2319 1319 2528 1383 decem
2593 1337 2699 1400 pro
2747 1318 3023 1401 quolibet
3069 1336 3212 1382 con-

491 1399 722 1480 siliario
765 1402 1261 1467 contrafaciente.

578 1490 756 1550 Misce·
807 1492 1045 1551 XXIV.
1098 1496 1196 1566 43,
1245 1513 1286 1552 u
1332 1495 1671 1555 mletackom
1708 1498 1937 1555 arkivu.

819 1683 1124 1773 XLVI.
1178 1685 1382 1768 Gon.
1437 1686 1656 1768 1347.
1714 1686 1765 1767 8
1820 1687 2314 1787 studenoga,
2370 1710 2430 1769 u
2486 1687 2877 1770 Mletcih.

486 1811 588 1871 Na
622 1811 869 1887 prcdloy
910 1814 1098 1872 kneza
1147 1814 1412 1888 kliskoya
1455 1815 1758 1883 Mladina,
1804 1815 2149 1888 smjerajuci
2187 1833 2271 1873 na
2318 1819 2373 1873 to
2393 1860 2408 1884 ,
2470 1817 2549 1873 da
2592 1833 2653 1874 se
2698 1817 2866 1875 silom
2900 1815 3205 1888 predobije

490 1899 806 1959 Ostrovica⁴
860 1919 890 1959 ο
937 1902 1094 1974 kojoj
1141 1919 1202 1960 se
1243 1903 1518 1976 yovorilo,
1566 1904 1645 1960 da
1683 1904 1746 1962 ce
1780 1904 1951 1975 pasta·
1997 1922 2039 1962 u
2081 1905 2227 1963 ruke
2271 1905 2604 1978 uqarskoya
2649 1905 2865 1974 kralja,
2921 1904 3203 1963 mlctacko

483 1989 637 2047 vietis
684 1989 939 2062 upucm'e
983 1992 1141 2062 svoje
1187 1991 1560 2062 nadstojnike
1603 2010 1645 2049 u
1692 1991 1923 2061 Zadru,
1962 1994 2115 2051 nelca
2161 1993 2426 2065 nastojc,
2475 1992 2553 2050 da
2585 1993 2665 2065 ju
2705 2010 2937 2052 novcem
2982 1993 3203 2065 dobijn.

699 2109 885 2172 1347.
935 2110 1032 2175 die
1082 2111 1230 2175 VIII
1279 2112 1648 2177 novembris.
1714 2111 1868 2177 Cum
1918 2131 2025 2194 pro
2086 2112 2416 2176 securitate
2463 2116 2524 2176 et
2569 2112 3028 2177 conservatione
3079 2114 3205 2176 ter-

482 2217 691 2263 rarum
740 2201 1085 2262 nostrarum
1133 2199 1455 2265 Sclavenie
1501 2201 1575 2264 ad
1622 2201 1990 2265 obviandum
2034 2203 2098 2264 et
2142 2201 2534 2279 turbandum,
2575 2219 2650 2264 ne
2682 2204 2953 2265 castrum
2990 2200 3206 2265 Ostro-

484 2286 636 2352 vicie
685 2287 963 2351 tradatur
1014 2287 1140 2369 regi
1195 2287 1484 2371 Ungarie,
1534 2290 1789 2370 experiri
1839 2290 2182 2354 omnimode
2216 2289 2583 2372 requiratur,
2633 2308 2773 2353 nam
2824 2289 2944 2352 dici
2976 2291 3199 2372 potest,

485 2377 642 2458 quod
688 2375 917 2438 dictum
967 2379 1267 2455 castrum,
1322 2378 1644 2441 deveniens
1714 2366 1790 2441 'ad
1839 2396 2056 2441 manus
2104 2378 2254 2441 dicti
2302 2377 2463 2458 regis
2511 2377 2798 2459 Ungarie,
2858 2380 3018 2441 esset
3063 2397 3205 2441 con·-

485 2463 756 2546 sumptio
803 2467 868 2526 et
909 2462 1248 2528 destructio
1290 2465 1564 2529 omnium
1612 2469 1959 2530 nostrarum
2022 2465 2348 2529 civitatum
2410 2465 2854 2548 predictarum,
2904 2468 2967 2528 et
3019 2466 3206 2530 habe·

484 2571 660 2617 amns
707 2571 814 2634 per
861 2551 1108 2615 litteras
1163 2554 1410 2616 comitis
1457 2553 1777 2632 Maladini,
1827 2572 1975 2637 quas
2022 2554 2198 2617 misit
2243 2555 2452 2617 nostro
2512 2554 2723 2616 comiti
2770 2553 2995 2629 Jadre,
3044 2552 3203 2637 quod

483 2640 762 2707 habendo
827 2638 1128 2704 auxilium
1192 2643 1466 2725 gentium
1534 2643 1683 2706 dicti
1742 2643 1937 2707 nostri
1995 2641 2240 2706 comitis
2301 2640 2489 2707 Jadre
2536 2644 2600 2706 et
2645 2660 2785 2706 cum
2832 2661 2943 2705 sua
2999 2644 3206 2724 posset

483 2729 763 2795 obsidere
811 2729 1010 2815 ipsum
1061 2730 1336 2794 castrum
1384 2729 1724 2795 Ostrovicie
1770 2731 1998 2808 taliter,
2046 2730 2206 2813 quod
2253 2733 2417 2794 esset
2463 2729 2654 2793 honor
2701 2731 2896 2794 nostri
2925 2729 3198 2807 dominii,

483 2837 624 2883 nam
674 2821 924 2900 propter
974 2821 1218 2901 tempus
1265 2817 1530 2883 hiemale
1589 2837 1707 2882 non
1768 2822 1979 2901 posset
2040 2818 2267 2882 habere
2331 2818 2407 2881 ad
2470 2837 2718 2900 presens
2764 2817 3012 2900 aliquod
3058 2836 3201 2882 suc-

482 2925 751 2984 cursum,
802 2904 1045 2970 videtur
1086 2925 1182 2969 ser
1228 2905 1497 2970 Johanni
1550 2907 1782 2972 Sanuto
1832 2908 2112 2988 sapienti,
2161 2906 2319 2990 quod
2353 2907 2677 2971 mandetur
2708 2907 2918 2971 comiti
2961 2909 3024 2971 et
3056 2924 3201 2970 con-

484 2994 742 3058 siliariis
788 2992 997 3069 Jadre,
1047 2994 1206 3076 quod
1257 2994 1530 3059 conferre
1577 2996 1842 3059 debeant
1887 3015 1994 3078 per
2040 2994 2218 3059 illum
2267 2994 2535 3072 modum,
2585 2994 2689 3077 qui
2736 2995 2823 3059 eis
2872 2994 3199 3073 videbitur,

483 3100 623 3146 cum
671 3083 903 3146 comite
951 3081 1261 3147 Maladino
1310 3102 1494 3167 super
1536 3082 1700 3147 facto
1748 3084 1901 3148 dicti
1939 3084 2125 3148 castri
2161 3082 2518 3160 Ostrovicie,
2569 3084 2715 3165 quid
2764 3085 2849 3147 sit
2877 3084 3198 3166 agendum,

483 3189 558 3234 ne
606 3170 845 3234 dictum
897 3172 1171 3234 castrum
1221 3173 1398 3235 detur
1446 3172 1574 3254 regi
1618 3172 1930 3254 predicto:
1981 3174 2043 3235 et
2088 3172 2140 3235 si
2187 3171 2387 3235 dictus
2448 3190 2653 3235 comes
2699 3170 3048 3235 Maladinus
3095 3189 3201 3252 pe-

485 3261 646 3322 teret
684 3278 721 3322 a
767 3257 997 3321 nostris
1043 3260 1266 3323 comite
1310 3263 1373 3323 et
1419 3261 1786 3325 consiliariis
1836 3260 1911 3324 de
1962 3260 2187 3323 nostris
2234 3258 2647 3340 stipendiariis
2708 3277 2819 3340 pro
2867 3257 3197 3322 obsidendo

484 3346 718 3410 dictum
767 3347 1042 3409 castrum
1090 3347 1188 3410 vel
1233 3347 1356 3411 alia
1401 3346 1677 3412 faciendo
1723 3366 1830 3430 pro
1878 3348 2229 3429 accipiendo
2293 3348 2491 3428 ipsum
2560 3347 2868 3423 castrum,
2915 3346 3012 3410 vel
3070 3347 3201 3408 tur-

483 3433 770 3512 bandum,
822 3454 895 3497 ne
938 3435 1221 3498 deveniat
1262 3435 1337 3498 ad
1388 3454 1605 3499 manus
1650 3437 2064 3519 Ungarorum,
2113 3438 2174 3498 et
2221 3435 2400 3498 dictis
2449 3433 2657 3497 comiti
2706 3436 2767 3496 et
2805 3433 3194 3510 consiliariis,

482 3522 579 3587 vel
627 3523 901 3605 ipsorum
946 3523 1161 3586 maiori
1210 3524 1411 3605 parti,
1479 3527 1841 3606 appareret,
1888 3523 2047 3606 quod
2094 3542 2202 3605 per
2245 3541 2348 3599 ea,
2412 3540 2528 3604 que
2575 3521 2807 3584 diceret
2853 3525 2916 3586 et
2959 3522 3196 3603 peteret

481 3610 683 3674 dictus
736 3628 936 3674 comes
984 3612 1352 3686 Maladinus,
1416 3616 1622 3694 posset
1685 3612 1883 3676 facere
1938 3611 2170 3674 dictum
2234 3612 2507 3673 castrum
2564 3610 2640 3672 ad
2688 3628 2907 3673 manus
2955 3611 3195 3673 nostras

414 3712 417 3715 “
483 3700 798 3782 pervenire
846 3698 940 3762 vel
988 3699 1206 3763 ducere
1252 3700 1483 3763 dictum
1529 3700 1759 3764 factum
1808 3699 1883 3763 ad
1910 3698 2158 3780 aliquod
2205 3699 2428 3762 bonum
2471 3696 2753 3761 effectum
2801 3716 2940 3762 cum
2971 3698 3197 3762 honore

484 3790 692 3851 nostro
741 3789 806 3851 et
851 3788 1182 3850 securitate
1229 3793 1293 3851 et
1343 3790 1490 3852 bono
1539 3791 1842 3852 terrarum
1890 3792 2235 3852 nostrarum
2283 3785 2525 3862 taliter,
2591 3786 2750 3867 quod
2811 3785 3048 3850 dictum
3095 3805 3197 3851 ea-

483 3881 682 3941 strum
727 3895 842 3940 non
889 3875 1205 3940 deveniret
1248 3876 1324 3939 ad
1375 3895 1592 3940 manus
1617 3876 2027 3958 Ungarorum,
2078 3875 2314 3957 possint
2357 3874 2500 3938 dare
2544 3873 2607 3936 in
2657 3875 2999 3939 subsidium
3032 3874 3197 3940 dicto

482 3965 690 4030 comiti
741 3963 1057 4028 Maladino
1094 3964 1267 4028 XXV
1307 3964 1381 4027 de
1427 3965 1652 4029 nostris
1700 3964 2044 4046 equitibnS,
2086 3963 2188 4046 qui
2239 3966 2384 4027 sunt
2432 3964 2493 4025 in
2541 3961 2770 4043 Jadra,
2834 3965 2899 4028 et
2943 3967 3192 4029 centum

481 4053 716 4135 pedites
763 4052 1138 4129 JadratinOS,
1187 4052 1554 4135 providendo
1599 4053 1856 4116 cuilibet
1914 4052 2190 4133 ipsorum
2251 4053 2529 4133 peditum
2576 4053 2647 4116 de
2694 4052 2871 4116 libris
2935 4055 3197 4136 quatuor

480 4160 809 4223 parvorum
856 4140 918 4205 in
964 4153 1207 4218 mense,
1274 4141 1567 4205 habentes
1630 4160 1871 4224 semper
1932 4142 2314 4223 respectum,
2365 4140 2522 4223 quod
2567 4140 2735 4205 dicta
2793 4145 3002 4206 nostra
3046 4160 3196 4225 gens

480 4231 678 4312 possit
724 4230 811 4293 ire
860 4247 1068 4293 secure
1116 4248 1256 4293 cum
1305 4230 1466 4293 dicto
1511 4229 1737 4293 comite
1786 4228 2136 4300 Maladino;
2202 4231 2265 4292 et
2307 4228 2599 4311 quidquid
2646 4228 2903 4294 fecerint
2948 4229 3028 4292 in>
3058 4249 3196 4312 pre-

480 4318 682 4395 dictis,
738 4319 802 4381 et
842 4321 1131 4400 sequetur
1177 4318 1240 4381 in
1286 4318 1447 4382 facto
1493 4318 1644 4381 dicti
1693 4319 1901 4397 castri,
1952 4318 2129 4382 nobis
2195 4316 2416 4382 debeat
2476 4316 2715 4383 solicite
2779 4318 2908 4382 suis
2969 4318 3196 4382 litteris

480 4406 785 4471 denotare.
835 4404 894 4468 6.

690 4492 925 4575 Capta:
966 4511 1124 4571 cum,
1178 4496 1245 4557 ut
1285 4493 1517 4558 dictum
1566 4496 1680 4571 est,
1732 4493 1999 4558 multum
2033 4494 2222 4558 faciat
2252 4512 2361 4576 pro
2393 4494 2846 4560 conservatione
2891 4498 3192 4558 terrarum

481 4586 828 4648 nostrarum
877 4580 1198 4646 Sclavenie
1260 4581 1578 4663 providere
1628 4583 1689 4645 in
1740 4582 1899 4647 facto
1962 4583 2152 4647 castri
2199 4581 2577 4657 Ostrovicie,
2640 4583 2702 4645 in
2750 4583 2844 4660 iis,
2902 4601 3017 4663 que
3051 4581 3196 4645 fieri

477 4673 738 4754 possunt
782 4689 919 4734 cum
968 4668 1190 4735 honore
1239 4673 1302 4734 et
1348 4672 1501 4734 bono
1551 4672 1795 4735 nostro:
1865 4670 2036 4735 vadit
2083 4690 2242 4753 pars,
2292 4673 2452 4753 quod
2504 4670 2811 4735 scribatur
2871 4670 3082 4733 comiti
3131 4671 3194 4734 et

479 4758 843 4827 consiliariis
890 4759 1115 4822 nostris
1161 4757 1368 4836 Jadre,
1418 4759 1599 4841 quod,
1662 4759 2047 4823 conferentes
2105 4778 2248 4823 cnm
2288 4760 2511 4823 comite
2558 4757 2874 4822 Maladino
2921 4761 2984 4821 et
3030 4756 3191 4839 aliis,
