3620 5282
3000 322 3125 389 173

410 512 548 558 sum
593 495 658 558 et
700 495 1016 559 firmatum
1062 495 1177 574 est,
1225 495 1420 561 dictos
1478 496 1733 562 ducatos
1779 495 1900 561 VII
1945 496 2145 562 millia
2203 497 2334 562 auri
2394 497 2567 562 vobis
2637 499 2767 563 dari
2837 500 2902 563 et
2966 500 3123 564 assi·

412 580 581 665 gnari
629 580 886 649 fecimus
935 601 1040 664 pro
1086 583 1286 665 prima
1332 602 1491 668 paga
1536 586 1718 666 primi
1765 584 1909 650 anni
1955 583 2154 650 fienda
2207 585 2321 667 ipsi
2393 585 2639 649 domino
2708 587 2834 669 regi
2906 606 3121 653 secun·

412 671 559 734 dum
605 669 864 735 formam
912 671 1168 754 capituli
1211 674 1379 755 pacis
1423 674 1714 756 predicte,
1743 674 1818 737 de
1864 691 1986 756 qua
2054 692 2213 758 paga
2254 673 2351 739 vel
2416 674 2717 738 solutione
2785 674 2947 740 dicte
3015 695 3123 757 pe-

410 759 585 822 cunie
627 757 866 823 facietis
906 760 1080 825 vobis
1126 759 1257 825 fieri
1303 762 1787 826 instrumentum
1860 762 2256 844 quietationis
2312 765 2375 826 et
2436 761 2789 828 securitatis
2851 763 2927 829 ad
2992 764 3125 846 ple-

409 864 579 924 num,
648 846 813 911 sicut
853 848 986 912 fieri
1032 849 1217 913 debet
1261 851 1538 914 ordinate
1605 869 1712 932 per
1781 849 2040 915 formam
2109 851 2367 934 capituli
2441 849 2608 933 pacis
2670 851 2962 933 predicte,
3025 852 3123 918 vel

408 933 542 998 eius
607 934 849 1000 litteras
921 937 1198 1018 patentes
1267 956 1375 1002 suo
1437 936 1646 1021 sigillo
1708 937 2000 1015 bullatas,
2065 939 2130 1002 et
2186 938 2264 1001 ad
2332 937 2661 1003 cautellam
2703 938 3124 1005 ordinavimus

408 1023 583 1087 vobis
653 1023 781 1087 dari
852 1041 961 1107 pro
1022 1030 1226 1090 vestra
1270 1025 1701 1090 informatione
1766 1027 2004 1108 copiam
2064 1025 2215 1091 dicti
2279 1025 2678 1090 instrumenti
2729 1028 3125 1110 quietationis

410 1110 592 1174 fiendi
642 1112 704 1174 in
749 1112 963 1190 forma,
991 1130 1111 1195 qua
1157 1114 1286 1178 fieri
1313 1115 1493 1178 debet
1537 1113 1634 1177 vel
1683 1132 1792 1196 per
1825 1115 2108 1195 patentes
2154 1132 2298 1178 suas
2329 1113 2591 1191 litteraS,
2638 1116 2708 1179 ut
2737 1115 2974 1180 dictum
3008 1118 3122 1181 est.

619 1199 702 1262 Et
746 1199 866 1264 hiis
912 1200 1093 1265 factis
1139 1204 1203 1266 et
1257 1203 1629 1285 adimpletiS‚
1694 1202 1745 1266 si
1797 1203 2223 1266 serenissimus
2292 1204 2576 1267 dominus
2642 1222 2741 1267 rex
2808 1205 3126 1288 Hungarie

410 1286 574 1351 ultra
623 1288 795 1351 vobis
843 1290 1105 1353 comissa
1151 1291 1318 1354 vobis
1362 1290 1526 1355 dicet
1577 1289 1671 1353 vel
1717 1290 1837 1355 dici
1884 1290 2063 1355 satiet
2108 1291 2316 1373 aliqua
2359 1291 2435 1354 de
2467 1307 2641 1366 nove,
2690 1310 2872 1374 super
2902 1293 3125 1374 quibus
3250 1361 3268 1382 x

409 1376 486 1438 ad
534 1376 828 1440 iudicium
876 1379 940 1441 et
981 1395 1195 1458 parere
1244 1381 1516 1443 vestrum
1579 1381 1744 1443 esset
1803 1378 2216 1443 necessarium
2279 1378 2580 1461 provideri
2640 1381 2704 1443 et
2755 1380 3122 1461 responderi,

410 1461 555 1545 quia
601 1467 808 1528 essent
852 1466 1159 1547 ponderiS,
1202 1466 1492 1531 scribatis
1532 1466 1706 1531 nobis
1750 1466 2149 1548 singulariter
2194 1470 2257 1529 et
2303 1466 2617 1544 distincte,
2663 1467 2950 1551 quicquid
3016 1469 3124 1533 ha·

415 1551 692 1629 bueritis,
740 1554 804 1617 et
848 1554 1184 1635 expectetis
1233 1559 1505 1619 nostrum
1555 1556 1934 1619 mandatum.
1986 1554 2050 1619 Si
2098 1573 2239 1619 vero
2285 1555 2456 1637 regia
2504 1555 2795 1619 maiestas
2851 1575 2958 1620 sua
3005 1575 3124 1622 non

412 1640 578 1704 dicet
622 1657 734 1704 nec
778 1639 900 1705 dici
949 1641 1099 1705 facit
1143 1641 1316 1707 vobis
1364 1642 1573 1724 aliqua
1640 1643 1712 1706 de
1782 1660 1935 1707 novo
1999 1643 2165 1707 ultra
2233 1643 2404 1706 vobis
2472 1644 2820 1718 commissa,
2895 1645 2968 1709 ut
3026 1647 3126 1710 est

415 1728 674 1806 dictum,
725 1730 893 1800 tunc,
936 1733 1186 1812 accepto
1230 1731 1568 1795 honorabili
1617 1733 1899 1795 comeatu
1946 1749 1983 1795 a
2028 1731 2273 1794 domino
2320 1749 2461 1814 rege
2508 1736 2571 1796 et
2616 1731 2947 1797 baronibus
2996 1733 3124 1797 suis

412 1834 552 1880 cum
598 1816 881 1881 omnibus
926 1817 1128 1881 verbis
1176 1820 1403 1884 amoris
1448 1822 1513 1883 et
1558 1818 1927 1895 dilectionis,
2000 1823 2063 1882 et
2125 1819 2428 1883 efferendo
2499 1838 2610 1884 nos
2679 1822 2743 1884 et
2802 1838 3127 1885 commune

409 1905 690 1968 nostrum
740 1906 820 1969 ad
865 1923 974 1970 sua
1020 1906 1404 1990 beneplacita
1446 1909 1509 1970 et
1553 1906 1834 1985 honores,
1898 1906 2164 1972 redeatis
2211 1905 2502 1972 Venetias
2564 1907 2638 1971 de
2693 1909 2979 1973 omnibus
3033 1908 3129 1974 in-

407 1991 678 2057 formati.

619 2079 719 2145 Ad
763 2080 1219 2146 habundantem
1266 2082 1569 2146 cautelam
1616 2084 1681 2147 et
1725 2100 1832 2165 pro
1864 2084 2087 2148 honore
2144 2085 2334 2151 nostri
2383 2083 2611 2148 domini
2671 2083 2803 2148 fieri
2865 2084 3126 2150 fecimus

415 2167 587 2232 vobis
634 2170 879 2234 litteras
926 2169 1313 2235 credulitatis
1358 2169 1746 2234 serenissime
1792 2173 1857 2235 et
1899 2173 2412 2237 excellentissime
2468 2172 2711 2236 domine
2771 2172 2996 2256 regine,
3057 2174 3129 2238 ut

414 2257 634 2339 ipsam,
681 2257 844 2323 sicut
887 2260 951 2322 et
988 2260 1225 2340 quando
1276 2258 1449 2322 vobis
1497 2258 1827 2338 videbitur,
1890 2258 2181 2339 debeatis,
2245 2262 2360 2325 nisi
2426 2259 2584 2324 foret
2643 2278 2759 2324 non
2823 2263 3125 2327 existente

412 2343 549 2427 ipsa
587 2344 921 2428 longinqua
979 2347 1143 2410 ultra
1203 2345 1328 2410 XII
1388 2349 1687 2424 zornatas,
1755 2347 2005 2411 visitare
2067 2367 2203 2413 cum
2269 2348 2396 2413 illis
2462 2347 2665 2412 verbis
2733 2348 2994 2414 utilibus
3063 2351 3128 2414 et

413 2432 763 2512 fructuosis,
811 2452 930 2516 que
976 2435 1277 2518 sapientie
1325 2437 1524 2499 vestre
1583 2435 1956 2500 videbuntur
2013 2455 2120 2518 pro
2186 2437 2414 2500 honore
2481 2438 2674 2501 nostri
2747 2435 2997 2514 domini,
3062 2440 3128 2503 et

410 2519 590 2585 offere
637 2540 747 2586 nos
791 2527 855 2586 et
900 2540 1221 2588 commune
1271 2527 1547 2587 nostrum
1591 2524 1665 2587 ad
1712 2524 1970 2589 honores
2026 2526 2091 2589 et
2134 2523 2516 2606 beneplacita
2574 2524 2932 2588 excellentie
2993 2531 3122 2590 su‘e.

619 2607 920 2675 Similiter
969 2609 1228 2676 fecimus
1276 2610 1448 2677 vobis
1493 2611 1624 2676 fieri
1673 2610 1916 2678 litteras
1963 2612 2347 2680 credulitatis
2410 2614 2471 2678 in
2526 2629 2816 2696 personas
2886 2616 3124 2679 vestras

410 2696 657 2761 domino
698 2699 990 2763 cardinali
1040 2702 1104 2764 et
1146 2699 1601 2781 archiepiscopo
1648 2698 2072 2783 strigoniensi,
2121 2702 2367 2766 domino
2430 2719 2655 2785 magno
2717 2703 2952 2780 comiti,
3016 2702 3127 2767 do-

408 2787 579 2850 mino
621 2786 993 2869 Suderpetro
1039 2788 1104 2851 et
1141 2786 1389 2852 domino
1446 2787 1715 2865 voivode,
1779 2790 2009 2854 illustri
2057 2789 2304 2854 domino
2353 2789 2503 2853 olim
2572 2790 2710 2855 duci
2758 2791 2990 2869 Rossie‚
3051 2792 3123 2857 ut

408 2874 663 2958 possitis
709 2893 811 2940 eos
863 2876 1116 2940 visitare
1160 2875 1234 2948 si,
1282 2876 1444 2940 sicut
1487 2878 1550 2940 et
1594 2876 1835 2958 quando
1884 2878 2053 2942 vobis
2097 2877 2426 2955 videbitur,
2497 2895 2636 2942 cum
2702 2878 2830 2943 illis
2893 2879 3120 2958 verbis,

409 2980 526 3045 que
571 2963 746 3028 vobis
791 2964 974 3029 utilia
1017 2962 1404 3029 videbuntur.
2954 3024 2961 3040 ,

621 3052 877 3133 Insuper
921 3053 1066 3135 quia
1110 3053 1432 3131 sentimuS‚
1481 3055 1642 3134 quod
1692 3052 1921 3116 nostris
1967 3052 2207 3117 civibus
2239 3053 2679 3118 mercatoribus
2726 3057 2789 3118 et
2836 3052 3122 3120 fidelibus

413 3136 476 3202 in
526 3138 804 3220 partibus
846 3137 1044 3224 Segne
1092 3140 1594 3206 conversantibus
1639 3140 1803 3204 facta
1852 3141 1949 3205 est
1978 3141 2076 3205 vel
2109 3141 2244 3206 vult
2274 3141 2406 3205 fieri
2438 3143 2675 3207 novitas
2721 3143 2786 3206 in
2830 3142 3122 3224 exigendo

410 3227 489 3291 ab
535 3226 625 3288 eis
669 3226 728 3290 X
781 3244 889 3308 pro
937 3229 1290 3293 centenario
1336 3229 1410 3294 de
1456 3228 1933 3294 mercationibus
1981 3230 2110 3293 suis
2156 3234 2283 3294 tam
2328 3229 2406 3293 ad
2454 3229 2777 3295 introitum
2810 3247 2996 3312 quam
3042 3230 3123 3296 ad

413 3315 662 3390 exitum,
704 3317 864 3398 quod
908 3334 1188 3397 expresse
1233 3316 1583 3383 est·contra
1630 3318 1913 3400 antiquas
1959 3318 2431 3383 consuetudines
2479 3322 2543 3382 et
2598 3319 2807 3383 contra
2855 3315 3119 3383 formam

410 3405 582 3487 pacis
631 3420 824 3483 nuper
867 3403 1193 3480 celebrate,
1241 3403 1540 3481 volumus,
1587 3405 1748 3488 quod
1794 3424 1933 3470 cum
1983 3404 2404 3488 applicueritis
2453 3405 2739 3489 Segnam,
2787 3408 3122 3490 antequam

409 3493 485 3556 de
533 3491 661 3555 illis
724 3491 1004 3573 partibus
1070 3492 1370 3556 recedatis
1439 3511 1577 3558 cum
1648 3493 1852 3559 favore
1916 3492 2304 3559 dominorum
2371 3495 2790 3577 episcoporom
2841 3493 3123 3578 Quinque

407 3580 804 3646 ecclesiarum
853 3582 917 3643 et
961 3579 1280 3662 Isagrabie
1326 3581 1681 3663 procuretiS,
1731 3580 1892 3664 quod
1934 3582 2100 3646 dicta
2145 3582 2382 3647 novitas
2424 3585 2741 3647 remaneat
2780 3584 2909 3648 toto
2939 3602 3119 3666 posse

408 3673 628 3747 vestre,
674 3674 737 3731 et
781 3669 938 3750 quod
984 3668 1131 3731 talis
1176 3668 1276 3732 vel
1321 3669 1544 3733 similis
1590 3670 1832 3735 novitas
1880 3688 1994 3735 non
2041 3671 2151 3735 fiat
2196 3670 2323 3735 ullo
2371 3672 2550 3735 modo
2583 3673 2796 3736 contra
2830 3672 3116 3753 antiquas

408 3755 877 3821 consuetudines
926 3760 990 3820 et
1037 3755 1358 3820 libertates
1407 3763 1754 3822 nostrorum
1802 3759 1866 3821 et
1907 3760 2117 3823 contra
2162 3758 2422 3822 formam
2470 3760 2640 3841 pacis
2702 3777 2894 3840 nuper
2957 3760 3120 3824 cele-
3182 3806 3199 3829 .

411 3844 601 3923 brate,
652 3846 723 3908 ut
766 3844 1000 3908 dictum
1048 3846 1165 3908 est.
1214 3843 1297 3908 Et
1342 3845 1395 3908 si
1441 3844 1506 3908 in
1552 3844 1755 3929 Segna
1800 3863 1943 3910 cum
1988 3845 2321 3912 comitibus
2367 3847 2430 3911 et
2473 3846 2678 3912 favore
2731 3846 3119 3912 dominorum

407 3933 825 4016 episcoporum
874 3931 1288 4014 predictorum
1336 3950 1454 3995 non
1497 3934 1753 4014 possetis
1806 3932 1919 3998 hoc
1949 3933 2239 4013 obtinere,
2302 3935 2537 4016 quando
2609 3934 2782 4000 eritis
2844 3933 2920 3999 ad
2982 3953 3124 4018 pre-

408 4022 671 4086 sentiam
720 4020 950 4084 domini
1000 4022 1164 4103 regis
1210 4020 1572 4102 procuretis,
1623 4022 1784 4104 quod
1830 4020 1997 4086 dicta
2040 4023 2281 4086 novitas
2311 4025 2645 4103 remaneat,
2692 4023 2852 4088 sicut
2887 4023 3123 4087 iustum

408 4111 521 4173 est.
570 4108 652 4173 Et
696 4110 771 4172 ad
819 4107 984 4173 istud
1031 4108 1267 4173 factum
1316 4112 1758 4190 procurandum
1808 4111 1872 4173 et
1917 4110 2314 4174 obtinendum
2358 4110 2505 4175 dicti
2557 4110 2785 4176 domini
2856 4111 3123 4192 episcopi

409 4215 474 4261 se
520 4195 866 4261 liberaliter
911 4196 1272 4261 obtulerunt
1318 4214 1427 4278 pro
1476 4196 1629 4261 bono
1675 4200 1740 4261 et
1784 4198 2209 4263 observatione
2256 4199 2441 4279 pacis,
2512 4200 2694 4276 Item,
2756 4199 2900 4281 quia
2957 4200 3124 4264 facta

410 4287 506 4350 est
545 4285 722 4349 nobis
768 4284 1032 4361 conscia,
1081 4285 1242 4367 quod
1289 4284 1518 4349 nostris
1566 4286 2009 4351 mercatoribus
2072 4286 2132 4350 in
2180 4287 2461 4369 partibus
2505 4285 2701 4370 Segne
2755 4304 3123 4352 conversan·

407 4375 575 4438 tibus
616 4372 853 4439 civibus
899 4374 964 4437 et
1005 4371 1291 4438 fidelibus
1337 4374 1565 4437 nostris
1622 4374 1854 4456 accepti
1916 4373 2168 4439 fuerunt
2212 4374 2377 4440 circa
2428 4375 2690 4439 valorem
2753 4376 3116 4441 ducatorum

407 4462 577 4526 mille
627 4464 691 4525 et
737 4461 919 4538 ultra,
969 4460 1395 4543 procurabitis,
1442 4461 1602 4544 quod
1641 4462 1753 4526 fiat
1797 4463 1886 4526 eis
1924 4463 2238 4527 restitutio
2264 4462 2598 4527 secundum
2631 4461 2891 4527 formam
2924 4464 3117 4547 pacis.

405 4551 564 4615 Item
611 4549 1023 4633 procurabitis
1068 4550 1231 4631 apud
1272 4549 1587 4614 dominum
1636 4568 1865 4632 regem,
1913 4551 2074 4632 quod
2121 4551 2288 4632 regia
2349 4550 2643 4616 maiestas
2703 4569 2816 4616 sua
2884 4551 3117 4617 scribat

407 4638 469 4701 in
514 4638 799 4702 omnibus
849 4637 1122 4719 partibus
1165 4637 1479 4702 Dalmatie
1525 4639 1589 4702 et
1634 4637 1771 4702 aliis
1820 4638 2001 4702 terris
2049 4642 2111 4701 et
2156 4637 2302 4702 locis
2327 4638 2455 4703 suis
2502 4656 2609 4721 per
2667 4637 2913 4704 litteras
2973 4657 3119 4704 suas

405 4728 486 4792 ad
524 4728 796 4812 plenum,
843 4726 1005 4809 quod
1049 4727 1374 4792 observent
1415 4744 1634 4811 pacem
1700 4742 1892 4808 nuper
1952 4725 2324 4792 celebratam
2387 4730 2450 4791 et
2512 4743 2724 4792 omnes
2791 4727 3119 4794 consuetu-
