3620 5282
502 358 632 423 388

504 533 849 614 frascriptis
896 531 1185 609 notariiS,
1252 532 1316 595 et
1380 532 1525 614 quia
1588 533 1915 613 utrumque
1979 530 2340 595 concordare
2404 531 2640 608 inveni,
2717 549 2814 594 me
2863 530 2923 594 in
2988 530 3211 593 testem

505 620 866 702 subscripsi.

725 708 857 790 Ego
897 704 1191 770 Nicolaus
1237 706 1502 770 condam
1546 705 1850 771 ‚Iohannis
1896 707 1970 770 de
2017 705 2228 783 sadra,
2285 705 2593 788 imperiali
2642 704 3011 778 auctoritate
3059 705 3230 767 nota·

513 798 661 874 rius,
710 796 826 859 hoc
872 794 1220 875 exemplum
1266 793 1344 858 ad
1407 813 1589 858 suum
1650 793 2036 857 autenticum
2098 795 2401 875 scriptum
2470 793 2800 875 diligenter
2845 795 2908 856 et
2959 791 3225 855 fideliter

507 882 810 948 ascultavi
858 900 981 946 una
1025 900 1168 945 cum
1218 882 1472 946 notariis
1518 880 1817 963 predictis
1881 881 2156 962 predicto
2218 883 2284 946 et
2331 880 2714 963 subscripto,
2783 882 2847 945 et
2892 880 3036 962 quia
3081 897 3225 943 con·

503 970 746 1036 cordati
794 973 1124 1050 utrumque
1171 968 1396 1047 inveni,
1439 988 1538 1033 me
1578 968 1919 1049 subscripsi
1969 969 2031 1031 in
2080 971 2326 1032 testem.

718 1057 849 1141 Ego
896 1056 1153 1121 Blaxius
1199 1056 1526 1121 Michaelis
1568 1055 1869 1121 Leonardi
1930 1055 2249 1120 Jadrensis
2316 1057 2554 1120 iuratus
2616 1056 2888 1120 notarius
2954 1054 3068 1118 hoc
3133 1054 3228 1117 iu·

507 1148 925 1211 strumentum
972 1143 1100 1209 sive
1140 1144 1487 1227 exemplum
1526 1143 1605 1208 ad
1651 1143 2031 1208 autenticum
2067 1143 2332 1208 fideliter
2364 1143 2723 1225 exemplavi,
2774 1142 2967 1207 nichil
2999 1141 3230 1206 addens

506 1234 605 1298 vel
651 1232 955 1310 minuens,
1002 1231 1163 1315 quod
1212 1251 1458 1297 sensum
1510 1231 1608 1296 vel
1655 1232 2026 1295 sententiam
2072 1232 2270 1297 mutet
2317 1235 2428 1296 aut
2475 1232 2670 1296 variet
2701 1231 3111 1305 intellectum,
3160 1231 3232 1291 et

505 1322 896 1404 postmodum
947 1321 1007 1384 in
1050 1319 1362 1402 presentia
1406 1318 1667 1401 predicti
1722 1318 1954 1383 domini
2020 1320 2266 1384 comitis
2329 1324 2392 1384 et
2455 1319 2586 1384 eius
2651 1319 2818 1383 curie
2881 1317 3215 1401 diligenter

507 1412 571 1472 et
617 1407 882 1473 fideliter
929 1426 1067 1471 cum
1133 1407 1267 1489 ipso
1328 1407 1642 1471 autentico
1704 1406 2049 1483 ascultavi,
2122 1410 2185 1470 et
2247 1409 2386 1490 qula
2449 1410 2776 1489 utrumque
2843 1404 3211 1470 concordare

510 1496 732 1573 inveni,
783 1496 855 1558 de
902 1495 1094 1576 ipsius
1144 1496 1387 1558 comitis
1433 1497 1495 1558 et
1539 1495 1669 1558 eius
1717 1494 1885 1560 curie
1933 1497 2220 1559 mandato
2266 1495 2340 1560 ad
2390 1495 2665 1559 eiusdem
2716 1493 3066 1576 exemplum
3097 1491 3225 1575 ple-

512 1602 656 1648 nam
704 1581 887 1647 fidem
941 1586 1005 1647 et
1051 1582 1473 1646 testimoninm
1529 1601 1626 1645 me
1672 1581 2009 1664 subscripsi
2075 1586 2140 1647 et
2200 1583 2542 1664 publicavi,
2613 1600 2871 1664 meoque
2934 1581 3222 1645 consueto

508 1672 685 1753 signo
749 1669 988 1754 signavi
1056 1669 1444 1734 currentibus
1507 1671 1681 1733 annis
1744 1669 1978 1734 domini
2028 1669 2484 1747 MCCCXXIV,
2546 1670 2881 1734 indictione
2929 1666 3071 1742 VII,
3121 1665 3218 1731 die

507 1757 716 1823 XXVI
764 1758 991 1821 mensis
1038 1758 1306 1839 augusti,
1355 1757 1563 1835 Jadre,
1636 1758 2017 1838 temporibus
2064 1758 2347 1840 equidem
2396 1758 2630 1822 domini
2675 1757 2981 1823 Johannis
3027 1754 3223 1836 Supe-

506 1845 705 1909 rantio
754 1845 949 1909 incliti
998 1844 1169 1909 ducis
1218 1845 1618 1908 Venetiarurn
1662 1848 1727 1909 et
1793 1846 2026 1909 domini
2073 1845 2377 1911 Johannis
2424 1847 2497 1910 de
2544 1847 2863 1909 Butovano
2910 1845 2982 1907 de
3027 1841 3226 1907 Jadra

508 1932 874 1997 venerabilis
917 1932 1237 1997 Jadrensis
1285 1932 1726 2014 archiepiscopi
1770 1951 1844 1996 ac
1906 1934 2137 1997 domini
2185 1933 2384 1997 Marci
2431 1932 2760 1997 Michaelis
2822 1930 3066 2014 egregii
3124 1947 3226 1993 co·

508 2020 702 2084 mitis,
742 2020 811 2084 L.
862 2019 924 2084 S.

593 2110 911 2170 Factorum
957 2111 1013 2169 1.
1065 2112 1208 2179 110,
1252 2129 1292 2169 u
1337 2111 1676 2170 mletadkom
1722 2112 1956 2170 arkivu.

823 2298 939 2378 11.
985 2297 1191 2383 God.
1246 2299 1467 2381 1189.
1522 2298 1626 2380 29
1682 2298 2128 2396 kolovoza‚
2180 2320 2240 2379 u
2291 2299 2890 2380 Dubrovnlku.

518 2425 732 2495 Kalin,
777 2425 1056 2483 bosanski
1101 2425 1236 2493 ban,
1280 2425 1495 2497 sklapa
1541 2427 1656 2481 mir
1700 2426 1723 2481 i
1765 2425 2162 2497 pre‘jateb'stvo
2223 2441 2254 2483 s
2285 2425 2701 2495 Dubrovdani,
2763 2430 2817 2485 te
2851 2427 2968 2498 jim
3025 2424 3230 2498 podia*

1107 2511 1253 2585 ljuje
1299 2513 1477 2586 m‘eka
1522 2513 1839 2585 tryovacka
1873 2529 2074 2584 prava
2120 2529 2161 2570 u
2207 2513 2393 2584 svojoj
2438 2514 2648 2586 zemlji.

726 2639 801 2712 -4-
852 2632 926 2696 In
973 2630 1217 2725 nomine
1264 2631 1458 2715 patris
1506 2634 1569 2697 et
1616 2631 1730 2696 filii
1779 2633 1844 2696 et
1890 2633 2146 2715 spiritus
2190 2632 2389 2697 sancti
2436 2651 2636 2699 amen.
2687 2633 2821 2716 Ego
2875 2634 3075 2698 banus
3108 2631 3228 2697 Cu·

513 2720 682 2785 linus
733 2721 971 2784 Bosene
1017 2719 1149 2783 iuro
1195 2719 1408 2783 comiti
1455 2718 1751 2785 Gervasio
1815 2725 1879 2784 et
1938 2721 2221 2785 omnibus
2287 2721 2588 2803 Raguseis
2658 2724 2895 2787 rectum
2958 2721 3231 2786 amicum

511 2808 643 2872 fore
692 2811 1010 2890 perpetuO,
1058 2808 1122 2871 et
1170 2810 1399 2871 rectam
1450 2808 1765 2872 vobiscum
1814 2827 2028 2890 pacem
2077 2812 2473 2873 manutenere
2521 2814 2584 2873 et
2616 2808 2960 2873 amicitiam
2987 2828 3218 2883 veram,

510 2897 576 2960 et
620 2914 829 2960 omnes
876 2895 1215 2977 Raguseos,
1267 2914 1374 2977 per
1419 2897 1616 2961 totam
1663 2898 1892 2960 terram
1943 2899 2215 2961 nostram
2247 2896 2655 2974 ambulanteS,
2708 2901 3081 2962 mercatores
3116 2915 3224 2961 seu

515 2983 894 3047 habitatores
941 2986 1013 3047 ut
1057 2985 1463 3061 transeunteS,
1513 2986 1679 3048 recta
1725 2984 1845 3048 fide
1891 2986 1954 3047 et
2014 2985 2387 3048 conscientia
2449 3003 2593 3048 vera
2654 2984 2922 3066 recipere
2992 2986 3222 3068 absque

514 3070 645 3135 ulla
691 3070 955 3149 datione,
1004 3068 1123 3133 nisi
1169 3071 1321 3152 quot
1366 3088 1541 3134 suam
1591 3090 1700 3152 per
1759 3071 2138 3135 voluntatem
2206 3070 2356 3135 mibi
2418 3072 2647 3137 donum
2709 3071 2856 3136 dare
2919 3072 3224 3145 voluerit3

513 3161 578 3223 et
620 3158 779 3239 apud
828 3175 938 3221 nos
984 3156 1132 3219 dum
1173 3157 1423 3234 fuerint,
1473 3160 1869 3221 manutenere
1919 3163 1981 3221 et
2027 3158 2355 3223 consilium
2414 3160 2502 3224 eis
2550 3160 2838 3242 prebere,
2902 3163 2974 3224 ut
3020 3162 3226 3224 nostre

511 3261 788 3328 persone,
836 3244 913 3308 ad
962 3246 1239 3308 nostrum
1285 3261 1483 3325 posse,
1533 3246 1764 3326 absque
1805 3246 2019 3309 fraude
2081 3253 2143 3310 et
2206 3246 2369 3311 malo
2429 3248 2694 3330 ingenio.
2778 3247 2881 3312 Sic
2932 3267 3029 3312 me
3078 3247 3227 3311 deus

512 3331 762 3396 adiuvet
808 3333 872 3395 et
917 3330 1030 3395 hec
1077 3334 1294 3395 sancta
1337 3329 1425 3393 IV
1471 3332 1808 3414 evangelia.

599 3422 920 3494 Reperitur
962 3422 1049 3480 sic
1092 3422 1381 3494 scriptum
1426 3424 1491 3480 in
1535 3424 1727 3495 capite
1772 3424 2025 3483 duorum
2071 3424 2543 3499 apoyraphorum
2588 3427 2945 3484 serbis-orum
2991 3427 3056 3484 in
3088 3443 3136 3485 e.
3176 3444 3227 3484 r.

512 3509 775 3569 archivio
834 3509 1110 3569 Viennae.
1174 3509 1235 3568 V.
1266 3509 1589 3569 Milclosich
1634 3529 1890 3571 monum.
1940 3510 2103 3572 Serb.
2146 3530 2290 3587 paq.
2339 3514 2400 3573 2.

1037 3699 1200 3779 ΙΙΙ.
1246 3699 1452 3781 God.
1507 3701 1728 3783 1199.
1784 3702 2153 3803 travma,
2208 3722 2268 3781 u
2322 3700 2710 3783 Mletcih.

526 3825 655 3894 Fid,
701 3825 869 3884 krdki
914 3825 1078 3902 lmen,
1140 3841 1216 3884 za
1259 3842 1321 3884 se
1366 3827 1391 3884 i
1434 3843 1509 3884 za
1552 3828 1719 3900 svoJ‘u
1781 3826 1966 3885 brada
2023 3826 2220 3886 [vana
2263 3829 2286 3884 i
2332 3828 2574 3887 Enrika
2633 3830 2904 3901 obvezuje
2960 3844 3022 3888 se
3067 3828 3231 3888 totino

644 3930 705 3971 se
738 3912 934 3972 driati
975 3912 1245 3987 poyodba
1292 3914 1483 3986 hojom
1514 3916 1633 3986 jim
1663 3915 1723 3973 bi
1766 3916 1843 3974 od
1885 3915 2163 3975 mletadke
2207 3916 2377 3975 vlade
2423 3917 2726 3989 ustuphen
2771 3917 2903 3976 otok
2949 3917 3099 3975 Krk.

727 4033 796 4096 In
843 4034 1089 4097 nomine
1135 4033 1367 4097 domini
1414 4033 1511 4099 dei
1566 4034 1892 4099 salvatoris
1940 4034 2135 4100 nostri
2179 4035 2331 4101 Jesu
2378 4034 2654 4114 Christi,
2720 4054 2878 4100 anno
2949 4037 3232 4101 incarna-

524 4121 708 4189 tionis
755 4120 1030 4186 eiusdem
1077 4120 1413 4185 millesimo
1461 4123 1798 4188 centesimo
1859 4124 2252 4207 nonagesimo
2318 4141 2508 4201 nono,
2573 4125 2803 4188 mensis
2851 4124 3087 4206 aprilis,
3135 4124 3232 4188 in-

516 4208 787 4273 dictione
836 4208 1119 4286 secunda,
1170 4208 1467 4274 Rivoalti.
1516 4211 1666 4274 Post
1711 4212 2124 4276 concessionis
2171 4211 2480 4276 cartulam
2526 4212 2756 4276 factam
2814 4230 2969 4276 anno
3032 4212 3234 4276 incar·

513 4296 788 4361 nacionis
835 4295 1169 4361 millesimo
1218 4298 1600 4362 centensimo
1649 4300 2047 4381 nonagesimo
2093 4301 2329 4377 octavo,
2385 4301 2616 4364 mensis
2664 4299 2837 4376 iunii,
2901 4299 3233 4365 indictione

514 4384 734 4466 prima,
782 4401 965 4465 quam
1022 4382 1293 4449 Johanni
1354 4387 1806 4467 consanguineo
1875 4406 2012 4452 meo
2075 4388 2138 4452 et
2199 4388 2352 4451 mihi
2415 4386 2714 4470 fratrique
2782 4406 2917 4453 meo
2962 4389 3230 4453 Henrico

519 4469 777 4547 fecistis,
822 4490 950 4552 per,
976 4489 1156 4552 quam
1207 4471 1445 4553 prefato
1494 4472 1760 4538 ‚Iohanni
1807 4478 1871 4537 et
1933 4475 2081 4539 mihi
2123 4474 2410 4558 dictoque
2450 4474 2632 4538 fratri
2669 4493 2804 4540 meo
2842 4476 3228 4541 concessistis

514 4560 580 4622 et
624 4556 883 4622 dedistis
924 4559 1290 4623 comitatum
1342 4559 1532 4642 Vegle
1581 4566 1642 4624 et
1690 4562 1888 4626 tocius
1955 4562 2153 4627 insule
2201 4582 2342 4627 cum
2409 4563 2697 4628 omnibus
2761 4564 3121 4630 introitibus
3169 4564 3232 4627 et

514 4644 999 4709 honorificenciis
1043 4644 1175 4709 eius
1223 4653 1287 4710 et
1332 4645 1656 4711 collectam
1684 4650 1916 4730 pariter
1962 4669 2100 4715 cum
2150 4651 2352 4715 insula
2397 4651 2476 4716 de
2523 4651 2809 4717 Perdichi
2855 4654 2996 4717 ante
3043 4669 3227 4735 quam

514 4732 878 4809 continetur,
927 4731 1086 4813 quod
1133 4734 1245 4797 hec
1292 4733 1487 4813 nobis,
1535 4754 1654 4817 que
1678 4736 1843 4802 dicta
1887 4740 2052 4816 sunt,
2100 4739 2490 4804 concessistis
2525 4741 2834 4823 potestate
2869 4738 3231 4825 plenissima
3349 4760 3354 4763 ’
