3620 5282
3036 377 3119 442 91

686 553 1201 637 CXXXVII.
1264 554 1470 637 God.
1522 555 1751 638 1348.
1804 556 1901 637 19
1956 555 2286 656 srpnja‚
2336 576 2396 636 u
2450 553 2838 637 Mletcih.

414 677 720 754 Odqovara
763 698 825 740 se
868 682 1029 740 bana
1073 682 1474 750 larvatskomu,
1523 682 1604 739 da
1643 683 1701 753 je
1741 681 2018 740 slobodno
2061 681 2428 754 poslanikom
2461 683 2702 756 uffeyova
2747 681 2949 754 kralja
2995 676 3125 739 dodi

408 785 449 826 u
490 767 750 837 malm
815 786 855 827 a
897 770 1021 828 vrh.
1082 771 1388 843 kapetanu
1432 788 1475 828 u
1524 770 1675 829 latri
1746 770 1955 828 nalaie
1999 786 2093 838 se,
2160 771 2312 828 nelca
2346 770 2539 843 jeci-nu
2579 770 2775 844 yaziju
2819 771 2857 829 k
2890 786 3126 842 pomor-

410 856 616 916 skomu
659 857 962 931 kapetanu
1002 860 1212 931 afficti,-
1257 862 1311 918 te
1355 876 1416 918 se
1461 858 2175 1006 ovozzgcmdzzffiagzpovied
2191 902 2205 927 ‚
2267 858 2347 916 da
2389 875 2452 917 se
2487 859 2870 931 primorskim
2908 857 3126 932 yrado-

621 1080 807 1146 1348.
854 1082 951 1148 die
992 1084 1145 1149 XIX
1184 1082 1344 1160 iulii,
1390 1084 1603 1166 capta:
1666 1083 1828 1166 quod
1898 1083 2336 1166 respondeatur
2396 1084 2551 1149 bano
2610 1083 2931 1149 Sclavenie
2979 1102 3121 1148 cum

408 1168 637 1252 pulcris
672 1173 737 1234 et
767 1170 1102 1236 curialibus
1145 1172 1364 1250 verbis,
1400 1174 1555 1254 quod
1587 1172 1763 1237 nobis
1793 1171 2001 1255 placet
2037 1172 2101 1235 et
2143 1192 2355 1237 sumus
2388 1172 2676 1249 contenti,
2727 1173 2884 1256 quod
2916 1171 3123 1237 nuncii

410 1258 715 1322 solemnes
761 1259 992 1324 domini
1033 1259 1196 1342 regis
1244 1260 1564 1343 Hungarie
1612 1261 1852 1342 possint
1898 1260 1977 1323 ad
2024 1278 2134 1325 nos
2166 1260 2448 1325 accedere
2495 1271 2558 1324 et
2601 1263 2765 1324 stare
2813 1264 2875 1323 et
2924 1260 3120 1325 redire

414 1346 605 1411 libere
652 1348 718 1410 et
763 1365 974 1413 secure
1021 1367 1162 1412 cum
1209 1348 1448 1412 familia
1494 1349 1557 1412 et
1604 1349 1788 1413 rebus
1834 1367 2044 1413 eorum
2093 1368 2202 1431 per
2254 1351 2457 1412 toturn
2505 1367 2779 1412 mensem
2847 1348 3122 1417 octubris

416 1434 788 1517 proximum,
833 1436 897 1500 et
940 1436 1277 1501 mictantur
1321 1436 1377 1500 ei
1427 1437 1639 1501 lictere
1685 1439 1898 1519 aperte
1943 1436 2333 1515 securitatiS,
2396 1456 2503 1519 ρει·
2550 1455 2703 1518 quas
2753 1436 2870 1519 ipsi
2919 1436 3123 1501 venire

403 1522 660 1606 possint,
720 1525 789 1586 ut
834 1526 931 1588 est
974 1524 1233 1589 dictum.

614 1608 845 1694 Capta:
895 1613 1053 1696 quod
1100 1612 1474 1677 rescribatur
1518 1632 1616 1677 ser
1662 1612 1878 1678 Marco
1927 1611 2296 1694 Superancio
2359 1613 2675 1693 capitaneo
2742 1612 3117 1696 pasynatici,

403 1698 567 1782 quod
608 1717 728 1764 non
775 1697 1054 1765 habendo
1100 1700 1291 1764 aliam
1340 1701 1698 1779 novitatem,
1748 1720 1929 1783 quam
1980 1700 2154 1765 nobis
2202 1700 2484 1785 scripsit,
2534 1701 2757 1765 mictat
2799 1720 2987 1765 unam
3046 1702 3119 1765 de

403 1786 640 1851 duobus
687 1787 902 1869 galeiS,
953 1808 1069 1872 que
1116 1792 1260 1852 sunt
1305 1789 1365 1852 in
1414 1788 1632 1865 Istria,
1689 1808 1787 1853 ser
1849 1790 2058 1854 Marco
2105 1786 2447 1853 Contareno
2509 1788 2829 1871 capitaneo
2888 1788 3121 1872 culphi,

405 1875 503 1940 cui
553 1874 897 1953 scribatur,
945 1876 1107 1960 quod
1167 1895 1308 1940 cum
1370 1878 1500 1941 suis
1563 1876 1758 1959 galeis
1822 1877 2009 1940 vadat
2067 1879 2129 1941 et
2174 1895 2239 1941 se
2284 1877 2614 1942 hostendat
2659 1895 2766 1959 per
2813 1879 3009 1942 terras
3057 1879 3125 1942 et

405 1963 540 2029 loca
583 1966 795 2028 nostra
842 1963 1159 2030 Sclavenie
1205 1984 1242 2027 a
1283 1964 1536 2048 Spalato
1581 1964 1757 2043 citra,
1806 1967 1967 2029 sicut
2011 1983 2120 2047 pro
2168 1966 2498 2029 securitate
2531 1965 2803 2046 ipsorum
2847 1966 3121 2029 locorum

402 2055 746 2123 nostrorum
798 2052 1024 2117 viderit
1069 2053 1384 2135 expedire;
1434 2052 1755 2135 capitaneo
1802 2055 2012 2116 autem
2060 2053 2401 2136 pasynatici
2450 2053 2780 2129 scribatur,
2821 2055 2982 2134 quod
3028 2052 3120 2117 fa-

405 2141 552 2216 ciat,
602 2139 760 2223 quod
806 2140 1006 2223 galea,
1055 2160 1170 2223 que
1219 2141 1564 2206 remanebit
1607 2142 1669 2205 in
1718 2142 1920 2218 Istria,
1969 2141 2177 2224 sepius
2220 2141 2404 2206 vadat
2445 2143 2510 2205 et
2556 2160 2621 2206 se
2687 2139 3014 2205 hostendat
3060 2141 3121 2204 in

406 2227 617 2305 Istria,
666 2227 829 2293 sicut
872 2247 981 2311 pro
1023 2229 1362 2294 securitate
1408 2231 1473 2293 et
1517 2230 1821 2294 ortatione
1875 2232 2225 2294 nostrorum
2286 2230 2561 2294 locorum
2607 2234 2670 2294 et
2718 2229 2994 2295 fidelium
3042 2228 3118 2294 de

398 2314 538 2380 inde
586 2315 811 2381 viderit
858 2315 1161 2399 expedire.

483 2405 643 2467 Scor.
687 2425 843 2467 cons.
887 2426 1007 2483 roy.
1049 2408 1125 2466 B.
1181 2410 1282 2478 13,
1327 2427 1370 2467 u
1414 2410 1752 2468 mletczdkom
1797 2409 2029 2467 arka'vu.

661 2593 1221 2681 CXXXVIII.
1275 2597 1482 2682 God.
1535 2598 1765 2683 1348.
1820 2598 1914 2682 21
1969 2600 2293 2702 srpnja,
2348 2621 2407 2681 u
2462 2599 2850 2683 Mletclh.

404 2723 754 2798 Dopusaeeno
803 2725 1088 2798 J'ednomu
1130 2726 1488 2785 Zadram'nu
1534 2745 1577 2785 u
1620 2727 1846 2787 Mletke
1903 2746 2251 2802 proqnanu,
2315 2728 2394 2786 da
2455 2746 2516 2787 se
2575 2729 2744 2802 smije
2794 2728 3034 2787 naselitc'
3082 2747 3121 2786 u

589 2812 934 2887 Romaniju,
981 2832 1021 2873 a
1068 2815 1371 2890 drnyomn,
1415 2817 1496 2874 da
1537 2816 1743 2888 proclia
1787 2835 1831 2875 u
1875 2817 2137 2886 Padovu,
2185 2816 2270 2874 ali
2286 2817 2415 2889 pod
2446 2817 2689 2890 njekimi
2733 2817 2931 2890 tevjeti.

618 2932 804 2997 1348.
853 2933 1184 2999 indictione
1232 2935 1431 3017 prima
1477 2935 1573 2999 die
1625 2936 1775 3001 XXI
1821 2935 1977 3012 iulii,
2028 2937 2244 3019 capta:
2302 2937 2458 3018 quod
2508 2936 2838 3002 Saladinus
2884 2937 2959 3001 de
3007 2936 3119 3001 Sa-

402 3020 627 3085 ladinis
675 3019 751 3084 de
793 3020 1006 3099 Jadra,
1056 3023 1161 3105 qui
1209 3025 1306 3087 est
1368 3043 1526 3088 unus
1581 3043 1655 3087 ex
1707 3025 1753 3087 L
1820 3024 2136 3089 confinatis
2202 3024 2334 3101 hic,
2387 3025 2586 3107 possit
2644 3025 2735 3089 ire
2780 3025 2859 3089 ad
2907 3025 3118 3108 partes

401 3107 699 3173 Romanie
745 3108 829 3172 ibi
879 3111 956 3173 ad
1008 3111 1289 3188 confinia,
1339 3112 1559 3176 stando
1605 3132 1642 3177 a
1689 3112 1967 3178 Chorono
2015 3132 2202 3195 supra
2247 3115 2311 3175 et
2355 3115 2650 3178 servando
2699 3113 2812 3177 illa
2856 3112 3120 3178 confinia

403 3201 468 3261 et
514 3196 689 3261 illum
732 3197 986 3263 modum
1035 3199 1100 3264 in
1146 3199 1552 3281 presentando
1600 3220 1699 3278 se,
1765 3200 2004 3283 quando
2052 3202 2117 3265 et
2157 3200 2319 3265 sicut
2363 3204 2428 3265 et
2473 3201 2693 3283 quibus
2756 3201 2877 3265 sibi
2923 3203 3121 3284 impo-

401 3287 583 3350 netur
629 3305 736 3366 per
781 3286 1146 3365 dominium,
1192 3306 1334 3352 cum
1383 3287 1457 3351 de
1502 3289 1619 3354 hoc
1665 3288 2117 3353 instantissime
2166 3307 2277 3352 nos
2325 3289 2569 3372 rogavit
2592 3290 2876 3355 dominus
2920 3290 3121 3354 archi-

401 3374 720 3456 episcopus
768 3373 1079 3440 Cretensis
1123 3376 1461 3441 avunculus
1506 3376 1666 3452 eiua,
1738 3380 1801 3440 et
1865 3375 1986 3441 fuit
2046 3383 2225 3458 capta
2287 3397 2395 3460 per
2443 3378 2530 3442 VI
2576 3377 2975 3455 consiliarioS,
3028 3377 3117 3442 ΙΙΙ

404 3461 612 3545 capita
656 3461 733 3525 de
779 3463 888 3526 XL
934 3465 998 3527 et
1044 3468 1168 3528 tres
1215 3466 1423 3547 partes
1470 3465 1708 3529 consilii
1755 3468 2125 3548 rogatorum,
2173 3467 2563 3549 congregatis
2608 3466 2861 3531 LXXX.

615 3551 847 3632 Capta:
896 3551 1056 3633 quod
1104 3553 1336 3617 Barthe
1396 3552 1471 3616 de
1534 3552 1849 3617 Slorandis
1914 3555 1987 3617 de
2034 3554 2258 3630 Jadra,
2307 3555 2411 3636 qui
2477 3554 2766 3619 similiter
2813 3556 2910 3618 est
2957 3573 3113 3617 unus

407 3658 479 3703 ex
529 3637 578 3702 1,
620 3639 940 3703 confinatis
987 3639 1105 3717 hic,
1154 3640 1353 3723 possit
1397 3640 1485 3705 ire
1532 3646 1593 3705 et
1640 3645 1800 3706 stare
1849 3643 1922 3704 ad
1972 3647 2179 3706 nostra
2213 3642 2506 3706 mandata
2540 3643 2773 3720 Padue,
2822 3641 3118 3706 servando

402 3727 666 3790 confinia
714 3725 819 3803 ibi,
862 3729 928 3791 et
974 3728 1219 3792 modum
1267 3730 1657 3811 presentaudi
1706 3751 1771 3793 se
1835 3730 1998 3794 sicut
2043 3731 2108 3795 et
2153 3729 2372 3813 quibus
2427 3731 2810 3795 ordinabitur
2855 3749 2963 3813 per
3010 3730 3120 3794 do-

405 3814 688 3879 minium.
734 3814 818 3878 Et
861 3815 979 3879 fuit
1024 3818 1203 3900 capta
1247 3816 1410 3881 sicut
1450 3817 1744 3900 predicta.

482 3905 661 3964 Mista·
709 3906 950 3965 XXIV.
998 3908 1099 3979 85,
1148 3926 1190 3967 u
1235 3908 1573 3968 mletackom
1608 3910 1839 3968 arleium.

718 4095 1186 4178 CXXXIX.
1242 4096 1449 4179 (iod.
1503 4098 1730 4179 1348.
1775 4097 1882 4179 24
1934 4099 2256 4199 srpnja,
2309 4120 2368 4179 u
2421 4097 2805 4180 Mletcih.

519 4221 568 4280 Ο
612 4224 815 4297 m‘eke'h
855 4223 1176 4282 Hvaranih
1220 4224 1540 4295 kaznjenih
1586 4226 1724 4283 radi
1770 4227 2017 4284 uvre'eda
2061 4242 2263 4284 svomu
2309 4226 2625 4284 nacelniku
2670 4224 3010 4284 nanesenih.

612 4342 799 4407 1348.
849 4342 949 4408 die
996 4343 1207 4408 XXIV
1253 4344 1407 4421 iulii,
1468 4347 1683 4428 capta:
1752 4365 1892 4410 cum
1957 4345 2335 4428 quibuslibet
2395 4345 2628 4410 civibus
2684 4343 3117 4411 dominationis

397 4435 462 4494 et
506 4430 772 4496 maxime
822 4431 969 4508 illis,
1018 4434 1125 4515 qui
1174 4451 1280 4517 per
1327 4433 1524 4516 ipsam
1591 4436 1737 4498 suut
1796 4453 1982 4516 supra
2045 4434 2198 4497 talia
2258 4433 2622 4511 constituti,
2688 4433 3009 4499 incumbat
3053 4438 3117 4499 et

397 4521 640 4601 spectet
684 4519 944 4602 vigilare
984 4521 1150 4585 circa
1196 4541 1287 4598 ea,
1324 4541 1438 4604 que
1486 4522 1917 4586 dominationis
1967 4524 2255 4587 honorem
2317 4524 2382 4585 et
2437 4522 2823 4587 subditorum
2867 4541 3117 4587 suorum

397 4610 631 4672 statum
679 4608 1007 4690 pacificum
1054 4610 1119 4673 et
1164 4610 1435 4693 quietem
1501 4609 1838 4691 respiciant
1883 4613 1946 4675 et
1990 4611 2377 4687 accrescant,
2443 4612 2507 4673 et
2567 4629 2674 4692 per
2740 4629 3114 4694 consequens

398 4714 727 4774 removere,
776 4696 936 4780 quod
980 4696 1179 4779 possit
1222 4717 1516 4782 generare
1563 4698 1962 4763 contrarium.
2035 4699 2115 4761 Et
2161 4697 2324 4760 inter
2369 4696 2606 4779 aliquos
2669 4697 2835 4762 cives
2881 4701 2945 4761 et
2988 4697 3114 4761 cle-

397 4782 557 4849 ricos
599 4784 769 4851 Fare.
801 4787 866 4851 et
910 4784 1105 4852 Brace
1151 4786 1280 4853 sint
1323 4787 1457 4852 orte
1501 4786 1707 4870 alique
1753 4787 2099 4869 questiones
2147 4787 2210 4850 et
2261 4784 2553 4848 scandala
2618 4786 2939 4851 occasione
2985 4783 3113 4867 epi-

3191 1944 3232 2003 4
