3620 5282
590 364 720 428 396

910 538 1255 620 DXLV.
1312 539 1520 621 God.
1575 540 1796 623 1397.
1854 538 1904 623 5
1959 536 2312 640 siconia,
2367 559 2427 619 u
2479 535 2981 619 Modrusah.

584 682 726 741 Ana
771 682 1055 753 kneyinja
1100 683 1343 753 senjska
1387 683 1526 740 moli
1570 683 1889 750 Mletdane,
1936 682 2088 742 nelca
2133 683 2230 753 joj
2296 683 2507 752 izkupe
2567 680 2890 739 srebrninu
2941 678 3254 737 zaloienu
3307 695 3354 734 αι

584 770 836 828 Mletcih
877 786 951 828 za
1000 770 1171 827 1200
1216 770 1465 843 dulcata,
1515 788 1553 828 a
1600 771 1680 827 da
1722 772 1782 829 c'e
1817 771 1917 843 jih
1964 771 2238 828 namirt'ti
2281 786 2351 828 sa
2396 771 2573 829 bitom
2619 769 2689 826 ili
2732 784 2764 826 s
2794 767 2958 828 vasli.
3006 767 3194 825 Nudi
3217 766 3356 839 jim

1709 859 1876 917 Novo
1922 875 1963 916 u
2008 859 2195 931 zaloy.

799 976 1206 1042 Serenissime
1254 979 1537 1060 princeps
1586 978 1829 1042 domine
1878 979 1943 1042 et
1988 979 2189 1042 amice
2236 977 2607 1048 honorande,
2658 974 2957 1057 premisso
3014 972 3351 1056 quicquid

586 1081 917 1144 possumus
963 1065 1209 1129 servicii
1263 1068 1603 1129 reverentie
1653 1070 1716 1129 et
1758 1065 2026 1129 honoris.
2102 1066 2322 1130 Vestre
2388 1064 2711 1128 serenitati
2781 1066 2990 1125 tenore
3059 1079 3352 1143 presen-

590 1150 748 1213 tium
801 1154 1186 1228 denotamuS,
1238 1155 1397 1234 quod
1447 1153 1734 1217 dominus
1785 1155 1993 1217 noster
2040 1173 2142 1217 rex
2188 1154 2248 1216 in
2300 1153 2465 1216 brevi
2514 1152 2589 1215 ad
2639 1153 2752 1216 has
2801 1151 3045 1213 nostras
3107 1150 3352 1230 partes

591 1240 691 1301 est
739 1243 1056 1317 venturuS,
1110 1247 1287 1321 prout
1333 1260 1408 1304 ne
1452 1242 1609 1305 forte
1659 1242 1828 1304 vobis
1871 1242 1942 1303 de
1992 1242 2107 1305 hoc
2155 1244 2328 1321 patet
2373 1242 2710 1304 evidenter.
2797 1238 2880 1301 Et
2925 1238 3069 1320 quia
3102 1240 3354 1299 nostra

588 1329 938 1406 argenteria
982 1332 1077 1391 est
1124 1347 1286 1391 nunc
1328 1329 1404 1391 ad
1448 1347 1698 1410 presens
1750 1329 2035 1392 Veneciis
2084 1328 2497 1411 impignorata
2528 1347 2637 1409 per
2671 1344 2802 1399 n08‚
2838 1344 2948 1388 nec
2989 1324 3353 1393 habemus,

588 1432 727 1476 cum
778 1433 895 1494 quo
945 1434 1054 1479 sue
1102 1417 1413 1480 maiestati
1483 1416 1720 1479 debitos
1787 1417 2051 1480 honores
2121 1418 2183 1479 et
2256 1417 2660 1479 reverentiam
2723 1413 2880 1477 tales
2927 1412 3002 1475 ad
3051 1430 3342 1492 presens

587 1501 804 1577 facere,
853 1506 1031 1584 prout
1071 1502 1316 1567 deceret
1384 1505 1449 1566 et
1518 1503 1888 1576 conveniret,
1961 1504 2163 1567 vestre
2240 1503 2431 1584 igitur
2500 1502 2920 1583 supplicamus
2991 1499 3340 1563 maiestati

589 1588 813 1652 affectu
862 1608 982 1671 quo
1029 1608 1357 1671 possumus
1399 1590 1635 1666 cariori,
1686 1595 1989 1673 quatenus
2060 1587 2285 1653 dictam
2358 1591 2771 1672 argenteriam
2815 1607 2920 1670 per
2969 1606 3076 1651 nos
3129 1585 3343 1668 impi-

590 1680 916 1758 gnoratam
966 1696 1127 1742 nunc
1170 1678 1229 1739 iu
1281 1679 1402 1742 ista
1451 1682 1665 1741 nostra
1715 1679 1983 1742 maxima
2023 1679 2482 1759 opportunitate
2530 1676 2832 1741 redimere
2879 1674 3232 1751 dignemini
3274 1676 3348 1736 et

594 1762 820 1839 velitiS,
873 1783 981 1845 pro
1032 1765 1449 1845 redemptione
1497 1772 1704 1829 autem
1755 1768 1932 1829 cuius
1976 1767 2150 1828 vobis
2197 1765 2513 1829 curialiter
2563 1763 2979 1844 persolvemus
3026 1766 3091 1825 et
3140 1761 3341 1825 dabi-

593 1870 731 1914 mus
779 1855 890 1914 aut
941 1852 1191 1916 bladum
1238 1859 1346 1916 aut
1394 1872 1614 1929 remos,
1666 1854 2001 1916 dummodo
2049 1856 2253 1916 vestra
2298 1854 2601 1916 serenitas
2649 1852 2823 1914 nobis
2895 1850 3050 1912 banc
3096 1849 3337 1930 singu-

587 1939 779 2001 larem
821 1941 1088 2022 gratiam
1137 1943 1200 2003 et
1246 1941 1756 2021 complacentiam
1806 1941 2004 2005 facere
2052 1941 2330 2015 voluerit,
2384 1942 2562 2019 prout
2604 1955 2961 2020 speramus;
3022 1954 3222 2017 quam
3277 1936 3335 1999 si

593 2044 889 2108 peragere
938 2027 1277 2103 volueritis,
1329 2032 1478 2092 tunc
1525 2048 1624 2092 ser
1659 2029 1867 2094 Marco
1900 2030 2206 2093 Marcerio
2238 2029 2467 2093 concivi
2504 2029 2568 2090 et
2596 2025 2878 2090 servitori
2928 2028 3132 2087 vestro
3185 2024 3333 2087 loco

589 2120 653 2175 et
702 2115 948 2176 nomine
987 2120 1194 2178 nostro
1241 2115 1473 2179 dictam
1522 2118 1931 2197 argenteriam
2004 2116 2151 2179 dare
2226 2120 2315 2191 et,
2357 2115 2674 2197 assignare
2739 2110 3079 2195 dignemini
3129 2111 3323 2174 nobis
3435 2126 3458 2139 ⁹

591 2203 843 2264 eandem
892 2203 971 2265 ad
1021 2205 1476 2277 destinandum,
1526 2223 1644 2284 que
1692 2223 1834 2266 vero
1881 2205 2231 2286 argenteria
2278 2206 2405 2265 stat
2450 2203 2510 2264 in
2563 2202 2814 2283 pignore
2865 2219 2973 2280 pro
3021 2198 3203 2262 mille
3252 2204 3321 2260 et

588 2288 921 2352 ducentum
970 2291 1121 2366 auri,
1173 2292 1506 2354 secundum
1556 2294 1716 2372 quod
1770 2293 1970 2355 dictus
2017 2310 2115 2354 ser
2170 2291 2420 2354 Marcus
2468 2294 2675 2353 vester
2720 2287 2989 2353 concivis
3037 2292 3322 2349 vestram

590 2376 984 2439 serenitatem
1035 2378 1305 2441 habilius
1355 2379 1429 2441 de
1480 2380 1589 2442 boc
1638 2378 2003 2442 informabit
2035 2383 2336 2442 oretenus.
2391 2378 2643 2457 Insuper
2676 2376 2848 2440 vobis
2881 2372 3321 2454 supplicamus

590 2463 914 2540 instanter,
964 2468 1145 2545 prout
1192 2466 1346 2529 alias
1396 2465 1572 2529 vobis
1621 2466 2125 2547 supplicavimus
2177 2472 2481 2549 quatenus
2531 2464 2705 2528 nobis
2755 2465 2971 2528 mutuo
3028 2461 3183 2524 dare
3233 2462 3321 2521 di-

590 2551 864 2631 gnemini
914 2553 1034 2615 tria
1082 2553 1284 2616 millia
1332 2555 1689 2617 ducatorum
1740 2573 1923 2635 super
1972 2552 2365 2627 Castrouovo,
2415 2551 2757 2616 secundum
2801 2548 2963 2632 quod
3008 2548 3190 2612 nobis
3224 2551 3317 2611 est

589 2640 1003 2722 impignatum
1054 2660 1166 2721 per
1208 2641 1430 2705 fratres
1477 2645 1718 2705 nostros
1766 2644 2027 2706 comites
2076 2643 2334 2707 Goricie.

800 2729 982 2790 Anna
1025 2729 1345 2794 comitissa
1412 2731 1475 2793 et
1543 2729 1845 2793 Nicolaus
1893 2732 2026 2793 eius
2076 2733 2255 2794 natus
2303 2747 2507 2794 comes
2564 2727 2781 2810 Vegle‚
2825 2726 3153 2790 Modrusse
3200 2726 3319 2786 etc.

596 2814 714 2878 Ubi
765 2815 912 2877 data
958 2815 1055 2879 die
1104 2817 1159 2879 V
1208 2819 1437 2880 mensis
1486 2817 1764 2881 ianuarii.
1818 2819 1870 2880 A
1921 2821 2095 2899 tergo
2129 2836 2390 2898 namque
2416 2817 2717 2897 scriptum
2748 2815 2882 2878 est:
2919 2813 3320 2877 serenissimo

589 2902 847 2983 principi
897 2904 960 2965 et
1005 2905 1250 2967 domino
1297 2905 1545 2968 domino
1598 2904 1906 2968 Anthonio
1953 2905 2216 2969 Venerio
2264 2906 2359 2968 dei
2410 2904 2643 2987 gratias
2690 2901 2908 2966 inclito
2984 2899 3126 2963 duci
3199 2898 3324 2962 Ve-

587 2990 897 3053 netiarum
949 2995 1064 3054 etc.
1116 3010 1326 3055 eorum
1377 2994 1448 3056 ut
1489 2993 1736 3056 domino
1783 2997 1847 3056 et
1893 2993 2094 3057 amico
2140 2992 2500 3057 venerando.

681 3097 1248 3158 Commemorialt'am
1302 3099 1417 3159 IX.
1466 3101 1570 3170 29,
1612 3118 1653 3158 u
1700 3100 1855 3161 mlet.
1905 3101 2139 3162 arkivu.

955 3287 1303 3368 DXLVI
1381 3287 1583 3370 God.
1641 3288 1857 3371 1397.
1914 3289 1962 3372 5
2017 3286 2382 3389 sicema,
2437 3311 2494 3369 u
2549 3287 2940 3368 Mletcih.

585 3429 878 3489 Biletdani
926 3434 1195 3505 upuc'uju
1235 3434 1622 3507 pomorskoya
1665 3435 1967 3504 kapetana
2013 3435 2165 3492 kako
2211 3434 2288 3490 da
2333 3450 2395 3490 sc
2438 3433 2635 3500 vlada,
2684 3432 2797 3489 ako
2843 3433 2901 3489 bi
2932 3448 3103 3505 ηραν.
3161 3429 3329 3502 krab'

1582 3523 1763 3579 Icam‘o
1810 3539 1848 3578 u
1896 3521 2127 3580 Mlctke
2166 3521 2311 3580 dodi.

807 3620 990 3685 1396.
1036 3622 1134 3685 die
1182 3622 1397 3703 quinto
1443 3622 1721 3687 ianuarii.
1773 3621 2097 3704 Sapientes
2173 3621 2413 3687 consilii
2476 3622 2540 3685 et
2615 3621 2928 3704 sapientes
3001 3619 3322 3685 ordinum.

590 3703 819 3785 Capta:
869 3714 1010 3791 quia
1058 3714 1154 3773 est
1200 3711 1393 3774 honor
1440 3712 1636 3774 nostri
1687 3711 1940 3774 dominii
1984 3711 2209 3775 habere
2259 3710 2672 3792 provisionem
2724 3710 2973 3790 propter
3018 3707 3153 3782 illa,
3207 3729 3326 3793 que

586 3794 801 3859 habita
848 3802 996 3861 suut
1047 3801 1173 3860 tam
1226 3800 1298 3860 de
1346 3799 1591 3861 domiuo
1639 3818 1780 3879 rege
1830 3799 2153 3880 Huugarie
2200 3817 2385 3880 quam
2433 3797 2506 3860 de
2559 3798 2793 3861 uostris
2843 3796 3039 3877 galeis
3087 3796 3171 3858 ad
3228 3817 3326 3861 re-

585 3880 786 3946 ditum
836 3885 987 3948 dicti
1036 3887 1341 3966 capitanei
1391 3887 1584 3948 nostri
1652 3886 1947 3948 Venetias
2017 3890 2081 3949 et
2149 3886 2227 3948 ad
2293 3885 2703 3960 sentiendum,
2768 3884 2819 3947 si
2871 3883 3164 3948 dominus
3215 3904 3320 3948 rex

587 3971 899 4051 predictus
950 3974 1128 4036 debet
1180 3973 1384 4035 venire
1432 3976 1509 4037 ad
1556 3974 1874 4037 civitatem
1925 3977 2225 4050 nostram,
2276 3975 2345 4036 ut
2391 3971 2678 4036 honorari
2713 3972 2927 4054 possit,
2967 3972 3317 4037 secundum

586 4060 740 4139 quod
790 4061 1006 4121 decens
1053 4064 1173 4126 est:
1229 4060 1397 4122 vadit
1448 4079 1606 4141 pam,
1656 4060 1815 4143 quod
1869 4065 2071 4140 presto
2121 4062 2410 4123 mittatur
2457 4078 2577 4123 una
2623 4062 2833 4123 nostra
2881 4058 3114 4123 barcba
3168 4062 3323 4125 bene

585 4148 829 4209 armata
878 4150 954 4209 ad
1004 4167 1106 4210 sex
1157 4166 1356 4211 remos
1406 4167 1617 4211 versus
1666 4148 1899 4212 dictum
1951 4153 2231 4212 nostrum
2280 4148 2691 4228 capitaneum,
2763 4145 3149 4211 comittendo
3221 4168 3324 4230 pa-

587 4237 780 4310 trono,
833 4238 990 4315 quod
1046 4237 1234 4299 vadat
1276 4255 1383 4317 per
1422 4237 1710 4317 riperiam
1767 4256 1958 4318 usque
2006 4237 2374 4317 Ragusium,
2424 4235 2625 4298 dando
2688 4252 2936 4316 operam
3002 4236 3074 4297 de
3123 4236 3324 4299 senti-

586 4321 737 4383 endo
789 4327 852 4384 et
899 4321 1263 4386 inveniendo
1311 4326 1703 4403 capitaneum
1756 4325 2032 4387 nostrum
2111 4323 2473 4404 predictum.
2525 4322 2622 4386 cui
2669 4322 2894 4386 debeat
2939 4325 3190 4386 nostras
3250 4323 3325 4386 li-

586 4410 753 4470 teras
804 4413 1174 4489 presentare,
1220 4429 1326 4491 per
1373 4429 1524 4493 quas
1571 4411 1878 4474 scribatur
1924 4412 2246 4492 capitaneo
2298 4410 2631 4482 antedicto,
2683 4408 2847 4491 quod
2894 4411 3148 4491 recepto
3185 4431 3328 4493 pre-

585 4497 745 4558 senti
798 4504 1006 4561 nostro
1055 4499 1365 4574 mandato,
1417 4499 1479 4561 in
1523 4517 1669 4562 casu
1719 4518 1839 4579 qno
1885 4499 2242 4580 deposuerit
2287 4498 2598 4561 dominum
2668 4515 2880 4579 regem
2944 4497 3322 4580 predictum,

588 4581 913 4647 licentiata
961 4585 1137 4668 galea
1186 4584 1456 4649 Candide
1505 4590 1569 4649 et
1612 4587 1787 4667 galea
1837 4584 2138 4668 Corphoy,
2209 4585 2369 4667 quod
2439 4587 2664 4649 vadant
2732 4586 2810 4648 ad
2854 4584 3324 4651 disarmandum

585 4685 729 4730 cum
781 4672 974 4751 galeis
1025 4673 1250 4736 nostris
1296 4673 1370 4736 de
1422 4673 1717 4751 VenetiiS,
1763 4674 1827 4737 in
1877 4675 2033 4738 bona
2080 4677 2280 4758 gratia
2329 4673 2619 4737 Venetias
2689 4676 3066 4750 revertatur,
3117 4676 3188 4737 et
3242 4675 3324 4737 si·

586 4753 824 4818 militer
869 4757 1068 4822 facere
1116 4761 1353 4835 debeat,
1404 4762 1457 4823 si
1502 4763 1642 4843 post
1690 4762 2100 4843 receptionem
2151 4760 2348 4844 ipsius
2397 4760 2588 4824 nostri
2627 4760 2909 4823 mandati
2958 4759 3170 4842 ipsum
3222 4763 3325 4826 do-
