3620 5282
503 352 589 416 60

500 529 814 595 vellociter
860 530 1034 594 nobis
1081 530 1375 605 scribant,
1442 531 1504 592 et
1545 547 1723 593 suum
1782 526 2104 592 consilium
2153 527 2217 590 et
2260 527 2537 590 nostrum
2590 526 2912 609 expectent
2955 524 3210 589 manda-

501 617 942 769 ωἘὲῑοίγὲοηε.
979 712 1164 785 royat.
1210 709 1307 767 lib.
1352 706 1428 766 A.
1478 710 1577 777 99,
1623 725 1665 766 u
1712 706 1927 767 arkivu
1965 706 2322 765 mletackom.
2409 708 2416 713 ’
2877 614 2924 681 ⁹

935 948 1202 1033 xcn.
1255 950 1459 1033 non.
1514 949 1740 1032 1343.
1795 949 1846 1031 3
1901 948 2238 1051 ozujka,
2291 970 2350 1028 u
2405 946 2791 1029 metam.

1246 1095 1425 1169 Dalje
1466 1113 1497 1155 o
1542 1095 1815 1168 naputku
1858 1112 1931 1154 za
1974 1095 2084 1153 iste
2118 1092 2449 1167 poslanike.

716 1234 901 1299 1348.
950 1234 1048 1299 die
1092 1234 1246 1300 VIII
1291 1234 1518 1299 mensis
1556 1233 1789 1297 marcii.
1840 1231 1951 1297 Ser
1975 1231 2324 1296 Bernardus
2356 1229 2747 1295 Justinianus
2796 1226 3200 1302 consiliarius,

499 1322 717 1405 capta:
768 1341 907 1387 611111
954 1322 1140 1388 faciat
1184 1341 1290 1406 pro
1335 1323 1511 1386 nobis
1554 1321 1900 1385 conservari
1946 1321 2271 1402 pacificum
2319 1321 2551 1383 statum
2597 1319 2880 1381 nostrum
2928 1318 2991 1379 et
3038 1316 3204 1379 inve-

502 1410 634 1475 nire
677 1411 860 1487 viam,
909 1430 1017 1494 per
1061 1430 1242 1492 11116111
1291 1411 1594 1493 possimus
1640 1410 1903 1473 transire
1965 1411 2025 1473 in
2074 1409 2276 1490 quiete
2335 1426 2474 1471 cum
2537 1405 2781 1469 domino
2843 1423 2988 1487 rege
3029 1404 3205 1467 Hun-

501 1499 708 1582 garie:
753 1499 923 1562 vadit
964 1518 1105 1581 pars
1151 1519 1226 1563 ne
1257 1500 1340 1575 id,
1389 1498 1542 1582 quod
1568 1498 1868 1581 agendum
1897 1500 2009 1574 est,
2043 1496 2408 1578 producatur
2451 1495 2515 1558 in
2549 1512 2804 1570 moram,
2853 1511 2968 1575 que
2993 1491 3206 1554 multis

506 1586 848 1651 rationibus
896 1588 959 1650 et
1004 1587 1592 1651 considerationibus
1643 1586 1837 1667 possit
1903 1585 2074 1649 nobis
2122 1588 2185 1649 et
2229 1582 2412 1647 factis
2459 1582 2684 1645 nostris
2733 1599 2865 1644 esse
2909 1579 3201 1657 dannosa,

500 1674 662 1757 quod
710 1675 771 1738 in
817 1675 1035 1739 christi
1081 1675 1327 1739 nomine
1375 1674 1800 1739 committatur
1833 1672 2058 1737 nostris
2091 1669 2602 1747 ambaxatoribuS,
2652 1669 2758 1751 qui
2803 1667 3042 1751 quando
3078 1685 3207 1731 me-

500 1761 622 1827 lius
670 1761 869 1826 facere
915 1761 1012 1826 vel
1058 1763 1336 1827 obtinere
1360 1781 1479 1827 non
1504 1764 1774 1845 possent,
1818 1761 1872 1824 si
1895 1761 2176 1824 dominus
2202 1779 2303 1823 rex
2335 1758 2641 1840 prefactus
2687 1755 2846 1821 foret
2878 1755 3199 1819 contentus

501 1850 576 1914 de
630 1851 823 1915 dando
864 1850 1039 1914 nobis
1082 1852 1362 1916 civitates
1406 1850 1713 1933 Tragurii,
1761 1849 2053 1925 Sibenici,
2103 1846 2337 1930 Spaleti
2385 1847 2448 1909 et
2476 1844 2652 1909 None
2683 1845 2757 1908 ad
2782 1862 3050 1920 censum,
3085 1842 3204 1924 ipsi

501 1939 926 2003 ambaxatores
973 1939 1164 2003 nostri
1211 1959 1314 2003 eas
1362 1940 1618 2003 debeant
1685 1938 1761 2001 ab
1809 1937 1941 2019 ipso
1989 1937 2227 2000 nomine
2274 1938 2478 1998 nostro
2524 1931 2790 2014 recipere
2836 1932 2911 1994 ad
2951 1948 3202 1994 censum

500 2046 608 2109 per
652 2027 827 2090 illam
872 2026 1191 2090 meliorem
1230 2029 1294 2091 et
1338 2027 1643 2090 utiliorem
1672 2025 1854 2103 viam,
1905 2045 2018 2106 11116
2045 2023 2351 2087 videbitur
2398 2023 2506 2099 613,
2553 2018 2969 2104 11161611166116
3000 2017 3201 2082 eidem

500 2114 743 2179 domino
791 2115 921 2197 regi
968 2133 1075 2197 pro
1125 2134 1308 2180 censu
1357 2115 1627 2196 predicto
1675 2112 1826 2177 illud
1872 2112 2031 2194 quod
2079 2112 2306 2175 eisdem
2340 2109 2838 2175 ambaxatoribus
2884 2106 3195 2171 videbitur

500 2203 837 2268 convenire.
886 2203 1292 2287 Intelligendo
1335 2222 1593 2284 semper,
1628 2201 1787 2283 quod
1836 2201 1949 2264 hoc
1987 2200 2216 2264 saciant
2262 2199 2322 2263 in
2369 2218 2512 2263 casu
2560 2216 2676 2279 quo
2720 2195 2986 2260 finaliter
3017 2192 3203 2259 aliam

504 2290 820 2356 meliorem
872 2290 970 2354 vel
1018 2290 1525 2354 honorabiliorem
1573 2291 1730 2354 viam
1784 2306 1890 2371 pro
1935 2289 2109 2353 nobis
2156 2307 2294 2352 cum
2344 2288 2585 2351 domino
2618 2304 2758 2368 rege
2784 2283 3052 2348 invenire
3093 2300 3201 2346 seu

493 2379 777 2443 ‚obtinere
842 2397 960 2442 non
1002 2380 1268 2461 possent.
1313 2377 1379 2443 C.
1443 2378 1522 2441 Et
1567 2379 1620 2441 si
1666 2377 1868 2440 dictus
1926 2376 2209 2439 dominus
2256 2395 2358 2439 rex
2404 2377 2477 2440 de
2523 2376 2634 2439 hoc
2689 2391 2806 2437 666
2852 2374 3015 2439 63361
3058 2389 3200 2436 con-

502 2468 730 2544 1661113,
782 2466 887 2530 3611
935 2467 1180 2531 omnino
1226 2466 1413 2530 vellet
1457 2468 1650 2530 terras
1697 2463 2024 2547 predictaS,
2073 2483 2147 2526 ne
2193 2466 2440 2527 tantum
2484 2463 2709 2526 bonum
2736 2461 3054 2524 remaneat
3084 2458 3203 2522 im-

497 2554 855 2638 perfectum,
904 2557 1161 2631 attente,
1206 2555 1363 2636 quod
1412 2555 1606 2618 dictas
1653 2553 1938 2617 civitates
1983 2550 2314 2615 habuimus
2359 2552 2548 2614 salvis
2611 2549 2850 2613 iuribus
2899 2546 3048 2612 dicti
3095 2548 3203 2611 do·

506 2644 657 2708 mini
705 2645 887 2727 regiS,
936 2647 1115 2726 atque
1162 2643 1573 2721 considerate,
1622 2641 1781 2724 quod
1844 2641 2006 2722 ipsas
2068 2639 2351 2705 civitates
2398 2639 2473 2702 de
2536 2638 2666 2703 iure
2719 2656 2840 2702 non
2884 2653 3201 2720 possemus

500 2735 709 2796 tenere
754 2732 817 2795 16
863 2750 1005 2796 casu
1048 2751 1166 2815 quo
1212 2732 1307 2795 ius
1355 2735 1631 2795 nostrum
1678 2749 1815 2794 cum
1861 2729 1991 2792 iure
2037 2727 2190 2792 dicti
2235 2727 2468 2792 domini
2514 2727 2678 2809 regis
2725 2725 2951 2790 discuti
2998 2725 3064 2788 et
3107 2723 3200 2787 vi-

503 2821 634 2884 deri
679 2820 954 2890 debetur,
1000 2819 1426 2885 committatur
1471 2820 1697 2883 eisdem
1733 2817 2248 2892 ambaxatoribuS,
2296 2815 2454 2898 quod
2488 2815 2887 2879 fortificantes
2920 2813 2983 2876 in
3009 2829 3203 2896 quan-

506 2911 640 2973 tum
689 2910 979 2991 poterunt
1023 2909 1156 2972 iura
1202 2909 1428 2986 nostra,
1473 2907 1677 2971 dicant
1718 2906 1883 2970 (11616
1930 2905 2175 2969 domino
2224 2905 2371 2987 regi,
2419 2904 2577 2987 quod
2622 2904 2815 2968 dictas
2853 2903 3051 2966 terras
3083 2918 3205 2965 non

505 2996 864 3060 tenebamus
907 3015 1019 3060 nec
1066 3014 1495 3079 acceperamus
1542 2995 1834 3059 aviditate
1882 2993 2136 3057 dominii
2184 3011 2294 3056 nec
2355 2993 2664 3057 occasione
2725 2989 3058 3073 usurpandi
3107 3008 3206 3054 ra-

505 3084 707 3148 ciones
755 3083 1006 3162 alienas,
1054 3083 1160 3148 sed
1208 3084 1350 3166 quia
1390 3084 1514 3148 iam
1561 3083 1683 3146 XX
1727 3082 1902 3146 annis
1949 3082 2174 3164 elapsis
2221 3080 2380 3145 dicte
2424 3082 2707 3145 civitates
2745 3080 2921 3144 erant
2956 3079 3020 3141 in
3066 3095 3205 3160 pes-

505 3172 660 3235 simo
705 3174 871 3236 statu
920 3176 984 3236 et
1029 3171 1208 3236 malis
1255 3175 1319 3236 et
1378 3170 1603 3252 iniquis
1656 3170 2075 3235 vicinitatibus
2140 3168 2547 3246 circumdate,
2615 3170 2742 3251 ipse
2805 3166 3085 3231 civitates
3140 3166 3203 3228 et

504 3259 903 3340 habitatores,
951 3260 1333 3324 considerata
1357 3258 1728 3324 desolatione
1772 3277 1977 3322 eorum
2027 3277 2134 3322 suo
2159 3263 2397 3341 proprio
2438 3260 2608 3322 motu
2653 3255 2729 3319 ad
2772 3274 2878 3318 nos
2912 3254 3205 3317 venerunt

505 3348 826 3412 humiliter
871 3349 1308 3432 supplicanteS,
1355 3350 1656 3430 quatenus
1703 3364 1805 3410 eos
1853 3346 1964 3410 sub
2026 3348 2232 3411 nostro
2277 3345 2578 3422 dominio,
2638 3341 3092 3408 conservatione
3139 3341 3202 3405 et

504 3436 945 3520 gubernatione
990 3437 1179 3520 recipi
1218 3436 1631 3519 dignaremur,
1680 3436 1744 3499 et
1788 3434 1950 3516 quod
2011 3434 2193 3498 aliter
2255 3435 2430 3497 erant
2474 3433 2537 3497 in
2584 3433 2751 3496 statu
2808 3428 3199 3494 desolationis

506 3527 810 3603 extreme,
858 3544 1111 3607 quorum
1174 3523 1725 3606 supplicationibus
1786 3522 2109 3605 benignius
2172 3520 2483 3597 inclinati,
2533 3538 2633 3584 eos
2686 3519 3023 3600 recepimus
3086 3515 3199 3579 sub

509 3613 888 3695 protectione
935 3614 1158 3689 nostra,
1212 3612 1399 3676 salvis
1444 3611 1678 3675 iuribus
1715 3627 2269 3692 quorumcumque,
2322 3627 2432 3672 nec
2493 3626 2761 3690 unquam
2806 3604 3089 3669 misimus
3135 3604 3200 3667 in

504 3700 712 3783 aliqua
761 3701 1082 3765 civitatum
1129 3700 1406 3782 ipsarum
1454 3700 1572 3763 nisi
1617 3698 1998 3763 solummodo
2032 3716 2220 3762 unum
2265 3695 2339 3759 de
2386 3695 2613 3760 nostris
2640 3693 2968 3771 nobilibuS,
3017 3712 3199 3775 quem

504 3788 868 3871 prefecimus
915 3789 977 3852 in
1026 3788 1300 3870 qualibet
1344 3788 1614 3869 ipsarum
1663 3788 1724 3851 in
1758 3787 2047 3851 comitem
2093 3788 2156 3849 et
2201 3787 2518 3861 rectorem,
2568 3785 2631 3847 et
2676 3783 2789 3847 hoc
2835 3781 3094 3846 fecimus
3135 3781 3199 3845 et

505 3876 953 3942 intromisimus
999 3895 1108 3959 pro
1156 3877 1309 3940 bono
1353 3875 1674 3940 civitatum
1721 3875 2013 3957 ipsarum,
2064 3892 2136 3938 ne
2181 3871 2256 3936 ad
2305 3872 2745 3936 desolationem
2808 3871 2871 3934 et
2915 3870 3201 3935 extermi-

504 3964 675 4029 nium
722 3965 1078 4029 devenirent
1123 3965 1188 4028 et
1230 3982 1347 4027 non
1394 3963 1518 4028 alia
1561 3981 1776 4040 causa,
1841 3981 1980 4027 cum
2041 3980 2158 4026 non
2219 3962 2413 4025 simus
2476 3960 2751 4024 consueti
2814 3958 3014 4024 aliena
3066 3958 3201 4024 iura

505 4053 807 4135 surripere
853 4053 952 4117 vel
995 4051 1343 4135 aliqualiter
1385 4070 1696 4134 usurpare.
1758 4052 1839 4115 Et
1883 4050 2060 4133 qnod,
2111 4052 2179 4113 ut
2226 4050 2336 4114 1166
2382 4048 2700 4131 dispositio
2759 4049 2968 4112 nostra
3011 4065 3200 4130 appa-

496 4143 640 4216 reat
684 4161 793 4224 per
844 4135 1145 4218 effectum,
1196 4144 1258 4204 et
1303 4142 1374 4203 ut
1418 4140 1580 4203 idem
1627 4139 1910 4203 dominus
1959 4157 2059 4202 rex
2107 4138 2281 4220 plene
2327 4138 2534 4202 videat
2562 4137 2968 4211 affectionem,
3017 4155 3199 4218 quam

509 4228 781 4312 gerimus
829 4229 902 4293 ad
951 4229 1142 4311 ipsius
1189 4229 1594 4304 maiestatem,
1642 4228 1911 4290 contenti
1973 4245 2186 4291 sumus
2247 4225 2323 4291 ob
2389 4225 2797 4291 reverentiam
2859 4223 3085 4306 ipsius,
3132 4244 3203 4288 ex

510 4335 628 4400 quo
675 4317 830 4381 dicit
872 4315 934 4380 in
981 4316 1162 4380 dictis
1209 4315 1561 4381 civitatibus
1608 4315 1703 4379 ius
1748 4315 1993 4392 habere,
2034 4315 2263 4397 absque
2310 4313 2439 4379 ulla
2487 4312 2928 4379 examinatione
2976 4313 3073 4376 vel
3112 4312 3203 4377 di-

511 4404 818 4470 scussione
881 4404 1174 4480 iuridica,
1240 4404 1507 4468 revocari
1568 4403 1920 4467 missionem
1989 4404 2334 4467 nostrorum
2411 4403 2704 4467 comitum
2769 4400 3198 4483 predictorum,

506 4495 691 4576 atque
738 4494 810 4557 de
853 4493 1084 4555 cettero
1130 4509 1249 4555 non
1296 4491 1620 4555 mittemus
1666 4510 1767 4556 eos
1816 4489 1912 4554 vel
1971 4492 2123 4555 alios
2184 4490 2263 4554 ad
2326 4490 2832 4573 gubernationem
2896 4488 2993 4552 vel
3037 4489 3193 4570 regi·

508 4600 651 4645 men
696 4580 1015 4644 civitatum
1064 4580 1354 4662 ipsarum,
1402 4578 1685 4662 dispositi
1732 4596 1972 4661 semper
2033 4579 2230 4642 eidem
2295 4578 2539 4643 domino
2599 4579 2734 4661 regi
2793 4575 3202 4642 amicabiliter

508 4667 906 4751 complacere.
950 4665 1359 4750 Intelligendo
1407 4685 1667 4749 semper,
1717 4666 1876 4749 quod
1923 4665 1985 4730 in
2033 4668 2198 4731 omni
2242 4685 2387 4731 casu
2433 4667 2596 4731 idem
2643 4666 2919 4730 dominus
2956 4681 3062 4727 rex
3105 4682 3201 4727 re—

507 4758 723 4821 mittat
770 4760 834 4821 et
879 4756 1054 4820 nobis
1102 4755 1379 4819 dimittat
1438 4755 1730 4837 perpetuo
1792 4758 1856 4819 et
1914 4752 2106 4819 libere
2168 4755 2373 4821 omnia
2436 4755 2568 4818 iura
2621 4771 2735 4838 que
2799 4751 3057 4817 haberet
3102 4751 3198 4816 vel
