3620 5282
475 328 605 392 384

474 502 709 566 domini
778 503 1074 584 Stephani
1123 503 1553 585 Zagrabiensis
1608 503 1878 584 episcopi
1927 503 1990 566 et
2041 499 2271 566 domini
2334 502 2579 566 comitis
2646 500 2887 567 Nicolai
2949 503 3196 568 litteras

473 590 835 670 recepimuS,
886 590 1299 668 continenteS,
1368 589 1527 672 quod
1591 591 1837 652 nuntios
1902 591 2141 652 nostros
2205 590 2279 653 ad
2344 590 2813 671 approbandum
2873 609 3085 672 pacem
3134 593 3201 655 61,

473 678 856 741 concordiam
907 679 1067 741 inter
1111 678 1343 741 dictum
1394 677 1713 740 dominum
1778 680 2061 740 nostrum
2125 696 2331 758 regem
2381 682 2444 739 et
2490 695 2597 740 vos
2663 677 2894 741 factam
2946 679 3198 743 mittere

474 764 826 828 debeamus,
874 765 1050 828 Unde
1095 765 1447 828 celsitudini
1496 768 1697 827 vestre
1745 763 1958 827 fideles
2008 766 2247 827 nostros
2293 764 2680 828 Valchonum
2745 767 2817 828 de
2865 765 3085 829 Muscb
3134 768 3198 830 et

476 852 915 916 Pertheoldum
960 853 1034 914 de
1083 853 1439 932 Autignana
1486 851 1896 915 exhibitorem
1945 853 2324 932 presentium
2371 851 2717 934 dirigimus),
2770 852 2877 934 qui
2923 853 3052 917 loco
3087 872 3194 917 no·

475 939 589 1003 stri
636 958 847 1020 pacem
914 939 1255 1021 approbent
1309 939 1722 1011 antedictam;
1790 942 2097 1020 roganteS,
2161 942 2497 1020 quattenus
2547 940 2750 1002 verbis
2797 941 3071 1021 ipsorum
3120 960 3192 1004 ex

473 1031 646 1108 parte
696 1029 902 1090 nostra
948 1027 1278 1108 propositis
1325 1025 1664 1108 dignemini
1728 1026 1912 1089 fidem
1962 1027 2277 1090 credulam
2326 1026 2633 1090 adhibere.
2705 1029 2939 1091 Datum
2989 1028 3185 1092 Pusini

474 1115 714 1178 decima
749 1116 965 1177 octava
1013 1114 1111 1178 die
1159 1116 1390 1178 mensis
1440 1112 1648 1176 martii
1698 1113 1949 1195 (1358).

565 1203 1133 1263 Commemorialium
1192 1204 1252 1262 V.
1302 1205 1445 1279 115,
1492 1221 1534 1261 u
1579 1203 1919 1261 mletaokom
1967 1203 2204 1261 arkivu.

770 1392 979 1472 DLl.
1035 1391 1241 1473 God.
1297 1391 1732 1474 1357-1358
1786 1391 2103 1491 Imma,
2154 1412 2214 1471 u
2267 1389 2542 1490 gradu
2597 1391 2894 1473 Levia.

483 1520 651 1578 Knez
699 1518 900 1592 Grqur
940 1517 1309 1590 Kurjczkoviae}
1356 1518 1492 1575 moli
1536 1518 1687 1576 mlet.
1732 1518 2077 1589 republiku,
2143 1518 2298 1575 nelca
2342 1534 2453 1575 ono
2499 1517 2739 1591 nJ‘eqovo
2785 1519 3023 1590 imanJe,
3070 1519 3199 1590 koje

484 1625 545 1666 se
575 1607 689 1666 kod
711 1608 809 1679 nje
837 1605 1113 1674 nalazilo,
1144 1605 1355 1678 nedaje
1379 1606 1663 1678 njeyovim
1694 1606 1976 1673 sinovom,
2023 1603 2189 1663 doklc
2220 1621 2297 1662 on
2333 1622 2365 1663 ο
2413 1606 2567 1677 njem
2602 1605 2866 1664 konabno
2911 1606 3200 1665 neodlud‘i.

574 1805 578 1809 ι
688 1725 1053 1807 Exemplum
1102 1725 1480 1806 quarundam
1522 1724 1871 1789 litterarum
1919 1724 2163 1789 comitis
2196 1724 2478 1807 Gregorii
2506 1724 2811 1808 Curiachy
2859 1725 3190 1790 missarum

473 1815 722 1878 domino
769 1813 928 1876 duci.
983 1812 1127 1876 Viro
1176 1810 1499 1893 magnifico
1563 1814 1627 1876 et
1674 1812 1912 1894 potenti
1977 1812 2224 1876 domino
2285 1811 2556 1876 Johanni
2619 1813 2869 1877 Dulvini
2931 1813 3070 1876 duci
3119 1832 3191 1877 ac

476 1901 873 1966 venetiarum
924 1903 1080 1977 (sic),
1124 1917 1235 1963 suo
1281 1898 1526 1962 domino
1574 1900 1639 1963 et
1682 1900 1900 1977 amico,
1953 1918 2156 1964 comes
2204 1898 2538 1981 Gregorius
2571 1897 2880 1983 Curiachy
2927 1901 3196 1965 salutem

477 2009 620 2053 cum
666 1988 830 2052 omni
878 1988 1220 2051 reverentia
1284 1988 1347 2050 et
1416 1986 1660 2051 honore.
1725 1986 1880 2051 Cum
1949 1988 2159 2050 nostra
2223 1987 2600 2068 nequissima
2666 1992 2880 2069 pecata
2929 1990 2988 2051 in
3031 1988 3194 2052 viam

486 2076 810 2141 mortalem
860 2093 967 2138 nos
1004 2073 1264 2150 induxit,
1315 2074 1375 2136 in
1424 2093 1608 2156 quam
1658 2092 1819 2138 nunc
1866 2074 2324 2139 incumbentem
2398 2075 2612 2152 scitis,
2664 2079 2735 2138 ut
2782 2079 2995 2139 nostra
3044 2077 3197 2139 bona

478 2163 716 2229 scilicet
761 2163 1012 2226 mobilia
1060 2165 1124 2225 et
1170 2161 1530 2236 immobilia,
1595 2180 1665 2226 ac
1712 2161 1962 2244 insuper
2027 2164 2234 2225 noster
2299 2162 2531 2243 capud,
2604 2163 2765 2243 quod
2813 2166 2910 2227 est
2974 2163 3190 2242 maine,

478 2250 880 2333 perdidimus,
928 2251 993 2313 et
1036 2250 1096 2312 in
1143 2249 1460 2312 nichillum
1514 2268 1621 2329 per
1667 2251 1909 2314 nostros
1983 2248 2259 2314 infideles
2307 2250 2575 2327 amicoS,
2638 2250 3030 2330 induximur,
3079 2269 3194 2332 que

476 2338 686 2403 omnia
728 2340 935 2400 nostra
982 2336 1206 2400 illicita
1242 2337 1307 2399 et
1351 2338 1706 2418 perpetrata
1752 2336 2025 2411 realiter,
2081 2339 2402 2419 tamquam
2453 2355 2559 2400 vos
2606 2337 2814 2414 scitiS,
2880 2339 2980 2402 cui
3024 2338 3197 2402 adiu-

480 2429 577 2490 tor
620 2428 827 2508 preter
873 2424 1057 2487 deum
1106 2423 1314 2486 nullus
1360 2428 1475 2501 est,
1525 2424 1598 2488 (16
1647 2423 1869 2506 quibus
1918 2426 2148 2487 nostris
2213 2425 2384 2488 bonis
2432 2424 2718 2488 omuibus
2767 2425 2959 2489 nichil
3006 2426 3192 2490 habe·

477 2532 614 2577 mus
662 2511 778 2575 nisi
825 2529 914 2589 ea,
964 2530 1079 2593 que
1127 2510 1288 2593 apud
1338 2530 1443 2574 vos
1490 2513 1555 2573 et
1595 2514 1832 2575 vestras
1879 2530 2095 2576 manus
2121 2511 2412 2588 existunt,
2463 2530 2612 2593 quos
2639 2531 2988 2593 pervenere,
3039 2513 3187 2576 dum

477 2620 584 2666 nos
632 2601 874 2664 volente
921 2598 1166 2664 domino
1212 2600 1290 2663 ab
1340 2597 1453 2663 hac
1501 2597 1638 2664 luce
1688 2599 2148 2675 decederimuS,
2200 2599 2391 2664 nullis
2437 2619 2506 2663 ex
2556 2599 2784 2664 nostris
2835 2599 3001 2677 filiis,
3053 2618 3192 2682 spe-

477 2688 718 2754 cialiter
764 2686 1048 2769 Georgio‚
1089 2689 1234 2751 dare
1281 2707 1389 2769 per
1436 2686 1675 2751 nullum
1735 2705 1951 2752 casum
1997 2688 2264 2763 vellitiS‚
2315 2688 2389 2750 de
2439 2687 2663 2770 quibus
2709 2691 2918 2752 autem
2974 2687 3192 2753 amodo

477 2775 836 2841 condecenti
883 2774 1341 2857 dispositionem
1391 2776 1926 2839 testamentariam
1989 2792 2098 2838 nos
2161 2776 2329 2839 iuxta
2391 2774 2591 2855 legem
2659 2779 2932 2840 vestram
2992 2777 3193 2840 facere

475 2863 794 2939 vellemuS,
845 2864 896 2926 si
945 2862 1155 2925 taliter
1193 2864 1374 2939 esset,
1424 2863 1519 2926 set
1563 2862 1706 2944 quia
1752 2882 1861 2926 nos
1908 2862 1982 2926 de
2029 2862 2151 2925 hiis
2184 2861 2466 2926 omnibus
2502 2881 2801 2941 caremus,
2851 2864 2988 2928 ideo
3022 2863 3188 2928 aliud

476 2952 676 3015 facere
722 2969 839 3015 non
888 2968 1233 3032 possumus,
1283 2949 1402 3012 nisi
1449 2950 1594 3013 dum
1647 2950 1883 3013 venerit
1943 2952 2222 3031 tempus,
2291 2968 2577 3013 vocemus
2635 2950 2798 3014 viros
2853 2970 3042 3015 unum
3096 2951 3189 3015 vel

475 3039 628 3103 duos
673 3040 745 3101 de
790 3038 1075 3120 capitulis
1121 3038 1385 3119 ydoneos
1426 3038 1490 3100 et
1533 3036 1869 3114 canonicoS‚
1918 3040 1982 3100 et
2027 3037 2166 3100 inde
2212 3037 2383 3100 iuxta
2429 3038 2934 3103 consuetudinem
2998 3038 3177 3102 istius

477 3125 648 3208 regui
694 3126 891 3189 facere
939 3124 1470 3188 testamentariam
1515 3124 1977 3204 dispositionem
2040 3124 2366 3205 possimus.
2440 3122 2505 3188 Si
2560 3124 2723 3205 apud
2786 3144 2894 3190 vos
2950 3126 3182 3208 aliquid

476 3212 801 3295 prodesset
846 3213 909 3276 et
953 3210 1274 3276 adiuvaret
1319 3212 1513 3287 nobiS‚
1563 3229 1748 3292 super
1793 3231 1911 3293 quo
1972 3214 2244 3275 vestram
2309 3209 2795 3277 dominationem
2852 3213 3187 3296 diligenter

476 3299 866 3381 presentibus
931 3298 1317 3380 postulamus
1379 3302 1761 3375 reverenter,
1826 3301 2130 3379 quatenus
2193 3298 2423 3362 intuitu
2488 3302 2694 3363 nostre
2749 3300 3075 3382 peticionis
3123 3303 3187 3365 et

475 3405 662 3450 causa
705 3386 968 3461 servicii,
1017 3402 1125 3467 pro
1173 3388 1245 3448 ut
1287 3403 1394 3448 nos
1441 3386 1601 3466 apud
1648 3403 1753 3449 vos
1801 3386 1928 3449 fore
1993 3385 2371 3462 fatebamur,
2437 3386 2631 3450 dictos
2697 3390 3032 3468 proventus
3075 3407 3185 3452 no-

476 3477 640 3539 stros
685 3473 846 3554 apud
892 3492 993 3537 vos
1041 3474 1105 3537 61,
1150 3471 1212 3535 111
1259 3472 1452 3536 vestri
1514 3473 1786 3537 medium
1856 3474 1918 3535 in
1972 3473 2416 3537 communitate
2479 3475 2759 3552 habitos,
2824 3475 3015 3539 donec
3057 3493 3183 3553 voS,

392 3628 398 3634 ,
477 3562 575 3626 cui
624 3562 999 3626 voluerimus
1045 3560 1378 3642 resignare,
1427 3559 1615 3624 nullis
1662 3579 1733 3624 ex
1780 3560 2007 3624 nostris
2052 3560 2197 3625 filiis
2243 3559 2390 3625 dare
2417 3560 2665 3625 vellitis
2716 3562 2975 3645 Insuper
3017 3563 3184 3645 quic-

476 3668 661 3731 quam
712 3648 886 3713 nobis
936 3667 1074 3712 cum
1125 3648 1345 3712 vestris
1391 3647 1659 3711 consiliis
1711 3647 1888 3711 bonis
1936 3667 2116 3729 super
2160 3648 2445 3713 omnibus
2495 3649 2615 3713 hiis
2663 3650 2864 3715 facere
2931 3650 3184 3727 iubetis,

476 3756 585 3801 nos
632 3738 708 3802 ad
755 3754 826 3799 ea
870 3736 1138 3817 prompti
1184 3753 1397 3799 sumus
1445 3735 1509 3799 61,
1552 3734 1772 3816 parati,
1823 3735 1968 3816 quia
2013 3736 2088 3799 de
2134 3735 2274 3799 aliis
2334 3736 2733 3817 proventibus
2798 3737 3040 3802 nullum
3088 3757 3184 3801 re-

477 3825 747 3889 medium
796 3843 902 3888 seu
949 3823 1233 3887 iuvamen
1282 3822 1577 3886 babemus
1630 3822 1750 3886 nisi
1812 3822 1887 3885 de
1949 3823 2104 3899 hiis,
2168 3840 2319 3904 quos
2382 3842 2487 3888 vos
2538 3823 2799 3888 habetis
2882 3823 3178 3908 Sigillum

477 3913 687 3975 autem
735 3910 974 3975 nullum
1022 3909 1318 3973 habemus
1365 3910 1570 3991 preter
1616 3909 1808 3973 istum
1857 3909 2151 3986 anullare,
2201 3928 2343 3974 cum
2382 3930 2498 3992 quo
2545 3912 2869 3993 sigilamus
2938 3931 3186 3995 presen-

476 4000 643 4063 tibus
691 3998 885 4071 nobis,
934 3999 997 4062 et
1043 3996 1362 4070 eumdem,
1429 3997 1617 4060 donec
1664 3996 1961 4076 vivimus,
2013 3996 2292 4061 volumus
2338 4016 2724 4077 conservare,
2790 4017 2929 4064 cum
2994 4001 3186 4065 etiam

477 4104 587 4149 nos
629 4086 868 4150 nullum
913 4084 1219 4148 famulum
1268 4082 1385 4147 nisi
1431 4082 1632 4147 Jabon
1696 4084 1937 4160 Vrana,
2004 4102 2124 4148 non
2185 4085 2517 4160 habemuS,
2587 4088 2687 4167 qui
2759 4086 2958 4151 adhuc
3021 4089 3182 4152 inter

476 4174 633 4238 alios
681 4191 798 4237 non
846 4172 1139 4253 relinquit
1201 4188 1327 4247 nos,
1393 4172 1495 4252 qui
1561 4172 1765 4236 omnia
1827 4172 1888 4235 in
1950 4172 2128 4235 corde
2189 4175 2396 4236 nostro
2443 4173 2699 4237 consilia
2760 4174 2917 4238 scire
2963 4174 3181 4257 digno-

476 4260 689 4336 scitur,
739 4262 883 4324 dum
932 4259 1007 4323 ad
1054 4277 1157 4322 vos
1206 4278 1277 4322 ex
1323 4260 1493 4339 parte
1554 4259 1748 4322 nostri
1816 4260 2159 4340 pervenerit
2205 4265 2454 4342 propter
2499 4261 2846 4341 piissimum
2899 4260 3080 4326 deum
3128 4264 3191 4328 et

480 4347 726 4411 beatam
752 4346 1075 4429 ,virginem
1115 4346 1311 4410 eidem
1360 4348 1675 4427 tamquam
1738 4349 1945 4411 nostre
2006 4348 2246 4429 proprie
2309 4366 2562 4428 persone
2625 4348 2840 4412 fidem‘
2874 4349 3186 4414 credulam

478 4433 852 4510 adhibeatis,
902 4434 1006 4515 qui
1051 4433 1228 4497 nobis
1265 4432 1512 4497 omnino
1559 4433 1824 4498 fideliter
1864 4435 2217 4515 procurabit
2263 4434 2428 4498 aliud
2469 4435 2528 4498 in
2574 4436 2890 4516 premissis
2937 4438 3186 4521 intuytu

478 4522 687 4586 nostre
735 4520 1059 4601 peticionis
1107 4523 1171 4583 et
1215 4538 1402 4584 causa
1447 4520 1545 4583 dei
1591 4520 1792 4585 facere
1839 4539 1957 4584 non
2006 4521 2258 4585 vellitis.
2319 4522 2485 4585 Data
2532 4523 2592 4585 in
2641 4528 2843 4588 castro
2891 4524 3078 4589 Levia
3122 4524 3186 4588 in

478 4608 689 4673 nostro
716 4609 881 4671 statu
909 4610 1081 4672 sexta
1106 4606 1259 4671 feria
1283 4609 1557 4690 proxime
1582 4613 1724 4672 ante
1749 4608 1976 4673 festum
2001 4607 2348 4673 nativitatis
2376 4609 2540 4674 beati
2555 4609 2596 4674 J
2600 4611 2859 4676 ohannis
2885 4611 3178 4694 baptiste.

571 4694 1137 4759 Gommenwriazium
1179 4698 1284 4757 VI.
1334 4701 1435 4769 17,
1480 4716 1523 4757 u
1560 4700 1902 4759 mletackom
1946 4699 2177 4758 arkivu.
