3620 5282
3041 327 3175 394 439

446 466 584 569 rum
631 505 903 604 ‹unnipm
955 504 1169 569 exinde
1233 504 1699 587 competitorum
1769 508 1878 569 aut
1939 506 2417 587 competitarum
2467 506 2529 570 in
2578 504 2800 570 indicio
2847 506 2955 571 aut
2999 505 3173 569 extra

452 593 698 676 singula
751 593 816 656 in
862 592 977 659 hec
1024 594 1435 657 instrumento
1508 595 1796 657 contenta
1864 592 2194 657 adtendere
2258 593 2520 657 firmiter
2589 610 2662 657 ac
2727 592 3165 657 inviolabiliter

456 682 796 761 observare,
846 683 910 745 et
956 696 1074 744 non
1109 678 1523 743 contrafacere
1569 679 1667 744 vel
1716 681 1923 744 venire
1971 679 2186 763 aliqua
2231 681 2468 744 ratione
2516 678 2630 745 sub
2677 698 2836 762 pena
2882 681 3161 761 superius

456 768 808 833 nominanta
850 768 913 830 et
966 780 1293 848 expressa3
1351 766 1630 831 exsoluta
1676 766 1785 839 vel,
1830 785 1966 842 non,
2043 767 2154 832 hec
2213 787 2464 849 presens
2518 767 2689 831 carta
2761 767 3168 831 nihilominus

446 854 719 921 obtineat
746 852 1001 935 plenum
1041 853 1263 929 robur3
1313 857 1377 918 et
1424 855 1486 917 iu
1533 853 1807 918 omnium
1856 854 2297 936 premissorum
2348 855 2639 919 maiorem
2687 854 3064 918 evidenciam
3100 872 3171 917 ac

449 941 884 1019 certitudinem
922 940 1256 1022 pleniorem
1303 940 1580 1023 precepit
1626 941 2091 1022 prenominatus
2164 940 2451 1006 dominus
2497 940 2802 1005 Rudolfus
2849 941 2923 1005 de
2972 941 3169 1005 Doino

450 1046 700 1111 presens
742 1028 1223 1093 instrumentum
1272 1028 1367 1092 sui
1433 1026 1627 1110 sigilli
1689 1029 2061 1110 appensione
2110 1028 2357 1093 muniri.
2428 1027 2502 1091 A.
2551 1027 2910 1093 Rudolfum.
2949 1026 2992 1108 †
3038 1028 3170 1109 Ego

459 1115 827 1193 Chunradufl
896 1114 1203 1197 imperiali
1275 1115 1650 1179 anctoritate
1720 1115 1993 1180 notarius
2063 1116 2362 1198 predictis
2433 1115 2726 1194 interfui,
2797 1119 2862 1179 et
2921 1118 3170 1199 rogatus

452 1203 688 1283 scripsi,
759 1221 1012 1285 meoque
1059 1203 1233 1285 signo
1280 1203 1568 1267 consueto
1613 1203 1904 1266 similiter
1945 1202 2246 1267 roboravi.

536 1293 821 1352 Izvornik
880 1309 964 1351 na
1027 1294 1368 1374 pergameni
1429 1293 1528 1352 bez
1582 1292 1820 1365 pecata,
1885 1310 1925 1351 α
1968 1293 2234 1367 ναὶηορα
2274 1293 2472 1365 pisma
2516 1293 2539 1350 i
2583 1293 2799 1371 oblim,
2845 1310 2888 1351 u
2935 1292 3163 1351 beckom

456 1380 688 1439 arkivu.

879 1567 1170 1651 cvm.
1224 1568 1429 1650 (iod.
1478 1567 1699 1650 1322.
1736 1567 1832 1650 12
1885 1567 2195 1669 lipnja,
2252 1588 2309 1648 u
2364 1566 2754 1648 ffletcih.

459 1676 621 1768 Sab'e
664 1710 726 1754 se
761 1694 1150 1768 providurom
1195 1711 1238 1752 u
1270 1693 1600 1767 Hrvatskoj
1644 1698 1860 1768 uqq'ena
1898 1697 2165 1754 meinata
2207 1711 2290 1753 na
2328 1692 2697 1766 Baiamonta
2740 1694 2853 1753 kao
2899 1693 3174 1768 naqrada

835 1776 911 1841 ια’
954 1798 1159 1856 onoqa,
1205 1782 1305 1854 koj
1351 1781 1410 1840 bi
1448 1799 1526 1855 qa
1574 1781 1688 1841 dac
1732 1780 1868 1842 iiva
1913 1782 1984 1840 ili
2026 1785 2219 1841 mrtva
2262 1798 2305 1840 u
2348 1781 2587 1840 vladine
2629 1781 2794 1840 ruke.

670 1917 857 1982 1322.
913 1919 991 1981 12
1028 1918 1202 1984 iunii.
1269 1916 1444 1997 Quod
1513 1919 1823 1984 scribatur
1880 1920 2297 2001 provisoribus
2359 1919 2422 1982 in
2489 1917 2776 2001 partibus
2826 1916 3166 1997 Sclavonie,
3279 1940 3322 2005 ·,

461 2005 619 2089 quod
666 2024 809 2070 suas
850 2006 1193 2088 recepimus
1240 2006 1485 2070 litteras
1532 2006 1932 2085 continenteS,
2007 2008 2166 2089 quod
2221 2008 2579 2088 receperant
2634 2004 2879 2070 litteras
2923 2004 3171 2070 comitis
3303 2018 3310 2025 '

459 2092 742 2171 Curznre,
791 2093 852 2157 in
897 2093 1118 2174 quibus
1185 2094 1345 2157 inter
1407 2092 1529 2159 alia
1591 2094 2037 2171 continebatur,
2106 2092 2266 2177 quod
2330 2093 2442 2157 filii
2505 2093 2818 2157 Bramucii
2880 2094 3058 2157 erant
3103 2092 3169 2156 in

465 2180 777 2246 obsidione
820 2181 1008 2245 castri
1057 2180 1132 2244 de
1181 2180 1244 2244 la
1291 2180 1484 2257 Mota,
1549 2181 1609 2244 in
1657 2199 1774 2262 quo
1823 2184 2001 2245 erant
2054 2182 2385 2246 Baiamons
2453 2180 2619 2245 filius
2678 2182 2742 2244 et
2789 2197 2957 2256 uxor,
2997 2178 3171 2245 cuius

457 2269 807 2351 captionem
849 2267 1007 2332 dicti
1056 2267 1217 2332 filii.
1306 2269 1699 2350 ‚procurant,
1748 2271 1813 2333 et
1856 2269 2016 2350 quod
2059 2268 2250 2333 etiam
2298 2286 2402 2331 vos
2449 2267 2792 2348 provisores
2841 2266 3004 2331 idem
3050 2265 3173 2331 sol-

457 2355 626 2420 licite
673 2357 739 2419 et
783 2349 1123 2420 ferventius
1169 2354 1515 2438 procuratis
1563 2374 1703 2420 cum
1750 2356 2201 2438 provisionibus
2262 2353 2752 2420 ballistariorum
2798 2357 2863 2418 et
2906 2354 3173 2418 aliorum

454 2443 937 2508 necessariorum
987 2443 1065 2507 ad
1105 2444 1240 2521 hoc,
1289 2444 1362 2507 de
1408 2443 1630 2526 quibus
1678 2443 2153 2507 sollicitudinem
2201 2443 2265 2507 et
2305 2442 2670 2507 fidelitatem
2720 2444 2996 2507 vestram
3043 2459 3174 2506 me-

452 2530 570 2595 rito
610 2530 1143 2606 commendamus,
1192 2530 1576 2612 requirentes
1623 2531 1687 2594 et
1729 2530 1894 2594 clare
1941 2532 2237 2608 tenentes,
2303 2529 2463 2612 quod
2512 2530 2564 2593 si
2613 2528 2874 2612 pecunia
2914 2528 2989 2592 de
3035 2527 3180 2592 hinc

453 2618 531 2683 ad
577 2636 686 2684 vos
718 2618 1092 2697 mitteretur,
1143 2617 1465 2702 negocium
1514 2618 1721 2700 posset
1758 2616 2000 2683 facilius
2047 2618 2363 2701 compleri.
2413 2616 2589 2683 Unde
2636 2634 2747 2681 nos
2793 2616 2871 2682 ad
2906 2614 3175 2681 multum

453 2705 617 2770 cordi
661 2705 980 2783 habentes,
1029 2705 1105 2771 ad
1153 2724 1258 2770 vos
1303 2706 1614 2770 mittimus
1660 2704 1962 2770 librarum
2010 2706 2069 2770 X
2116 2706 2332 2784 millia,
2405 2724 2558 2787 quas
2622 2705 2694 2768 de
2744 2706 2950 2769 nostro
2997 2722 3175 2767 man-

456 2795 595 2858 dato
641 2793 1021 2875 promisistis
1068 2811 1176 2876 pro
1223 2793 1503 2874 captione
1543 2811 1648 2857 seu
1697 2794 1896 2857 morte
1943 2793 2091 2857 dicti
2139 2791 2551 2869 Baiamontis,
2600 2791 3064 2856 committentes
3110 2791 3177 2855 et

455 2880 847 2962 iniungentes
896 2880 1083 2944 etiam
1132 2879 1303 2945 vobis
1351 2881 1447 2944 vel
1500 2879 1715 2944 maiori
1761 2880 1923 2962 parti
1969 2881 2266 2956 vestrum,
2319 2879 2477 2962 quod
2527 2878 2691 2943 ultra
2736 2879 2932 2942 dictas
2981 2877 3173 2942 libras

458 2969 515 3031 X
562 2967 763 3031 millia
809 2968 1061 3049 possitis
1107 2967 1445 3049 expendere
1512 2966 1678 3031 sicut
1738 2971 1800 3030 et
1861 2970 2166 3049 quantum
2234 2967 2408 3033 vobis
2455 2965 2777 3042 videbitur,
2848 2964 3176 3030 dummodo

457 3054 693 3119 dictum
741 3055 1066 3136 negocium
1117 3056 1316 3137 possit
1356 3053 1674 3136 compleri.

549 3143 721 3205 Gom.
777 3144 855 3205 X.
904 3145 1084 3204 Misti
1131 3146 1221 3203 11.
1274 3146 1418 3214 123,
1464 3163 1505 3202 u
1551 3144 1704 3203 mlet.
1751 3145 1985 3204 arkivu.

824 3438 1030 3520 clx.
1083 3437 1295 3520 God·
1355 3437 1583 3520 1324.
1634 3438 1734 3520 16
1787 3437 2284 3538 studenoga‚
2332 3457 2393 3518 u
2442 3435 2831 3518 Mletcih.

456 3561 736 3636 Βοραέόα
782 3580 860 3632 se,
908 3564 988 3621 da
1032 3563 1199 3622 deliri
1244 3564 1427 3621 broda
1471 3563 1787 3632 zadarska,
1838 3565 2161 3637 tryovinom
2205 3563 2518 3623 Mletcana
2548 3563 2883 3632 nakrcana,
2932 3579 3008 3622 na
3035 3563 3174 3634 ovaj

1228 3655 1349 3723 put
1385 3668 1557 3725 moyn
1602 3651 1660 3710 iz
1705 3651 1867 3710 Istra
1912 3651 2041 3710 doci
2086 3668 2129 3708 u
2173 3651 2415 3710 Mletke.

674 3787 855 3850 1324.
933 3787 1005 3850 16
1053 3787 1423 3852 novembris
1493 3784 1666 3864 Quod
1734 3787 1976 3869 lignum
2042 3784 2271 3865 Savini,
2344 3786 2583 3868 lignum
2650 3784 2880 3862 Cresci,
2946 3784 3177 3849 barcha

458 3873 623 3938 Petri
655 3873 840 3940 Judei
873 3877 937 3939 et
962 3874 1183 3939 barcha
1209 3874 1448 3938 Nicolai
1471 3874 1644 3951 Gaio,
1693 3873 2183 3950 Jadretinorum,
2233 3872 2347 3956 qni
2381 3873 2613 3937 suntin
2665 3871 2944 3955 partibus
2991 3871 3176 3936 Istrie

454 3980 561 4042 pro
612 3963 904 4026 veniendo
947 3962 1271 4026 Venetiam
1316 3980 1455 4025 cum
1504 3961 1921 4025 mercimoniis
1969 3962 2032 4025 et
2077 3960 2256 4026 bonis
2311 3961 2660 4024 nostrorum
2708 3960 3067 4024 venetorum
3114 3959 3178 4023 et

454 4047 712 4113 aliorum
762 4051 1108 4114 nostrorum
1159 4048 1435 4113 fidelium
1484 4050 1686 4129 preter
1747 4048 2125 4124 Jadretinos‚
2198 4049 2260 4111 et
2334 4048 2545 4112 omnia
2603 4045 2727 4110 alia
2776 4045 3026 4128 navigia
3065 4044 3177 4111 Ja-

451 4136 850 4213 dretinorum,
899 4155 1014 4218 que
1063 4136 1243 4200 modo
1289 4138 1496 4199 essent
1543 4137 1604 4198 in
1642 4137 1923 4218 partibus
1970 4136 2178 4212 Istrie,
2223 4137 2529 4216 quantum
2578 4152 2685 4216 pro
2716 4132 2843 4197 ista
2874 4132 3006 4197 vice
3037 4150 3179 4215 pos-

453 4224 580 4286 sint
625 4223 817 4287 libere
866 4225 1070 4288 venire
1104 4223 1450 4299 Venetiam,
1501 4224 1725 4287 morari
1774 4226 1839 4287 et
1880 4223 2180 4298 recedere,
2233 4240 2353 4284 non
2401 4220 2792 4285 obstantibus
2841 4219 3022 4284 factis
3070 4238 3177 4301 per

456 4310 621 4373 istud
669 4311 991 4375 consilium
1040 4314 1254 4375 contra
1301 4310 1661 4376 Jadratinos
1707 4310 1771 4375 in
1821 4311 2097 4375 favorem
2145 4308 2312 4373 Radi
2360 4308 2562 4374 Sclavi
2597 4308 2913 4373 Lubancii.
2961 4308 3055 4373 De
3090 4307 3179 4372 sic

464 4398 558 4471 lO,
609 4399 680 4460 de
729 4416 843 4461 non
899 4401 951 4471 l,
1003 4415 1120 4461 non
1168 4398 1391 4462 sinceri
1437 4399 1498 4480 3.

553 4486 725 4548 Cous.
778 4488 857 4546 X.
904 4489 1084 4548 Mistz‘
1132 4489 1225 4549 ΙΙ.
1277 4491 1420 4558 155,
1468 4506 1510 4546 u
1550 4488 1706 4548 mlet.
1759 4488 1994 4547 arkivu.
