3620 5282
3066 353 3144 419 19

810 581 1054 662 XXI.
1109 582 1314 664 God.
1371 583 1592 665 1347.
1646 582 1694 666 5
1749 581 2192 682 kolovoza‚
2249 604 2307 663 u
2360 581 2749 664 Mletcih.

421 704 644 764 Buduc'
705 723 767 766 se
829 724 1046 780 prosuo
1106 709 1239 782 qlas
1256 754 1271 778 ,
1333 710 1412 768 da
1457 709 1619 782 kralj
1677 710 1924 782 aym-slei
1961 708 2113 767 slazi
2173 726 2204 767 s
2238 710 2496 781 vojskom
2540 727 2581 766 u
2615 709 2923 782 primorJ‘e,
2967 709 3152 771 Mzet-

425 793 568 851 Eani
611 794 775 867 salja
819 813 999 869 svoya
1042 796 1357 870 biljeinika
1400 816 1444 855 u
1489 797 1836 870 Dalmaciju
1880 813 1909 854 s
1943 798 2282 869 naputkom,
2344 798 2496 855 nelca
2538 796 2740 855 obodri
2779 798 3149 872 zadarskoya

430 882 622 941 knew
656 901 738 941 na
785 885 1013 943 obv-anu
1058 903 1245 959 onoya
1285 886 1496 960 qratia,
1544 903 1583 943 a
1627 887 1815 944 kneza
1848 883 2089 957 Gryura
2132 887 2155 943 i
2198 885 2482 943 Mladina
2523 903 2607 944 na
2635 885 2926 960 ucuvanje
2954 883 3152 944 Ostro-

427 972 591 1041 vice,·
633 972 944 1031 knezovom
991 990 1052 1032 se
1096 975 1250 1046 pako
1297 974 1629 1048 trevizkoqa
1673 975 1886 1032 kotara
1931 974 2158 1042 ηαῐαέε,
2206 972 2359 1031 nelca
2388 977 2534 1046 stoje
2577 992 2661 1031 na
2706 991 2921 1047 oprezu
2968 978 3022 1033 te
3044 992 3154 1033 na-

1052 1063 1199 1134 stoje
1227 1080 1311 1135 po
1358 1063 1595 1121 uhodah
1640 1063 1900 1135 kraljeve
1945 1064 2206 1135 nanv'ere
2258 1063 2515 1121 domati.

648 1179 834 1244 1347.
883 1179 982 1245 die
1027 1182 1242 1265 qninto
1287 1182 1558 1265 augusti,
1607 1184 1822 1264 capta:
1859 1183 2031 1264 ‘quod
2073 1183 2394 1246 oecaxione
2459 1199 2748 1246 novorum
2811 1182 2912 1245 hie
2958 1181 3151 1246 lecto-

426 1287 567 1331 rum
616 1268 905 1332 mittatur
948 1269 1024 1335 de
1073 1270 1342 1353 presenti
1398 1288 1553 1334 unus
1619 1271 1893 1335 notarius
1957 1270 2161 1347 curie,
2210 1271 2311 1353 qui
2380 1271 2564 1333 vadat
2624 1271 2823 1352 primo
2870 1268 3148 1346 Jadram,

428 1358 492 1420 et
537 1356 623 1419 ibi
672 1356 947 1421 conferre
992 1356 1216 1423 debeat
1252 1377 1394 1423 cum
1442 1360 1667 1423 comite
1714 1360 1775 1422 et
1823 1358 2190 1422 consiliariis
2240 1357 2464 1422 nostris
2511 1356 2733 1434 Jadre,
2785 1358 2980 1422 dando
3028 1357 3149 1421 sibi
3210 1437 3217 1447 ·

431 1443 777 1527 intelligere
823 1463 996 1523 nova,
1045 1465 1163 1529 que
1209 1447 1507 1511 habemus
1554 1446 1629 1510 de
1670 1447 1936 1510 adventu
1979 1446 2264 1528 gencium
2337 1446 2497 1527 regis
2545 1445 2899 1529 Hungarie,
2969 1450 3033 1510 et
3079 1448 3151 1510 de

430 1535 728 1609 tract-atu,
768 1536 872 1615 qui
918 1532 1143 1597 dicitur
1189 1535 1341 1611 fieri,
1390 1535 1466 1599 de
1514 1535 1710 1598 dando
1757 1532 2164 1598 Ostroviciam
2213 1536 2375 1598 dicto
2423 1535 2572 1616 regi,
2612 1534 2677 1597 et
2720 1532 2975 1598 dicendo
3006 1534 3149 1612 sibi,

430 1621 590 1702 quod
638 1619 712 1684 de
760 1621 1013 1686 civitate
1059 1622 1248 1688 Jadre
1295 1623 1566 1686 habeant
1606 1623 1827 1686 bonam
1875 1623 2214 1686 custodiam
2263 1627 2443 1703 atque
2469 1641 2698 1699 curam,
2749 1622 2912 1686 sicut
2957 1624 3029 1687 de
3057 1623 3146 1687 eis

433 1708 798 1773 confidimus
848 1713 910 1773 et
957 1729 1296 1792 speramuS,
1345 1713 1409 1775 et
1454 1711 1567 1775 hoc
1605 1709 1768 1774 facto
1817 1710 2061 1774 recedat
2107 1712 2169 1773 et
2216 1709 2401 1774 vadat
2455 1711 2530 1774 ad
2575 1710 2866 1774 comitem
2914 1709 3149 1793 Grego-

430 1797 590 1860 rium
618 1795 977 1875 Ostrovicie,
1027 1801 1091 1862 et
1136 1800 1332 1863 eciam
1364 1799 1416 1862 si
1445 1799 1692 1863 comode
1725 1799 1974 1881 poterit,
2019 1800 2213 1861 eundo
2260 1798 2336 1861 ad
2384 1798 2617 1862 dictum
2664 1798 2953 1879 comitem
3002 1800 3153 1864 Gre-

429 1885 692 1967 gorium,
739 1884 1019 1967 loquetur
1064 1887 1276 1950 comiti
1309 1886 1643 1963 Maladino,
1693 1887 1913 1968 quibus
1945 1887 2241 1950 ambobus
2292 1886 2384 1950 vel
2420 1886 2587 1950 dicto
2619 1885 2833 1951 comiti
2864 1885 3155 1969 Gregorio

432 1973 564 2038 solo
610 1973 918 2051 salutatiS,
968 1975 1131 2038 sicut
1173 1976 1477 2051 convenit,
1525 1980 1698 2057 parte
1762 1976 1973 2039 nostra
2021 1972 2248 2039 referat
2295 1975 2383 2038 eis
2447 1994 2633 2051 nova,
2694 1992 2813 2055 que
2856 1974 3155 2038 habemus

324 2138 325 2147 ἵ
431 2060 509 2126 de
556 2061 718 2125 facto
765 2060 1127 2140 Ostrovicie,
1176 2062 1515 2127 inducendo
1561 2063 1624 2126 et
1671 2064 1925 2127 ortando
1972 2081 2071 2126 eos
2119 2082 2257 2126 cum
2306 2062 2432 2126 illis
2479 2062 2710 2144 pulcris
2759 2061 2980 2139 verbis,
3032 2081 3150 2146 que

436 2148 810 2214 videbuntur
854 2150 1122 2229 domino,
1172 2151 1575 2227 consiliariiS,
1635 2151 1941 2234 capitibus
1989 2155 2052 2214 et
2097 2150 2481 2231 sapientibus
2548 2151 2641 2215 vel
2708 2150 2923 2214 maiori
2968 2150 3151 2232 parti,

432 2238 594 2320 quod
642 2237 911 2302 retineat
955 2242 1019 2301 et
1066 2241 1386 2303 conservet
1445 2237 1675 2302 dictum
1725 2244 2020 2315 castrum,
2071 2243 2133 2302 et
2181 2238 2596 2321 promittendo
2637 2238 2755 2302 sibi
2805 2240 2955 2302 duas
3008 2240 3158 2303 ban-

434 2326 648 2390 derias
694 2326 970 2408 peditum
1017 2345 1127 2409 pro
1175 2327 1453 2392 custodia
1498 2325 1647 2390 dicti
1688 2328 1876 2391 castri
1925 2327 1998 2392 de
2043 2326 2182 2404 hiis,
2249 2347 2363 2409 que
2413 2328 2558 2392 sunt
2600 2326 2808 2392 Jadre.
2872 2326 2956 2391 Et
3005 2328 3158 2391 scri-

434 2414 621 2477 batur
668 2415 882 2478 comiti
930 2413 1140 2492 Jadre,
1189 2415 1346 2498 quod
1396 2415 1474 2478 ad
1521 2415 1987 2497 requisitionem
2034 2416 2185 2479 dicti
2216 2416 2460 2480 comitis
2494 2414 2774 2498 Gregorii
2825 2416 3035 2480 mittat
3066 2415 3160 2479 di-

435 2505 571 2566 ctas
618 2500 773 2567 duas
820 2503 1167 2581 banderiaS,
1216 2506 1279 2568 et
1325 2521 1462 2568 cras
1511 2503 1741 2567 erimus
1787 2504 1905 2580 hic,
1955 2505 2018 2568 et
2062 2504 2482 2587 providebitur
2523 2505 2685 2568 circa
2731 2503 2844 2567 hec
2891 2505 2955 2568 et
3015 2503 3157 2579 alia,
3207 2570 3214 2575 ,

433 2610 554 2673 que
599 2590 969 2671 viderentur,
1018 2593 1179 2658 sicut
1225 2592 1531 2657 videbitur
1576 2591 1681 2656 isti
1730 2591 2012 2657 consiliO.

650 2677 886 2762 Capta:
933 2681 1092 2762 quod
1139 2700 1310 2758 nova,
1358 2699 1473 2763 que
1521 2680 1823 2745 habemus
1868 2680 1942 2744 ad
1991 2700 2241 2763 presens
2288 2679 2364 2746 de
2401 2699 2546 2764 rege
2584 2680 2856 2764 Ungarie
2903 2682 2966 2745 et
3010 2699 3161 2764 gen-

435 2767 610 2832 tibus
654 2768 782 2832 suis
828 2767 1253 2851 significentur
1314 2768 1611 2852 potestati
1658 2768 1923 2833 Tarvisii
1971 2774 2033 2833 et
2078 2770 2218 2833 aliis
2276 2772 2500 2833 nostris
2563 2769 2910 2834 rectoribus
2950 2767 3163 2833 'Pervi-

434 2874 607 2933 sane,
655 2857 1019 2920 mandantes
1066 2858 1174 2935 eis,
1224 2859 1382 2939 quod
1429 2856 1503 2921 de
1551 2856 1703 2920 locis
1751 2859 1816 2920 et
1860 2857 2043 2921 terris
2089 2858 2207 2920 sibi
2245 2858 2591 2922 commissis
2639 2857 2908 2921 habeant
2952 2875 3160 2921 curam

434 2943 696 3026 vigilem
738 2950 802 3007 et
845 2947 1172 3021 attentam,
1222 2948 1285 3010 et
1331 2946 1490 3027 quod
1535 2944 1796 3009 mittant
1841 2944 2193 3027 specialiter
2233 2945 2490 3010 Utinum
2540 2948 2604 3009 et
2650 2945 2809 3023 alio,
2874 2945 3035 3009 sicut
3077 2945 3167 3009 eis

434 3031 770 3110 videbitur,
821 3050 927 3113 pro
971 3033 1294 3097 senciendo
1340 3051 1495 3097 nova
1536 3031 1610 3096 de
1644 3052 1800 3116 ‚rege
1827 3033 2099 3116 Ungarie
2145 3035 2210 3097 et
2255 3035 2384 3098 eius
2415 3038 2637 3117 gente;
2686 3035 2749 3098 et
2789 3051 3171 3116 quecumque

433 3120 768 3185 habuerint
811 3123 875 3185 et
917 3121 1239 3198 senserint,
1293 3122 1466 3185 nobis
1514 3121 1751 3185 solicite
1792 3122 2083 3186 intimare
2129 3125 2474 3204 procurent.

527 3210 688 3271 δεον.
731 3229 886 3271 cons.
926 3230 1046 3287 roy.
1094 3211 1165 3271 A.
1217 3214 1319 3282 84,
1365 3207 1429 3271 u‘
1448 3213 1663 3271 arkivu
1703 3213 2060 3272 mletackom.

1075 3428 1365 3509 XXII.
1420 3429 1629 3515 God.
1684 3429 1904 3512 1347.
1960 3430 2060 3511 10
2121 3429 2563 3512 kolovoza.

436 3555 630 3616 Suam·
673 3555 800 3613 nad
841 3555 1155 3615 imovinom
1199 3558 1355 3615 nelca
1396 3557 1549 3616 riese
1593 3557 1915 3616 razmiricu
1971 3558 2258 3629 obstojeaeu
2303 3559 2499 3631 medjzc
2544 3559 2848 3631 biskupom
2907 3558 3170 3617 ninskim

1418 3645 1441 3702 i
1486 3645 1824 3704 Reineriom
1861 3646 1931 3705 de
1979 3646 2202 3704 Musto.

665 3763 850 3828 1347.
898 3764 998 3829 die
1044 3764 1103 3828 X
1147 3765 1419 3848 augusti,
1467 3765 1586 3829 XV
1639 3764 2015 3830 indictionis,
2082 3763 2258 3844 Quod
2322 3765 2553 3832 iudices
2615 3767 2844 3851 proprii
2907 3766 3171 3832 debeant

436 3870 811 3936 cognoscere
857 3853 932 3917 de
979 3855 1258 3918 omnibus
1307 3854 1730 3936 questionibus
1776 3853 2161 3919 vertentibus
2208 3874 2314 3919 seu
2362 3875 2478 3937 que
2513 3857 2668 3920 verti
2700 3858 2948 3938 possent
2994 3856 3162 3920 inter

439 3943 803 4024 episcopum
866 3940 1136 4007 civitatis
1181 3941 1357 4006 None
1420 3944 1483 4006 et
1543 3960 1642 4006 ser
1687 3941 2043 4007 Reinerium
2094 3942 2168 4005 de
2225 3942 2466 4021 Maste,
2522 3945 2835 4010 occasione
2901 3962 3009 4008 seu
3057 3960 3166 4025 pro

438 4031 609 4094 facto
658 4028 950 4113 Staphili.
999 4031 1063 4093 et
1100 4048 1202 4095 eas
1247 4029 1533 4108 diffinire,
1584 4029 1746 4094 sicut
1792 4031 1942 4114 ipsis
1991 4029 2297 4095 videbitur
2342 4050 2477 4095 esse
2522 4031 2779 4096 iustum.
2825 4032 2907 4098 Et
2938 4032 2989 4096 si
3021 4050 3169 4097 con-

438 4118 658 4183 silium
708 4120 826 4182 etc.

529 4210 750 4268 Maius
796 4209 1122 4268 consilium.
1167 4208 1434 4283 Spiritus
1481 4212 1626 4280 153,
1671 4230 1712 4269 u
1758 4210 2096 4270 mletaekom
2140 4210 2370 4270 arkivu.

778 4427 1113 4508 XXIII.
1168 4426 1378 4509 God.
1435 4426 1656 4509 1347.
1711 4425 1807 4507 16
1862 4424 2302 4525 kolovoza‚
2358 4447 2416 4506 u
2469 4424 2858 4508 Mletcih.

860 4552 1171 4623 Οᾱίαόεηο,
1217 4553 1299 4612 da
1341 4571 1404 4613 se
1448 4554 1703 4626 imenuje
1747 4553 2093 4627 nadstOJ'naek
2136 4569 2211 4612 za
2255 4553 2402 4611 luka
2445 4554 2764 4612 zadarsku.

671 4671 859 4737 1347.
908 4671 1005 4736 die
1068 4670 1217 4737 XVI
1263 4673 1546 4755 augusti,
1600 4675 1817 4755 capta:
1885 4691 2023 4736 cum
2088 4672 2332 4754 penitus
2394 4673 2478 4738 sit
2523 4673 2675 4738 utile
2736 4675 2800 4738 et
2858 4690 3171 4738 neccessa-

439 4764 577 4831 rius
620 4781 784 4827 unus
831 4760 1176 4826 admiratus
1222 4760 1285 4824 in
1332 4760 1543 4843 Jadra,
1590 4763 1662 4826 ut
1706 4780 1841 4826 esse
1887 4761 2206 4833 convenit:
2251 4760 2422 4827 vadit
2465 4780 2627 4845 pars,
2675 4760 2836 4844 quod
2870 4762 2982 4826 fiat
3013 4778 3167 4826 unus

2841 4863 2877 4902 ιιι
