3620 5282
932 1093 993 1172 1.
1049 1088 1256 1174 God.
1312 1093 1539 1179 1358.
1592 1095 1696 1179 10
1749 1095 2064 1215 oznflza
2115 1118 2177 1179 u
2230 1095 2629 1182 Mletcih.

415 1215 685 1275 Inabran‘
724 1215 921 1287 nabor,
962 1216 1045 1275 da
1087 1235 1128 1275 u
1173 1218 1384 1278 smislu
1430 1221 1763 1293 sklopljena
1806 1223 1964 1281 mira
1998 1222 2267 1295 predloii
2305 1224 2504 1294 nabin,
2545 1224 2698 1285 kako
2747 1226 2828 1286 da
2856 1242 2920 1288 se
2960 1226 3142 1289 urcdc

888 1306 1080 1364 stvari
1124 1306 1308 1365 ίὶὔιιόε
1346 1323 1409 1366 se
1459 1308 1736 1380 Tarvisa,
1787 1307 2030 1379 Genede,
2069 1310 2227 1369 Istre
2271 1311 2296 1367 i
2339 1310 2665 1385 slavonzje.

631 1437 797 1503 1358
865 1439 967 1505 die
1028 1440 1089 1504 X
1150 1443 1385 1507 marcii.
1440 1444 1746 1509 Dominus
1793 1447 1860 1509 et
1904 1462 2004 1509 ser
2050 1445 2271 1511 Petrus
2334 1445 2654 1514 Caravello
2717 1451 3133 1518 consiliarius.

414 1522 573 1604 Quia
618 1546 728 1609 per
771 1526 865 1593 dei
913 1531 1182 1611 gratiam
1240 1532 1491 1614 negocia
1551 1532 1736 1596 Istrie
1798 1534 1864 1596 et
1928 1533 2261 1597 Tervisane
2322 1551 2429 1615 pro
2476 1537 2598 1600 ista
2644 1555 2792 1619 pace
2856 1540 3129 1605 multum

415 1616 561 1678 sunt
606 1615 870 1680 leviata:
956 1616 1133 1681 vadit
1195 1635 1356 1699 pars,
1422 1619 1585 1701 quod
1646 1620 1954 1700 eligantur
2014 1624 2142 1685 tres
2191 1621 2520 1702 sapientes,
2568 1624 2873 1706 possendo
2937 1627 3133 1708 accipi

415 1700 492 1766 de
535 1703 700 1766 omni
747 1702 880 1767 loco
928 1708 992 1768 et
1037 1703 1258 1781 offici0,
1308 1724 1423 1770 non
1470 1704 1826 1788 accipiendo
1872 1707 2039 1771 ultra
2087 1727 2276 1771 unum
2310 1726 2421 1791 pro
2452 1709 2670 1790 officio,
2709 1712 2992 1795 eligendo
3023 1731 3128 1778 eos

416 1806 605 1853 unam
654 1808 905 1855 manum
948 1809 1057 1874 per
1103 1789 1445 1870 dominum,
1510 1793 1891 1858 consiliarios
1937 1797 1999 1859 et
2043 1794 2247 1877 capita
2293 1801 2356 1860 et
2419 1795 2570 1861 duas
2612 1816 2721 1881 per
2762 1799 3130 1864 electionem

417 1877 480 1940 in
526 1876 647 1941 isto
692 1879 966 1944 consilio.
1015 1877 1134 1957 Qui
1174 1880 1439 1944 debeant
1482 1883 1831 1945 examinare
1895 1883 1960 1946 et
2003 1883 2324 1964 providere
2369 1883 2531 1948 circa
2579 1885 2825 1968 negotia
2870 1885 3130 1951 Tervisii

418 1965 482 2029 et
528 1962 766 2029 Cenede
812 1983 885 2030 ac
931 1966 1114 2031 Istrie
1161 1969 1225 2031 et
1271 1965 1612 2046 Sclavonie,
1661 1971 1938 2050 ponendo
1985 1988 2169 2033 suum
2216 1970 2542 2035 consilium
2588 1972 2652 2036 in
2683 1974 2955 2055 scriptis,
2999 1991 3144 2038 cum
3223 2036 3240 2055 ,

417 2069 534 2135 quo
580 2051 811 2117 erimus
864 2053 983 2127 hic,
1028 2056 1093 2118 et
1136 2052 1268 2133 fiet,
1317 2055 1483 2119 sicut
1527 2054 1855 2121 videbitur.
1905 2056 1988 2120 Et
2033 2056 2297 2139 quilibet
2350 2058 2545 2139 possit
2595 2077 2817 2141 ponere
2873 2060 3140 2142 partem,

417 2138 695 2204 habendo
726 2140 1060 2206 terminum
1105 2143 1285 2207 unius
1329 2143 1577 2207 mensis.
1624 2143 1708 2207 Et
1753 2149 2005 2208 vocetur
2051 2144 2218 2208 omni
2264 2145 2396 2208 vice
2438 2146 2761 2211 consilium
2809 2148 2887 2211 ad
2934 2164 3143 2211 eorum

417 2227 884 2309 requisitionem
931 2229 1048 2293 sub
1092 2246 1250 2313 pena
1296 2229 1632 2295 solidonem
1681 2231 1820 2295 XX.
1869 2231 1976 2296 30.
2011 2231 2143 2296 Alii
2187 2230 2500 2295 consiliari
2546 2234 2610 2296 et
2639 2232 2862 2314 capita.
2909 2232 3143 2315 Capta:

420 2314 636 2379 volunt
677 2318 916 2398 partem
978 2336 1087 2399 per
1130 2319 1351 2391 totum,
1396 2318 1575 2386 salvo
1605 2319 1766 2401 quod
1833 2335 1952 2382 non
2000 2318 2241 2400 possint
2283 2317 2479 2400 accipi
2525 2317 2602 2384 de
2647 2319 2868 2385 officio.
2912 2320 3019 2397 53,
3068 2319 3144 2384 de

421 2420 537 2466 non
597 2420 651 2480 0,
711 2422 831 2468 non
895 2403 1117 2469 sinceri
1189 2422 1243 2469 o.
1308 2404 1505 2469 Electi
1553 2406 1861 2487 sapientes
1921 2405 2203 2482 Tervisii,
2265 2404 2450 2470 Istrie
2496 2408 2560 2471 et
2622 2405 2980 2472 Sclavonie:
3045 2425 3146 2472 ser

420 2490 644 2554 Petrus
689 2480 1023 2556 ‘Brevisano
1068 2509 1167 2557 ser
1215 2492 1439 2557 Petrus
1486 2491 1666 2570 Zane,
1710 2511 1815 2557 ser
1859 2491 2157 2557 Nicolaus
2203 2493 2451 2557 Faletro
2496 2493 2699 2557 sancti
2762 2493 3137 2576 Apolinaris.

507 2580 687 2640 Masta·
728 2580 861 2639 XX
871 2578 1036 2641 VIII
1085 2583 1188 2655 33,
1235 2599 1279 2644 u
1320 2583 1474 2643 mlet.
1522 2584 1755 2643 arkivu.

894 2772 1005 2852 11.
1064 2769 1272 2854 God.
1325 2771 1552 2856 1358.
1606 2770 1710 2853 10
1765 2771 2114 2871 ozujka,
2163 2792 2225 2853 u
2278 2770 2677 2853 Mletcih.

421 2896 819 2971 Preporuonje
862 2914 924 2958 sc
969 2899 1299 2973 aqam-hrt.
1347 2899 1554 2971 kralju
1597 2895 1745 2957 knez
1757 2897 2172 3043 '‘hercul-ansb
2216 2896 2471 2955 obzirom
2515 2913 2601 2954 na
2618 2912 2832 2969 praem,
2863 2895 2994 2969 koje
3022 2895 3147 2955 ima

1468 3003 1552 3044 na
1593 3002 1713 3044 onu
1800 3001 2102 3045 nezevmu.

643 3118 806 3184 1358
854 3119 952 3185 die
996 3121 1057 3185 X
1123 3122 1339 3187 marcii
1387 3122 1721 3187 indictione
1766 3120 1880 3185 XI.
1923 3118 2150 3201 Capta:
2178 3136 2320 3182 curn
2362 3137 2569 3184 comes
2610 3119 2866 3186 Curzole
2901 3122 3146 3203 reputet

421 3226 489 3273 se
531 3211 857 3291 gravatum
905 3206 981 3272 (16
1026 3209 1190 3274 dicto
1237 3209 1536 3274 comitatu
1583 3211 1646 3273 et
1688 3208 1887 3273 forma
1947 3208 2135 3289 pacis,
2183 3206 2411 3283 dicenS,
2461 3209 2620 3290 quod
2680 3207 2871 3272 habet
2915 3207 3145 3273 bonum

422 3296 519 3361 ius
563 3295 626 3359 in
674 3295 840 3360 dicto
888 3298 1225 3361 comitatu:
1273 3297 1444 3361 vadit
1491 3315 1631 3379 pars
1674 3296 1834 3378 quod
1877 3295 2030 3358 fiant
2074 3294 2284 3358 littere
2330 3295 2581 3359 domino
2630 3295 2760 3378 regi
2808 3293 3149 3378 Hungarie,

424 3385 969 3449 recommendando
1015 3403 1126 3449 sue
1176 3384 1489 3465 majestati
1541 3401 1860 3465 personam
1908 3383 1972 3445 et
2018 3382 2151 3446 iura
2214 3399 2330 3445 sua
2376 3383 2449 3445 de
2497 3382 2800 3447 comitatu
2847 3383 3142 3464 predicto.

512 3473 692 3533 Misti
740 3471 1046 3533 XXVIII
1090 3475 1194 3543 33,
1240 3491 1283 3532 u
1328 3475 1482 3534 velet.
1531 3474 1767 3533 arkivu.

878 3662 1041 3742 111.
1088 3658 1294 3741 God.
1347 3658 1575 3743 1358.
1629 3660 1719 3740 17
1774 3659 2115 3760 oZqua,
2162 3680 2219 3740 u
2273 3657 2672 3740 Mleicih.

657 3786 952 3846 Μιειῡαηι·
994 3783 1231 3858 kupnju
1274 3801 1316 3844 u
1363 3784 1766 3844 Dubroveana
1802 3785 2003 3863 9012·st
2048 3785 2074 3842 ι·
2119 3783 2280 3858 brad,
2328 3782 2417 3842 §to
2463 3798 2538 3841 su
2583 3783 2678 3842 om·
2721 3781 2914 3858 amalfi.

640 3923 806 3988 1358
854 3922 1154 3988 inditione
1200 3923 1309 3999 XI,
1359 3924 1455 3986 die
1503 3921 1687 3986 XVII
1757 3922 1990 3984 marcii.
2039 3919 2361 3996 Dominus,
2411 3917 2748 3983 consiliarii
2795 3919 2860 3982 et
2908 3915 3148 3997 capita:

428 4011 657 4094 Capta:
700 4029 839 4075 cum
891 4010 1053 4075 sicut
1098 4011 1428 4075 horetenus
1472 4028 1581 4091 per
1624 4009 1987 4072 relationem
2034 4006 2257 4071 nobilis
2305 4005 2421 4070 viri
2467 4023 2566 4070 ser
2609 4004 2805 4069 Marci
2845 4002 3151 4102 Superan·

430 4101 523 4164 cio
569 4098 718 4164 olim
766 4098 1010 4163 comitis
1059 4098 1318 4178 Ragusii
1365 4097 1425 4160 in
1475 4097 1752 4179 Ragusio
1799 4095 1928 4160 sint
1972 4113 2095 4158 una
2141 4092 2320 4176 galea
2368 4090 2681 4174 completa
2727 4093 2793 4191 et
2848 4108 3036 4155 unum
3063 4088 3148 4188 11-

425 4205 618 4271 gnum
668 4186 742 4250 de
791 4185 1043 4250 banchis
1092 4184 1230 4259 XX,
1280 4203 1465 4267 quam
1509 4185 1755 4267 galeam
1802 4186 1866 4246 et
1925 4181 2089 4264 quod
2147 4181 2384 4262 lignum
2447 4180 2748 4261 Ragusim
2794 4194 2904 4258 pro
2952 4192 3149 4273 racio?

428 4273 734 4339 nabilibus
781 4274 985 4338 causis
1012 4273 1074 4336 et
1096 4290 1205 4354 pro
1232 4272 1479 4335 vitando
1505 4271 1705 4335 multa
1730 4269 2018 4333 scandala
2053 4269 2117 4332 et
2148 4286 2406 4340 errores,
2423 4285 2542 4348 que
2577 4266 2830 4347 possent
2860 4262 3148 4327 resultari

427 4362 750 4428 occasione
798 4361 961 4425 dicte
1007 4362 1182 4443 galee
1222 4363 1285 4422 et
1331 4359 1503 4440 ligni,
1533 4357 1967 4422 contentantur
2018 4355 2191 4419 nobis
2239 4354 2540 4418 vendere:
2590 4350 2761 4417 vadit
2796 4367 2956 4449 pars,
2990 4348 3151 4431 quod

424 4450 765 4517 dominatio
811 4448 1040 4512 habeat
1084 4448 1441 4511 libertatem
1486 4444 1750 4510 faciendi
1798 4444 1922 4506 emi
1970 4443 2212 4505 nomine
2259 4440 2456 4505 nostri
2504 4455 2852 4504 communis
2898 4433 3147 4535 galeam

428 4543 492 4605 et
536 4538 774 4620 lignum
825 4535 1169 4618 predictum
1220 4551 1325 4615 pro
1373 4531 1787 4607 extimatione,
1821 4533 1884 4594 et
1928 4528 2192 4593 faciendi
2238 4527 2438 4609 ipsam
2485 4528 2551 4592 et
2608 4525 2848 4588 dictum
2895 4522 3141 4604 lignum

428 4628 550 4693 huc
597 4624 852 4691 conduci
899 4621 977 4686 ad
1029 4621 1297 4686 risicum‘
1331 4622 1395 4685 et
1436 4635 1733 4702 expensas
1779 4617 1975 4681 nostri
2025 4615 2391 4680 communis.
2443 4612 2673 4677 Omnes
2722 4610 2799 4674 (16
2844 4611 3039 4692 parte.

515 4717 696 4777 Misce
745 4707 1057 4775 XXVIII
1095 4713 1200 4788 34,
1251 4729 1294 4770 u
1340 4711 1494 4770 mlet.
1544 4708 1782 4768 arkivu.

521 4833 702 4884 spon.
750 4833 834 4880 ιν.
1909 4886 1920 4894 ,
2711 4800 2742 4863 1
