3620 5282
2950 334 3079 401 283

530 512 1108 596 CCCCXXIV.
1183 514 1389 597 θοὰ.
1445 515 1668 600 1355.
1722 516 1818 599 21
1871 515 2365 615 studenoga‚
2417 537 2479 596 ιι
2532 513 2920 596 Mletcih.

360 640 628 710 Riesem,
672 642 827 699 nelca
868 657 930 700 se
967 642 1199 715 posazje
1241 626 1539 702 izaslanik
1579 643 1618 702 k
1662 642 1992 715 aqam-lare.
2026 643 2246 718 kralju,
2295 643 2375 701 da
2414 659 2495 716 ⁸qa
2537 642 2731 717 upita,
2778 641 2835 698 bi
2859 641 2903 698 li
2947 640 3078 713 pri-

355 729 470 786 mio
511 729 820 801 poslanike
879 729 1183 799 mletacke,
1241 730 1321 788 da
1379 747 1410 788 s
1450 731 1600 803 njim
1658 748 1908 804 uqovore
1951 731 2084 789 mir.
2161 728 2479 805 Odredjujos
2540 745 2602 788 se
2656 728 2851 802 yalssja
2896 729 2919 786 i
2966 728 3082 785 dva

1285 817 1470 876 breda
1512 834 1587 878 za
1621 819 1886 891 potr-iebe
1932 817 2155 876 Zadra.

572 951 758 1015 1355.
803 952 1136 1018 indictione
1180 953 1290 1031 IX,
1341 953 1436 1018 die
1486 954 1638 1019 XXI
1684 954 2054 1019 novembris.
2106 953 2426 1035 Sapientes
2451 951 2794 1018 Sclavenie.
2844 951 3078 1034 Capta:

356 1058 496 1105 cum
542 1057 654 1122 pro
702 1041 869 1104 statu
918 1042 1128 1105 nostro
1175 1039 1362 1105 faciat
1424 1044 1487 1106 et
1552 1042 1821 1105 maxime
1878 1043 2150 1124 presenti
2216 1043 2526 1121 tempore,
2594 1040 2657 1104 in
2707 1058 2824 1122 quo
2874 1040 3082 1104 future

358 1127 646 1193 videntur
692 1127 805 1192 hec
853 1129 1153 1193 novitates
1201 1130 1263 1192 in
1309 1129 1592 1210 partibus
1642 1128 1985 1206 Sclavenie,
2036 1129 2348 1212 exquirere
2394 1129 2459 1193 et
2502 1127 2767 1207 scrutari
2833 1145 3080 1192 omnem

362 1213 614 1278 modum
663 1218 725 1278 et
772 1214 937 1279 viam
978 1216 1356 1299 possibilem,
1407 1218 1628 1299 quibus
1674 1217 1991 1280 valeamus
2055 1234 2193 1280 cum
2259 1216 2506 1280 domino
2571 1234 2716 1298 rege
2762 1215 3083 1297 Hungarie

360 1302 439 1365 ad
485 1320 702 1385 pacem
750 1304 814 1366 et
857 1304 1239 1368 concordiam
1280 1305 1617 1386 pervenire,
1664 1305 1728 1369 et
1773 1305 1915 1385 quia
1960 1321 2164 1368 comes
2212 1305 2419 1369 noster
2454 1302 2741 1386 Tragurii
2789 1303 2950 1366 inter
2984 1321 3085 1367 ce-

362 1392 499 1455 tera
544 1389 794 1472 scripsit
841 1390 1015 1455 nobis
1062 1410 1154 1469 ea,
1203 1410 1318 1472 que
1362 1392 1483 1455 sibi
1534 1390 1703 1457 fuere
1764 1392 1999 1475 scripta
2061 1410 2170 1473 per
2231 1391 2586 1474 episcopum
2633 1390 3077 1473 Tragurinum‚

359 1476 650 1541 videlicet
694 1478 850 1558 quod
899 1478 1099 1542 dictus
1147 1497 1251 1542 rex
1299 1480 1576 1560 presente
1642 1480 1773 1561 ipso
1838 1479 2121 1561 episcopo
2189 1497 2291 1542 ore
2353 1497 2463 1542 suo
2521 1478 2767 1560 proprio
2827 1478 3082 1556 dixerat,

358 1564 519 1647 quod
566 1564 839 1648 placeret
886 1566 1081 1630 eidem
1130 1566 1357 1630 habere
1406 1566 1629 1630 bonam
1673 1584 1890 1648 pacem
1947 1566 2290 1642 nobiscum,
2340 1569 2404 1629 et
2450 1567 2629 1647 quod,
2679 1565 2734 1629 si
2778 1565 3080 1630 vellemus

359 1653 435 1716 ad
482 1671 622 1715 eum
672 1654 909 1717 nostros
956 1654 1384 1717 ambaxatores
1429 1654 1875 1732 transmittere,
1939 1654 2069 1736 ipse
2117 1654 2420 1747 reciperet
2478 1655 2541 1716 et
2603 1654 2955 1734 acceptaret
2998 1652 3077 1715 li-
3091 1736 3092 1739 Ἴ

360 1740 576 1803 beuter
624 1758 727 1803 eos
773 1758 914 1803 cum
962 1740 1120 1805 bono
1186 1741 1455 1805 tractatu
1513 1740 1683 1826 pacis
1730 1744 1869 1820 etc„
1937 1741 2267 1805 consulunt
2328 1739 2675 1822 sapienteS,
2741 1739 2901 1821 quod
2948 1742 3078 1803 tam

360 1844 471 1910 pro
519 1844 609 1906 ee,
659 1827 819 1909 quod
872 1827 1097 1892 habere
1144 1845 1359 1910 pacem
1407 1847 1547 1892 cum
1592 1828 1726 1911 ipso
1771 1846 1882 1911 pro
1930 1830 2140 1893 nostro
2188 1829 2356 1892 statu
2403 1827 2666 1905 faceret,
2729 1828 2802 1890 ut
2846 1829 2944 1890 est
2989 1826 3083 1889 di-

360 1918 550 1990 ctum,
600 1933 783 1995 quam
830 1917 1020 1979 etiam
1068 1916 1138 1979 ut
1184 1934 1254 1978 ex
1319 1918 1497 1998 parte
1559 1919 1773 1980 nostra
1837 1935 1955 1980 non
2016 1915 2303 1993 deficiat,
2353 1914 2511 1996 quod
2567 1913 2961 1996 provideatur
3008 1913 3084 1978 de

360 2001 667 2065 mittendo
716 2005 949 2067 secrete
994 2021 1181 2067 unam
1227 2021 1549 2084 personam
1598 2003 1864 2081 fidelem,
1914 2022 2031 2086 que
2078 2003 2490 2067 dominacioni
2537 2001 2849 2066 sufficiens
2913 1999 3083 2066 vide-

361 2092 520 2166 atur,
573 2090 636 2152 et
679 2108 793 2170 que
840 2109 949 2172 per
990 2091 1166 2155 illam
1218 2091 1398 2167 viam,
1448 2109 1564 2173 que
1611 2091 1730 2155 erit
1776 2091 2138 2173 expedicior,
2207 2090 2395 2155 vadat
2451 2090 2528 2153 ad
2579 2090 2786 2172 ipsum
2850 2107 3080 2171 regem,

364 2178 428 2241 et
471 2177 798 2259 prepositis
842 2177 985 2259 illis·
1016 2179 1248 2256 verbiS,
1316 2197 1433 2261 que
1494 2177 1865 2243 videbuntur
1926 2178 2202 2242 dominio
2264 2176 2743 2255 committenda,
2807 2177 3091 2240 retrahat

363 2265 551 2329 verba
598 2262 948 2346 significata
991 2285 1100 2349 per
1145 2266 1502 2349 episcopum
1550 2265 1997 2348 supradictum,
2046 2285 2160 2348 que
2208 2264 2458 2348 scripsit
2497 2264 2684 2329 fuisse
2726 2263 2968 2346 prolata
3014 2282 3087 2327 ex

363 2370 467 2415 ore
513 2351 759 2434 proprio
808 2371 915 2417 sue
964 2355 1132 2435 regie
1179 2352 1561 2431 maiestatis,
1612 2356 1675 2418 et
1737 2352 2034 2435 quomodo
2096 2353 2428 2417 intellectis
2491 2351 2646 2434 ipsis
2715 2351 2918 2415 verbis
2968 2370 3080 2416 nos

363 2438 879 2505 affentuosissime
927 2441 1242 2540 cupientes
1288 2441 1514 2505 habere
1560 2460 1775 2523 puram
1805 2440 2189 2505 concordiam
2217 2442 2404 2522 atque
2437 2457 2652 2522 pacem
2700 2444 2762 2503 et
2809 2457 3084 2503 amorem

365 2527 733 2626 perpetuum
779 2546 916 2592 cum
966 2529 1097 2593 eius
1147 2528 1340 2611 regali
1389 2528 1777 2606 excellencia,
1820 2529 2004 2611 prout
2051 2547 2294 2610 semper
2349 2527 2682 2591 habuimus
2732 2545 2871 2590 cum
2920 2545 3088 2590 sere-

365 2613 645 2678 nissimis
691 2614 1189 2698 progenitoribus
1222 2616 1369 2694 saie,
1418 2616 1800 2700 providimus
1834 2616 2082 2681 mittere
2131 2615 2206 2681 ad
2240 2616 2705 2681 certificandum
2748 2633 2878 2693 noe,
2928 2613 3086 2696 quod

367 2703 421 2766 si
466 2702 541 2766 de
588 2701 976 2784 beneplacito
1023 2706 1087 2768 et
1127 2705 1445 2769 voluntate
1493 2722 1600 2768 sue
1657 2703 1934 2786 predicte
1998 2704 2345 2768 maiestatis
2407 2703 2715 2798 procedit,
2771 2704 2844 2766 ut
2890 2702 3086 2766 nostri

366 2789 794 2854 ambaxatores
841 2794 916 2856 ad
963 2792 1095 2855 eius
1143 2791 1551 2856 sublimitatis
1597 2792 1919 2875 presencia
1966 2790 2373 2869 destinentur,
2437 2808 2539 2854 eos
2589 2791 2838 2854 mittere
2885 2788 3087 2853 offeri-

367 2896 506 2940 mus
555 2895 663 2941 nos
704 2878 1035 2961 dispositos
1084 2881 1146 2943 et
1190 2883 1459 2961 paratos,
1507 2881 1576 2943 ut
1620 2896 1740 2962 pax
1786 2882 1851 2942 et
1895 2897 2039 2945 vera
2063 2878 2385 2943 concordia
2432 2880 2613 2958 atque
2661 2875 2932 2959 perfecta
2966 2877 3095 2941 sin-

368 2964 606 3041 ceritaS,
658 2966 736 3029 ad
782 2964 1362 3047 quamhabendam
1414 2986 1656 3049 semper
1704 2965 2017 3050 singulare
2064 2965 2438 3030 desiderium
2488 2965 2550 3028 in
2597 2965 2773 3029 nobis
2821 2963 2939 3028 fuit
2979 2964 3092 3029 deo

367 3051 525 3116 teste
572 3054 828 3117 tractari
878 3056 942 3117 et
980 3055 1188 3136 perfici
1237 3055 1443 3119 valeat
1488 3054 1793 3119 altissimo
1841 3054 2163 3135 largiente.
2209 3053 2295 3118 Et
2338 3052 2459 3117 hiis
2508 3052 2691 3116 dictis
2738 3053 2947 3116 audiat
2992 3051 3093 3115 di-

369 3141 505 3203 ctus
553 3140 811 3205 nuncius
856 3142 1314 3223 responsionem
1363 3142 1636 3206 eiusdem
1687 3142 1873 3224 regis,
1922 3144 1986 3205 et
2032 3142 2085 3205 si
2129 3141 2608 3218 conteutabitur,
2670 3141 2828 3223 quod
2873 3140 3091 3205 amba-

373 3229 619 3291 xatores
660 3229 857 3293 nostri
907 3231 1255 3308 mittantur,
1306 3231 1593 3311 procuret
1616 3229 1893 3294 obtinere
1941 3229 2189 3294 licteras
2216 3228 2570 3294 securitatis
2618 3227 2891 3292 eiusdem
2928 3227 3095 3312 regis

372 3333 480 3396 pro
529 3333 737 3380 securo
784 3316 878 3381 itu
926 3319 990 3381 et
1035 3316 1237 3381 reditu
1283 3317 1660 3382 eorumdem.
1708 3315 1772 3381 Si
1818 3336 1960 3382 vero
2010 3337 2115 3382 rex
2161 3336 2278 3383 non
2312 3317 2798 3393 contentaretur,
2846 3321 2916 3380 ut
2949 3316 3098 3380 mit-

374 3404 542 3465 tetur
586 3405 800 3467 nostra
846 3405 1223 3479 ambaxata
1246 3405 1449 3468 dictus
1497 3405 1754 3469 nuncius
1802 3423 1943 3469 cum
1988 3404 2154 3469 omni
2212 3403 2688 3480 informacione,
2753 3422 2938 3491 quam
2986 3404 3100 3467 ha-

373 3490 515 3553 bere
546 3491 793 3572 poterit,
842 3492 1141 3556 Venecias
1189 3493 1556 3557 revertatur.
1629 3489 2072 3557 Committatur
2117 3493 2305 3556 etiam
2360 3491 2523 3556 dicto
2570 3491 2776 3569 iture,
2825 3485 2984 3574 quod
3031 3510 3096 3556 se

378 3579 693 3659 presentet
736 3578 983 3643 domine
1014 3580 1223 3661 regine
1257 3579 1443 3643 matri
1477 3580 1627 3644 dicti
1659 3580 1840 3661 regiS,
1891 3580 1989 3643 oui
2023 3581 2286 3662 exponat
2330 3578 2439 3643 illa
2491 3579 2696 3656 verba,
2755 3597 2872 3661 que
2926 3578 3096 3645 vide-

374 3664 603 3728 buntur
626 3667 1056 3732 conveniencia
1082 3666 1351 3731 dominio
1377 3667 1833 3731 committenda.
1856 3667 1947 3731 De
1973 3686 2089 3730 non
2112 3668 2172 3745 2,
2198 3685 2317 3731 non
2346 3667 2568 3731 sinceri
2594 3669 2645 3744 l,
2673 3666 2784 3730 alii
2802 3666 2875 3730 de
2902 3685 3010 3747 par
3012 3668 3095 3730 te.

586 3750 816 3835 Capta:
867 3774 1007 3820 cum
1055 3772 1261 3819 comes
1322 3756 1531 3819 noster
1588 3754 1775 3819 Jadre
1843 3755 2147 3818 instanter
2207 3774 2317 3837 per
2373 3754 2788 3836 quampluries
2835 3753 3089 3817 licteras

381 3856 520 3902 suas
566 3841 901 3921 quesiverit
947 3861 1129 3906 unam
1176 3842 1418 3925 galeam
1468 3844 1531 3906 et
1561 3841 1682 3906 duo
1724 3840 1916 3924 ligna,
1966 3861 2034 3906 eo
2067 3841 2228 3925 quod
2261 3842 2456 3925 galea,
2496 3859 2612 3923 que
2654 3842 2752 3904 est
2797 3839 2902 3918 ibi,
2937 3840 3101 3904 sicut

380 3925 611 4002 scribit,
660 3929 910 3993 omnino
958 3930 1193 3993 nullius
1262 3928 1486 3994 valoris
1550 3928 1795 3994 existitz
1861 3929 2037 3994 vadit
2083 3947 2260 4012 pars,
2310 3928 2472 4011 quod
2532 3928 2833 3992 scribatur
2884 3928 3095 3992 nostro

381 4012 700 4095 capitaneo
747 4016 1042 4098 generali,
1092 4015 1250 4098 quod
1298 4016 1360 4079 in
1408 4015 1610 4081 reditu
1658 4034 1765 4081 suo
1815 4017 2079 4099 galeam,
2131 4035 2249 4100 que
2295 4015 2417 4081 fuit
2457 4016 2700 4079 armata
2744 4033 2853 4098 per
2898 4016 3098 4079 terras

380 4102 620 4165 nostras
665 4102 1009 4181 Sclavenie,
1058 4104 1341 4168 dimittat
1385 4103 1665 4180 Jadram,
1715 4104 1993 4169 faciendo
2058 4123 2194 4168 eam
2255 4102 2560 4186 assignari
2626 4121 2766 4166 cum
2813 4101 3101 4166 omnibus

382 4187 649 4253 corredis
696 4192 759 4254 et
802 4190 1198 4256 furnimentis
1245 4190 1373 4255 suis
1417 4190 1628 4256 comiti
1678 4195 1888 4256 nostro
1935 4192 2159 4266 Jadre·
2208 4194 2271 4255 et
2317 4191 2536 4255 dehinc
2582 4189 2980 4273 provideatur
3026 4189 3101 4254 de

382 4274 682 4340 mittendo
730 4277 848 4342 duo
895 4278 1067 4361 ligna
1113 4297 1148 4343 a
1195 4277 1307 4342 XL
1353 4279 1418 4342 in
1464 4279 1575 4343 LX
1617 4279 1803 4343 remis
1851 4278 2130 4356 Jadram,
2177 4278 2409 4342 furnita
2455 4277 2721 4343 corredis
2782 4295 3099 4341 neccessa-

381 4360 506 4439 riis‚
549 4382 733 4445 quam
780 4366 1051 4431 velocius
1093 4366 1226 4430 fieri
1272 4368 1495 4447 potest.
1545 4366 1629 4429 Et
1673 4365 1985 4430 scribatur
2047 4364 2210 4430 dicto
2256 4365 2473 4429 comiti
2536 4366 2744 4429 nostro
2793 4364 2982 4430 Jadre
3025 4365 3098 4428 de

383 4449 557 4531 galea
607 4455 670 4514 et
713 4452 904 4535 lignis
951 4453 1266 4535 predictiS,
1313 4471 1429 4535 que
1474 4453 1672 4517 eidem
1698 4452 2083 4518 decrevimus
2132 4453 2401 4528 mittere,
2450 4454 2512 4515 et
2554 4452 2714 4535 quod
2748 4471 2929 4536 super
2959 4450 3100 4515 aliis

383 4538 692 4689 gontentig
730 4540 795 4604 in
838 4541 1070 4606 licteris
1133 4541 1262 4604 suis
1326 4540 1644 4622 providere
1709 4541 2100 4620 curabimuS,
2171 4541 2334 4604 sicut
2377 4538 2690 4604 videbitur
2750 4539 2878 4604 fore
2926 4557 3097 4620 opuS.

435 4642 605 4689 mnes
697 4646 728 4690 e
776 4631 970 4710 parte.

464 4714 641 4775 Misti
681 4716 963 4777 XXVII.
1012 4720 1115 4789 43,
1161 4736 1204 4778 u
1249 4718 1466 4777 arkivu
1508 4717 1868 4776 mletabkom.
1915 4719 1932 4728 ““
