3620 5282
3071 371 3193 434 143

665 545 823 607 Item
873 542 993 608 fuit
1037 546 1248 609 actum
1294 544 1359 607 et
1403 542 1765 609 solemniter
1810 544 2180 608 conventum
2240 544 2402 607 inter
2467 542 2669 608 dictas
2732 550 2940 626 partes
3008 545 3193 609 dictis

460 631 837 707 nominibuS‚
908 632 1067 713 quod
1114 630 1399 697 dominus
1468 634 1585 696 dux
1650 636 1713 696 et
1772 631 2029 696 consilia
2097 631 2342 694 nomine
2389 636 2451 695 et
2512 631 2643 695 vice
2693 632 2884 713 ipsius
2937 636 3000 697 et
3043 634 3192 696 dicti

458 720 825 797 communiS,
879 719 1285 783 Veneciarum
1333 718 1492 784 infra
1561 738 1750 783 uuum
1817 739 2088 782 mensem
2153 738 2187 783 a
2248 719 2347 782 die
2408 716 2845 801 publicationis
2892 721 3193 802 presentis

458 805 627 887 pacis
676 805 902 871 facient
950 807 1459 888 compromissum
1510 826 1691 888 super
1737 807 2187 889 questionibuS,
2235 806 2670 871 controversiis
2737 814 2797 870 et
2846 808 3109 871 discordi
3141 829 3190 882 s,

458 912 574 974 que
626 896 771 959 sunt
812 897 877 958 et
922 913 1056 958 esse
1099 897 1362 975 possunt
1408 895 1571 958 inter
1615 895 1930 958 dominum
1979 894 2397 977 patriarcham
2449 897 2513 958 et
2559 896 2888 958 ecclesiam
2936 895 3196 977 Aquile-

457 982 733 1062 giensem
782 1001 852 1044 ex
899 1000 1021 1045 una
1067 986 1245 1063 parte
1291 988 1356 1047 et
1405 983 1609 1064 ipsum
1657 981 1975 1045 dominum
2023 980 2240 1045 ducem
2305 984 2368 1045 et
2428 1001 2753 1045 commune
2795 983 3194 1047 Venetiarum

461 1086 532 1132 ex
579 1070 779 1133 altera
825 1088 1009 1151 super
1055 1070 1586 1135 iurisdictionibus
1643 1073 1707 1133 et
1756 1069 1989 1133 iuribus
2035 1071 2237 1133 tocius
2293 1069 2600 1151 provincie
2651 1069 2833 1133 Istrie
2897 1071 2957 1132 in
3021 1089 3198 1134 sanc-

461 1156 776 1221 tissimum
824 1157 1138 1221 dominum
1180 1160 1458 1222 nostrum
1507 1176 1750 1240 papam,
1816 1159 1906 1220 ita
1954 1157 2116 1238 quod
2171 1157 2374 1220 dictus
2437 1159 2860 1221 sanctissimus
2909 1157 3196 1221 dominus

462 1249 669 1309 noster
715 1263 878 1327 papa
922 1246 1255 1327 cognoscat
1300 1249 1364 1310 et
1410 1245 1599 1308 simul
1644 1245 1709 1308 et
1750 1244 1944 1308 semel
1997 1244 2263 1307 diffiniat
2310 1246 2437 1308 tam
2490 1245 2564 1307 de
2600 1244 2973 1325 proprietate
3006 1263 3193 1326 qnam

462 1329 537 1394 de
584 1332 967 1414 possessione
1015 1331 1177 1397 dicte
1214 1332 1654 1397 iurisdictionis
1701 1335 1765 1396 et
1809 1332 2067 1395 aliorum
2116 1331 2416 1396 dictorum
2496 1332 2722 1395 iurium
2774 1351 2879 1412 per
2933 1334 3196 1396 arbitra-

463 1419 713 1495 tionem,
760 1438 870 1502 per
914 1421 1263 1495 arbitruim,
1314 1439 1422 1502 per
1467 1421 1787 1495 rationem,
1838 1420 2277 1494 laudationem,
2333 1419 2782 1484 ordinationem
2847 1422 2911 1481 et
2961 1422 3191 1483 amica-

468 1506 652 1570 bilem
700 1506 1209 1588 compositionem
1248 1507 1375 1571 alte
1421 1510 1486 1571 et
1533 1509 1713 1570 basse
1749 1508 1916 1571 sicut
1960 1508 2013 1569 ei
2066 1506 2394 1573 videbitur.
2444 1507 2560 1571 sub
2611 1525 2768 1588 pena
2810 1507 2980 1569 mille
3028 1526 3192 1570 mar-

462 1612 671 1657 carum
723 1596 879 1669 auri,
929 1594 1229 1658 medietas
1284 1593 1459 1658 cuius
1521 1613 1675 1676 pene
1736 1596 1915 1657 cedat
1972 1612 2220 1658 romane
2282 1594 2537 1657 ecclesie
2598 1598 2661 1657 et
2709 1593 2834 1657 alia
2894 1596 3193 1660 medietas

463 1680 644 1744 cedat
687 1682 849 1763 parti
889 1681 1239 1746 observanti
1288 1681 1565 1763 predicta
1608 1682 1793 1764 prout
1833 1684 1897 1744 et
1943 1681 2105 1745 sicut
2151 1682 2507 1745 continetur
2553 1681 2709 1744 alias
2757 1681 2948 1743 fuisso
3024 1701 3194 1746 com—

464 1768 837 1849 promissum
880 1789 987 1851 per
1036 1769 1235 1834 dictas
1281 1772 1491 1851 partes
1538 1771 1599 1832 in
1646 1768 1963 1832 dominum
2014 1787 2234 1850 papam
2268 1767 2599 1833 Nicolaum
2635 1774 2920 1850 quartum
2969 1788 3192 1834 secuu-

463 1856 612 1918 dum
663 1856 820 1936 quod
869 1859 1127 1939 apparet
1193 1858 1257 1920 in
1318 1857 1576 1938 quodam
1645 1856 1891 1937 publico
1955 1857 2365 1920 instrumento
2426 1857 2654 1937 scripto
2720 1875 2903 1919 manu
2964 1858 3188 1920 Donati

466 1944 793 2007 Lombardi
842 1943 1146 2023 imperiali
1195 1946 1567 2008 auctoritate
1611 1943 1836 2007 notarii
1877 1943 2110 2025 publici
2166 1948 2228 2006 et
2259 1944 2523 2007 ducatus
2557 1944 2957 2007 venetiarum
2992 1946 3193 2009 scribe

464 2035 528 2093 et
572 2030 872 2095 Gualterii
923 2029 1325 2096 Civitatensis
1371 2031 1710 2113 apostolica
1755 2036 1819 2094 et
1865 2031 2172 2113 imperiali
2218 2032 2585 2095 auctoritate
2636 2032 2851 2094 notarii
2914 2035 2979 2094 et
3026 2034 3192 2095 Heu-

465 2117 576 2180 rici
624 2118 937 2200 imperiali
983 2120 1352 2183 anctoritate
1399 2137 1557 2182 anno
1626 2118 1859 2183 domini
1908 2118 2245 2182 millesimo
2306 2118 2728 2181 ducentesimo
2789 2123 3189 2200 nonagesimo

465 2206 662 2285 primo
710 2206 1042 2269 indictione
1088 2211 1314 2288 quarta
1359 2207 1460 2270 die
1510 2206 1832 2270 undecimo
1878 2206 2149 2270 intrante
2198 2206 2573 2270 novembrio.
2627 2207 2708 2270 Et
2753 2207 2804 2269 si
2856 2211 2994 2287 post
3052 2228 3193 2291 pre-

462 2293 697 2355 dictum
745 2293 1224 2357 instrumentum
1275 2294 1707 2375 compromissi
1756 2293 1900 2357 sacti
1945 2313 2051 2375 per
2097 2294 2295 2357 dictas
2359 2296 2568 2374 partes
2630 2294 2704 2358 de
2770 2295 3060 2374 predictis
3129 2297 3187 2358 in

461 2378 693 2442 dictum
746 2381 1063 2444 dominum
1113 2400 1332 2463 papam
1383 2382 1478 2444 vel
1525 2381 1716 2445 alium
1769 2398 1986 2461 papam
2037 2380 2260 2444 ultimo
2306 2381 2650 2445 confectum
2702 2382 2904 2444 stetur
2967 2383 3189 2445 ultimo

462 2468 909 2549 compromisso
957 2470 1257 2549 quantum
1308 2471 1384 2531 ad
1434 2468 1697 2531 sormam
1768 2467 1984 2551 baylie
2032 2470 2195 2532 date.
2245 2468 2325 2531 Et
2385 2468 2475 2531 sic
2536 2488 2642 2548 per
2698 2488 2950 2549 presens
3021 2473 3190 2551 capi-

461 2553 660 2617 tulum
733 2554 842 2619 illa
906 2556 1111 2640 baylia
1175 2555 1562 2638 intelligatur
1624 2574 1758 2620 esse
1821 2555 1966 2619 data
2026 2554 2191 2619 dicto
2260 2556 2621 2620 santissimo
2688 2556 2936 2619 domino
2987 2561 3190 2621 nostro

461 2661 615 2724 pape
678 2645 948 2726 presenti
995 2646 1058 2707 et
1105 2645 1555 2709 successoribus
1603 2645 1752 2720 suiS,
1802 2663 1922 2725 que
1967 2643 2028 2706 in
2079 2647 2212 2725 ipso
2252 2644 2477 2708 ultimo
2537 2646 2974 2725 compromisso
3020 2665 3192 2727 repe-

463 2730 705 2808 riretur,
753 2732 806 2795 si
854 2731 1178 2814 contingat
1225 2732 1515 2796 ultimum
1564 2732 1852 2813 reperiri3
1913 2748 2058 2794 sane
2101 2750 2344 2811 semper
2386 2733 2704 2796 intellecto
2748 2736 2813 2796 et
2835 2737 3083 2813 excepto
3115 2734 3191 2796 ab

462 2818 749 2882 omnibus
796 2819 1107 2899 predictis,
1170 2820 1328 2900 quod
1378 2820 1598 2883 civitas
1644 2817 1924 2899 Tergesti
1971 2837 2115 2882 cum
2163 2819 2385 2881 castris
2432 2819 2508 2882 de
2570 2820 2778 2883 Mocco
2839 2821 2903 2882 et
2949 2821 3192 2884 Mocco-

464 2905 603 2969 lano
651 2923 788 2969 cum
840 2905 1191 2984 territoriis,
1234 2907 1644 2982 districtibuS,
1694 2907 1884 2981 villis,
1956 2909 2021 2968 et
2059 2904 2447 2987 pertinentiis
2511 2906 2704 2987 ipsius
2754 2907 2848 2969 vel
2922 2908 3189 2987 ipsorum

460 2995 524 3056 et
571 2992 905 3058 cuiuslibet
949 3013 1162 3058 eorum
1210 3013 1348 3058 cum
1402 2994 1686 3057 omnibus
1734 2992 2047 3056 fortiliciis
2095 3000 2158 3055 et
2203 2993 2379 3068 lociS‚
2428 3013 2544 3074 que
2595 2992 2753 3056 infra
2785 3012 2993 3057 eorum
3047 3014 3188 3058 con-

463 3080 741 3142 tinentur
809 3081 1076 3145 confines
1138 3085 1203 3145 et
1259 3082 1600 3158 districtae,
1664 3081 1740 3143 de
1802 3080 2024 3161 quibus
2088 3081 2161 3143 fit
2222 3079 2459 3143 mencio
2518 3080 2578 3143 in
2625 3081 2877 3160 speciali
2921 3083 3191 3162 capitulo

463 3167 764 3246 presentis
807 3167 996 3249 pacis,
1051 3189 1167 3233 non
1213 3169 1568 3232 includatur
1618 3188 1726 3232 uec
1774 3169 1984 3232 veniat
2029 3186 2139 3231 nec
2185 3169 2388 3230 venire
2431 3167 2819 3248 intelligatur
2869 3169 2925 3231 in
2976 3189 3191 3251 supra-

462 3252 631 3317 dicta
677 3255 1042 3336 cognitione,
1107 3257 1365 3320 arbitrio
1429 3259 1494 3320 et
1539 3256 1847 3337 potestate
1916 3256 2064 3320 data
2132 3256 2404 3336 predicto
2479 3255 2872 3318 sanctissimo
2941 3257 3190 3321 domino

464 3343 672 3404 nostro
731 3361 882 3423 pape
927 3363 1034 3423 per
1085 3363 1336 3425 presens
1397 3344 1761 3424 capitulum.
1826 3343 1909 3405 Et
1970 3344 2128 3424 quod
2192 3342 2437 3405 interim
2502 3342 2692 3407 donec
2751 3345 2815 3406 et
2876 3363 3190 3426 quousque

461 3427 693 3492 dictum
744 3431 1248 3510 compromissum
1293 3432 1355 3495 in
1406 3431 1602 3494 forma
1642 3430 1919 3513 predicta
1968 3432 2196 3494 sactum
2247 3431 2450 3507 fuerit,
2499 3430 2648 3492 dicti
2712 3430 2963 3502 domini,
3033 3434 3189 3495 vice-

460 3516 745 3580 dominus
791 3519 856 3579 et
902 3517 1010 3580 alii
1058 3520 1494 3600 gubernantes,
1541 3521 1824 3601 regentes
1870 3537 1977 3582 seu
2026 3520 2517 3601 representantes
2564 3519 2886 3581 ecclesiam
2938 3520 3191 3600 Aquile-

460 3603 732 3684 giensem
778 3606 841 3668 et
882 3606 1107 3668 dictam
1159 3607 1421 3686 patriam
1472 3607 1608 3670 Fori
1657 3606 1814 3670 Julii
1869 3624 1985 3668 non
2052 3607 2375 3668 teneantur
2434 3624 2545 3668 nec
2605 3607 2732 3669 sint
2777 3607 3017 3669 astricti
3085 3627 3190 3669 seu

462 3690 722 3772 obligati
803 3693 1012 3774 vigore
1079 3694 1382 3773 presentis
1462 3696 1624 3773 pacis
1707 3694 1782 3756 ad
1873 3693 2269 3756 relaxandum
2302 3742 2316 3767 ,
2404 3693 2836 3756 dimittendum
2917 3713 3022 3756 seu
3092 3715 3191 3756 ex-

461 3778 826 3857 pediendum
876 3780 1042 3843 dicto
1110 3782 1354 3844 domino
1415 3781 1553 3844 duci
1616 3784 1680 3844 et
1752 3780 2062 3843 communi
2112 3781 2514 3844 Veneciarum
2584 3779 2892 3856 civitatee,
2962 3784 3187 3856 castra,

461 3869 660 3929 terras
706 3869 770 3928 et
817 3868 973 3946 loca,
1034 3888 1149 3948 que
1196 3870 1285 3935 eis
1346 3868 1664 3932 dimittere
1725 3871 1791 3931 et
1850 3866 2118 3930 relaxare
2180 3871 2467 3930 tenentur
2538 3870 2870 3931 secundum
2926 3868 3189 3930 formam

463 3955 766 4033 presentis
815 3956 1008 4035 pacis,
1056 3957 1164 4018 sed
1210 3958 1284 4020 de
1331 3956 1512 4019 dictis
1558 3956 1710 4019 locis
1759 3973 1870 4018 nec
1914 3955 2119 4036 aliquo
2168 3955 2435 4035 ipsorum
2478 3955 2677 4017 dictus
2735 3954 3021 4017 dominus
3064 3954 3187 4017 dux

460 4042 524 4103 et
578 4060 903 4105 commune
959 4043 1384 4121 Veneciarum,
1436 4044 1549 4106 nisi
1601 4044 1770 4124 prius
1819 4043 1978 4105 sacto
2048 4043 2212 4104 dicto
2272 4044 2729 4123 compromisso,
2779 4060 2844 4103 se
2889 4041 3190 4123 impedire

460 4145 578 4190 non
642 4128 906 4193 debeant
972 4150 1166 4210 neque
1214 4131 1451 4213 possint
1499 4149 1607 4193 nec
1654 4130 1884 4194 dictam
1936 4129 2257 4192 ecclesiam
2306 4129 2368 4191 in
2416 4129 2602 4191 dictis
2667 4130 2816 4191 locis
2881 4132 2946 4191 et
3005 4131 3189 4193 terris

462 4214 818 4279 molestare:
871 4217 1033 4280 facto
1080 4220 1287 4281 autem
1339 4218 1501 4280 dicto
1548 4218 1991 4298 compromisso
2041 4220 2110 4278 ut
2150 4235 2340 4296 supra
2401 4218 2606 4279 dictus
2654 4216 2962 4292 dominus,
3028 4217 3191 4281 vice-

460 4301 745 4366 dominus
791 4309 854 4366 et
899 4305 1047 4367 dicti
1099 4309 1594 4387 representantes
1637 4325 1741 4368 seu
1793 4305 2209 4384 gubernantes
2258 4305 2485 4366 dictam
2558 4305 2886 4368 ecclesiam
2933 4305 3192 4386 Aquile-

456 4390 732 4470 giensem
780 4396 846 4453 et
891 4393 1157 4472 patriam
1210 4394 1346 4456 Fori
1394 4392 1550 4455 Julii
1600 4394 1932 4454 teneantur
1978 4393 2043 4453 et
2087 4392 2352 4452 debeant
2398 4392 2721 4454 observare
2747 4393 2812 4454 et
2850 4394 3188 4456 executioni

460 4478 749 4541 mandare
796 4482 1085 4542 contenta
1135 4480 1195 4541 in
1250 4481 1417 4543 dicto
1464 4480 1734 4560 capitulo
1780 4479 1858 4540 de
1910 4478 2285 4540 relaxatione
2332 4478 2396 4540 et
2442 4478 2826 4559 expeditione
2884 4479 3188 4544 dictarum

456 4567 761 4629 terrarum
813 4568 875 4629 et
924 4566 1192 4630 locorum
1239 4568 1610 4630 mentionem
1661 4565 1941 4629 faciente.
2016 4566 2094 4628 Et
2152 4567 2211 4627 in
2272 4582 2413 4628 casu
2477 4583 2596 4644 quo
2660 4567 3000 4644 supradicti
3062 4568 3190 4631 siu-

454 4652 599 4728 dici,
648 4657 889 4717 actores
936 4657 1000 4717 et
1045 4657 1472 4735 procuratores
1503 4653 1666 4717 dicte
1713 4653 1968 4715 ecclesie
2015 4653 2079 4713 et
2125 4653 2322 4733 patrie
2346 4652 2628 4715 Foriiulii
2676 4652 2773 4716 vel
2818 4653 2976 4718 alter
3023 4656 3189 4736 ipso·

454 4762 591 4807 rum
638 4738 869 4806 habens
914 4740 976 4805 in
1025 4740 1290 4806 solidum
1342 4743 1714 4822 potestatem
1765 4739 1926 4803 infra
1975 4738 2108 4803 dies
2155 4738 2376 4820 viginti
2416 4737 2683 4821 quinque
2743 4740 2893 4804 dicti
2955 4743 3186 4808 mensis
