3620 5282
3027 377 3158 481 355

626 552 735 616 IV.
784 552 946 616 Item
996 570 1136 616 cum
1182 550 1373 616 fuerit
1420 550 1796 615 consuetudo
1836 552 2035 629 terre,
2089 548 2262 632 'quod
2329 550 2734 614 cancellarius
2803 552 3156 618 communis

420 641 728 723 acciperet
771 659 964 703 unum
1012 639 1333 703 denarium
1379 639 1797 720 protermino
1843 638 2190 715 venienteS,
2245 638 2465 702 notarii
2532 638 2848 703 comitum
2897 654 3156 723 accepe-

422 728 570 792 runt
614 727 804 809 aliqui
845 726 969 791 XII
1015 726 1320 803 denarios,
1364 726 1552 807 aliqui
1600 726 1772 803 VlIl,
1821 725 1979 808 quod
2021 744 2154 790 esse
2197 744 2320 790 non
2368 725 2586 800 debet3
2658 726 2727 789 et
2770 726 2965 791 fuerit
3012 746 3157 792 con·
3243 742 3246 745 ’

421 814 699 892 suetudo,
749 814 1365 897 quodcancellarius
1408 815 1754 878 communis
1800 813 2098 896 accepirit
2150 814 2223 877 ad
2266 813 2403 895 plus
2452 830 2699 895 grossos
2733 813 2798 876 11
2831 832 2942 896 pro
2981 816 3158 879 carta

421 902 689 985 publica,
732 903 934 966 silicet
961 918 1071 985 pro
1102 901 1417 977 breviario,
1455 900 1959 983 supervenientes
1992 901 2215 966 notarii
2244 901 2544 964 comitum
2570 903 2940 982 acceperunt
2963 901 3160 984 aliqui

423 1008 670 1073 grossos
716 988 859 1066 XII,
904 988 1095 1071 aliqui
1129 989 1383 1053 ducatos
1428 989 1529 1061 11..
1558 988 1750 1071 aliqui
1797 989 2051 1053 ducatos
2083 988 2188 1066 VI,
2239 989 2303 1052 et
2349 988 2422 1052 de
2462 987 2603 1052 aliis
2650 989 2971 1071 scripturis
3016 989 3158 1054 nul-.

421 1078 547 1141 lam
613 1076 1075 1155 limitationem,
1126 1075 1233 1141 sed
1279 1074 1645 1140 arbitralem
1691 1076 2058 1142 solutionem
2103 1075 2467 1158 receperunt
2512 1078 2574 1140 et
2620 1076 2945 1160 recipiunt,
2997 1076 3158 1161 quod

424 1168 566 1230 ante
616 1183 735 1228 non
782 1164 921 1229 suit.

638 1251 871 1334 Capta:
943 1244 1128 1334 super
1174 1251 1296 1315 hiis
1343 1251 1631 1334 capitulis
1697 1251 2009 1316 scribatur
2073 1250 2285 1315 comiti
2348 1250 2505 1333 Pagi
2567 1251 2630 1315 et
2693 1251 3151 1317 successoribus

431 1338 578 1416 suiS,
629 1341 786 1422 quod
833 1339 1071 1403 statuta
1118 1341 1181 1403 et
1226 1339 1652 1404 ordinamenta
1682 1339 1932 1403 illorum
1967 1340 2039 1402 de
2078 1339 2249 1421 Pago
2288 1339 2579 1403 studeant
2612 1338 2937 1404 observare
2970 1338 3154 1404 effec-

432 1428 706 1504 tualiter,
756 1426 920 1491 sicut
964 1426 1240 1491 continet
1284 1444 1493 1491 eorum
1544 1428 1917 1505 commissio,
1970 1445 2081 1491 nec
2123 1426 2185 1489 in
2233 1426 2322 1491 eis
2383 1426 2612 1490 faciant
2658 1426 2933 1509 aliquam
2980 1426 3155 1492 novi-

358 1585 365 1593 ,
431 1517 625 1578 tatem
672 1513 1056 1590 indebitam3
1121 1514 1185 1578 et
1229 1514 1388 1596 quod
1453 1514 1822 1596 permittant
1883 1513 2319 1578 cancellarium
2383 1531 2595 1578 eorum
2640 1513 2706 1577 in
2752 1514 3041 1593 civilibus
3092 1515 3157 1579 et

432 1602 572 1666 aliis
620 1602 813 1666 cartis
861 1603 926 1665 et
970 1602 1401 1667 instrumentis
1448 1602 1733 1666 civilibus
1780 1620 1991 1666 eorum
2038 1601 2310 1666 officium
2355 1619 2636 1666 exercere
2663 1650 2677 1678 ,
2742 1601 2905 1666 sicut
2950 1602 3150 1667 conti-

431 1691 610 1753 netur
654 1689 719 1752 in
767 1707 976 1753 eorum
1026 1688 1303 1767 statutis,
1347 1689 1436 1753 ita
1479 1689 1642 1771 quod
1692 1688 1916 1753 notarii
1964 1689 2266 1752 comitum
2327 1706 2446 1752 non
2512 1689 2851 1772 impediant
2918 1708 2984 1754 se
3031 1689 3151 1754 nisi

427 1775 493 1840 in
537 1776 968 1841 criminalibus
1015 1775 1352 1841 secundum
1400 1775 1662 1841 formam
1707 1776 2216 1841 commissionum
2265 1794 2532 1840 suarum.

635 1864 711 1928 V.
756 1864 920 1928 Item
967 1865 1040 1928 de
1085 1864 1398 1941 castratis,
1463 1883 1534 1928 ex
1595 1881 1713 1946 quo
1779 1864 2114 1946 Pagienses
2178 1864 2517 1946 gravantur
2582 1861 2648 1926 in
2711 1863 2913 1927 dando
2959 1883 3151 1928 unum

428 1953 768 2015 castratum
814 1950 1077 2034 singula·
1113 1950 1213 2016 die
1259 1951 1538 2015 carnium
1584 1953 1661 2015 ad
1707 1952 1798 2015 IX
1845 1952 2130 2033 parvulos
2198 1951 2357 2027 libr.‚
2423 1954 2486 2015 et
2531 1952 2895 2034 quandoque
2958 1950 3148 2016 fuerit

425 2042 818 2121 presentatus
868 2056 1072 2102 macer
1096 2040 1426 2115 castratus,
1475 2042 1540 2101 et
1585 2038 1772 2102 fuerit
1795 2039 2045 2121 proinde
2094 2039 2274 2102 homo
2309 2039 2659 2103 carceratus
2706 2058 2814 2121 per
2859 2040 3150 2118 rectores,

426 2126 796 2209 solveritque
845 2144 963 2208 pro,
990 2143 1230 2191 carcero
1279 2130 1343 2190 et
1389 2144 1497 2208 pro
1546 2127 1833 2190 carnibus
1876 2129 2058 2190 unius
2104 2126 2366 2190 castrati
2413 2126 2490 2189 ad
2535 2127 3035 2209 supplementum
3071 2126 3149 2193 ab

425 2213 547 2277 alio
596 2212 822 2278 solidos
869 2214 932 2277 II
976 2213 1136 2296 pluS,
1186 2214 1340 2279 velit
1385 2213 1744 2289 dominium,
1791 2214 1974 2295 quod,
2023 2214 2165 2296 quia
2209 2213 2323 2277 hoc
2385 2215 2482 2277 est
2526 2218 2742 2278 contra
2789 2214 3033 2278 ordines
3084 2214 3149 2278 et

425 2318 524 2365 res
567 2300 878 2383 predictas
920 2305 985 2365 et
1030 2320 1209 2366 usum
1257 2301 1322 2364 in
1366 2304 1840 2383 gravamentum
1887 2303 2067 2378 terre,
2120 2319 2305 2383 super
2341 2301 2453 2365 hoc
2497 2301 2830 2383 providere.

639 2388 746 2452 VI.
797 2388 959 2452 Item
1007 2388 1081 2453 de
1126 2388 1498 2453 animalibus
1544 2388 1802 2464 bovinis,
1854 2408 1973 2471 que
2028 2387 2188 2452 fiunt
2232 2390 2310 2453 ad
2351 2388 2715 2466 beccariam,
2760 2388 3149 2472 accipiuntur

426 2473 637 2558 lingue
683 2477 752 2540 et
797 2475 996 2539 lumbi
1042 2495 1152 2559 per
1198 2477 1483 2555 rectores,
1511 2475 1651 2541 'non
1696 2476 1990 2540 solvendo
2038 2475 2156 2540 nisi
2202 2477 2279 2541 ad
2325 2477 2614 2559 parvulos
2664 2477 2751 2541 VI
2799 2495 2909 2560 pro
2954 2476 3135 2553 libra,

431 2563 591 2646 quod
638 2561 910 2629 deviavit
948 2566 1319 2628 mercatores
1357 2582 1574 2629 carnes
1620 2563 2022 2628 mazellantes
2082 2562 2145 2628 in
2192 2564 2487 2644 mace110,
2551 2565 2616 2630 et
2658 2566 2772 2629 hoc
2829 2579 3147 2648 nunquam

426 2649 547 2715 fuit
590 2653 752 2716 terre
801 2651 1199 2718 consuetudo.

640 2737 876 2821 Capta:
925 2757 1109 2821 super
1153 2739 1274 2804 hiis
1320 2739 1611 2823 capitulis
1660 2740 2020 2817 consulitur,
2055 2738 2216 2822 quod
2262 2738 2327 2803 in
2378 2757 2521 2803 casu
2566 2740 2833 2817 tantum,
2877 2758 2995 2822 quo
3030 2757 3152 2804 non

427 2825 817 2908 reperiantur
865 2845 1076 2891 carnes
1124 2826 1502 2891 sufficientes
1563 2828 1640 2891 ad
1706 2826 2074 2904 macellum,
2138 2826 2235 2890 illi
2283 2825 2359 2890 de
2409 2827 2577 2909 Pago
2625 2830 2952 2891 teneantur
2998 2827 3147 2891 dare

426 2913 691 2996 singulis
738 2912 956 2978 diebus
1004 2914 1285 2979 carnium
1323 2915 1538 2979 comiti
1585 2934 1775 2979 unum
1823 2915 2183 2993 castratum,
2234 2933 2445 2978 verum
2494 2916 2704 2978 tamen
2750 2932 2860 2995 pro
2908 2913 3143 2996 precio,

429 3005 577 3083 quo‘
593 3002 931 3067 vendentur
969 3020 1180 3067 carnes
1226 3002 1576 3067 huiusmodi
1623 3003 1882 3066 comiter
1927 3004 2002 3066 ad
2048 3000 2415 3080 macellum,
2475 3002 2749 3066 detracto
2798 3001 3164 3066 nichilomi-

429 3107 543 3152 nus
588 3088 783 3168 daci0,
832 3089 888 3153 si
933 3090 1092 3172 quod
1140 3091 1463 3172 propterea
1510 3090 1788 3168 solvitur,
1840 3090 1905 3154 et
1964 3090 2054 3154 sic
2101 3089 2320 3154 debeat
2366 3089 2679 3153 observari
2726 3108 2835 3172 per
2880 3092 3149 3155 rectores

430 3176 542 3240 sub
590 3176 797 3241 debito
845 3179 1236 3241 sacramenti.
1284 3177 1586 3242 Similiter
1633 3179 1823 3242 etiam
1871 3179 1943 3242 de
1990 3177 2222 3260 linguis
2246 3178 2310 3240 et
2339 3175 2589 3253 lumbiS,
2640 3196 2791 3259 quos
2837 3177 3150 3260 accipiunt

431 3265 699 3328 rectores
746 3263 824 3328 ad
872 3264 1108 3346 pondus
1154 3282 1262 3346 pro
1301 3264 1512 3329 danar.
1553 3265 1638 3329 VI
1681 3265 1848 3344 libr.‚
1897 3266 2259 3342 declaretur,
2308 3266 2468 3346 quod
2517 3265 2590 3328 de
2630 3265 2985 3329 huiusmodi
3032 3266 3153 3329 lin-

432 3351 572 3432 guis
617 3352 681 3416 et
723 3351 959 3416 lumbis
1006 3351 1280 3417 solvatur
1326 3372 1434 3435 per
1496 3354 1760 3418 rectores
1824 3352 1901 3416 ad
1965 3353 2276 3417 racionem
2340 3352 2566 3435 precii,
2635 3372 2752 3436 quo
2813 3355 3153 3418 vendentur

433 3455 643 3502 carnes
690 3439 1073 3518 animalium,
1124 3458 1382 3522 quorum
1427 3440 1657 3505 fuerint
1701 3440 1913 3522 lingue
1960 3442 2023 3505 et
2067 3438 2264 3504 lumbi
2290 3440 2551 3522 predicti
2599 3459 2706 3522 per
2750 3440 3004 3505 modum
3050 3440 3149 3504 di-

436 3528 606 3589 ctum
655 3527 954 3609 superius,
1003 3526 1332 3592 dummodo
1379 3528 1490 3591 illa
1536 3528 1920 3610 accipiantur
1970 3546 2079 3610 pro
2124 3547 2238 3592 usu
2301 3546 2408 3592 suo
2455 3529 2518 3592 et
2579 3527 2818 3592 familie
2878 3547 3021 3607 sue,
3085 3530 3150 3592 et

426 3630 545 3677 non
593 3631 702 3695 pro
749 3614 888 3678 aliis
936 3613 1060 3678 ullo
1104 3615 1302 3680 modo.
1472 3639 1475 3640 ⁷

635 3701 777 3765 VII.
824 3703 984 3766 Item
1033 3720 1176 3767 cum
1220 3702 1408 3768 fuerit
1451 3702 1678 3786 aliquis
1724 3705 1943 3781 rector,
1989 3704 2092 3785 qui
2139 3720 2362 3784 penam
2404 3701 2699 3785 imposuit
2737 3702 2944 3780 alicui,
2987 3702 3147 3784 quod

428 3788 732 3854 castratos
780 3787 839 3852 X
882 3789 978 3854 vel
1021 3790 1186 3855 circa
1230 3791 1294 3854 in
1342 3790 1442 3855 die
1474 3792 1881 3872 presentaret,
1930 3792 1994 3854 et
2040 3790 2230 3855 nichil
2262 3791 2570 3866 solvendo,
2608 3791 2871 3872 quinque
2911 3789 3139 3872 plures,

427 3875 690 3990 quinque
735 3878 1067 3957 pautiores,
1112 3877 1266 3942 velit
1307 3877 1646 3942 dominatio
1694 3897 1878 3960 super
1922 3877 2037 3942 hoc
2074 3895 2405 3961 gravamen
2454 3877 2793 3959 providere.

632 3964 805 4029 VIII.
853 3966 1014 4030 Item
1049 3965 1193 4048 quia
1225 3964 1346 4029 fuit
1375 3968 1594 4041 rector,
1644 3966 1747 4047 qui
1780 3965 2025 4048 singulo
2057 3984 2190 4029 sero
2237 3966 2410 4029 misit
2444 3982 2554 4047 pro
2602 3964 2763 4027 lacte
2809 3964 2884 4027 ad
2930 3936 3141 4028 stauos

430 4098 445 4115 .
463 4050 817 4117 ..homines
866 4052 941 4117 de
988 4053 1285 4130 custodia,
1333 4052 1395 4116 in
1430 4054 1560 4118 toto
1595 4071 1703 4117 suo
1737 4054 2010 4135 tempore
2042 4053 2233 4118 nichil
2269 4052 2559 4116 solvendo
2608 4069 2712 4134 pro
2750 4051 2916 4115 dicto
2956 4052 3146 4117 lacte.

633 4139 745 4204 IX.
795 4138 957 4204 Item
1003 4158 1143 4204 cum
1192 4140 1408 4205 multis
1449 4141 1686 4205 vicibus
1735 4143 1899 4204 esset
1945 4159 2121 4204 casus
2170 4142 2411 4222 portare
2457 4140 2628 4223 ligna
2673 4157 2711 4202 a
2755 4139 2891 4220 ripa
2937 4138 3000 4203 in
3045 4157 3145 4203 co-

425 4224 739 4304 mitatum,
788 4229 853 4292 et
899 4229 1065 4311 capti
1112 4227 1345 4292 fuerint
1368 4228 1648 4293 homines
1695 4228 1759 4291 et
1804 4227 2051 4309 spoliati
2087 4227 2405 4292 mantellis
2453 4229 2517 4292 et
2547 4225 2820 4309 capelliS,
2869 4228 2934 4290 et
2966 4224 3142 4291 missi

424 4311 488 4377 in
534 4332 860 4393 carcerem,
908 4315 1053 4380 huic
1100 4316 1433 4381 dominatio
1483 4314 1720 4379 ducalis
1766 4315 1921 4379 velit
1965 4315 2302 4397 providere.

633 4400 718 4465 X.
763 4401 924 4466 Item
970 4403 1164 4467 semel
1207 4402 1442 4467 factum
1488 4403 1606 4467 fuit
1646 4407 2003 4485 preceptum
2048 4402 2112 4465 in
2172 4401 2480 4478 beccaria,
2546 4402 2705 4483 quod
2755 4400 3137 4466 carnes‘alie

422 4505 543 4552 non
588 4491 1030 4568 venderentur,
1097 4490 1292 4555 donec
1351 4490 1497 4573 agni
1544 4489 1865 4554 cuiusdam
1911 4489 2081 4553 Petri
2144 4489 2456 4553 Flabastri
2513 4488 2711 4553 ferent
2772 4489 3005 4554 venditi
3080 4489 3144 4552 et

422 4576 681 4657 quedam
729 4595 944 4642 carnes
990 4579 1219 4655 vacine,
1269 4579 1374 4661 qui
1424 4579 1647 4642 Petrus
1696 4580 1833 4641 erat
1875 4576 2081 4650 socius
2130 4576 2316 4640 milex
2365 4575 2631 4640 comitis,

626 4665 737 4729 XI.
784 4665 945 4729 Item
995 4665 1115 4730 fuit
1158 4684 1316 4730 unus
1363 4683 1600 4743 comes,
1663 4665 1764 4730 cui
1823 4663 2049 4727 furtive
2116 4665 2366 4745 accepta
2427 4661 2546 4726 fuit
2605 4679 2729 4725 una
2774 4681 2969 4744 equa,
3021 4679 3137 4726 non

415 4753 710 4832 possendo
757 4752 881 4817 sibi
929 4753 1168 4818 solvere
1214 4753 1427 4818 contra
1473 4751 1708 4833 furem,
1774 4750 2149 4816 solutionem
2211 4748 2462 4832 proinde
2509 4748 2585 4813 de
2648 4748 2921 4815 denariis
2966 4766 3136 4813 com-

2895 4896 2933 4941 ’ᾳ
