3620 5282
553 302 678 369 102

966 478 1290 563 CXCII.
1347 477 1552 561 God.
1610 479 1827 562 1372.
1883 477 1933 562 5
1987 479 2312 580 srpnja‚
2366 501 2425 560 ιι
2479 477 2871 562 Mletcih.

755 622 912 687 Cum
982 621 1078 683 illi
1149 621 1220 683 de
1273 618 1587 701 Dyrachio
1658 617 1908 681 fuerunt
1973 618 2160 681 tazati
2233 635 2341 698 per
2404 615 2919 683 extraordinarios
2982 618 3045 682 in
3103 617 3289 683 libris

548 708 760 775 XVIII
809 708 918 773 sol.
968 708 1116 771 XIV
1164 726 1519 789 grossorum
1590 704 1817 770 debitis
1878 704 2131 789 Aloysio
2180 703 2494 781 Ceruario,
2558 707 2622 770 et
2679 704 2799 770 iste
2860 703 3078 771 fecerit
3139 723 3289 769 cum

549 796 700 880 ipsis
749 799 999 877 pactum
1048 795 1122 857 de
1168 793 1448 858 habendo
1497 793 1697 857 solum
1768 793 2022 857 ducatos
2067 792 2318 865 LXXX,
2392 792 2549 874 quod
2612 794 2868 875 pactum
2940 811 3050 875 per
3117 794 3288 875 ipsos

550 882 808 948 minime
852 883 971 945 tuit
1011 883 1429 957 observatum,
1475 882 1797 945 ordinatur
1844 881 2166 963 capitaneo
2218 878 2448 962 culphi,
2496 880 2654 961 qnod
2718 880 3028 944 sustineat
3089 896 3285 964 quan-

554 975 689 1035 tum
735 970 876 1052 plus
925 971 1129 1049 potest
1173 970 1307 1031 iura
1354 969 1591 1051 Aloysii
1641 968 1700 1030 in
1757 968 2047 1050 plenum;
2096 967 2203 1031 sed
2248 966 2302 1032 si
2344 967 2621 1032 obtinere
2666 986 2785 1033 non
2830 969 3038 1048 posset
3062 968 3288 1044 totum,

558 1057 821 1139 accipiat
868 1056 1064 1121 dictos
1111 1055 1343 1120 LXXX
1392 1056 1678 1128 ducatos;
1727 1056 1790 1117 et
1837 1056 1886 1119 si
1937 1073 2047 1118 nec
2093 1056 2247 1118 istos
2316 1053 2592 1119 obtinere
2651 1072 2774 1119 non
2840 1057 3072 1137 posset,
3137 1056 3291 1119 tunc

557 1144 939 1209 intromittat
985 1142 1060 1207 de
1099 1143 1271 1207 bonis
1315 1142 1564 1207 illorum
1614 1144 1687 1205 de
1730 1142 2035 1225 Dyrachio
2083 1160 2273 1224 usque
2316 1141 2393 1206 ad
2441 1143 2641 1207 totam
2687 1142 3072 1208 solutionem.

642 1251 821 1311 Misti
869 1248 1153 1313 XXXIV
1205 1253 1301 1320 18,
1347 1269 1390 1310 u
1434 1251 1587 1311 mlet.
1639 1252 1872 1310 arkivu.

959 1439 1333 1523 CXCIII.
1382 1439 1589 1522 God.
1642 1439 1861 1522 1372.
1916 1439 1965 1524 ὃ
2019 1440 2340 1540 emula,
2396 1462 2456 1522 u
2510 1438 2901 1523 Mletcih.

770 1578 1146 1662 Respublica
1189 1579 1422 1642 Veneta
1466 1597 1574 1660 per
1620 1597 1800 1642 suum
1848 1579 2167 1643 consulem
2212 1579 2274 1644 in
2322 1577 2546 1644 Cataro
2607 1579 2865 1661 requirit
2914 1596 2950 1643 a
3012 1597 3294 1645 commu·

564 1672 758 1735 nitate
807 1665 1034 1742 Catari,
1105 1666 1262 1746 quod
1339 1666 1611 1729 satisfiat
1680 1665 1982 1748 Phylippo
2029 1666 2267 1731 Barelli
2334 1666 2410 1731 de
2471 1665 2716 1731 damnis
2773 1666 2895 1749 ipsi
2962 1666 3135 1732 ilatis
3181 1686 3293 1749 per

560 1760 832 1838 ipsorum
883 1754 1098 1817 barcas
1146 1755 1211 1815 et
1255 1752 1313 1815 in
1366 1771 1572 1816 eorum
1621 1752 1949 1829 districtu3
1998 1753 2272 1837 alioquin
2314 1754 2513 1837 jubet,
2561 1754 2723 1837 quod
2768 1756 3142 1819 mercatores
3188 1773 3296 1819 ve-

563 1847 690 1909 neti
737 1844 956 1906 exeant
997 1859 1140 1903 cum
1188 1841 1316 1902 suis
1364 1839 1540 1904 bonis
1591 1842 1664 1903 de
1712 1841 2000 1906 districtu
2044 1840 2276 1918 Catari,
2326 1843 2389 1905 et
2444 1842 2606 1924 qnod
2674 1842 3034 1924 capitaneus
3104 1842 3293 1907 vadat

560 1933 634 1997 ad
682 1931 888 2013 partes
936 1927 1144 1991 Catari
1190 1926 1266 1991 ad
1314 1926 1605 1993 levandos
1651 1929 1848 1992 dictos
1894 1933 2285 2006 mercatoreS,
2333 1930 2397 1994 et
2437 1930 2604 2012 ipsos
2649 1928 2952 1994 conducat
3013 1928 3091 1994 ad
3150 1947 3293 2012 par-

565 2023 676 2095 teS,
725 2016 833 2081 nbi
881 2017 1047 2079 stare
1093 2016 1333 2097 possint
1379 2017 1593 2080 securi.

650 2124 830 2184 Misti
879 2119 1170 2182 XXXIV
1219 2124 1318 2192 18,
1361 2141 1403 2182 u
1449 2124 1600 2185 m!et.
1649 2125 1887 2183 arkivu.

884 2344 1229 2428 CXCIV.
1285 2345 1495 2429 θοὰ.
1547 2346 1766 2429 1372.
1822 2346 1915 2427 27
1971 2346 2419 2448 kolovoza,
2469 2370 2528 2429 ιι
2581 2347 2973 2431 Mletcih.

565 2481 726 2565 Sazje
770 2507 832 2551 se
877 2489 1065 2562 mesto
1104 2490 1313 2561 oruija
1359 2491 1380 2546 i
1426 2489 1643 2564 druyih
1686 2492 1879 2549 stvari
1923 2506 1996 2548 za
2041 2491 2272 2550 obranu
2316 2490 2457 2551 onih
2490 2510 2573 2552 na
2624 2493 2801 2551 otoku
2847 2492 3091 2569 δαείην,
3140 2496 3297 2551 tamo

1558 2578 1881 2653 pri-bjeqlih
1926 2579 1982 2638 iz
2040 2578 2276 2639 Valone.

788 2699 971 2762 1372.
1020 2696 1118 2761 die
1165 2695 1408 2761 XXVII
1455 2700 1727 2781 augusti.
1792 2696 2138 2763 Consiliarii
2185 2701 2249 2762 et
2297 2700 2521 2782 capita.
2593 2697 2819 2781 Capta:
2882 2699 3030 2782 quia
3076 2699 3177 2765 illi
3223 2701 3298 2765 de

571 2789 831 2865 Valona,
880 2788 982 2868 qui
1034 2787 1179 2849 sunt
1224 2786 1462 2848 reducti
1511 2787 1584 2848 ad
1633 2784 1919 2861 Sasnnm,
1970 2786 2332 2851 iuraverunt
2388 2786 2756 2852 fidelitatem
2810 2787 3005 2864 nobis,
3070 2789 3138 2851 et
3198 2808 3271 2852 ve

570 2877 793 2946 nerunt
839 2876 913 2938 ad
961 2873 1374 2937 obedientiam
1422 2875 1718 2949 nostram,
1767 2874 1929 2938 sicut
1975 2874 2192 2938 scribit
2237 2873 2596 2957 capitaneus
2656 2876 2865 2940 noster
2924 2874 3171 2959 culphy,
3235 2876 3298 2940 et

572 2963 722 3045 ipsis
773 2963 918 3025 sunt
961 2962 1308 3025 necessaria
1352 2963 1520 3025 certa
1566 2959 1947 3026 furnimeuta
1993 2967 2055 3025 et
2100 2981 2197 3025 res
2246 2979 2354 3044 pro
2401 2961 2681 3026 custodia
2726 2965 2790 3027 et
2835 2964 3297 3028 conservacione

571 3067 717 3122 sua3
768 3049 940 3113 vadit
980 3066 1141 3129 pare,
1190 3049 1346 3129 quod
1397 3048 1697 3126 dominus,
1745 3049 2078 3113 consiliarii
2126 3051 2192 3112 et
2235 3050 2442 3130 capita
2509 3067 2583 3112 ac
2642 3049 2954 3133 sapientes
3013 3050 3297 3116 ordinum

574 3136 841 3200 habeant
881 3135 1233 3199 libertatem
1282 3155 1390 3216 per
1438 3136 1730 3200 maiorem
1778 3137 2019 3217 partem
2070 3136 2357 3201 mittendi
2405 3156 2522 3214 res,
2571 3154 2743 3201 arma
2804 3140 2865 3203 et
2922 3137 3297 3203 furnimenta

572 3223 884 3304 predictiS,
957 3226 1023 3285 et
1092 3222 1446 3302 providendi
1511 3225 1582 3285 de
1645 3224 1976 3287 securitate
2023 3241 2152 3300 sua,
2217 3225 2401 3307 prout
2446 3225 2561 3306 ipsi
2610 3225 2869 3310 collegio
2917 3227 3014 3291 vel
3077 3224 3292 3289 maiori

572 3313 734 3390 parti
777 3308 994 3372 utilius
1037 3309 1365 3373 videbitur.
1419 3311 1511 3373 De
1558 3311 1733 3392 parte
1780 3310 1908 3388 alii,
1959 3328 2077 3375 non
2124 3311 2185 3390 5,
2234 3330 2354 3375 non
2402 3312 2627 3377 sinceri
2676 3313 2736 3377 1.

658 3416 836 3474 Misti
880 3414 1170 3474 XXXIV
1213 3417 1319 3490 25,
1367 3435 1409 3474 u
1452 3418 1605 3477 mlet.
1656 3419 1889 3478 urle-ivn.

1002 3620 1311 3705 CXCV.
1377 3623 1582 3707 God.
1639 3624 1854 3707 1372.
1910 3625 1961 3706 8
2016 3627 2303 3727 ruina,
2357 3648 2416 3706 u
2473 3625 2862 3708 Mletcih.

983 3763 1032 3823 0
1077 3766 1270 3824 aaran
1313 3784 1394 3825 na
1440 3769 1664 3837 leovine,
1710 3767 1799 3826 §to
1844 3785 1917 3826 su
1964 3785 2026 3826 se
2070 3766 2331 3828 invadata
2376 3769 2434 3827 iz
2481 3767 2887 3827 Dubrovnika.

792 3885 977 3950 1372.
1051 3885 1383 3949 indictione
1454 3887 1562 3966 XI,
1632 3885 1731 3950 die
1777 3886 1930 3952 VIII
2000 3886 2396 3969 septembris.
2470 3886 2582 3952 Ser
2649 3885 2873 3951 Petrus
2936 3886 3304 3952 Mauroceno

577 3977 825 4057 sapiens
874 3972 1177 4037 ordinum.
1229 3971 1460 4054 Capta:
1510 3992 1651 4037 cum
1699 3973 1784 4038 sit
1830 3976 2094 4057 quedam
2142 3993 2286 4057 pars
2333 3975 2517 4056 capta
2584 3973 2650 4037 in
2711 3973 2943 4038 nostris
3010 3973 3302 4051 consiliis,

579 4062 732 4145 quod
781 4079 921 4124 cum
972 4059 1176 4140 aliquo
1225 4060 1467 4142 navigio
1516 4062 1755 4125 armato
1787 4065 1913 4125 ‘non
1964 4062 2202 4143 possint
2247 4060 2488 4126 extrahi
2552 4062 2627 4125 de
2682 4060 2848 4126 intra
2910 4059 3150 4126 culfum
3194 4079 3304 4144 pro

575 4148 871 4232 portando
921 4148 1094 4210 extra
1139 4145 1374 4209 culfum
1435 4145 1640 4228 alique
1702 4148 2129 4226 mercationes,
2185 4149 2436 4231 excepto
2498 4166 2644 4213 auro
2712 4151 2775 4213 et
2841 4149 3122 4232 argento,
3192 4167 3305 4232 que

577 4253 718 4316 pars
764 4236 945 4316 capta
983 4232 1101 4297 fuit
1144 4234 1391 4313 propter
1437 4233 1694 4298 metalla
1735 4235 1810 4298 de
1858 4233 2152 4316 Ragusio,
2202 4255 2319 4318 que
2366 4235 2801 4300 caricabantur
2842 4253 3026 4317 snper
3083 4235 3307 4300 nostris

578 4321 774 4402 galeis
822 4338 961 4383 cum
1010 4320 1278 4382 maximo
1325 4320 1549 4384 damno
1596 4321 1793 4385 nostri
1842 4322 2210 4400 communis,
2261 4324 2324 4386 et
2370 4322 2497 4387 sint
2542 4322 2754 4406 aliqui,
2803 4322 2908 4406 qui
2954 4323 3122 4387 dicta
3180 4342 3309 4386 me·

583 4406 738 4469 talla
784 4407 1181 4470 extraxerunt
1225 4407 1298 4470 de
1347 4407 1621 4491 Raguzio
1664 4410 1726 4473 et
1773 4410 2192 4474 conduxerunt
2238 4407 2421 4475 Corfu
2468 4411 2627 4475 etin
2660 4409 3027 4475 Romaniam
3060 4410 3309 4474 bassam

587 4509 697 4574 pro
743 4492 1066 4556 caricando
1113 4491 1248 4573 ipsa
1297 4513 1483 4576 super
1528 4496 1723 4578 galeis
1768 4515 1805 4560 a
1854 4498 2148 4575 mercat0,
2197 4496 2356 4579 quod
2406 4501 2569 4561 esset
2628 4500 2844 4562 contra
2898 4497 3311 4562 intencionem

593 4580 786 4654 terre3
835 4579 1009 4641 vadit
1053 4596 1217 4660 pars,
1268 4582 1422 4661 quod
1473 4600 1629 4646 nunc
1678 4584 1742 4648 et
1788 4582 1866 4649 de
1911 4584 2117 4647 cetero
2165 4586 2365 4649 totum
2407 4583 2736 4649 metallum
2782 4583 3116 4649 cuiuslibet
3170 4600 3314 4649 con-

586 4663 742 4727 dicio
766 4667 883 4739 nis,
932 4667 1177 4746 excepto
1223 4684 1369 4731 auro
1414 4670 1478 4731 et
1518 4672 1792 4751 argente,
1843 4669 2005 4756 quod
2052 4670 2423 4738 caricabitur
2468 4672 2642 4737 extra
2687 4669 2921 4738 culfum
2965 4689 3151 4754 super
3209 4688 3316 4735 no-
