3620 5282
515 299 648 363 302

518 491 737 555 scopus
784 474 1072 555 produxit
1120 493 1306 537 unam
1355 473 1809 539 concessionem
1846 473 2079 538 factam
2114 492 2225 537 suo
2259 473 2608 555 episcopatu
2654 493 2761 555 per
2808 473 3249 538 monasterium

520 561 745 625 Portus
794 560 952 625 Novi
1002 562 1075 624 de
1121 560 1378 625 Ancona
1425 561 1501 625 de
1549 580 1666 625 uno
1714 561 2089 639 monasterio
2136 562 2331 625 sancti
2382 560 2622 624 Nicolai
2671 561 2745 624 de
2795 560 3051 626 Sansico
3099 579 3238 625 cum

520 649 845 713 donatione
891 649 1075 730 plena
1121 650 1318 714 eidem
1368 648 1533 713 facta
1579 648 1654 712 de
1702 650 1923 713 insulis
1974 648 2261 713 Sataconi
2312 652 2375 712 et
2421 648 2605 726 Male,
2674 666 2833 730 que,
2883 654 2950 711 ut
3016 647 3244 712 dicitur

518 736 578 799 in
628 736 763 817 ipsa
810 737 1220 814 concessione,
1271 738 1665 818 pertinebant
1711 738 1786 801 ad
1836 737 2075 801 dictum
2135 737 2619 813 monasterium,
2686 735 2853 800 alind
2921 754 3039 799 non
3105 753 3245 818 pro-

521 825 663 896 bat;
711 824 902 887 abbas
946 822 1171 906 probat
1213 844 1279 887 se
1326 825 1675 907 possedisse
1724 824 2058 889 millesimo
2102 824 2536 889 tercentesimo
2604 824 2924 907 trigesimo
2973 841 3131 886 nono
3179 823 3250 886 de

517 930 728 976 mense
774 911 914 983 iulii
955 915 1017 976 et
1063 931 1135 976 ex
1184 915 1336 976 tunc
1384 932 1575 994 usque
1623 914 1696 977 ad
1767 914 2011 994 tempus
2061 912 2246 977 istud.
2313 908 2492 977 Circa
2556 912 2677 975 ista.
2742 912 2832 975 sic
2894 910 3147 975 confuse
3190 913 3253 975 et

517 999 993 1064 contradictorie
1040 1000 1301 1082 probata
1347 999 1539 1064 faciat
1584 1005 1786 1065 vestra
1833 1000 2191 1077 dominatio,
2240 1002 2309 1063 ut
2353 1001 2589 1064 iustum
2647 998 2931 1082 putabit,
2999 999 3106 1063 sed
3154 1017 3249 1062 re·
3367 1047 3372 1053 .

486 1088 671 1169 puto
718 1086 971 1151 difficile
1020 1087 1172 1152 bene
1220 1107 1464 1153 cernere
1514 1107 1747 1165 verum,
1798 1087 1919 1152 nisi
1968 1089 2080 1152 fiat
2110 1088 2481 1152 examinatio
2528 1087 2589 1150 in
2641 1089 2772 1170 ipso
2805 1085 2958 1165 loc0‚
3007 1086 3115 1151 ubi
3141 1105 3251 1169 per

521 1175 756 1238 limites
802 1174 1087 1256 antiquos
1139 1178 1202 1239 et
1247 1195 1354 1257 per
1400 1174 1681 1240 homines
1714 1176 2002 1239 continue
2051 1176 2284 1240 incolas
2313 1173 2906 1258 veritasapparebit.
2960 1174 3248 1238 Vestram

523 1262 1003 1327 dominationem
1052 1263 1114 1327 in
1160 1281 1447 1345 prospero
1496 1266 1666 1328 statu
1717 1264 2039 1328 conservet
2084 1263 2449 1342 altissimus,
2502 1266 2574 1327 ut
2619 1263 2872 1345 optatis,

608 1351 1178 1413 Commemorialium
1236 1354 1298 1412 V.
1349 1357 1450 1422 82,
1498 1373 1541 1413 u
1585 1355 1931 1414 mletadkom
1977 1354 2208 1413 arkivu.

783 1539 1346 1624 CCCCXLIV.
1428 1542 1611 1626 eod
1667 1542 1896 1627 1356.
1952 1544 2008 1624 4
2061 1540 2415 1643 sicema,
2469 1566 2530 1625 u
2583 1540 2975 1623 materh.

520 1667 875 1740 Dozvoljeno
921 1668 1203 1741 njekojim
1248 1671 1667 1747 najmenikom,
1716 1670 1903 1814 ‘³2⁸⁶
1949 1669 2162 1814 sdkruie
2207 1685 2238 1726 s
2282 1668 2654 1727 n-acelnikom
2697 1668 2894 1740 vojske
2939 1667 3255 1726 odlazeoim

1682 1775 1723 1815 u
1835 1762 2000 1816 rvats
2044 1776 2100 1814 u.

738 1858 921 1923 1355.
970 1858 1070 1922 die
1120 1859 1209 1923 IV
1257 1860 1537 1935 ianuarii,
1589 1862 1806 1942 capta:
1853 1859 2012 1943 quod
2060 1860 2428 1923 concedatur
2484 1858 2621 1923 istis
2669 1858 2867 1922 tribus
2916 1855 3255 1940 stipendia-

404 1956 468 2027 ὡς
520 1946 628 2009 riis
679 1946 905 2010 uostris
953 1946 1346 2029 equestribus
1393 1946 1677 2023 Tarvisii,
1731 1949 1894 2028 quod
1921 1948 2162 2029 possint
2207 1946 2296 2010 ire
2344 1965 2484 2010 cum
2520 1946 2721 2010 nobile
2756 1946 2886 2009 viro
2920 1945 3250 2009 Laurentio

521 2032 683 2098 Celsi
731 2034 894 2097 ituro
938 2038 1146 2098 nostro
1194 2034 1515 2116 capitaneo
1564 2035 1907 2111 Sclavonie,
1961 2035 2333 2098 dimittendo
2381 2052 2668 2116 personas
2702 2032 3079 2098 sufficientes
3113 2032 3250 2095 loco

519 2122 616 2185 sui
661 2120 739 2184 ad
787 2122 1173 2185 serviendum
1223 2140 1434 2185 eorum
1484 2124 1690 2204 portas
1741 2122 1819 2186 ad
1888 2122 2308 2205 beneplacitus
2371 2122 2701 2204 potestatis
2765 2139 2956 2202 usque
3021 2120 3098 2183 ad
3149 2139 3246 2183 re-

519 2207 724 2272 ditum
773 2226 1006 2284 eorum,
1056 2209 1381 2273 reservatis
1428 2209 1547 2272 sibi
1595 2228 1806 2273 eorum
1853 2211 2068 2293 postis.
2139 2209 2409 2274 Nomina
2443 2228 2654 2274 eorum
2700 2210 2883 2273 sunt:
2933 2207 3241 2272 Lancinus

517 2295 593 2360 de
639 2296 854 2378 Regio,
904 2295 1195 2360 Guecello
1242 2296 1321 2360 de
1371 2296 1433 2360 la
1480 2295 1686 2375 Frata,
1738 2298 1970 2381 Symon
2018 2295 2293 2362 Sclavus.

606 2385 788 2445 Misti
828 2384 1110 2446 XXVII.
1163 2388 1264 2456 52,
1311 2404 1353 2444 u
1399 2389 1617 2445 arkivu
1661 2388 2021 2447 mletaaekom.

801 2556 1320 2639 CCCCXLV.
1387 2558 1594 2641 God.
1649 2559 1878 2645 1356.
1935 2560 1986 2641 9
2042 2558 2399 2661 Siebnja,
2458 2582 2516 2641 u
2571 2559 2965 2641 Mletcih.

521 2684 862 2759 Zapovieda
909 2700 971 2744 se
1012 2686 1422 2759 pomorskomu
1469 2688 1788 2759 kapetanu,
1838 2687 1934 2756 da,
1997 2687 2108 2745 ako
2150 2705 2230 2760 qa
2277 2688 2515 2746 netreba
2575 2704 2616 2744 u
2662 2685 3021 2758 Dalmat—255,
3082 2685 3254 2758 dodye

1522 2792 1553 2833 s
1592 2777 1869 2849 yalijami
1911 2793 1953 2833 u
1997 2775 2238 2833 Mletke.

733 2876 921 2943 1355.
968 2876 1067 2942 die
1115 2878 1204 2942 IX
1251 2877 1535 2956 ianuarii,
1585 2881 1801 2960 capta:
1863 2879 2022 2961 quod
2085 2878 2392 2942 scribatur
2442 2879 2648 2942 nostro
2695 2875 3012 2957 capitaneo
3060 2893 3244 2957 gene-

404 2977 433 3024 x
522 2964 638 3030 rali
676 2965 866 3030 maris
913 2967 982 3030 et
1027 2965 1398 3030 consiliariis
1439 2966 1568 3030 suis
1618 2970 1682 3029 et
1723 2968 2045 3048 capitaneo
2099 2965 2427 3047 pasinatici
2494 2965 2852 3041 Sclavonie,
2899 2962 3059 3044 quod
3108 2980 3248 3026 cum

520 3053 657 3137 ipsa
703 3059 944 3117 armata
994 3055 1119 3117 stet
1165 3053 1246 3117 ibi
1303 3073 1443 3117 cum
1494 3073 1715 3136 magno
1762 3054 2014 3118 sinistro
2039 3054 2359 3117 hominum
2407 3056 2470 3117 et
2517 3070 2813 3135 expensas
2841 3051 3035 3114 nostri
3086 3068 3251 3114 com-

529 3140 754 3217 muniS,
805 3145 868 3203 et
917 3159 1255 3222 speremus,
1307 3141 1468 3222 quod
1518 3160 1658 3205 cum
1705 3141 1894 3224 lignis
1940 3141 2088 3205 illuc
2133 3140 2342 3205 missis
2385 3160 2494 3225 per
2541 3160 2648 3205 nos
2681 3141 2890 3220 etque
2924 3139 3249 3202 mittentur

526 3246 632 3309 per
677 3226 933 3291 Jadram
982 3230 1045 3289 et
1090 3226 1251 3290 alias
1298 3231 1496 3291 terras
1562 3231 1803 3292 nostras
1869 3229 2002 3292 fieri
2066 3228 2293 3309 poterit
2355 3228 2768 3303 sufficienter,
2833 3225 3000 3309 quod
3064 3224 3250 3290 fuerit

526 3313 894 3390 faciendum,
947 3314 1249 3389 volumus,
1301 3314 1458 3396 quod
1507 3315 1626 3380 nisi
1675 3315 1844 3379 aliud
1891 3320 2055 3379 essct
2092 3316 2166 3379 de
2210 3335 2406 3393 novo,
2472 3335 2579 3397 per
2627 3314 2783 3397 quod
2831 3313 3114 3378 omnibus
3162 3314 3251 3378 eis

524 3401 624 3466 vel
676 3400 892 3464 maiori
938 3401 1099 3482 parti
1152 3400 1483 3477 videretur,
1534 3404 1689 3484 quod
1736 3421 1909 3466 mora
1958 3404 2231 3484 ipsarum
2280 3403 2596 3487 galearum
2649 3402 2742 3468 vel
2791 3401 2986 3484 partis
3036 3419 3250 3465 earum

531 3490 697 3554 esset
746 3489 829 3553 ibi
880 3489 1279 3563 neccessarie,
1325 3488 1549 3554 debeat
1593 3509 1732 3554 cum
1776 3489 1959 3554 dictis
2007 3491 2203 3573 galeis
2247 3492 2538 3557 Venetias
2588 3509 2880 3555 remeare.

611 3580 791 3638 Misti
840 3578 1124 3637 XXVII.
1175 3581 1276 3648 53,
1324 3598 1366 3638 u
1412 3582 1629 3640 arkivu
1672 3582 2030 3641 mletadkom.

1334 3753 1895 3835 ccchLvl.
1952 3755 2156 3837 God.
2213 3753 2439 3837 1356.

1095 3879 1371 3940 Predlozi
1412 3877 1690 3954 kn-eyinye
1736 3881 1921 3939 kriste
1965 3898 2040 3940 za
2086 3882 2296 3954 odstup
2342 3880 2669 3941 skradma.

738 3983 1027 4067 Capitula
1073 3984 1138 4047 et
1175 3982 1505 4066 petitiones
1559 3984 1876 4048 comitisse
1918 3982 2126 4048 Clissii
2174 4002 2284 4066 pro
2333 3984 2493 4048 facto
2529 3983 2855 4061 Scardone,
2904 3982 3058 4046 alias
3089 3982 3256 4047 facte·

523 4072 716 4137 nobili
765 4072 895 4136 viro
943 4071 1202 4152 Mapheo
1243 4070 1456 4153 Aijmo
1502 4071 1796 4154 provisori
1845 4072 1908 4135 in
1959 4071 2237 4154 partibus
2284 4070 2607 4135 Sclavonie
2656 4070 2905 4153 (1355).

735 4159 985 4224 Primo:
1051 4159 1214 4242 quod
1277 4159 1475 4223 dando
1539 4161 1814 4224 castrum
1883 4160 2186 4225 Scardone
2248 4177 2389 4223 cum
2453 4177 2594 4223 roca
2641 4160 2704 4222 et
2750 4157 2890 4222 aliis
2937 4156 3243 4222 fortilitiis

525 4247 654 4309 suis
699 4245 892 4311 libere
957 4246 1021 4310 in
1090 4246 1374 4312 manibus
1434 4247 1869 4312 dominationis
1927 4246 2193 4325 ducalis,
2260 4265 2451 4328 usque
2516 4246 2590 4310 ad
2651 4245 2991 4310 terminum
3037 4246 3247 4308 decem

525 4349 825 4396 annorum
875 4336 1098 4398 dentur
1145 4334 1199 4398 ei
1241 4334 1398 4397 libre
1477 4335 1742 4418 triginta
1802 4334 2004 4399 millia
2063 4353 2426 4416 parvorum,
2490 4332 2775 4397 videlicet
2837 4332 3136 4397 medietas
3183 4329 3247 4393 in

527 4436 744 4481 manus
791 4438 934 4485 suas
983 4424 1046 4485 et
1091 4421 1217 4484 alia
1264 4423 1560 4486 medietas
1608 4424 1925 4487 remaneat
1972 4422 2128 4505 apud
2172 4421 2651 4485 dominationem
2701 4421 2978 4485 ducalem
3009 4418 3086 4481 ad
3121 4417 3246 4480 uti-

525 4504 774 4568 litatem
831 4506 1029 4589 ipsius
1075 4508 1319 4572 domine
1363 4511 1427 4572 et
1472 4509 1585 4573 filii
1629 4528 1699 4574 eo
1750 4510 1947 4587 mod0,
2019 4508 2179 4592 quod
2226 4508 2508 4590 deposita
2552 4510 2650 4572 est
2693 4508 2951 4589 pecunia
2996 4503 3242 4570 comitis

525 4590 801 4670 Joannis,
850 4611 993 4657 cum
1040 4595 1446 4673 condictione,
1492 4598 1649 4678 quod
1702 4597 1764 4659 in
1812 4597 1932 4661 fine
1965 4596 2269 4660 dictorum
2295 4598 2506 4660 decem
2553 4613 2855 4659 annorum
2903 4592 3241 4658 dominatio

525 4680 811 4750 teneatur
858 4680 1057 4747 eidem
1108 4700 1216 4746 seu
1262 4681 1391 4746 filio
1437 4684 1763 4749 restituere
1809 4684 2047 4749 dictum
2110 4684 2383 4748 castrum
2437 4702 2578 4749 cum
2622 4682 2860 4747 iuribus
2906 4683 3078 4765 suis,
3144 4699 3242 4747 re-

2031 4855 2076 4878 h..
