3620 5282
501 318 633 383 290

502 492 666 576 quod
710 490 829 555 ibit
873 491 951 553 ad
996 489 1310 553 dominum
1358 488 1609 564 bannm,
1653 492 1716 552 et
1762 487 1923 570 quod
1982 488 2210 552 rediret
2256 489 2475 552 iterato
2540 489 2613 551 ad
2676 489 2882 569 partes
2921 488 3115 564 istae,
3167 491 3231 552 et

502 578 665 663 quod
712 577 1020 642 ordinaret
1064 578 1391 658 treuguam
1439 575 1796 656 predictam,
1852 577 2113 658 rogabat
2162 596 2297 653 ine,
2346 578 2415 639 ut
2479 576 2531 639 si
2596 575 2796 639 dictus
2866 577 3057 639 banus
3124 595 3228 638 no-

502 666 591 731 let
636 665 817 730 modo
866 667 1212 747 treuguam,
1266 663 1581 726 dimittere
1624 664 1888 745 priorem
1941 665 2202 736 Anrane,
2274 664 2428 746 quod
2493 661 2850 726 inclinarem
2916 664 2990 727 ad
3041 663 3226 728 istud.

500 754 678 820 Unde
726 756 927 819 vestre
975 752 1377 817 dominationi
1424 751 1733 833 significo,
1798 751 1954 832 quod
2006 754 2054 814 si
2118 755 2380 833 treugua
2429 752 2559 815 fieri
2625 751 2890 833 poterit,
2963 770 3069 834 pro
3116 751 3228 815 hoc

502 862 621 907 non
670 841 1029 918 remanebit,
1080 843 1144 903 et
1187 840 1298 903 hec
1346 838 1585 914 faciam,
1637 844 1705 902 ut
1751 838 1905 901 alias
1955 840 2215 920 scripsi,
2282 842 2352 903 ut
2416 838 2696 902 homines
2764 842 3064 902 terrarum
3132 860 3233 902 ve-

499 934 770 995 strarum
818 928 1007 993 Jadre
1054 929 1118 992 et
1165 926 1335 991 None
1383 926 1618 1008 possint
1670 928 1756 989 ire
1818 931 1988 990 extra
2050 929 2126 990 ad
2180 925 2503 990 videndum
2568 926 2642 989 de
2709 923 2893 991 factis
2957 928 3103 1002 sum,
3170 930 3234 991 et

499 1037 621 1084 non
662 1017 805 1101 quia
851 1017 1104 1080 timeam
1149 1016 1222 1078 de
1269 1015 1419 1096 ipsis
1468 1013 1561 1078 vel
1609 1014 1752 1096 quia
1797 1015 2212 1078 necessarium
2261 1015 2344 1077 sit
2386 1033 2492 1094 pro
2543 1014 2911 1077 victualibus
2960 1015 3054 1077 vel
3107 1014 3232 1079 alia

499 1105 575 1170 de
624 1122 830 1170 causa.
884 1104 1171 1168 Preterea
1218 1103 1421 1166 dictus
1472 1120 1676 1166 comes
1726 1121 1832 1184 per
1877 1103 2121 1166 litteras
2167 1101 2317 1165 mihi
2342 1101 2492 1166 fecit
2525 1101 2643 1165 dici
2694 1104 2757 1164 et
2801 1102 2991 1166 etiam
3027 1102 3221 1184 scrip-

501 1195 602 1271 sit,
650 1192 811 1276 quod
862 1192 990 1274 ipse
1037 1191 1302 1255 libenter
1349 1192 1651 1254 tractaret
1710 1190 2152 1271 perpetualiter
2212 1192 2536 1272 treuguam
2600 1192 2663 1253 et
2724 1189 3010 1253 unionem
3069 1191 3230 1254 inter

499 1281 819 1346 dominum
870 1298 1075 1362 regem
1127 1281 1189 1341 et
1229 1277 1711 1341 dominationem
1762 1281 2052 1354 vestram,
2104 1278 2294 1341 etiam
2334 1279 2383 1340 si
2429 1296 2570 1341 eum
2615 1277 2958 1358 oportuerit
3018 1297 3228 1359 perso-

500 1369 726 1435 naliter
773 1368 860 1431 ire
908 1366 983 1430 ad
1030 1366 1345 1430 dominum
1395 1384 1625 1448 regem,
1679 1365 1950 1441 dicendo,
2003 1367 2159 1446 quod
2211 1365 2323 1428 hoc
2373 1364 2605 1428 faceret
2633 1369 2877 1445 propter
2925 1384 3224 1442 amorem,

501 1477 687 1540 quem
734 1455 925 1519 habet
971 1474 1119 1537 erga
1162 1452 1379 1518 ducale
1421 1452 1784 1527 dominium,
1841 1472 1957 1516 non
2007 1453 2311 1534 parcendo
2360 1452 2675 1517 laboribus
2723 1455 2786 1515 et
2832 1453 3140 1532 expensiS,
3166 1458 3229 1516 et

501 1544 665 1627 quod
713 1544 776 1607 in
826 1542 1025 1607 reditu
1074 1560 1181 1605 suo
1230 1562 1264 1605 a
1317 1543 1469 1605 bano
1526 1541 1687 1604 velet
1751 1540 2016 1603 libenter
2079 1542 2299 1603 iterum
2364 1540 2534 1622 loqui
2598 1539 2785 1615 mihi,
2852 1540 3223 1622 ubicumque

499 1631 652 1695 mihi
702 1631 1024 1714 placuerit.
1076 1629 1338 1693 Domine
1390 1629 1491 1706 mi,
1542 1629 1669 1704 hec,
1723 1647 1837 1709 que
1887 1628 2105 1691 scribit
2146 1632 2211 1691 et
2256 1628 2409 1694 dicit
2434 1646 2637 1692 comes
2664 1627 3016 1708 Gregorius,
3050 1647 3231 1711 yma-

422 1780 427 1785 ,
499 1721 696 1803 ginor,
745 1717 908 1800 quod
956 1718 1230 1800 procedit
1274 1737 1311 1780 a
1357 1717 1616 1780 duarum
1668 1733 2012 1791 causarum,
2061 1735 2197 1790 una,
2250 1715 2345 1779 vel
2392 1717 2535 1798 quia
2580 1716 2732 1778 velit
2778 1734 2873 1779 me
2922 1718 3127 1780 tenere
3163 1717 3223 1779 in

496 1808 700 1873 verbis
747 1824 924 1882 nunc,
973 1806 1117 1888 quia
1163 1823 1375 1869 omnes
1416 1804 1701 1885 Hungari
1748 1807 1810 1865 et
1857 1802 2065 1867 Sclavi
2115 1803 2484 1867 reduxerunt
2517 1822 2581 1866 se
2617 1802 2941 1885 Clipsium,
2994 1804 3223 1867 timens

498 1914 573 1959 ne
622 1895 696 1959 de
742 1892 883 1958 binc
932 1895 984 1956 ei
1033 1893 1292 1956 inferam
1345 1891 1703 1965 novitatem,
1757 1892 1854 1954 vel
1902 1893 2044 1974 quia
2089 1891 2245 1954 forte
2304 1891 2536 1972 aliquid
2586 1892 2782 1954 sensit
2829 1909 2866 1952 a
2913 1891 3073 1955 bano
3124 1891 3218 1954 vel

497 2002 605 2065 per
650 1981 839 2046 alium
888 1982 1140 2045 modum
1187 1980 1261 2043 de
1309 1979 1646 2043 intentione
1695 1979 1922 2042 domini
1975 1980 2152 2061 regis.
2205 1977 2320 2042 Sed
2368 1978 2634 2062 qualiter
2678 1979 2962 2061 omnique
3012 1998 3107 2042 res
3157 1997 3221 2041 se

496 2070 748 2147 habent,
796 2088 885 2145 ea,
935 2087 1051 2151 que
1094 2068 1309 2143 sentio,
1359 2068 1565 2131 vestro
1615 2067 1884 2130 dominio
1934 2067 2098 2131 volui
2148 2066 2456 2143 denotare,
2505 2069 2570 2129 et
2616 2068 2664 2129 si
2732 2066 3007 2148 placebit
3051 2067 3224 2130 vobis

498 2157 654 2221 mihi
701 2157 1046 2233 comittere,
1096 2156 1258 2237 quod
1305 2153 1539 2237 aliquid
1586 2153 1751 2217 dicto
1792 2154 2003 2218 comiti
2055 2155 2277 2230 dicam,
2329 2153 2704 2236 precipiatiS,
2748 2158 2817 2217 ut
2865 2154 3106 2236 placet;
3161 2158 3225 2218 et

496 2245 549 2309 si
592 2246 719 2328 ipse
768 2243 936 2308 aliud
983 2245 1056 2307 de
1102 2261 1254 2306 novo
1302 2241 1453 2305 mibi
1501 2242 1884 2306 denotaverit
1934 2242 2025 2305 vel
2075 2240 2313 2319 dixerit,
2352 2241 2811 2323 magnificentie
2874 2246 3076 2309 vestre
3135 2242 3227 2304 in-

498 2332 744 2397 sinuare
790 2332 1036 2395 curabo,
1464 2380 1479 2386 -

705 2419 928 2482 Vester
968 2419 1192 2481 Petrus
1241 2418 1597 2494 Baduarius,
1648 2417 1827 2480 miles
1872 2418 1946 2480 de
1996 2420 2196 2481 vestro
2245 2418 2535 2481 mandato
2598 2435 2802 2481 comes
2868 2420 2930 2481 et
2991 2417 3226 2501 capita-

494 2526 646 2573 neus
691 2506 900 2571 Jadre.
952 2506 1182 2569 Datum
1231 2504 1420 2569 Jadre
1468 2504 1566 2568 die
1614 2505 1728 2568 XV
1777 2506 2143 2568 decembris

583 2598 864 2659 lavornik
909 2613 993 2655 na
1036 2597 1258 2670 papiru
1307 2614 1348 2654 u
1394 2596 1610 2654 arkivu
1654 2596 2013 2655 mletac'lcom.

696 2783 1352 2867 ccccxxxlu.
1416 2783 1623 2866 God.
1679 2783 1904 2868 1355.
1959 2787 2058 2867 16
2114 2787 2545 2885 prosince,
2625 2808 2682 2866 u
2735 2785 3040 2867 Zadru.

497 2914 797 2972 Zadarski
843 2913 988 2971 knez
1026 2910 1170 2983 pise,
1212 2911 1364 2969 kalro
1411 2929 1511 2967 mu
1559 2910 1791 2968 Ραὶαπί
1838 2911 2138 2969 uzkratise
2185 2912 2388 2969 vesala
2430 2929 2504 2971 za
2544 2913 2738 2985 yalijzc
2763 2956 2776 2980 ‚
2830 2912 2853 2969 i
2898 2912 3049 2969 kako
3113 2929 3224 2969 na-

499 3003 658 3074 stvji,
706 3001 786 3058 da
826 3000 1006 3072 pmii
1048 2998 1357 3057 Skradzfnu
1403 2999 1679 3071 vojmdku
1716 3000 1938 3070 pomo&
2009 2985 2170 3057 Zelio
2217 3000 2293 3074 bi,
2342 3000 2423 3057 da
2467 3001 2577 3057 cim
2613 3000 2776 3072 prije
2816 2999 2986 3072 dodje
3030 2999 3224 3057 wacel-

484 3123 491 3130 -
1235 3087 1340 3144 nik
1386 3087 1581 3158 vojske
1621 3087 1981 3158 opt-edieljen
2025 3104 2099 3144 za
2145 3087 2474 3145 Hrvatsku.

707 3204 1117 3271 Serenissimo
1158 3204 1402 3270 domino
1450 3224 1578 3281 sue,
1628 3206 1873 3269 domino
1905 3205 2175 3271 Johanni
2219 3205 2581 3282 GradonicO,
2631 3207 2726 3272 dei
2777 3207 2986 3289 gracia
3027 3207 3226 3270 Vene-

497 3295 753 3369 ciarum,
805 3292 1121 3355 Dalmacie
1170 3295 1356 3373 atque
1399 3292 1690 3358 Crohacie
1739 3294 1899 3367 duci,
1950 3294 2311 3375 dominoque
2380 3298 2596 3378 quarte
2636 3296 2831 3378 partis
2878 3298 2941 3358 et
2972 3295 3224 3359 dimidie

504 3383 696 3446 totius
745 3380 985 3461 imperii
1033 3380 1347 3442 Roma-nie.
1401 3380 1803 3445 Serenissime
1844 3381 2085 3444 domine
2136 3383 2240 3445 mi.
2290 3381 2520 3465 Scripsi
2553 3383 2783 3466 pluries
2813 3382 3219 3447 dominationi

501 3471 732 3544 vestre,
782 3467 943 3548 quod
992 3484 1293 3529 armarem
1342 3467 1583 3551 galeam
1632 3468 1841 3545 Jadre,
1914 3471 1977 3532 et
2017 3488 2149 3533 eam
2201 3471 2513 3534 mitterem
2562 3472 2637 3535 ad
2685 3474 2890 3552 partes
2936 3471 3223 3553 Tragurii

505 3561 576 3622 et
626 3554 863 3639 Spaleti
911 3573 1019 3637 pro
1070 3555 1229 3619 facto
1271 3553 1512 3636 Clipsii,
1563 3558 1635 3619 de
1674 3576 1791 3638 quo
1839 3556 2162 3633 scrivistiS,
2213 3563 2275 3621 et
2323 3557 2480 3639 quod
2544 3558 2708 3622 aliud
2773 3576 2891 3621 non
2939 3564 3224 3641 expecta-

502 3647 668 3713 bam.
719 3643 836 3707 nisi
887 3644 1046 3726 quod
1098 3643 1376 3707 venirent
1425 3644 1574 3707 mihi
1625 3648 1778 3707 remi
1825 3645 1952 3723 LX,
1994 3663 2141 3726 quos
2185 3645 2619 3728 requisiveram
2683 3644 2936 3710 comodo
2979 3647 3056 3710 ab
3099 3647 3225 3711 illis

500 3733 577 3799 de
627 3733 818 3815 Pago.
869 3730 1048 3794 Nunc
1097 3732 1415 3795 serenitati
1465 3734 1668 3795 vestre
1717 3733 1985 3810 notificO,
2034 3734 2188 3815 quod
2238 3733 2438 3814 posita
2487 3735 2658 3814 parte
2706 3734 2768 3797 in
2815 3734 3068 3799 consilio
3116 3754 3225 3817 pa-

501 3822 787 3906 gensium
836 3821 907 3884 de
954 3819 1368 3883 acomodando
1419 3819 1567 3882 mihi
1620 3839 1819 3885 remos
1867 3819 2191 3901 predictos,
2241 3823 2493 3903 captum
2519 3821 2638 3884 fuit
2661 3822 2735 3886 de
2775 3840 2928 3896 non3
2978 3825 3042 3886 et
3074 3823 3225 3887 bene

502 3910 952 3992 scripseramus
1001 3907 1089 3969 eis
1132 3926 1404 3970 causam.
1470 3926 1659 3987 quare
1722 3908 1889 3989 ipsos
1952 3908 2262 3980 volebam,
2310 3927 2484 3985 cum,
2535 3927 2653 3973 non
2711 3909 2992 3974 habendo
3039 3911 3224 3993 ipsoS‚

497 3996 734 4061 dictam
782 3995 1026 4080 galeam
1077 4013 1318 4059 armare
1364 4013 1479 4058 non
1522 3996 1711 4076 potui.
1762 3996 2019 4077 Insuper
2067 3996 2386 4060 serenitati
2451 4001 2648 4061 vestre
2697 3997 2980 4075 notifico,
3044 3998 3220 4082 quod,

497 4084 644 4148 dum
687 4102 893 4148 comes
942 4081 1211 4146 Sibenici
1261 4084 1610 4166 scripsisset
1671 4083 1842 4157 mihi,
1909 4083 2066 4166 quod
2134 4102 2243 4167 pro
2311 4085 2502 4168 burgo
2558 4084 2864 4150 Scardone
2914 4086 3224 4150 mitterem

504 4172 654 4235 duas
702 4170 1029 4235 banderias
1074 4170 1376 4251 peditum,
1426 4172 1639 4235 nolens
1680 4171 2008 4235 dis-sumne
2056 4171 2350 4251 Jadram,
2417 4173 2575 4238 sicut
2620 4173 3073 4255 magnificentie
3122 4193 3225 4238 ve-

499 4260 625 4322 stre
674 4258 915 4340 scripsi,
964 4257 1398 4340 stipendiarios
1447 4261 1693 4323 mittere
1744 4259 1930 4337 nolui,
1981 4260 2086 4324 sed
2135 4260 2277 4324 misi
2326 4260 2404 4323 ad
2452 4264 2661 4342 partes
2711 4261 2852 4324 illas
2901 4259 3037 4325 XX.
3107 4261 3219 4326 Ja-

499 4345 807 4408 drensium
854 4364 993 4408 cum
1043 4364 1162 4408 uno
1206 4347 1362 4409 bono
1401 4348 1624 4428 capite,
1673 4347 1775 4428 qui
1825 4347 1976 4410 civis
2027 4351 2227 4410 voster
2274 4350 2408 4424 est,
2475 4350 2540 4412 et
2603 4367 2844 4432 semper
2905 4349 3225 4413 consuevit

500 4449 634 4495 esse
681 4433 1103 4496 comestabilis
1152 4435 1454 4515 pedestre.
1505 4431 1725 4500 Comes
1775 4452 1915 4497 vero
1964 4432 2229 4498 Sibenici
2278 4436 2343 4498 et
2387 4453 2486 4498 ser
2534 4435 2838 4521 Mapbeus
2887 4434 3224 4501 Contareno

499 4517 775 4601 provisor
820 4537 922 4583 eos
971 4519 1342 4585 remiserunt
1386 4519 1661 4597 Jadram,
1711 4521 2004 4597 dicentes,
2055 4520 2213 4602 quod
2261 4521 2336 4585 de
2383 4521 2474 4588 eis
2509 4542 2626 4588 non
2660 4524 3064 4590 confidebant.
3097 4526 3225 4589 Do-

500 4606 664 4670 mine
711 4607 817 4683 mi,
865 4605 1217 4684 Jadrense8‚
1268 4626 1417 4690 quos
1467 4610 1753 4672 miseram
1802 4608 1970 4685 illuc,
2020 4608 2250 4673 habent
2320 4628 2534 4676 omnes
2585 4632 2794 4678 uxores
2842 4618 2905 4676 et
2951 4611 3110 4675 filios
3158 4615 3225 4677 et

500 4694 724 4762 bonam
773 4692 1220 4757 condictionem
1271 4696 1331 4759 in
1377 4694 1590 4774 Jadra,
1646 4697 1708 4759 et
1767 4695 1924 4778 elegi
1989 4715 2091 4760 eos
2155 4697 2320 4762 inter
2380 4698 2555 4781 illos,
2620 4700 2694 4764 de
2741 4692 2961 4786 quibus
3011 4699 3213 4786 magis
