3620 5282
2267 335 2294 355 U

481 367 605 433 162

473 545 666 608 siosse
710 544 965 621 remota,
1015 545 1342 608 teneantur
1385 543 1485 608 die
1532 543 1676 608 lune
1722 544 2000 626 proximo
2047 545 2191 607 ante
2238 544 2494 607 terciam
2543 541 2617 606 de
2665 541 2948 605 Veneciis
2998 560 3202 607 recce-

475 631 625 711 sine,
671 635 735 696 et
780 631 1011 696 directe
1061 631 1148 694 irc
1196 631 1272 695 ad
1322 632 1485 696 viam
1533 651 1706 696 suam
1753 634 1866 696 sub
1915 632 2089 714 penis
2135 630 2436 696 ordinatis
2485 648 2591 712 per
2637 629 2823 693 aliam
2873 632 3135 712 partem.

685 719 920 801 Capta:
968 721 1125 802 quod
1170 719 1602 784 committatur
1656 720 2158 784 ambaxatoribus
2208 718 2432 783 nostris
2501 718 2681 782 ituris
2727 717 2806 781 ad
2854 718 3055 800 ipsum
3107 718 3213 782 do-

474 807 713 872 minum
762 826 989 890 regem,
1038 807 1199 889 quod
1248 825 1366 870 non
1413 808 1800 890 impediendo
1849 810 2173 891 propterea
2218 806 2388 872 facta
2421 805 2787 889 principalia
2835 804 3210 881 ambaxiate,

475 895 716 978 quando
764 896 853 959 eis
896 894 1206 959 videbitur
1251 896 1494 973 melius,
1544 894 1812 959 debeant
1871 896 2368 960 recommendare
2417 895 2580 958 dicto
2642 893 2889 958 domino
2959 895 3090 975 regi
3136 893 3211 957 li-

476 983 853 1048 berationem
903 983 1127 1047 nobilis
1175 984 1292 1047 viri
1338 1002 1437 1048 ser
1484 983 1904 1047 Francischini
1960 984 2311 1049 Justiniano
2360 982 2474 1046 filii
2516 1000 2617 1045 ser
2664 981 2880 1058 Marci,
2927 986 2990 1045 et
3037 981 3201 1046 circa

473 1090 615 1136 eam
662 1090 982 1153 procurare
1029 1071 1092 1136 id
1142 1071 1301 1148 boni,
1354 1072 1512 1154 quod
1561 1074 1852 1152 poterunt
1899 1090 2036 1135 cum
2064 1069 2292 1136 honore
2340 1074 2551 1134 nostro
2601 1072 2663 1133 et
2711 1069 2841 1134 sine
2867 1069 3206 1152 preiudicio

476 1160 574 1224 vel
621 1159 874 1223 sinistro
922 1159 1313 1241 negociorum
1357 1162 1724 1238 nostrorum,
1779 1162 1846 1223 ut
1893 1159 2125 1223 dictum
2175 1162 2290 1224 est.

684 1247 861 1311 Facti
908 1247 1158 1311 fuerunt
1203 1247 1439 1330 syndici
1489 1248 1725 1311 nobiles
1774 1248 1890 1310 viri
1943 1268 2040 1311 ser
2093 1247 2410 1313 ,Iohannes
2454 1245 2844 1323 GradonicO,
2914 1244 3211 1309 Nicolaus

475 1335 705 1412 Pisani,
755 1337 818 1398 et
866 1334 1207 1418 Phylippus
1255 1333 1446 1398 Aurio
1492 1336 1944 1399 ambaxiatores
1986 1336 2063 1398 ad
2114 1336 2420 1417 prefatum
2468 1333 2790 1397 dominum
2847 1351 3078 1415 regem,
3131 1331 3206 1395 ad

474 1421 869 1488 tractandum
919 1422 1258 1505 quemlibet
1304 1425 1731 1487 conventiones
1779 1427 1842 1487 et
1882 1427 2062 1505 pacta
2102 1442 2240 1487 cum
2291 1422 2538 1486 domino
2582 1440 2726 1504 rege
2755 1421 3077 1503 Hungarie
3103 1440 3208 1483 seu
3273 1452 3274 1455 ¹

474 1510 845 1593 deputandis
892 1513 970 1575 ab
1018 1530 1122 1589 e0,
1185 1514 1248 1574 et
1308 1511 1796 1592 promittendum
1861 1514 1924 1575 et
1985 1511 2382 1593 obligandum
2430 1528 2539 1573 nos
2588 1514 2651 1574 et
2698 1511 2977 1573 nostrum
3046 1527 3213 1572 com-

477 1617 680 1675 mune,
730 1617 866 1662 cum
917 1599 1211 1663 clausulis
1259 1601 1322 1663 et
1366 1599 1826 1664 condicionibus
1873 1600 2231 1681 opportunis
2279 1601 2395 1663 etc.

685 1686 914 1768 Rogati
968 1685 1213 1751 fuerunt
1273 1687 1534 1769 quilibet
1598 1686 2134 1769 infrascriptorum
2195 1687 2389 1750 dictos
2452 1685 2807 1768 syndicatus
2871 1683 3072 1747 facere
3132 1682 3193 1746 in

477 1773 677 1838 forma
719 1776 1078 1856 opportuna,
1128 1778 1191 1837 et
1238 1795 1370 1839 esse
1418 1776 1610 1838 testes
1658 1774 1721 1838 in
1769 1775 1929 1839 illis:
1980 1773 2541 1850 vicecancellariuS,
2590 1772 2883 1835 Nicolaus
2910 1774 2980 1834 de
3013 1771 3198 1834 Laui-

476 1861 686 1938 bertiS,
740 1862 1033 1926 Nicolaus
1080 1862 1182 1927 del
1230 1861 1507 1939 Camino,
1557 1863 2030 1927 Bartholomeus
2079 1863 2154 1925 de
2198 1863 2553 1944 Montagna,
2606 1859 2883 1923 Andreas
2932 1859 3008 1922 de
3047 1857 3192 1923 Cre·

475 1967 675 2027 mena,
725 1950 1162 2014 Thomadellus
1214 1951 1605 2015 Bonincontri
1656 1959 1721 2013 et
1768 1952 2142 2034 Raphaynus
2184 1949 2259 2013 de
2308 1948 2638 2013 Caresinis.

562 2040 741 2098 Misti
792 2041 991 2099 XXV.
1042 2044 1141 2110 55,
1188 2059 1229 2099 u
1268 2043 1481 2099 arke‘vu
1522 2043 1879 2103 mlctaclcom.

830 2228 1235 2311 CCXXX.
1294 2229 1497 2311 God.
1557 2231 1786 2313 1349.
1843 2233 1948 2314 ‘24
2001 2234 2290 2334 rujna,
2346 2256 2405 2314 u
2460 2230 2853 2313 Mletclh.

717 2357 1070 2428 Panomoefiy'e
1111 2357 1439 2428 podicljeno
1481 2358 1850 2429 poslane'kom
1896 2361 2212 2419 odlazccim
2253 2361 2291 2418 k
2336 2361 2693 2433 uyarskomu
2741 2357 2960 2429 kralju.

686 2477 759 2540 In
805 2474 1023 2539 christi
1069 2476 1314 2539 nomine
1361 2496 1560 2541 amen.
1613 2478 1835 2541 Pateat
1887 2479 2170 2542 omnibus
2216 2477 2533 2543 evidenter
2562 2528 2575 2555 ,
2627 2478 2785 2560 quod
2830 2476 3092 2539 illustris
3144 2478 3208 2538 et

481 2564 843 2648 magnificus
890 2562 1174 2627 dominus
1213 2564 1495 2628 dominus
1541 2565 1781 2628 Andres
1832 2565 2116 2629 Dandulo
2163 2566 2263 2629 dei
2338 2565 2543 2649 gratia
2593 2564 3011 2639 Venetiarum,
3056 2562 3211 2625 Dal·

484 2655 675 2718 matie
722 2654 904 2735 atque
952 2651 1240 2716 Chroatie
1282 2652 1423 2731 dux,
1474 2654 1757 2718 dominus
1806 2656 2024 2737 quarte
2067 2655 2260 2737 partis
2305 2658 2368 2718 et
2413 2653 2664 2717 dimidie
2721 2652 2914 2715 totius
2963 2651 3209 2733 imperii

481 2740 801 2818 Romanie,
852 2740 925 2804 de
963 2742 1276 2805 voluntate
1325 2743 1387 2804 et
1433 2760 1732 2806 consensu
1774 2760 2024 2806 suorum
2084 2743 2477 2807 consiliorum
2521 2740 2796 2816 minoriS,
2846 2742 3210 2822 rogatorum

481 2829 650 2893 etde
697 2827 1126 2912 quadraginta,
1176 2828 1250 2893 ad
1302 2829 1694 2911 infrascripta
1757 2831 1835 2894 ad
1903 2848 2122 2894 sonum
2186 2850 2482 2914 campane
2549 2831 2612 2893 et
2659 2846 2866 2893 vocem
2934 2825 3213 2908 preconis

412 2961 425 2972 -
481 2935 653 2981 more
699 2915 882 2980 solito
930 2916 1289 2981 solemniter
1334 2924 1886 3000 congregatorum,
1946 2919 2010 2982 in
2074 2919 2295 3001 quibus
2359 2917 2772 2981 interfuerunt
2835 2916 2976 2998 plus
3025 2932 3211 2998 quam

481 3004 598 3068 due
645 3007 851 3084 partes
900 3004 1202 3068 dictorum
1252 3006 1685 3083 consiliorum,
1736 3009 1799 3070 et
1845 3026 1984 3071 cum
2035 3007 2124 3072 eis
2172 3011 2234 3070 et
2298 3006 2576 3070 homines
2639 3004 2949 3068 dictorum
3011 3002 3211 3066 consi-

479 3090 703 3155 liorum
753 3092 826 3154 de
875 3092 1251 3157 authoritate
1300 3096 1365 3156 et
1410 3112 1705 3158 consensu
1734 3095 1884 3158 dicti
1909 3095 2144 3158 domini
2169 3095 2365 3172 ducis,
2416 3095 2480 3158 et
2526 3112 2665 3157 cum
2715 3110 2785 3154 eo
2834 3089 3209 3155 unanimiter

480 3181 545 3243 et
590 3178 988 3256 concorditer,
1040 3179 1280 3243 nemine
1324 3180 1725 3261 discrepante.
1776 3182 1903 3245 suis
1952 3183 2300 3247 nominibus
2334 3184 2397 3245 et
2442 3200 2551 3264 pro
2591 3201 2655 3243 se
2702 3180 2852 3261 ipsis
2901 3181 3204 3242 eteorum

481 3265 956 3343 successoribuS,
1005 3285 1075 3330 ac
1122 3268 1364 3331 nomine
1411 3271 1475 3331 et
1516 3269 1647 3332 vice
1694 3271 2038 3333 communis
2090 3269 2491 3333 Venetiarnm
2524 3268 2818 3344 fecerunt,
2870 3267 3207 3330 constitue-

483 3355 630 3416 runt
674 3354 739 3416 et
784 3351 1220 3418 ordinaverunt
1268 3356 1506 3419 nobiles
1542 3356 1704 3419 viros
1752 3356 2035 3420 dominos
2080 3357 2380 3421 Joannem
2442 3355 2825 3432 Gradonico,
2874 3353 3206 3418 Nicolaum

490 3440 702 3505 Pisani
750 3441 814 3504 et
857 3440 1214 3523 Philippum
1245 3441 1455 3521 Aurio,
1490 3443 1895 3508 'honorabiles
1942 3445 2105 3510 cives
2131 3444 2533 3508 venetiarum
2580 3444 2866 3507 absentes
2914 3444 3207 3524 tanquam

484 3528 820 3610 presentes,
864 3547 1005 3592 suos
1054 3531 1119 3592 et
1164 3529 1313 3594 dicti
1362 3531 1704 3594 communis
1752 3531 2038 3610 sindicos,
2087 3534 2523 3613 procuratoreS,
2574 3537 2813 3595 actores
2848 3534 2914 3594 et
2957 3528 3206 3594 nuncios

426 3687 429 3690 ,
487 3615 804 3698 specialeS,
855 3619 917 3680 et
965 3617 1306 3698 quemlibet
1353 3637 1559 3682 eorum
1608 3619 1669 3682 in
1718 3620 2004 3697 solidum,
2057 3621 2144 3684 ita
2190 3621 2344 3701 quod
2393 3638 2513 3684 non
2560 3620 2647 3684 sit
2691 3619 2892 3701 potior
2932 3616 3199 3682 conditio

485 3703 861 3786 occupantis,
912 3706 1016 3768 sed
1067 3706 1227 3786 quod
1275 3725 1434 3770 unus
1481 3726 1687 3770 eorum
1738 3706 2055 3791 inceperit,
2105 3708 2264 3772 alter
2312 3708 2581 3773 mediare
2644 3707 2874 3791 possit,
2925 3703 3214 3788 prosequi

485 3793 551 3857 et
590 3790 785 3869 finire,
835 3793 1190 3874 specialiter
1236 3792 1311 3858 ad
1359 3795 1628 3858 eundum
1683 3795 1758 3858 ad
1807 3796 2268 3860 serenissimum
2334 3797 2676 3880 principem
2725 3795 3041 3859 dominum
3090 3793 3215 3856 Lu-

486 3879 772 3944 dovicum
819 3879 916 3944 dei
956 3879 1157 3962 gratia
1201 3880 1509 3946 illustrem
1554 3883 1892 3964 Hungarie,
1942 3884 2335 3949 Hierusalem
2385 3888 2448 3948 et
2496 3884 2708 3950 Sicilie
2756 3901 2985 3966 regem,
3037 3884 3100 3943 et
3130 3881 3205 3942 ad

488 3968 971 4032 conveniendum
1020 3988 1162 4032 cum
1209 3968 1638 4051 ipso.domino
1686 3990 1830 4053 rege
1877 3993 1983 4036 seu
2031 3972 2393 4054 deputandis
2440 3974 2519 4037 ab
2567 3992 2654 4050 eo,
2704 3974 2767 4035 et
2814 3970 2891 4033 ad
2937 3970 3208 4031 tractan-

487 4055 658 4134 dum,
707 4054 1078 4133 faciendum,
1127 4058 1559 4138 complendum
1610 4059 1672 4123 et
1713 4059 2084 4125 firmandum
2140 4080 2388 4143 pacem,
2438 4063 2648 4141 pacta,
2717 4055 3206 4138 compositioneS,

487 4142 957 4223 declarationeS‚
1005 4146 1458 4224 conventioneS,
1509 4147 1901 4212 concordiam
1966 4151 2029 4212 et
2075 4149 2556 4213 transactionem
2621 4165 2727 4228 pro
2785 4146 2915 4226 ipso
2961 4141 3206 4204 domino

495 4232 642 4295 duce
690 4233 753 4295 et
798 4250 1123 4297 commune
1170 4233 1567 4298 Venetiarum
1616 4237 1679 4299 et
1725 4253 1936 4299 eorum
1988 4237 2442 4301 successoribus
2472 4236 2767 4316 perpetuo
2816 4232 2878 4294 et
2924 4248 3033 4312 pro
3081 4226 3210 4290 suis

488 4318 917 4401 complicibus,
969 4319 1254 4398 subditis,
1304 4321 1760 4401 adherentibus,
1808 4325 2172 4407 sequacibus
2221 4329 2283 4388 et
2329 4321 2545 4386 amicis
2591 4339 2730 4384 cum
2779 4320 2910 4400 ipso
2957 4316 3203 4382 domino

487 4423 631 4488 rege
679 4425 784 4488 pro
831 4426 895 4471 se
942 4409 1007 4471 et
1050 4408 1181 4471 eius
1228 4410 1684 4474 successoribus
1749 4415 2043 4495 perpetuo
2103 4415 2167 4476 et
2227 4411 2358 4474 eius
2421 4407 2845 4491 complicibuS,
2919 4403 3203 4481 subditis,

488 4492 925 4559 adherentibus
971 4497 1085 4559 etc.
1135 4497 1206 4560 de
1253 4498 1541 4562 omnibus
1590 4501 1654 4563 et
1699 4500 1961 4582 singulis
1987 4500 2222 4574 litibus,
2272 4496 2562 4579 querelis,
2611 4494 3033 4579 petitionibuS,
3068 4511 3212 4557 con-

492 4581 829 4662 troversiiS,
874 4583 1318 4665 questionibuS,
1368 4585 1709 4664 discordiis,
1757 4587 2139 4666 differentiis,
2190 4585 2430 4650 damnis
2478 4589 2541 4649 et
2587 4583 3025 4648 offensionibus
3074 4581 3209 4663 qui-

488 4669 865 4753 buscumque
913 4671 1055 4734 hinc
1101 4672 1240 4735 inde
1302 4672 1498 4738 illatis
1559 4677 1623 4739 et
1684 4675 1900 4753 factis,
1957 4675 2228 4739 realibus
2296 4675 2360 4738 et
2417 4673 2845 4757 personalibus
2892 4673 2955 4735 et
3000 4667 3214 4734 mixtis

487 4756 868 4839 ubicunque,
932 4760 1511 4844 quomodocunque,
1577 4762 2106 4845 qualitercumque
2170 4765 2234 4828 et
2295 4781 2403 4848 per
2462 4780 2849 4846 quoscunque
2908 4759 3092 4824 illata
3149 4759 3213 4823 et
