3620 5282
475 344 562 409 46

475 536 685 584 verare
732 516 793 579 in
843 515 1152 597 proposito
1200 532 1311 580 suo
1354 516 1428 580 de
1477 513 1790 578 barchosio
1842 518 1906 578 et
1953 513 2133 579 rebus
2182 515 2243 579 in
2282 533 2352 580 eo
2385 512 2795 578 existentibus
2832 512 3206 580 intromissis

477 607 577 670 hic
620 606 700 668 ad
747 602 1112 687 peticionem
1158 605 1506 667 nostrorum
1542 602 1817 668 fidelium
1850 602 1925 667 de
1958 598 2279 684 Caprollis‚
2325 603 2555 678 dicens,
2603 619 2707 666 eos
2742 600 2957 665 fecisse
2988 603 3205 666 contra

475 693 718 757 ordines
764 690 1043 773 antiquos
1092 693 1395 755 terrarum
1437 710 1711 769 suarum,
1759 690 2092 768 ordinetur,
2138 693 2298 773 quod
2362 690 2495 774 ipse
2560 689 2915 754 barchosius
2979 691 3044 753 et
3103 710 3203 753 res

475 801 581 845 seu
627 780 886 862 pecunia
933 798 1003 841 ex
1054 778 1203 861 ipsis
1243 778 1460 843 habita
1504 780 1916 844 restituantur
1962 778 2165 843 eidem
2217 779 2415 843 banno
2463 796 2569 842 sen
2639 776 2772 842 eius
2835 778 3045 842 nuntio
3096 797 3203 859 per

478 867 654 932 illum
713 867 985 945 modum,
1049 866 1155 949 qui
1219 866 1526 930 videbitur
1588 866 1858 945 domino,
1922 865 2290 931 consiliariis
2353 868 2419 931 et
2478 864 2783 947 capitibus
2841 864 2935 931 vel
2981 865 3204 930 maiori

478 955 659 1040 parti.
709 956 789 1019 Et
833 955 885 1018 si
930 955 1254 1019 consilinm
1302 957 1418 1018 etc.
1469 953 1577 1033 53,
1628 956 1700 1019 de
1750 973 1868 1019 non
1926 954 2021 1029 12,
2072 972 2190 1019 non
2237 955 2459 1020 sinceri
2508 952 2605 1018 26.

567 1047 744 1105 Misia·
794 1045 990 1104 XXX
1033 1048 1132 1115 76,
1180 1064 1222 1105 u
1267 1045 1604 1105 mletad‘kom
1654 1046 1886 1105 arkivu.

774 1236 1240 1317 LXXXIII.
1292 1235 1497 1318 God.
1552 1234 1775 1318 1362.
1830 1235 1933 1317 24
1987 1236 2352 1339 svibnja‚
2408 1258 2466 1317 u
2522 1234 2913 1317 Mletcih.

479 1363 643 1422 Rada·
683 1363 806 1422 vise
853 1363 1099 1421 uvriecla
1167 1364 1191 1421 i
1262 1362 1448 1422 §Roda
1492 1363 1819 1422 nanesenih
1882 1364 1956 1423 od
2017 1363 2417 1423 Dubrovdana
2479 1362 2839 1422 Mleteanom
2898 1363 3212 1435 republilca

578 1450 727 1525 §alje
773 1453 930 1525 svoje
965 1451 1280 1523 poslanike
1326 1452 1364 1510 k
1404 1452 1740 1526 aqam-hro.
1781 1452 2004 1523 krnlju,
2052 1452 2131 1510 da
2160 1452 2256 1524 joj
2299 1451 2732 1523 zadovoljscinu
2778 1452 3093 1524 izposlnju.

694 1569 863 1635 1362
895 1571 990 1635 die
1027 1569 1274 1635 XXIIII
1310 1573 1475 1650 maii,
1513 1572 1692 1635 indic.
1732 1571 1870 1635 XV.
1911 1571 2022 1637 Ser
2053 1571 2302 1637 Marcus
2338 1571 2700 1636 Mauroceno
2735 1570 3017 1652 sapiens:
3064 1570 3209 1653 quia

486 1661 722 1725 novitas
771 1658 935 1724 tacta
983 1658 1175 1722 nobili
1225 1659 1354 1723 viro
1402 1679 1502 1723 ser
1548 1658 1739 1723 Paulo
1793 1658 2047 1738 Quirino
2093 1659 2480 1724 ambaxatori
2532 1662 2740 1724 nostro
2786 1658 3067 1724 redeunti
3129 1657 3207 1722 de

479 1748 761 1830 partibus
810 1747 1068 1829 Ragusii
1113 1750 1177 1811 et
1223 1745 1496 1822 Camari,
1543 1749 1645 1829 qui
1694 1748 1899 1811 solum
1970 1747 2167 1811 iverat
2227 1747 2304 1811 ad
2364 1747 2551 1812 finem
2612 1747 2976 1830 pacificandi
3040 1746 3207 1811 dicta

478 1835 852 1913 communia,
897 1854 1005 1917 per
1049 1834 1361 1900 dominum
1409 1834 1715 1899 Jacobum
1765 1834 1997 1900 Subich
2046 1837 2108 1900 et
2139 1834 2292 1899 alios
2328 1854 2469 1899 suos
2517 1854 2804 1917 sequaces
2844 1853 2985 1898 cum
3019 1832 3209 1917 lignis

479 1925 544 1988 et
589 1923 924 1988 barchosiis
972 1922 1286 1987 venientes
1329 1941 1468 1987 cum
1519 1940 1740 2005 magno
1815 1923 2080 2005 strepitu
2150 1925 2213 1986 et
2276 1942 2515 1987 rumore
2579 1942 2761 1987 manu
2829 1926 3071 1991 armata
3131 1923 3208 1986 ad

479 2013 830 2086 condamm,
880 2029 1062 2091 super
1107 2028 1226 2093 qna
1273 2013 1409 2074 erat
1452 2004 1653 2073 dictus
1700 2011 2083 2089 ambaxator‚
2122 2028 2193 2074 ac
2250 2010 2595 2093 sagitantos
2660 2011 2821 2074 inter
2882 2011 3208 2074 conduram

479 2102 543 2163 et
590 2098 989 2164 ascendentes
1057 2099 1113 2161 in
1166 2099 1386 2178 ipsam,
1446 2101 1508 2161 et
1567 2099 1961 2163 verberantes
2029 2098 2413 2176 marinarios,
2477 2100 2540 2162 et
2598 2097 2849 2163 demum
2914 2097 3209 2161 ducentes

481 2188 683 2269 ipsum
747 2185 1204 2251 ambaxatorem
1267 2188 1479 2250 contra
1545 2186 1700 2250 velle
1763 2205 1944 2250 suum
2004 2187 2063 2249 in
2127 2189 2292 2251 terra
2357 2186 2417 2249 in
2464 2187 2681 2264 Lesna,
2746 2189 2809 2250 et
2873 2186 3072 2267 ipsum
3119 2184 3206 2248 ibi

480 2276 760 2338 tenentes
823 2271 1290 2356 quampluribus
1350 2274 1568 2338 diebus
1616 2274 1973 2349 detentum,
2037 2275 2102 2337 et
2162 2273 2507 2356 aperientes
2568 2293 2778 2337 omnes
2842 2273 3086 2337 litteras
3146 2275 3209 2335 et

480 2363 823 2444 scripturas
871 2362 1204 2425 existentes
1254 2360 1314 2424 in
1362 2360 1526 2425 dicta
1592 2363 1880 2438 condam,
1946 2364 2008 2423 et
2066 2361 2224 2425 alias
2289 2363 2563 2426 infinitas
2634 2361 2890 2425 iniurias
2954 2364 3018 2424 et
3078 2359 3207 2423 vio·

478 2450 706 2513 lentias
745 2449 1032 2513 fatientes
1081 2447 1334 2524 eisdem,
1384 2452 1479 2512 est
1526 2450 1794 2513 enormis
1836 2457 1895 2512 et
1942 2449 2160 2531 turpis,
2208 2468 2317 2513 nec
2368 2450 2451 2513 sit
2511 2448 2637 2512 ullo
2697 2451 2875 2513 modo
2940 2448 3053 2511 sub
3122 2448 3207 2510 si·

483 2538 676 2602 lentio
736 2537 1232 2618 pretereundum,
1296 2555 1412 2617 que
1478 2537 1530 2600 si
1593 2535 2097 2619 pretermittitur,
2162 2536 2360 2618 possit
2421 2536 2483 2600 in
2547 2538 2863 2619 posterum
2922 2535 3210 2599 inducere

482 2624 748 2708 peiorem
798 2622 1337 2706 consequentiam3
1389 2624 1561 2689 vadit
1609 2645 1768 2707 pars,
1817 2623 1976 2707 quod
2026 2624 2316 2690 mittatur
2372 2645 2529 2689 unus
2591 2625 2843 2689 nuntius
2903 2622 3207 2689 suffitiens

482 2712 882 2777 informatum
936 2713 1067 2775 tam
1133 2713 1206 2775 de
1274 2713 1548 2776 novitate
1604 2712 1753 2794 ipsa,
1820 2732 2007 2795 quam
2070 2715 2142 2777 de
2213 2713 2596 2779 novitatibus
2644 2711 3025 2794 quibuslibet
3064 2712 3208 2775 aliis

480 2801 663 2865 factis
710 2799 1020 2883 aliquibus
1065 2800 1302 2865 civibus
1351 2800 1594 2879 nostris,
1636 2802 1738 2883 qui
1789 2802 1973 2865 vadat
2017 2802 2095 2865 ad
2140 2803 2460 2866 dominum
2508 2800 2756 2876 banum,
2829 2805 2894 2865 et
2935 2799 3209 2882 exposita

482 2888 604 2953 sibi
650 2889 894 2971 querela
938 2887 1013 2952 de
1058 2888 1207 2970 ipsis
1254 2888 1538 2952 omuibus
1607 2908 1715 2970 pro
1782 2891 1955 2970 parte
2018 2891 2247 2962 nostra,
2311 2891 2527 2972 gravet
2587 2908 2652 2953 se
2708 2891 3011 2971 quantum
3074 2888 3211 2967 plus

482 2978 708 3059 poterit
756 2994 896 3040 cum
945 2976 1071 3041 illis
1118 2976 1343 3052 verbm,
1393 2995 1508 3057 que
1558 2976 1927 3041 videbuntur
1996 2976 2268 3043 dominio
2309 2976 2671 3050 ordinanda3
2735 2976 2990 3040 dicendo
3052 2974 3212 3039 inter

479 3065 621 3139 alia,
669 3064 828 3146 qnod
871 3063 1038 3128 nullo
1089 3064 1272 3128 modo
1320 3065 1566 3127 credere
1614 3068 1985 3146 poteram11S‚
2055 3065 2167 3129 hec
2215 3066 2489 3147 potuisse
2551 3065 2877 3145 procedere
2939 3062 3013 3126 de
3069 3081 3213 3127 con·

481 3151 741 3216 scientia
801 3153 972 3232 regia
1030 3170 1224 3232 neque
1290 3170 1421 3214 sua.
1484 3150 1641 3230 Quia
1706 3153 1871 3216 sicut
1937 3150 2198 3217 intentio
2234 3155 2441 3217 nostra
2480 3155 2577 3217 est
2628 3153 2690 3217 et
2740 3150 3027 3217 continuo
3073 3150 3210 3225 fnit,

483 3241 739 3303 cunctos
810 3238 1088 3302 subditos
1159 3256 1301 3301 suos
1367 3241 1631 3302 tractare
1692 3238 1915 3321 ubique
1977 3238 2252 3305 locorum
2314 3239 2739 3304 favorabiliter
2802 3241 2865 3304 et
2930 3237 3214 3321 benigne,

486 3327 579 3389 ita
640 3344 853 3389 sumus
916 3327 1087 3402 certi,
1152 3325 1310 3407 quod
1371 3345 1546 3391 versa
1609 3327 1741 3391 vice
1805 3329 2065 3391 intentio
2112 3328 2345 3392 domini
2407 3328 2567 3410 regis
2624 3330 2688 3391 et
2735 3345 2846 3392 sua
2893 3328 3008 3403 est,
3058 3327 3214 3408 quod

483 3411 680 3477 nostri
728 3430 845 3476 non
916 3412 1299 3476 offendantur
1361 3432 1398 3475 a
1460 3416 1606 3492 suis,
1679 3411 1790 3478 sed
1848 3415 2055 3496 potius
2118 3415 2532 3481 amicabiliter
2594 3416 3065 3497 pertractentur.
3130 3412 3213 3477 Et

481 3499 765 3582 quamvis
810 3499 1292 3583 disposuerimus
1338 3502 1410 3565 de
1444 3502 1555 3567 hoc
1588 3504 1887 3584 deponere
1920 3505 2233 3585 querelam
2268 3520 2470 3568 coram
2504 3501 2752 3567 domino
2789 3519 2955 3584 rege,
3004 3503 3213 3565 tamen

482 3587 765 3653 volumus
814 3589 1008 3670 primo
1057 3590 1120 3652 et
1164 3590 1307 3653 ante
1354 3591 1562 3654 omnia
1605 3591 1894 3673 conqueri
1927 3608 2132 3655 coram
2168 3593 2313 3673 ipso,
2364 3593 2650 3672 rogantes
2681 3589 3212 3672 magnificentiam

482 3695 677 3752 suam,
749 3678 915 3759 quot,
978 3675 1039 3739 in
1098 3677 1399 3759 quantum
1462 3677 1706 3759 inipso
1753 3681 1867 3755 est,
1934 3677 2179 3760 placeat
2239 3679 2360 3743 sibi
2423 3682 2630 3742 tenere
2693 3678 2872 3742 illum
2934 3676 3212 3748 modum.

482 3764 589 3845 qui
636 3764 721 3828 sit
762 3761 959 3828 honor
1006 3762 1238 3827 domini
1287 3764 1450 3846 regis
1497 3767 1560 3829 et
1605 3784 1772 3836 suns,
1831 3766 1904 3829 ut
1956 3784 2085 3844 nos,
2133 3766 2239 3850 qui
2295 3769 2654 3848 reputamus
2725 3765 2895 3848 nobis
2961 3765 3072 3829 hoc
3134 3765 3213 3828 ad

483 3852 917 3935 gravissimam
966 3851 1273 3929 iniuriam,
1323 3853 1485 3915 sicut
1531 3852 1750 3915 merito
1797 3871 2147 3934 possumus,
2184 3872 2432 3918 causam
2496 3853 2834 3920 habeamus
2898 3850 3215 3935 quietandi

485 3958 593 4004 nos
640 3943 902 4004 nostros,
966 3939 1046 4002 Et
1104 3939 1250 4021 quia
1310 3940 1386 4003 ad
1435 3939 1794 4022 capiendam
1842 3939 2079 4005 dictam
2127 3941 2464 4006 conduram
2513 3940 2742 4004 dicItur
2789 3940 2974 4004 fuisse
3021 3959 3214 4004 unum

483 4027 718 4111 lignum
775 4029 1086 4091 armatum
1132 4029 1575 4109 Raguseornm‚
1627 4028 1731 4109 qui
1780 4027 2005 4092 nedum
2055 4030 2495 4094 commiserunt
2529 4030 2743 4092 contra
2777 4030 3060 4092 nostrum
3110 4028 3216 4091 ho-

482 4133 690 4179 norem
738 4118 799 4179 et
847 4114 1072 4179 bonum
1122 4117 1402 4178 nostrum
1453 4119 1515 4178 et
1563 4118 1931 4193 nostrorum,
1981 4135 2194 4181 verum
2242 4116 2434 4181 etiam
2481 4117 2543 4179 in
2592 4117 2808 4180 multis
2854 4114 2999 4179 aliis
3063 4114 3217 4178 casi-

483 4201 618 4276 buS,
669 4221 813 4265 nam
855 4203 1150 4284 ceperunt
1219 4202 1340 4265 iam
1390 4200 1562 4266 bonis
1627 4203 1840 4267 diebus
1905 4222 2094 4268 unum
2165 4204 2552 4268 barcbosium
2616 4201 2908 4267 Servorili
2974 4201 3218 4267 Scaiola

483 4288 636 4351 civis
683 4289 874 4353 nostri
922 4291 1001 4354 ad
1049 4289 1307 4353 buccam
1355 4288 1629 4364 Cathari.
1678 4293 1741 4354 et
1786 4290 1967 4354 illurn
2037 4294 2378 4356 aduxerunt
2444 4291 2806 4373 Rugusium‚
2871 4292 2940 4354 et
3008 4289 3219 4355 vendi·

485 4375 707 4438 derunt
751 4377 914 4440 sicut
966 4378 1291 4442 voluerunt
1356 4396 1460 4459 pro
1507 4397 1616 4442 sua
1674 4378 1970 4459 potentia,
2030 4378 2192 4461 quod
2256 4379 2550 4443 damnum
2604 4379 2881 4442 taxatum
2948 4381 3043 4443 est
3111 4397 3220 4461 per

484 4460 777 4525 officiales
825 4470 1065 4530 nostros
1109 4466 1621 4529 extraordinarios
1671 4465 1837 4531 facta
1883 4466 2166 4550 diligenti
2214 4465 2665 4532 examinatione
2714 4467 2787 4530 de
2819 4468 3072 4548 proprio
3116 4485 3221 4531 ca-

484 4546 661 4629 pitali
734 4547 922 4614 libras
967 4552 1136 4615 XLV
1184 4570 1557 4634 grossorum.
1621 4554 1705 4617 Et
1745 4556 1892 4619 dum
1950 4555 2200 4638 quidam
2262 4556 2620 4636 procurator
2684 4553 2877 4636 ipsius
2929 4553 3218 4620 Scaiolini

484 4634 704 4698 ivisset
719 4634 1056 4719 Ragusium
1077 4657 1184 4720 pro
1204 4641 1462 4721 petendo
1482 4642 1719 4706 dictum
1737 4642 2151 4719 barchosium‚
2170 4640 2290 4722 ipsi
2309 4659 2426 4705 non
2447 4638 2649 4704 solum
2670 4659 2787 4706 non
2806 4641 3220 4706 restituerunt

485 4720 607 4787 sibi
654 4719 850 4800 illum,
918 4728 1024 4790 sed
1088 4725 1292 4806 ipsum
1356 4731 1817 4809 procuratorem
1881 4729 2084 4812 potius
2147 4730 2448 4794 carcerari
2510 4726 2802 4804 iecerunt,
2851 4729 2917 4792 et
2986 4729 3077 4793 sic
3126 4733 3216 4793 te-
