<?xml version="1.0" encoding="UTF-8"?>
<!DOCTYPE html PUBLIC "-//W3C//DTD XHTML 1.0 Transitional//EN"
    "http://www.w3.org/TR/xhtml1/DTD/xhtml1-transitional.dtd">
<html xmlns="http://www.w3.org/1999/xhtml" xml:lang="en" lang="en">
 <head>
  <title>
</title>
<meta http-equiv="Content-Type" content="text/html;charset=utf-8" />
  <meta name='ocr-system' content='tesseract 3.04.00' />
  <meta name='ocr-capabilities' content='ocr_page ocr_carea ocr_par ocr_line ocrx_word'/>
</head>
<body>
  <div class='ocr_page' id='page_1' title='image "./monumentaspecta02umjegoog_0909.png"; bbox 0 0 3620 5282; ppageno 0'>
   <div class='ocr_carea' id='block_1_1' title="bbox 2931 354 3057 419">
    <p class='ocr_par' dir='ltr' id='par_1_1' title="bbox 2931 354 3057 419">
     <span class='ocr_line' id='line_1_1' title="bbox 2931 354 3057 419; baseline -0.016 0"><span class='ocrx_word' id='word_1_1' title='bbox 2931 354 3057 419; x_wconf 81' lang='lat'>351</span> 
     </span>
    </p>
   </div>
   <div class='ocr_carea' id='block_1_2' title="bbox 331 499 3060 1744">
    <p class='ocr_par' dir='ltr' id='par_1_2' title="bbox 331 499 3059 1304">
     <span class='ocr_line' id='line_1_2' title="bbox 331 499 3051 611; baseline 0.003 -28"><span class='ocrx_word' id='word_1_2' title='bbox 331 521 442 585; x_wconf 91' lang='lat' dir='ltr'>aut</span> <span class='ocrx_word' id='word_1_3' title='bbox 487 521 829 603; x_wconf 88' lang='lat' dir='ltr'>adimplere</span> <span class='ocrx_word' id='word_1_4' title='bbox 877 499 1218 603; x_wconf 78' lang='lat' dir='ltr'>possemus,</span> <span class='ocrx_word' id='word_1_5' title='bbox 1268 524 1320 588; x_wconf 90' lang='lat' dir='ltr'>si</span> <span class='ocrx_word' id='word_1_6' title='bbox 1367 524 1770 605; x_wconf 80' lang='lat' dir='ltr'>personaliter</span> <span class='ocrx_word' id='word_1_7' title='bbox 1822 526 2313 603; x_wconf 74' lang='lat' dir='ltr'>interressemuS,</span> <span class='ocrx_word' id='word_1_8' title='bbox 2364 529 2429 591; x_wconf 88' lang='lat' dir='ltr'>et</span> <span class='ocrx_word' id='word_1_9' title='bbox 2473 528 2633 611; x_wconf 91' lang='lat' dir='ltr'>quod</span> <span class='ocrx_word' id='word_1_10' title='bbox 2699 527 2812 610; x_wconf 77' lang='lat' dir='ltr'>&#39;per</span> <span class='ocrx_word' id='word_1_11' title='bbox 2859 548 3051 593; x_wconf 90' lang='lat' dir='ltr'>unum</span> 
     </span>
     <span class='ocr_line' id='line_1_3' title="bbox 334 607 3056 696; baseline 0.003 -25"><span class='ocrx_word' id='word_1_12' title='bbox 334 607 651 691; x_wconf 81' lang='lat' dir='ltr'>inceptum</span> <span class='ocrx_word' id='word_1_13' title='bbox 702 609 909 682; x_wconf 87' lang='lat' dir='ltr'>fuerit,</span> <span class='ocrx_word' id='word_1_14' title='bbox 956 630 1064 693; x_wconf 88' lang='lat' dir='ltr'>per</span> <span class='ocrx_word' id='word_1_15' title='bbox 1108 611 1263 675; x_wconf 90' lang='lat' dir='ltr'>alios</span> <span class='ocrx_word' id='word_1_16' title='bbox 1311 632 1418 675; x_wconf 88' lang='lat' dir='ltr'>seu</span> <span class='ocrx_word' id='word_1_17' title='bbox 1467 612 1657 675; x_wconf 89' lang='lat' dir='ltr'>alium</span> <span class='ocrx_word' id='word_1_18' title='bbox 1709 614 1982 694; x_wconf 90' lang='lat' dir='ltr'>ipsorum</span> <span class='ocrx_word' id='word_1_19' title='bbox 2048 613 2280 678; x_wconf 85' lang='lat' dir='ltr'>factum</span> <span class='ocrx_word' id='word_1_20' title='bbox 2343 621 2449 679; x_wconf 90' lang='lat' dir='ltr'>aut</span> <span class='ocrx_word' id='word_1_21' title='bbox 2518 620 2803 696; x_wconf 89' lang='lat' dir='ltr'>questum</span> <span class='ocrx_word' id='word_1_22' title='bbox 2868 617 3056 680; x_wconf 86' lang='lat' dir='ltr'>fuerit</span> 
     </span>
     <span class='ocr_line' id='line_1_4' title="bbox 335 697 3053 786; baseline 0.003 -29"><span class='ocrx_word' id='word_1_23' title='bbox 335 697 394 758; x_wconf 92' lang='lat' dir='ltr'>in</span> <span class='ocrx_word' id='word_1_24' title='bbox 424 697 707 777; x_wconf 80' lang='lat' dir='ltr'>predictis</span> <span class='ocrx_word' id='word_1_25' title='bbox 760 698 854 761; x_wconf 88' lang='lat' dir='ltr'>vel</span> <span class='ocrx_word' id='word_1_26' title='bbox 894 698 1103 762; x_wconf 83' lang='lat' dir='ltr'>circha</span> <span class='ocrx_word' id='word_1_27' title='bbox 1149 699 1428 780; x_wconf 89' lang='lat' dir='ltr'>predicta</span> <span class='ocrx_word' id='word_1_28' title='bbox 1459 702 1570 763; x_wconf 85' lang='lat' dir='ltr'>aut</span> <span class='ocrx_word' id='word_1_29' title='bbox 1600 700 1851 782; x_wconf 87' lang='lat' dir='ltr'>aliquod</span> <span class='ocrx_word' id='word_1_30' title='bbox 1887 700 2319 782; x_wconf 89' lang='lat' dir='ltr'>predictorum.</span> <span class='ocrx_word' id='word_1_31' title='bbox 2373 703 2549 767; x_wconf 88' lang='lat' dir='ltr'>Unde</span> <span class='ocrx_word' id='word_1_32' title='bbox 2582 703 2657 766; x_wconf 88' lang='lat' dir='ltr'>ad</span> <span class='ocrx_word' id='word_1_33' title='bbox 2692 709 3053 786; x_wconf 89' lang='lat' dir='ltr'>perpetuam</span> 
     </span>
     <span class='ocr_line' id='line_1_5' title="bbox 332 785 3050 872; baseline 0.003 -26"><span class='ocrx_word' id='word_1_34' title='bbox 332 785 419 846; x_wconf 94' lang='lat' dir='ltr'>rei</span> <span class='ocrx_word' id='word_1_35' title='bbox 468 785 831 848; x_wconf 85' lang='lat' dir='ltr'>memoriam</span> <span class='ocrx_word' id='word_1_36' title='bbox 873 787 938 849; x_wconf 90' lang='lat' dir='ltr'>et</span> <span class='ocrx_word' id='word_1_37' title='bbox 998 787 1307 851; x_wconf 77' lang='lat' dir='ltr'>cautelam</span> <span class='ocrx_word' id='word_1_38' title='bbox 1372 806 1444 850; x_wconf 84' lang='lat' dir='ltr'>ac</span> <span class='ocrx_word' id='word_1_39' title='bbox 1505 788 1960 853; x_wconf 81' lang='lat' dir='ltr'>roborationem</span> <span class='ocrx_word' id='word_1_40' title='bbox 2025 791 2300 853; x_wconf 83' lang='lat' dir='ltr'>omnium</span> <span class='ocrx_word' id='word_1_41' title='bbox 2364 792 2808 871; x_wconf 86' lang='lat' dir='ltr'>premissorum</span> <span class='ocrx_word' id='word_1_42' title='bbox 2875 811 3050 872; x_wconf 81' lang='lat' dir='ltr'>roga·</span> 
     </span>
     <span class='ocr_line' id='line_1_6' title="bbox 333 870 3059 960; baseline 0.003 -26"><span class='ocrx_word' id='word_1_43' title='bbox 333 870 535 935; x_wconf 86' lang='lat' dir='ltr'>vimus</span> <span class='ocrx_word' id='word_1_44' title='bbox 607 871 1071 954; x_wconf 87' lang='lat' dir='ltr'>infrascriptum</span> <span class='ocrx_word' id='word_1_45' title='bbox 1142 874 1462 955; x_wconf 91' lang='lat' dir='ltr'>publicum</span> <span class='ocrx_word' id='word_1_46' title='bbox 1511 876 1847 947; x_wconf 86' lang='lat' dir='ltr'>notarium,</span> <span class='ocrx_word' id='word_1_47' title='bbox 1901 880 1968 939; x_wconf 90' lang='lat' dir='ltr'>ut</span> <span class='ocrx_word' id='word_1_48' title='bbox 2013 876 2087 940; x_wconf 90' lang='lat' dir='ltr'>de</span> <span class='ocrx_word' id='word_1_49' title='bbox 2138 877 2432 957; x_wconf 81' lang='lat' dir='ltr'>predictis</span> <span class='ocrx_word' id='word_1_50' title='bbox 2496 879 2815 960; x_wconf 90' lang='lat' dir='ltr'>publicum</span> <span class='ocrx_word' id='word_1_51' title='bbox 2867 880 3059 943; x_wconf 90' lang='lat' dir='ltr'>confi-</span> 
     </span>
     <span class='ocr_line' id='line_1_7' title="bbox 331 958 3054 1049; baseline 0.003 -27"><span class='ocrx_word' id='word_1_52' title='bbox 331 961 498 1022; x_wconf 89' lang='lat' dir='ltr'>ceret</span> <span class='ocrx_word' id='word_1_53' title='bbox 543 958 1044 1024; x_wconf 89' lang='lat' dir='ltr'>instrumentum.</span> <span class='ocrx_word' id='word_1_54' title='bbox 1093 962 1323 1025; x_wconf 87' lang='lat' dir='ltr'>Actum</span> <span class='ocrx_word' id='word_1_55' title='bbox 1373 969 1441 1025; x_wconf 80' lang='lat' dir='ltr'>ut</span> <span class='ocrx_word' id='word_1_56' title='bbox 1488 982 1691 1042; x_wconf 87' lang='lat' dir='ltr'>supra,</span> <span class='ocrx_word' id='word_1_57' title='bbox 1739 965 2125 1043; x_wconf 83' lang='lat' dir='ltr'>presentibus</span> <span class='ocrx_word' id='word_1_58' title='bbox 2174 965 2522 1029; x_wconf 88' lang='lat' dir='ltr'>reverendis</span> <span class='ocrx_word' id='word_1_59' title='bbox 2596 968 2876 1049; x_wconf 90' lang='lat' dir='ltr'>patribus</span> <span class='ocrx_word' id='word_1_60' title='bbox 2947 967 3054 1030; x_wconf 91' lang='lat' dir='ltr'>do-</span> 
     </span>
     <span class='ocr_line' id='line_1_8' title="bbox 336 1046 3054 1135; baseline 0.002 -25"><span class='ocrx_word' id='word_1_61' title='bbox 336 1048 503 1111; x_wconf 89' lang='lat' dir='ltr'>mino</span> <span class='ocrx_word' id='word_1_62' title='bbox 552 1046 795 1110; x_wconf 87' lang='lat' dir='ltr'>Marino</span> <span class='ocrx_word' id='word_1_63' title='bbox 841 1050 1132 1113; x_wconf 89' lang='lat' dir='ltr'>canonico</span> <span class='ocrx_word' id='word_1_64' title='bbox 1177 1049 1548 1113; x_wconf 85' lang='lat' dir='ltr'>cathedralis</span> <span class='ocrx_word' id='word_1_65' title='bbox 1596 1051 1855 1114; x_wconf 86' lang='lat' dir='ltr'>ecclesie</span> <span class='ocrx_word' id='word_1_66' title='bbox 1904 1051 2341 1135; x_wconf 84' lang='lat' dir='ltr'>Dulciguensis</span> <span class='ocrx_word' id='word_1_67' title='bbox 2393 1055 2454 1115; x_wconf 92' lang='lat' dir='ltr'>et</span> <span class='ocrx_word' id='word_1_68' title='bbox 2500 1052 2746 1116; x_wconf 91' lang='lat' dir='ltr'>domino</span> <span class='ocrx_word' id='word_1_69' title='bbox 2799 1055 3054 1118; x_wconf 87' lang='lat' dir='ltr'>Matheo</span> 
     </span>
     <span class='ocr_line' id='line_1_9' title="bbox 336 1133 3056 1223; baseline 0.003 -26"><span class='ocrx_word' id='word_1_70' title='bbox 336 1133 610 1198; x_wconf 87' lang='lat' dir='ltr'>eiusdem</span> <span class='ocrx_word' id='word_1_71' title='bbox 658 1135 1030 1199; x_wconf 88' lang='lat' dir='ltr'>cathedralis</span> <span class='ocrx_word' id='word_1_72' title='bbox 1078 1138 1337 1202; x_wconf 87' lang='lat' dir='ltr'>ecclesie</span> <span class='ocrx_word' id='word_1_73' title='bbox 1385 1137 1834 1215; x_wconf 88' lang='lat' dir='ltr'>archidiacone,</span> <span class='ocrx_word' id='word_1_74' title='bbox 1911 1139 2092 1217; x_wconf 80' lang='lat' dir='ltr'>notiS,</span> <span class='ocrx_word' id='word_1_75' title='bbox 2166 1139 2400 1203; x_wconf 88' lang='lat' dir='ltr'>vocatis</span> <span class='ocrx_word' id='word_1_76' title='bbox 2477 1144 2540 1203; x_wconf 87' lang='lat' dir='ltr'>et</span> <span class='ocrx_word' id='word_1_77' title='bbox 2585 1142 2933 1223; x_wconf 83' lang='lat' dir='ltr'>specialiter</span> <span class='ocrx_word' id='word_1_78' title='bbox 2978 1141 3056 1206; x_wconf 86' lang='lat' dir='ltr'>ad</span> 
     </span>
     <span class='ocr_line' id='line_1_10' title="bbox 336 1220 1060 1304; baseline 0.003 -20"><span class='ocrx_word' id='word_1_79' title='bbox 336 1220 448 1286; x_wconf 88' lang='lat' dir='ltr'>hec</span> <span class='ocrx_word' id='word_1_80' title='bbox 495 1222 759 1286; x_wconf 86' lang='lat' dir='ltr'>testibus</span> <span class='ocrx_word' id='word_1_81' title='bbox 805 1225 1060 1304; x_wconf 62' lang='lat' dir='ltr'>rogatis</span> 
     </span>
    </p>

    <p class='ocr_par' dir='ltr' id='par_1_3' title="bbox 335 1309 3060 1744">
     <span class='ocr_line' id='line_1_11' title="bbox 543 1309 3058 1397; baseline 0.003 -25"><span class='ocrx_word' id='word_1_82' title='bbox 543 1309 673 1389; x_wconf 85' lang='lat' dir='ltr'>Ego</span> <span class='ocrx_word' id='word_1_83' title='bbox 720 1309 1037 1374; x_wconf 63' lang='lat' dir='ltr'>‚Iohannes</span> <span class='ocrx_word' id='word_1_84' title='bbox 1083 1310 1159 1374; x_wconf 90' lang='lat' dir='ltr'>de</span> <span class='ocrx_word' id='word_1_85' title='bbox 1207 1311 1493 1394; x_wconf 89' lang='lat' dir='ltr'>Morigiis</span> <span class='ocrx_word' id='word_1_86' title='bbox 1540 1312 1850 1394; x_wconf 88' lang='lat' dir='ltr'>quondam</span> <span class='ocrx_word' id='word_1_87' title='bbox 1901 1313 2157 1376; x_wconf 81' lang='lat' dir='ltr'>Antonii</span> <span class='ocrx_word' id='word_1_88' title='bbox 2220 1314 2296 1377; x_wconf 84' lang='grc'>(13</span> <span class='ocrx_word' id='word_1_89' title='bbox 2348 1313 2698 1377; x_wconf 86' lang='lat' dir='ltr'>Mediolano</span> <span class='ocrx_word' id='word_1_90' title='bbox 2746 1316 3058 1397; x_wconf 90' lang='lat' dir='ltr'>imperiali</span> 
     </span>
     <span class='ocr_line' id='line_1_12' title="bbox 335 1398 3053 1479; baseline 0.003 -19"><span class='ocrx_word' id='word_1_91' title='bbox 335 1398 701 1461; x_wconf 89' lang='lat' dir='ltr'>auctoritate</span> <span class='ocrx_word' id='word_1_92' title='bbox 749 1398 1028 1474; x_wconf 87' lang='lat' dir='ltr'>notarius</span> <span class='ocrx_word' id='word_1_93' title='bbox 1072 1398 1356 1479; x_wconf 89' lang='lat' dir='ltr'>publicus</span> <span class='ocrx_word' id='word_1_94' title='bbox 1403 1418 1475 1463; x_wconf 89' lang='lat' dir='ltr'>ac</span> <span class='ocrx_word' id='word_1_95' title='bbox 1521 1399 1932 1464; x_wconf 88' lang='lat' dir='ltr'>cancellarius</span> <span class='ocrx_word' id='word_1_96' title='bbox 1983 1401 2210 1465; x_wconf 91' lang='lat' dir='ltr'>nobilis</span> <span class='ocrx_word' id='word_1_97' title='bbox 2277 1402 2392 1466; x_wconf 84' lang='lat' dir='ltr'>viri</span> <span class='ocrx_word' id='word_1_98' title='bbox 2463 1402 2690 1464; x_wconf 91' lang='lat' dir='ltr'>domini</span> <span class='ocrx_word' id='word_1_99' title='bbox 2754 1402 3053 1467; x_wconf 85' lang='lat' dir='ltr'>Johannis</span> 
     </span>
     <span class='ocr_line' id='line_1_13' title="bbox 339 1481 3060 1570; baseline 0.002 -22"><span class='ocrx_word' id='word_1_100' title='bbox 339 1481 547 1550; x_wconf 85' lang='lat' dir='ltr'>Gauro</span> <span class='ocrx_word' id='word_1_101' title='bbox 594 1484 924 1549; x_wconf 88' lang='lat' dir='ltr'>castellani</span> <span class='ocrx_word' id='word_1_102' title='bbox 970 1485 1155 1561; x_wconf 90' lang='lat' dir='ltr'>Lesii,</span> <span class='ocrx_word' id='word_1_103' title='bbox 1207 1487 1498 1566; x_wconf 86' lang='lat' dir='ltr'>predictis</span> <span class='ocrx_word' id='word_1_104' title='bbox 1547 1488 1836 1551; x_wconf 88' lang='lat' dir='ltr'>omnibus</span> <span class='ocrx_word' id='word_1_105' title='bbox 1885 1491 1949 1551; x_wconf 90' lang='lat' dir='ltr'>et</span> <span class='ocrx_word' id='word_1_106' title='bbox 1995 1489 2258 1570; x_wconf 89' lang='lat' dir='ltr'>singulis</span> <span class='ocrx_word' id='word_1_107' title='bbox 2307 1506 2555 1570; x_wconf 89' lang='lat' dir='ltr'>presens</span> <span class='ocrx_word' id='word_1_108' title='bbox 2630 1489 2901 1567; x_wconf 86' lang='lat' dir='ltr'>interfui,</span> <span class='ocrx_word' id='word_1_109' title='bbox 2962 1508 3060 1553; x_wconf 93' lang='lat' dir='ltr'>ro-</span> 
     </span>
     <span class='ocr_line' id='line_1_14' title="bbox 340 1572 3053 1658; baseline 0.003 -24"><span class='ocrx_word' id='word_1_110' title='bbox 340 1575 646 1655; x_wconf 87' lang='lat' dir='ltr'>gatusque</span> <span class='ocrx_word' id='word_1_111' title='bbox 694 1572 983 1653; x_wconf 88' lang='lat' dir='ltr'>scribere,</span> <span class='ocrx_word' id='word_1_112' title='bbox 1033 1573 1275 1655; x_wconf 87' lang='lat' dir='ltr'>scripsi,</span> <span class='ocrx_word' id='word_1_113' title='bbox 1325 1574 1701 1656; x_wconf 87' lang='lat' dir='ltr'>signumque</span> <span class='ocrx_word' id='word_1_114' title='bbox 1749 1594 1957 1639; x_wconf 90' lang='lat' dir='ltr'>meum</span> <span class='ocrx_word' id='word_1_115' title='bbox 2008 1579 2373 1640; x_wconf 87' lang='lat' dir='ltr'>consuetum</span> <span class='ocrx_word' id='word_1_116' title='bbox 2420 1577 2676 1658; x_wconf 86' lang='lat' dir='ltr'>apposui</span> <span class='ocrx_word' id='word_1_117' title='bbox 2725 1578 2798 1640; x_wconf 88' lang='lat' dir='ltr'>ad</span> <span class='ocrx_word' id='word_1_118' title='bbox 2874 1579 3053 1642; x_wconf 89' lang='lat' dir='ltr'>robo-</span> 
     </span>
     <span class='ocr_line' id='line_1_15' title="bbox 338 1659 1478 1744; baseline 0.002 -22"><span class='ocrx_word' id='word_1_119' title='bbox 338 1659 643 1723; x_wconf 88' lang='lat' dir='ltr'>rationem</span> <span class='ocrx_word' id='word_1_120' title='bbox 689 1661 965 1724; x_wconf 91' lang='lat' dir='ltr'>omnium</span> <span class='ocrx_word' id='word_1_121' title='bbox 1015 1660 1478 1744; x_wconf 85' lang='lat' dir='ltr'>premissorum.</span> 
     </span>
    </p>
   </div>
   <div class='ocr_carea' id='block_1_3' title="bbox 338 1746 3062 1901">
    <p class='ocr_par' dir='ltr' id='par_1_4' title="bbox 338 1746 3062 1901">
     <span class='ocr_line' id='line_1_16' title="bbox 549 1746 3062 1835; baseline 0.002 -25"><span class='ocrx_word' id='word_1_122' title='bbox 549 1747 684 1829; x_wconf 84' lang='lat' dir='ltr'>Ego</span> <span class='ocrx_word' id='word_1_123' title='bbox 731 1746 1020 1813; x_wconf 90' lang='lat' dir='ltr'>dominus</span> <span class='ocrx_word' id='word_1_124' title='bbox 1067 1748 1343 1812; x_wconf 88' lang='lat' dir='ltr'>Marinus</span> <span class='ocrx_word' id='word_1_125' title='bbox 1391 1769 1576 1830; x_wconf 90' lang='lat' dir='ltr'>supra</span> <span class='ocrx_word' id='word_1_126' title='bbox 1622 1748 1890 1832; x_wconf 89' lang='lat' dir='ltr'>scriptus</span> <span class='ocrx_word' id='word_1_127' title='bbox 1937 1769 2075 1814; x_wconf 89' lang='lat' dir='ltr'>sum</span> <span class='ocrx_word' id='word_1_128' title='bbox 2127 1751 2325 1815; x_wconf 89' lang='lat' dir='ltr'>testis.</span> <span class='ocrx_word' id='word_1_129' title='bbox 2374 1751 2506 1835; x_wconf 86' lang='lat' dir='ltr'>Ego</span> <span class='ocrx_word' id='word_1_130' title='bbox 2539 1752 2827 1816; x_wconf 87' lang='lat' dir='ltr'>Matheus</span> <span class='ocrx_word' id='word_1_131' title='bbox 2860 1753 3062 1816; x_wconf 88' lang='lat' dir='ltr'>archi-</span> 
     </span>
     <span class='ocr_line' id='line_1_17' title="bbox 338 1832 1502 1901; baseline 0.004 -4"><span class='ocrx_word' id='word_1_132' title='bbox 338 1832 632 1898; x_wconf 88' lang='lat' dir='ltr'>diaconus</span> <span class='ocrx_word' id='word_1_133' title='bbox 679 1835 1073 1900; x_wconf 88' lang='lat' dir='ltr'>Dulcinensis</span> <span class='ocrx_word' id='word_1_134' title='bbox 1119 1855 1259 1900; x_wconf 88' lang='lat' dir='ltr'>sum</span> <span class='ocrx_word' id='word_1_135' title='bbox 1298 1839 1502 1901; x_wconf 87' lang='lat' dir='ltr'>testis.</span> 
     </span>
    </p>
   </div>
   <div class='ocr_carea' id='block_1_4' title="bbox 431 1940 1892 2014">
    <p class='ocr_par' dir='ltr' id='par_1_5' title="bbox 431 1940 1892 2014">
     <span class='ocr_line' id='line_1_18' title="bbox 431 1940 1892 2014; baseline 0.002 -13"><span class='ocrx_word' id='word_1_136' title='bbox 431 1940 1000 2003; x_wconf 77' lang='lat' dir='ltr'>Commemorialium</span> <span class='ocrx_word' id='word_1_137' title='bbox 1044 1943 1169 2002; x_wconf 87' lang='lat' dir='ltr'>IX.</span> <span class='ocrx_word' id='word_1_138' title='bbox 1220 1944 1320 2014; x_wconf 85' lang='lat'>13,</span> <span class='ocrx_word' id='word_1_139' title='bbox 1367 1960 1410 2002; x_wconf 82' lang='lat' dir='ltr'><em>u</em></span> <span class='ocrx_word' id='word_1_140' title='bbox 1453 1945 1607 2004; x_wconf 70' lang='grc' dir='ltr'>ποῖοί.</span> <span class='ocrx_word' id='word_1_141' title='bbox 1657 1945 1892 2005; x_wconf 77' lang='lat' dir='ltr'>arkivu.</span> 
     </span>
    </p>
   </div>
   <div class='ocr_carea' id='block_1_5' title="bbox 770 2164 2678 2270">
    <p class='ocr_par' dir='ltr' id='par_1_6' title="bbox 770 2164 2678 2270">
     <span class='ocr_line' id='line_1_19' title="bbox 770 2164 2678 2270; baseline -0.001 -21"><span class='ocrx_word' id='word_1_142' title='bbox 770 2167 918 2249; x_wconf 85' lang='lat' dir='ltr'>DI.</span> <span class='ocrx_word' id='word_1_143' title='bbox 973 2164 1177 2249; x_wconf 71' lang='lat' dir='ltr'>God.</span> <span class='ocrx_word' id='word_1_144' title='bbox 1234 2165 1458 2249; x_wconf 78' lang='lat'>1395.</span> <span class='ocrx_word' id='word_1_145' title='bbox 1513 2166 1621 2248; x_wconf 81' lang='lat'>30</span> <span class='ocrx_word' id='word_1_146' title='bbox 1673 2166 2122 2270; x_wconf 86' lang='lat' dir='ltr'>prosinca‚</span> <span class='ocrx_word' id='word_1_147' title='bbox 2173 2189 2234 2248; x_wconf 90' lang='lat' dir='ltr'>u</span> <span class='ocrx_word' id='word_1_148' title='bbox 2287 2166 2678 2249; x_wconf 76' lang='lat' dir='ltr'>Mletcih.</span> 
     </span>
    </p>
   </div>
   <div class='ocr_carea' id='block_1_6' title="bbox 337 2327 3061 2578">
    <p class='ocr_par' dir='ltr' id='par_1_7' title="bbox 337 2327 3061 2578">
     <span class='ocr_line' id='line_1_20' title="bbox 343 2327 3061 2404; baseline 0.002 -18"><span class='ocrx_word' id='word_1_149' title='bbox 343 2327 537 2386; x_wconf 81' lang='lat' dir='ltr'>Poslie</span> <span class='ocrx_word' id='word_1_150' title='bbox 581 2328 705 2388; x_wconf 71' lang='grc' dir='ltr'>υἱέε</span> <span class='ocrx_word' id='word_1_151' title='bbox 747 2329 1034 2403; x_wconf 77' lang='lat' dir='ltr'>predloya</span> <span class='ocrx_word' id='word_1_152' title='bbox 1077 2329 1399 2387; x_wconf 70' lang='lat' dir='ltr'>zabac‘enih</span> <span class='ocrx_word' id='word_1_153' title='bbox 1441 2346 1482 2386; x_wconf 84' lang='lat' dir='ltr'>u</span> <span class='ocrx_word' id='word_1_154' title='bbox 1527 2328 1694 2387; x_wconf 67' lang='lat' dir='ltr'>viecu</span> <span class='ocrx_word' id='word_1_155' title='bbox 1752 2328 2096 2387; x_wconf 75' lang='lat' dir='ltr'>mletackom</span> <span class='ocrx_word' id='word_1_156' title='bbox 2129 2329 2477 2402; x_wconf 75' lang='lat' dir='ltr'>primzjeno,</span> <span class='ocrx_word' id='word_1_157' title='bbox 2526 2330 2606 2387; x_wconf 83' lang='lat' dir='ltr'>da</span> <span class='ocrx_word' id='word_1_158' title='bbox 2662 2348 2725 2389; x_wconf 83' lang='lat' dir='ltr'>se</span> <span class='ocrx_word' id='word_1_159' title='bbox 2785 2333 3061 2404; x_wconf 71' lang='lat' dir='ltr'>zapoc&#39;me</span> 
     </span>
     <span class='ocr_line' id='line_1_21' title="bbox 337 2414 3057 2495; baseline 0.002 -21"><span class='ocrx_word' id='word_1_160' title='bbox 337 2415 738 2495; x_wconf 71' lang='lat' dir='ltr'>doyovaram‘e</span> <span class='ocrx_word' id='word_1_161' title='bbox 790 2434 862 2475; x_wconf 81' lang='lat' dir='ltr'>sa</span> <span class='ocrx_word' id='word_1_162' title='bbox 919 2415 1212 2489; x_wconf 77' lang='lat' dir='ltr'>poslanici</span> <span class='ocrx_word' id='word_1_163' title='bbox 1283 2415 1533 2489; x_wconf 74' lang='lat' dir='ltr'>Gjoryja</span> <span class='ocrx_word' id='word_1_164' title='bbox 1601 2415 1937 2474; x_wconf 81' lang='lat' dir='ltr'>Sracimira</span> <span class='ocrx_word' id='word_1_165' title='bbox 1977 2416 2315 2490; x_wconf 75' lang='lat' dir='ltr'>qospodara</span> <span class='ocrx_word' id='word_1_166' title='bbox 2356 2419 2630 2491; x_wconf 75' lang='lat' dir='ltr'>zetskoya</span> <span class='ocrx_word' id='word_1_167' title='bbox 2675 2414 2748 2476; x_wconf 83' lang='lat' dir='ltr'>ob</span> <span class='ocrx_word' id='word_1_168' title='bbox 2798 2420 3057 2492; x_wconf 78' lang='lat' dir='ltr'>odstupu</span> 
     </span>
     <span class='ocr_line' id='line_1_22' title="bbox 1209 2503 2190 2578; baseline 0.001 -15"><span class='ocrx_word' id='word_1_169' title='bbox 1209 2504 1452 2564; x_wconf 81' lang='lat' dir='ltr'>Skadra</span> <span class='ocrx_word' id='word_1_170' title='bbox 1497 2503 1658 2577; x_wconf 71' lang='lat' dir='ltr'>ijos‘</span> <span class='ocrx_word' id='word_1_171' title='bbox 1699 2504 2190 2578; x_wconf 11' lang='lat' dir='ltr'>druyihfflmiesta.</span> 
     </span>
    </p>
   </div>
   <div class='ocr_carea' id='block_1_7' title="bbox 340 2640 3065 4821">
    <p class='ocr_par' dir='ltr' id='par_1_8' title="bbox 340 2640 3065 4821">
     <span class='ocr_line' id='line_1_23' title="bbox 557 2640 3050 2728; baseline 0.001 -21"><span class='ocrx_word' id='word_1_172' title='bbox 557 2640 750 2707; x_wconf 84' lang='lat'>1395.</span> <span class='ocrx_word' id='word_1_173' title='bbox 802 2641 1135 2707; x_wconf 89' lang='lat' dir='ltr'>indictione</span> <span class='ocrx_word' id='word_1_174' title='bbox 1185 2647 1424 2726; x_wconf 87' lang='lat' dir='ltr'>quarta,</span> <span class='ocrx_word' id='word_1_175' title='bbox 1469 2643 1568 2706; x_wconf 88' lang='lat' dir='ltr'>die</span> <span class='ocrx_word' id='word_1_176' title='bbox 1595 2641 1776 2707; x_wconf 89' lang='lat' dir='ltr'>XXX</span> <span class='ocrx_word' id='word_1_177' title='bbox 1801 2643 2168 2709; x_wconf 76' lang='lat' dir='ltr'>decembris,</span> <span class='ocrx_word' id='word_1_178' title='bbox 2220 2644 2333 2709; x_wconf 89' lang='lat' dir='ltr'>Ser</span> <span class='ocrx_word' id='word_1_179' title='bbox 2365 2641 2661 2708; x_wconf 87' lang='lat' dir='ltr'>Nicolaus</span> <span class='ocrx_word' id='word_1_180' title='bbox 2706 2645 3050 2728; x_wconf 81' lang='lat' dir='ltr'>Delphyno,</span> 
     </span>
     <span class='ocr_line' id='line_1_24' title="bbox 343 2729 3057 2814; baseline 0 -18"><span class='ocrx_word' id='word_1_181' title='bbox 343 2750 443 2796; x_wconf 91' lang='lat' dir='ltr'>ser</span> <span class='ocrx_word' id='word_1_182' title='bbox 486 2730 788 2796; x_wconf 88' lang='lat' dir='ltr'>Nicolaus</span> <span class='ocrx_word' id='word_1_183' title='bbox 833 2731 1255 2808; x_wconf 82' lang='lat' dir='ltr'>LaureudanO,</span> <span class='ocrx_word' id='word_1_184' title='bbox 1306 2750 1404 2796; x_wconf 88' lang='lat' dir='ltr'>ser</span> <span class='ocrx_word' id='word_1_185' title='bbox 1451 2731 1806 2795; x_wconf 73' lang='lat' dir='ltr'>Leonardus</span> <span class='ocrx_word' id='word_1_186' title='bbox 1842 2729 2095 2808; x_wconf 88' lang='lat' dir='ltr'>Sanuto,</span> <span class='ocrx_word' id='word_1_187' title='bbox 2131 2751 2226 2795; x_wconf 91' lang='lat' dir='ltr'>ser</span> <span class='ocrx_word' id='word_1_188' title='bbox 2260 2732 2598 2814; x_wconf 85' lang='lat' dir='ltr'>Phylippus</span> <span class='ocrx_word' id='word_1_189' title='bbox 2633 2732 2856 2814; x_wconf 80' lang='lat' dir='ltr'>Aym0,</span> <span class='ocrx_word' id='word_1_190' title='bbox 2893 2734 3057 2814; x_wconf 90' lang='lat' dir='ltr'>sapi-</span> 
     </span>
     <span class='ocr_line' id='line_1_25' title="bbox 341 2814 3054 2900; baseline 0 -17"><span class='ocrx_word' id='word_1_191' title='bbox 341 2820 514 2884; x_wconf 87' lang='lat' dir='ltr'>entes</span> <span class='ocrx_word' id='word_1_192' title='bbox 552 2819 869 2883; x_wconf 71' lang='lat' dir='ltr'>ordinum.</span> <span class='ocrx_word' id='word_1_193' title='bbox 920 2814 1078 2895; x_wconf 81' lang='lat' dir='ltr'>Quia</span> <span class='ocrx_word' id='word_1_194' title='bbox 1124 2817 1379 2882; x_wconf 86' lang='lat' dir='ltr'>fuerunt</span> <span class='ocrx_word' id='word_1_195' title='bbox 1421 2818 1521 2881; x_wconf 89' lang='lat' dir='ltr'>hic</span> <span class='ocrx_word' id='word_1_196' title='bbox 1569 2820 1695 2881; x_wconf 89' lang='lat' dir='ltr'>iam</span> <span class='ocrx_word' id='word_1_197' title='bbox 1744 2821 1897 2882; x_wconf 92' lang='lat' dir='ltr'>bono</span> <span class='ocrx_word' id='word_1_198' title='bbox 1940 2820 2215 2900; x_wconf 87' lang='lat' dir='ltr'>tempore</span> <span class='ocrx_word' id='word_1_199' title='bbox 2261 2817 2742 2883; x_wconf 85' lang='lat' dir='ltr'>ambassiatores</span> <span class='ocrx_word' id='word_1_200' title='bbox 2818 2820 3054 2884; x_wconf 90' lang='lat' dir='ltr'>domini</span> 
     </span>
     <span class='ocr_line' id='line_1_26' title="bbox 341 2905 3059 2989; baseline 0 -18"><span class='ocrx_word' id='word_1_201' title='bbox 341 2905 592 2989; x_wconf 87' lang='lat' dir='ltr'>Georgii</span> <span class='ocrx_word' id='word_1_202' title='bbox 639 2906 984 2971; x_wconf 89' lang='lat' dir='ltr'>Stracimiri</span> <span class='ocrx_word' id='word_1_203' title='bbox 1037 2905 1383 2981; x_wconf 81' lang='lat' dir='ltr'>offerenteS,</span> <span class='ocrx_word' id='word_1_204' title='bbox 1448 2905 1606 2969; x_wconf 90' lang='lat' dir='ltr'>velle</span> <span class='ocrx_word' id='word_1_205' title='bbox 1675 2923 1785 2969; x_wconf 90' lang='lat' dir='ltr'>suo</span> <span class='ocrx_word' id='word_1_206' title='bbox 1834 2906 2078 2969; x_wconf 89' lang='lat' dir='ltr'>nomine</span> <span class='ocrx_word' id='word_1_207' title='bbox 2126 2907 2272 2969; x_wconf 90' lang='lat' dir='ltr'>dare</span> <span class='ocrx_word' id='word_1_208' title='bbox 2323 2905 2497 2969; x_wconf 88' lang='lat' dir='ltr'>nobis</span> <span class='ocrx_word' id='word_1_209' title='bbox 2545 2908 3059 2971; x_wconf 86' lang='lat' dir='ltr'>communitatem</span> 
     </span>
     <span class='ocr_line' id='line_1_27' title="bbox 345 2992 3061 3074; baseline -0.001 -15"><span class='ocrx_word' id='word_1_210' title='bbox 345 2992 593 3059; x_wconf 88' lang='lat' dir='ltr'>Scutari</span> <span class='ocrx_word' id='word_1_211' title='bbox 641 2998 703 3057; x_wconf 91' lang='lat' dir='ltr'>et</span> <span class='ocrx_word' id='word_1_212' title='bbox 747 2993 1072 3057; x_wconf 85' lang='lat' dir='ltr'>civitatem</span> <span class='ocrx_word' id='word_1_213' title='bbox 1144 2993 1417 3057; x_wconf 87' lang='lat' dir='ltr'>Drivasti</span> <span class='ocrx_word' id='word_1_214' title='bbox 1466 3011 1612 3056; x_wconf 92' lang='lat' dir='ltr'>cum</span> <span class='ocrx_word' id='word_1_215' title='bbox 1652 2993 1781 3056; x_wconf 91' lang='lat' dir='ltr'>suis</span> <span class='ocrx_word' id='word_1_216' title='bbox 1853 2994 2240 3074; x_wconf 88' lang='lat' dir='ltr'>pertinentiis</span> <span class='ocrx_word' id='word_1_217' title='bbox 2309 2994 2425 3057; x_wconf 86' lang='lat' dir='ltr'>sub</span> <span class='ocrx_word' id='word_1_218' title='bbox 2495 2994 2679 3057; x_wconf 88' lang='lat' dir='ltr'>certis</span> <span class='ocrx_word' id='word_1_219' title='bbox 2751 2994 2949 3074; x_wconf 86' lang='lat' dir='ltr'>pactis</span> <span class='ocrx_word' id='word_1_220' title='bbox 2998 3000 3061 3058; x_wconf 92' lang='lat' dir='ltr'>et</span> 
     </span>
     <span class='ocr_line' id='line_1_28' title="bbox 344 3080 3058 3165; baseline -0 -18"><span class='ocrx_word' id='word_1_221' title='bbox 344 3081 801 3147; x_wconf 75' lang='lat' dir='ltr'>condicionibus</span> <span class='ocrx_word' id='word_1_222' title='bbox 848 3081 1025 3144; x_wconf 89' lang='lat' dir='ltr'>nobis</span> <span class='ocrx_word' id='word_1_223' title='bbox 1071 3082 1134 3144; x_wconf 93' lang='lat' dir='ltr'>in</span> <span class='ocrx_word' id='word_1_224' title='bbox 1181 3080 1430 3161; x_wconf 88' lang='lat' dir='ltr'>scriptis</span> <span class='ocrx_word' id='word_1_225' title='bbox 1472 3080 1651 3154; x_wconf 85' lang='lat' dir='ltr'>datis,</span> <span class='ocrx_word' id='word_1_226' title='bbox 1702 3081 1803 3160; x_wconf 91' lang='lat' dir='ltr'>qui</span> <span class='ocrx_word' id='word_1_227' title='bbox 1854 3081 2331 3144; x_wconf 87' lang='lat' dir='ltr'>ambassiatores</span> <span class='ocrx_word' id='word_1_228' title='bbox 2378 3082 2596 3162; x_wconf 89' lang='lat' dir='ltr'>petunt</span> <span class='ocrx_word' id='word_1_229' title='bbox 2643 3100 2779 3144; x_wconf 91' lang='lat' dir='ltr'>cum</span> <span class='ocrx_word' id='word_1_230' title='bbox 2830 3100 3058 3165; x_wconf 87' lang='lat' dir='ltr'>magna</span> 
     </span>
     <span class='ocr_line' id='line_1_29' title="bbox 344 3168 3060 3250; baseline -0 -16"><span class='ocrx_word' id='word_1_231' title='bbox 344 3171 605 3234; x_wconf 85' lang='lat' dir='ltr'>istantia</span> <span class='ocrx_word' id='word_1_232' title='bbox 652 3169 1122 3250; x_wconf 85' lang='lat' dir='ltr'>expeditionem,</span> <span class='ocrx_word' id='word_1_233' title='bbox 1169 3170 1234 3231; x_wconf 86' lang='lat' dir='ltr'>et</span> <span class='ocrx_word' id='word_1_234' title='bbox 1276 3172 1596 3250; x_wconf 86' lang='lat' dir='ltr'>propterea</span> <span class='ocrx_word' id='word_1_235' title='bbox 1666 3168 1894 3231; x_wconf 90' lang='lat' dir='ltr'>bonum</span> <span class='ocrx_word' id='word_1_236' title='bbox 1964 3169 2049 3231; x_wconf 88' lang='lat' dir='ltr'>sit</span> <span class='ocrx_word' id='word_1_237' title='bbox 2115 3171 2394 3250; x_wconf 90' lang='lat' dir='ltr'>respectu</span> <span class='ocrx_word' id='word_1_238' title='bbox 2465 3170 2677 3248; x_wconf 89' lang='lat' dir='ltr'>quanti</span> <span class='ocrx_word' id='word_1_239' title='bbox 2736 3169 2949 3232; x_wconf 88' lang='lat' dir='ltr'>damni</span> <span class='ocrx_word' id='word_1_240' title='bbox 2995 3171 3060 3233; x_wconf 85' lang='lat' dir='ltr'>et</span> 
     </span>
     <span class='ocr_line' id='line_1_30' title="bbox 343 3254 3052 3338; baseline -0 -17"><span class='ocrx_word' id='word_1_241' title='bbox 343 3257 505 3321; x_wconf 86' lang='lat' dir='ltr'>male</span> <span class='ocrx_word' id='word_1_242' title='bbox 553 3256 984 3338; x_wconf 88' lang='lat' dir='ltr'>consequentie</span> <span class='ocrx_word' id='word_1_243' title='bbox 1029 3255 1248 3332; x_wconf 84' lang='lat' dir='ltr'>forent,</span> <span class='ocrx_word' id='word_1_244' title='bbox 1295 3255 1350 3318; x_wconf 92' lang='lat' dir='ltr'>si</span> <span class='ocrx_word' id='word_1_245' title='bbox 1430 3255 1593 3319; x_wconf 87' lang='lat' dir='ltr'>dicta</span> <span class='ocrx_word' id='word_1_246' title='bbox 1666 3254 1798 3319; x_wconf 89' lang='lat' dir='ltr'>loca</span> <span class='ocrx_word' id='word_1_247' title='bbox 1873 3255 2263 3335; x_wconf 86' lang='lat' dir='ltr'>pervenirent</span> <span class='ocrx_word' id='word_1_248' title='bbox 2301 3257 2372 3319; x_wconf 90' lang='lat' dir='ltr'>ad</span> <span class='ocrx_word' id='word_1_249' title='bbox 2409 3274 2627 3319; x_wconf 84' lang='lat' dir='ltr'>manus</span> <span class='ocrx_word' id='word_1_250' title='bbox 2666 3255 3052 3320; x_wconf 86' lang='lat' dir='ltr'>Turchorum</span> 
     </span>
     <span class='ocr_line' id='line_1_31' title="bbox 343 3341 3060 3424; baseline -0 -17"><span class='ocrx_word' id='word_1_251' title='bbox 343 3345 486 3408; x_wconf 87' lang='lat' dir='ltr'>dare</span> <span class='ocrx_word' id='word_1_252' title='bbox 533 3346 624 3409; x_wconf 89' lang='lat' dir='ltr'>eis</span> <span class='ocrx_word' id='word_1_253' title='bbox 672 3344 1119 3424; x_wconf 82' lang='lat' dir='ltr'>expeditionem</span> <span class='ocrx_word' id='word_1_254' title='bbox 1169 3345 1231 3406; x_wconf 89' lang='lat' dir='ltr'>et</span> <span class='ocrx_word' id='word_1_255' title='bbox 1278 3343 1591 3424; x_wconf 88' lang='lat' dir='ltr'>providere</span> <span class='ocrx_word' id='word_1_256' title='bbox 1639 3362 1828 3423; x_wconf 88' lang='lat' dir='ltr'>super</span> <span class='ocrx_word' id='word_1_257' title='bbox 1874 3343 2057 3405; x_wconf 87' lang='lat' dir='ltr'>dictis</span> <span class='ocrx_word' id='word_1_258' title='bbox 2104 3341 2286 3406; x_wconf 88' lang='lat' dir='ltr'>factis</span> <span class='ocrx_word' id='word_1_259' title='bbox 2335 3343 2426 3405; x_wconf 83' lang='lat' dir='ltr'>ita</span> <span class='ocrx_word' id='word_1_260' title='bbox 2473 3344 2780 3424; x_wconf 86' lang='lat' dir='ltr'>sapienter</span> <span class='ocrx_word' id='word_1_261' title='bbox 2814 3344 2876 3406; x_wconf 94' lang='lat' dir='ltr'>et</span> <span class='ocrx_word' id='word_1_262' title='bbox 2921 3347 3060 3409; x_wconf 69' lang='lat' dir='ltr'>ma·‘</span> 
     </span>
     <span class='ocr_line' id='line_1_32' title="bbox 341 3429 3052 3514; baseline -0.001 -17"><span class='ocrx_word' id='word_1_263' title='bbox 341 3436 500 3508; x_wconf 89' lang='lat' dir='ltr'>ture,</span> <span class='ocrx_word' id='word_1_264' title='bbox 550 3433 711 3514; x_wconf 89' lang='lat' dir='ltr'>quod</span> <span class='ocrx_word' id='word_1_265' title='bbox 759 3449 901 3494; x_wconf 89' lang='lat' dir='ltr'>cum</span> <span class='ocrx_word' id='word_1_266' title='bbox 949 3431 1203 3494; x_wconf 90' lang='lat' dir='ltr'>comodo</span> <span class='ocrx_word' id='word_1_267' title='bbox 1250 3434 1314 3494; x_wconf 91' lang='lat' dir='ltr'>et</span> <span class='ocrx_word' id='word_1_268' title='bbox 1359 3429 1584 3493; x_wconf 87' lang='lat' dir='ltr'>honore</span> <span class='ocrx_word' id='word_1_269' title='bbox 1632 3431 1839 3493; x_wconf 90' lang='lat' dir='ltr'>nostro</span> <span class='ocrx_word' id='word_1_270' title='bbox 1885 3430 2191 3510; x_wconf 88' lang='lat' dir='ltr'>possimus</span> <span class='ocrx_word' id='word_1_271' title='bbox 2240 3430 2438 3493; x_wconf 85' lang='lat' dir='ltr'>facere</span> <span class='ocrx_word' id='word_1_272' title='bbox 2486 3430 2650 3493; x_wconf 85' lang='lat' dir='ltr'>sacta</span> <span class='ocrx_word' id='word_1_273' title='bbox 2716 3435 2940 3507; x_wconf 83' lang='lat' dir='ltr'>nostra,</span> <span class='ocrx_word' id='word_1_274' title='bbox 2988 3434 3052 3495; x_wconf 86' lang='lat' dir='ltr'>et</span> 
     </span>
     <span class='ocr_line' id='line_1_33' title="bbox 343 3517 3051 3605; baseline -0.001 -21"><span class='ocrx_word' id='word_1_275' title='bbox 343 3518 505 3605; x_wconf 88' lang='lat' dir='ltr'>quod</span> <span class='ocrx_word' id='word_1_276' title='bbox 551 3518 671 3601; x_wconf 89' lang='lat' dir='ltr'>ipsi</span> <span class='ocrx_word' id='word_1_277' title='bbox 718 3517 1198 3581; x_wconf 82' lang='lat' dir='ltr'>ambassiatores</span> <span class='ocrx_word' id='word_1_278' title='bbox 1246 3518 1531 3580; x_wconf 89' lang='lat' dir='ltr'>recedant</span> <span class='ocrx_word' id='word_1_279' title='bbox 1579 3518 1642 3580; x_wconf 86' lang='lat' dir='ltr'>et</span> <span class='ocrx_word' id='word_1_280' title='bbox 1688 3518 2023 3580; x_wconf 88' lang='lat' dir='ltr'>informent</span> <span class='ocrx_word' id='word_1_281' title='bbox 2070 3517 2386 3580; x_wconf 88' lang='lat' dir='ltr'>dominum</span> <span class='ocrx_word' id='word_1_282' title='bbox 2414 3534 2592 3581; x_wconf 80' lang='lat' dir='ltr'>suum</span> <span class='ocrx_word' id='word_1_283' title='bbox 2621 3537 2728 3598; x_wconf 89' lang='lat' dir='ltr'>per</span> <span class='ocrx_word' id='word_1_284' title='bbox 2775 3519 3051 3596; x_wconf 89' lang='lat' dir='ltr'>modum,</span> 
     </span>
     <span class='ocr_line' id='line_1_34' title="bbox 344 3604 3044 3691; baseline -0.001 -20"><span class='ocrx_word' id='word_1_285' title='bbox 344 3609 507 3691; x_wconf 89' lang='lat' dir='ltr'>quod</span> <span class='ocrx_word' id='word_1_286' title='bbox 555 3625 725 3688; x_wconf 90' lang='lat' dir='ltr'>spem</span> <span class='ocrx_word' id='word_1_287' title='bbox 769 3604 1016 3681; x_wconf 87' lang='lat' dir='ltr'>habeat,</span> <span class='ocrx_word' id='word_1_288' title='bbox 1066 3606 1223 3686; x_wconf 77' lang='lat' dir='ltr'>quod</span> <span class='ocrx_word' id='word_1_289' title='bbox 1272 3605 1669 3668; x_wconf 87' lang='lat' dir='ltr'>attendamus</span> <span class='ocrx_word' id='word_1_290' title='bbox 1717 3604 1793 3667; x_wconf 89' lang='lat' dir='ltr'>ad</span> <span class='ocrx_word' id='word_1_291' title='bbox 1841 3604 2111 3683; x_wconf 83' lang='lat' dir='ltr'>factum3</span> <span class='ocrx_word' id='word_1_292' title='bbox 2166 3605 2340 3668; x_wconf 85' lang='lat' dir='ltr'>vadit</span> <span class='ocrx_word' id='word_1_293' title='bbox 2387 3623 2552 3685; x_wconf 89' lang='lat' dir='ltr'>pars,</span> <span class='ocrx_word' id='word_1_294' title='bbox 2600 3606 2755 3685; x_wconf 91' lang='lat' dir='ltr'>quod</span> <span class='ocrx_word' id='word_1_295' title='bbox 2801 3624 3044 3687; x_wconf 89' lang='lat' dir='ltr'>respon-</span> 
     </span>
     <span class='ocr_line' id='line_1_35' title="bbox 343 3692 3057 3774; baseline -0.001 -15"><span class='ocrx_word' id='word_1_296' title='bbox 343 3698 560 3759; x_wconf 89' lang='lat' dir='ltr'>deatur</span> <span class='ocrx_word' id='word_1_297' title='bbox 605 3693 789 3757; x_wconf 89' lang='lat' dir='ltr'>dictis</span> <span class='ocrx_word' id='word_1_298' title='bbox 835 3693 1409 3769; x_wconf 87' lang='lat' dir='ltr'>ambassiatoribus,</span> <span class='ocrx_word' id='word_1_299' title='bbox 1459 3692 1617 3774; x_wconf 90' lang='lat' dir='ltr'>quod</span> <span class='ocrx_word' id='word_1_300' title='bbox 1689 3711 1758 3755; x_wconf 83' lang='lat' dir='ltr'>ex</span> <span class='ocrx_word' id='word_1_301' title='bbox 1818 3692 2198 3756; x_wconf 86' lang='lat' dir='ltr'>ambassiata</span> <span class='ocrx_word' id='word_1_302' title='bbox 2265 3711 2474 3756; x_wconf 89' lang='lat' dir='ltr'>eorum</span> <span class='ocrx_word' id='word_1_303' title='bbox 2544 3694 2606 3755; x_wconf 90' lang='lat' dir='ltr'>et</span> <span class='ocrx_word' id='word_1_304' title='bbox 2652 3692 2866 3756; x_wconf 89' lang='lat' dir='ltr'>multis</span> <span class='ocrx_word' id='word_1_305' title='bbox 2914 3694 3057 3756; x_wconf 90' lang='lat' dir='ltr'>aliis</span> 
     </span>
     <span class='ocr_line' id='line_1_36' title="bbox 343 3778 3048 3859; baseline -0.001 -13"><span class='ocrx_word' id='word_1_306' title='bbox 343 3781 668 3846; x_wconf 84' lang='lat' dir='ltr'>evidentiis</span> <span class='ocrx_word' id='word_1_307' title='bbox 737 3798 845 3843; x_wconf 91' lang='grc'>303</span> <span class='ocrx_word' id='word_1_308' title='bbox 911 3780 1191 3844; x_wconf 87' lang='lat' dir='ltr'>videmus</span> <span class='ocrx_word' id='word_1_309' title='bbox 1254 3780 1318 3843; x_wconf 91' lang='lat' dir='ltr'>et</span> <span class='ocrx_word' id='word_1_310' title='bbox 1384 3778 1813 3859; x_wconf 85' lang='lat' dir='ltr'>cognoscimus</span> <span class='ocrx_word' id='word_1_311' title='bbox 1877 3778 2204 3842; x_wconf 88' lang='lat' dir='ltr'>manifeste</span> <span class='ocrx_word' id='word_1_312' title='bbox 2267 3780 2572 3844; x_wconf 89' lang='lat' dir='ltr'>sinceram</span> <span class='ocrx_word' id='word_1_313' title='bbox 2634 3780 3048 3856; x_wconf 88' lang='lat' dir='ltr'>affectionem,</span> 
     </span>
     <span class='ocr_line' id='line_1_37' title="bbox 344 3866 3056 3953; baseline -0.001 -20"><span class='ocrx_word' id='word_1_314' title='bbox 344 3889 530 3953; x_wconf 87' lang='lat' dir='ltr'>quam</span> <span class='ocrx_word' id='word_1_315' title='bbox 580 3869 767 3933; x_wconf 91' lang='lat' dir='ltr'>habet</span> <span class='ocrx_word' id='word_1_316' title='bbox 815 3867 1102 3930; x_wconf 91' lang='lat' dir='ltr'>dominus</span> <span class='ocrx_word' id='word_1_317' title='bbox 1146 3885 1295 3930; x_wconf 90' lang='lat' dir='ltr'>suus</span> <span class='ocrx_word' id='word_1_318' title='bbox 1344 3866 1630 3929; x_wconf 86' lang='lat' dir='ltr'>dominus</span> <span class='ocrx_word' id='word_1_319' title='bbox 1676 3866 1980 3948; x_wconf 84' lang='lat' dir='ltr'>Georgius</span> <span class='ocrx_word' id='word_1_320' title='bbox 2028 3867 2104 3929; x_wconf 89' lang='lat' dir='ltr'>ad</span> <span class='ocrx_word' id='word_1_321' title='bbox 2152 3867 2447 3930; x_wconf 89' lang='lat' dir='ltr'>honorem</span> <span class='ocrx_word' id='word_1_322' title='bbox 2512 3869 2575 3929; x_wconf 92' lang='lat' dir='ltr'>et</span> <span class='ocrx_word' id='word_1_323' title='bbox 2620 3869 2860 3930; x_wconf 89' lang='lat' dir='ltr'>statum</span> <span class='ocrx_word' id='word_1_324' title='bbox 2912 3885 3056 3931; x_wconf 86' lang='lat' dir='ltr'>nos-</span> 
     </span>
     <span class='ocr_line' id='line_1_38' title="bbox 345 3953 3054 4036; baseline -0.001 -17"><span class='ocrx_word' id='word_1_325' title='bbox 345 3959 532 4033; x_wconf 89' lang='lat' dir='ltr'>trum,</span> <span class='ocrx_word' id='word_1_326' title='bbox 584 3957 659 4021; x_wconf 94' lang='lat' dir='ltr'>de</span> <span class='ocrx_word' id='word_1_327' title='bbox 703 3975 822 4036; x_wconf 91' lang='lat' dir='ltr'>quo</span> <span class='ocrx_word' id='word_1_328' title='bbox 867 3973 980 4019; x_wconf 91' lang='lat' dir='ltr'>nos</span> <span class='ocrx_word' id='word_1_329' title='bbox 1025 3954 1440 4036; x_wconf 89' lang='lat' dir='ltr'>regratiamur</span> <span class='ocrx_word' id='word_1_330' title='bbox 1502 3954 1620 4017; x_wconf 89' lang='lat' dir='ltr'>sibi</span> <span class='ocrx_word' id='word_1_331' title='bbox 1695 3954 1869 4027; x_wconf 80' lang='lat' dir='ltr'>satiS,</span> <span class='ocrx_word' id='word_1_332' title='bbox 1939 3953 2329 4017; x_wconf 89' lang='lat' dir='ltr'>intendentes</span> <span class='ocrx_word' id='word_1_333' title='bbox 2402 3955 2606 4034; x_wconf 89' lang='lat' dir='ltr'>ipsum</span> <span class='ocrx_word' id='word_1_334' title='bbox 2679 3956 2743 4017; x_wconf 90' lang='lat' dir='ltr'>et</span> <span class='ocrx_word' id='word_1_335' title='bbox 2814 3956 3054 4017; x_wconf 89' lang='lat' dir='ltr'>statum</span> 
     </span>
     <span class='ocr_line' id='line_1_39' title="bbox 343 4040 3063 4124; baseline -0.001 -17"><span class='ocrx_word' id='word_1_336' title='bbox 343 4063 523 4108; x_wconf 87' lang='lat' dir='ltr'>suum</span> <span class='ocrx_word' id='word_1_337' title='bbox 568 4044 632 4107; x_wconf 86' lang='lat' dir='ltr'>iu</span> <span class='ocrx_word' id='word_1_338' title='bbox 680 4043 822 4118; x_wconf 90' lang='lat' dir='ltr'>hiis,</span> <span class='ocrx_word' id='word_1_339' title='bbox 873 4061 989 4124; x_wconf 92' lang='lat' dir='ltr'>que</span> <span class='ocrx_word' id='word_1_340' title='bbox 1036 4059 1179 4105; x_wconf 91' lang='lat' dir='ltr'>cum</span> <span class='ocrx_word' id='word_1_341' title='bbox 1229 4041 1454 4104; x_wconf 91' lang='lat' dir='ltr'>honore</span> <span class='ocrx_word' id='word_1_342' title='bbox 1507 4041 1714 4104; x_wconf 91' lang='lat' dir='ltr'>nostro</span> <span class='ocrx_word' id='word_1_343' title='bbox 1764 4041 2107 4121; x_wconf 87' lang='lat' dir='ltr'>poterimus</span> <span class='ocrx_word' id='word_1_344' title='bbox 2155 4042 2401 4117; x_wconf 86' lang='lat' dir='ltr'>habere,</span> <span class='ocrx_word' id='word_1_345' title='bbox 2460 4040 2661 4122; x_wconf 87' lang='lat' dir='ltr'>ipsum</span> <span class='ocrx_word' id='word_1_346' title='bbox 2708 4042 3063 4105; x_wconf 87' lang='lat' dir='ltr'>cordialiter</span> 
     </span>
     <span class='ocr_line' id='line_1_40' title="bbox 342 4126 3061 4210; baseline -0.001 -16"><span class='ocrx_word' id='word_1_347' title='bbox 342 4132 766 4196; x_wconf 88' lang='lat' dir='ltr'>recomissum.</span> <span class='ocrx_word' id='word_1_348' title='bbox 816 4129 936 4194; x_wconf 89' lang='lat' dir='ltr'>Sed</span> <span class='ocrx_word' id='word_1_349' title='bbox 984 4129 1404 4193; x_wconf 88' lang='lat' dir='ltr'>descendendo</span> <span class='ocrx_word' id='word_1_350' title='bbox 1451 4129 1527 4191; x_wconf 90' lang='lat' dir='ltr'>ad</span> <span class='ocrx_word' id='word_1_351' title='bbox 1576 4128 1861 4191; x_wconf 88' lang='lat' dir='ltr'>effectum</span> <span class='ocrx_word' id='word_1_352' title='bbox 1890 4148 1996 4191; x_wconf 88' lang='lat' dir='ltr'>sue</span> <span class='ocrx_word' id='word_1_353' title='bbox 2022 4128 2397 4192; x_wconf 87' lang='lat' dir='ltr'>ambassiate</span> <span class='ocrx_word' id='word_1_354' title='bbox 2432 4147 2538 4190; x_wconf 88' lang='lat' dir='ltr'>nos</span> <span class='ocrx_word' id='word_1_355' title='bbox 2585 4126 2867 4205; x_wconf 90' lang='lat' dir='ltr'>dicimus,</span> <span class='ocrx_word' id='word_1_356' title='bbox 2904 4129 3061 4210; x_wconf 91' lang='lat' dir='ltr'>quod</span> 
     </span>
     <span class='ocr_line' id='line_1_41' title="bbox 344 4214 3064 4301; baseline -0.001 -19"><span class='ocrx_word' id='word_1_357' title='bbox 344 4223 595 4301; x_wconf 91' lang='lat' dir='ltr'>propter</span> <span class='ocrx_word' id='word_1_358' title='bbox 641 4220 882 4283; x_wconf 88' lang='lat' dir='ltr'>certum</span> <span class='ocrx_word' id='word_1_359' title='bbox 926 4235 1137 4281; x_wconf 85' lang='lat' dir='ltr'>casum</span> <span class='ocrx_word' id='word_1_360' title='bbox 1187 4220 1249 4279; x_wconf 89' lang='lat' dir='ltr'>et</span> <span class='ocrx_word' id='word_1_361' title='bbox 1295 4220 1531 4279; x_wconf 88' lang='lat' dir='ltr'>certam</span> <span class='ocrx_word' id='word_1_362' title='bbox 1575 4216 2092 4296; x_wconf 78' lang='lat' dir='ltr'>informationem,</span> <span class='ocrx_word' id='word_1_363' title='bbox 2139 4234 2323 4296; x_wconf 83' lang='lat' dir='ltr'>quam</span> <span class='ocrx_word' id='word_1_364' title='bbox 2371 4214 2619 4296; x_wconf 82' lang='lat' dir='ltr'>expedit</span> <span class='ocrx_word' id='word_1_365' title='bbox 2664 4233 2774 4278; x_wconf 92' lang='lat' dir='ltr'>nos</span> <span class='ocrx_word' id='word_1_366' title='bbox 2806 4216 3064 4293; x_wconf 87' lang='lat' dir='ltr'>habere,</span> 
     </span>
     <span class='ocr_line' id='line_1_42' title="bbox 343 4302 3065 4388; baseline -0.001 -18"><span class='ocrx_word' id='word_1_367' title='bbox 343 4324 461 4370; x_wconf 89' lang='lat' dir='ltr'>non</span> <span class='ocrx_word' id='word_1_368' title='bbox 509 4324 834 4388; x_wconf 89' lang='lat' dir='ltr'>possumus</span> <span class='ocrx_word' id='word_1_369' title='bbox 867 4304 986 4368; x_wconf 91' lang='lat' dir='ltr'>sibi</span> <span class='ocrx_word' id='word_1_370' title='bbox 1031 4305 1177 4367; x_wconf 91' lang='lat' dir='ltr'>dare</span> <span class='ocrx_word' id='word_1_371' title='bbox 1226 4304 1398 4368; x_wconf 91' lang='lat' dir='ltr'>illam</span> <span class='ocrx_word' id='word_1_372' title='bbox 1448 4304 1924 4367; x_wconf 86' lang='lat' dir='ltr'>determinatam</span> <span class='ocrx_word' id='word_1_373' title='bbox 1971 4303 2450 4384; x_wconf 91' lang='lat' dir='ltr'>responsionem,</span> <span class='ocrx_word' id='word_1_374' title='bbox 2501 4321 2688 4385; x_wconf 88' lang='grc'>(13331</span> <span class='ocrx_word' id='word_1_375' title='bbox 2731 4302 2862 4383; x_wconf 89' lang='lat' dir='ltr'>ipse</span> <span class='ocrx_word' id='word_1_376' title='bbox 2911 4303 3065 4367; x_wconf 87' lang='lat' dir='ltr'>affe-</span> 
     </span>
     <span class='ocr_line' id='line_1_43' title="bbox 345 4390 3055 4473; baseline -0.001 -15"><span class='ocrx_word' id='word_1_377' title='bbox 345 4394 476 4458; x_wconf 88' lang='lat' dir='ltr'>ctat</span> <span class='ocrx_word' id='word_1_378' title='bbox 521 4394 586 4457; x_wconf 87' lang='lat' dir='ltr'>et</span> <span class='ocrx_word' id='word_1_379' title='bbox 629 4393 970 4457; x_wconf 88' lang='lat' dir='ltr'>secundum</span> <span class='ocrx_word' id='word_1_380' title='bbox 1018 4391 1181 4473; x_wconf 91' lang='lat' dir='ltr'>quod</span> <span class='ocrx_word' id='word_1_381' title='bbox 1228 4392 1392 4456; x_wconf 90' lang='lat' dir='ltr'>esset</span> <span class='ocrx_word' id='word_1_382' title='bbox 1437 4408 1541 4453; x_wconf 92' lang='lat' dir='ltr'>cor</span> <span class='ocrx_word' id='word_1_383' title='bbox 1587 4392 1907 4465; x_wconf 83' lang='lat' dir='ltr'>nostrum;</span> <span class='ocrx_word' id='word_1_384' title='bbox 1978 4391 2083 4453; x_wconf 90' lang='lat' dir='ltr'>sed</span> <span class='ocrx_word' id='word_1_385' title='bbox 2154 4392 2470 4471; x_wconf 85' lang='lat' dir='ltr'>prestante</span> <span class='ocrx_word' id='word_1_386' title='bbox 2541 4390 2785 4453; x_wconf 92' lang='lat' dir='ltr'>domino</span> <span class='ocrx_word' id='word_1_387' title='bbox 2836 4407 3055 4471; x_wconf 90' lang='lat' dir='ltr'>procu-</span> 
     </span>
     <span class='ocr_line' id='line_1_44' title="bbox 341 4477 3058 4560; baseline -0.001 -16"><span class='ocrx_word' id='word_1_388' title='bbox 341 4481 620 4545; x_wconf 88' lang='lat' dir='ltr'>rabimus</span> <span class='ocrx_word' id='word_1_389' title='bbox 667 4480 843 4544; x_wconf 88' lang='lat' dir='ltr'>illam</span> <span class='ocrx_word' id='word_1_390' title='bbox 890 4479 1111 4543; x_wconf 89' lang='lat' dir='ltr'>habere</span> <span class='ocrx_word' id='word_1_391' title='bbox 1160 4481 1223 4543; x_wconf 90' lang='lat' dir='ltr'>et</span> <span class='ocrx_word' id='word_1_392' title='bbox 1263 4479 1493 4560; x_wconf 86' lang='lat' dir='ltr'>presto,</span> <span class='ocrx_word' id='word_1_393' title='bbox 1522 4480 1820 4559; x_wconf 90' lang='lat' dir='ltr'>quantum</span> <span class='ocrx_word' id='word_1_394' title='bbox 1858 4497 1992 4541; x_wconf 86' lang='lat' dir='ltr'>esse</span> <span class='ocrx_word' id='word_1_395' title='bbox 2025 4478 2266 4558; x_wconf 87' lang='lat' dir='ltr'>poterit,</span> <span class='ocrx_word' id='word_1_396' title='bbox 2302 4478 2366 4540; x_wconf 88' lang='lat' dir='ltr'>et</span> <span class='ocrx_word' id='word_1_397' title='bbox 2397 4478 2610 4558; x_wconf 89' lang='lat' dir='ltr'>postea</span> <span class='ocrx_word' id='word_1_398' title='bbox 2641 4477 3058 4542; x_wconf 89' lang='lat' dir='ltr'>determinate</span> 
     </span>
     <span class='ocr_line' id='line_1_45' title="bbox 342 4563 3056 4645; baseline -0.002 -13"><span class='ocrx_word' id='word_1_399' title='bbox 342 4570 407 4632; x_wconf 89' lang='lat' dir='ltr'>et</span> <span class='ocrx_word' id='word_1_400' title='bbox 451 4568 792 4632; x_wconf 85' lang='lat' dir='ltr'>deliberate</span> <span class='ocrx_word' id='word_1_401' title='bbox 839 4567 956 4631; x_wconf 90' lang='lat' dir='ltr'>sibi</span> <span class='ocrx_word' id='word_1_402' title='bbox 1009 4569 1282 4629; x_wconf 89' lang='lat' dir='ltr'>mentem</span> <span class='ocrx_word' id='word_1_403' title='bbox 1330 4567 1604 4629; x_wconf 86' lang='lat' dir='ltr'>nostram</span> <span class='ocrx_word' id='word_1_404' title='bbox 1652 4563 2049 4628; x_wconf 86' lang='lat' dir='ltr'>manifestam</span> <span class='ocrx_word' id='word_1_405' title='bbox 2112 4564 2247 4628; x_wconf 89' lang='lat' dir='ltr'>fieri</span> <span class='ocrx_word' id='word_1_406' title='bbox 2322 4563 2639 4640; x_wconf 76' lang='lat' dir='ltr'>faciemuS,</span> <span class='ocrx_word' id='word_1_407' title='bbox 2704 4563 2847 4645; x_wconf 90' lang='lat' dir='ltr'>quia</span> <span class='ocrx_word' id='word_1_408' title='bbox 2894 4563 3056 4628; x_wconf 89' lang='lat' dir='ltr'>certi</span> 
     </span>
     <span class='ocr_line' id='line_1_46' title="bbox 343 4651 3062 4737; baseline -0.002 -18"><span class='ocrx_word' id='word_1_409' title='bbox 343 4655 675 4734; x_wconf 82' lang='lat' dir='ltr'>reddimur,</span> <span class='ocrx_word' id='word_1_410' title='bbox 725 4653 885 4737; x_wconf 90' lang='lat' dir='ltr'>quod</span> <span class='ocrx_word' id='word_1_411' title='bbox 934 4654 1380 4718; x_wconf 88' lang='lat' dir='ltr'>condescendet</span> <span class='ocrx_word' id='word_1_412' title='bbox 1420 4671 1664 4733; x_wconf 88' lang='lat' dir='ltr'>semper</span> <span class='ocrx_word' id='word_1_413' title='bbox 1711 4651 2032 4715; x_wconf 89' lang='lat' dir='ltr'>nobiscum</span> <span class='ocrx_word' id='word_1_414' title='bbox 2081 4652 2161 4714; x_wconf 89' lang='lat' dir='ltr'>ad</span> <span class='ocrx_word' id='word_1_415' title='bbox 2207 4669 2298 4728; x_wconf 92' lang='lat' dir='ltr'>ea,</span> <span class='ocrx_word' id='word_1_416' title='bbox 2349 4670 2465 4732; x_wconf 92' lang='lat' dir='ltr'>que</span> <span class='ocrx_word' id='word_1_417' title='bbox 2512 4652 2696 4714; x_wconf 84' lang='lat' dir='ltr'>erunt</span> <span class='ocrx_word' id='word_1_418' title='bbox 2741 4651 2926 4726; x_wconf 87' lang='lat' dir='ltr'>iusta,</span> <span class='ocrx_word' id='word_1_419' title='bbox 2960 4669 3062 4714; x_wconf 89' lang='lat' dir='ltr'>ra-</span> 
     </span>
     <span class='ocr_line' id='line_1_47' title="bbox 340 4737 3065 4821; baseline -0.003 -13"><span class='ocrx_word' id='word_1_420' title='bbox 340 4742 666 4808; x_wconf 85' lang='lat' dir='ltr'>tionabilia</span> <span class='ocrx_word' id='word_1_421' title='bbox 714 4744 779 4806; x_wconf 92' lang='lat' dir='ltr'>et</span> <span class='ocrx_word' id='word_1_422' title='bbox 822 4741 1123 4817; x_wconf 83' lang='lat' dir='ltr'>honesta3</span> <span class='ocrx_word' id='word_1_423' title='bbox 1168 4740 1608 4806; x_wconf 87' lang='lat' dir='ltr'>nichilominus</span> <span class='ocrx_word' id='word_1_424' title='bbox 1656 4738 1990 4804; x_wconf 86' lang='lat' dir='ltr'>suademus</span> <span class='ocrx_word' id='word_1_425' title='bbox 2036 4738 2261 4818; x_wconf 91' lang='lat' dir='ltr'>eidem,</span> <span class='ocrx_word' id='word_1_426' title='bbox 2311 4738 2470 4821; x_wconf 90' lang='lat' dir='ltr'>quod</span> <span class='ocrx_word' id='word_1_427' title='bbox 2519 4737 2770 4801; x_wconf 88' lang='lat' dir='ltr'>interim</span> <span class='ocrx_word' id='word_1_428' title='bbox 2816 4744 2879 4801; x_wconf 92' lang='lat' dir='ltr'>et</span> <span class='ocrx_word' id='word_1_429' title='bbox 2919 4754 3065 4800; x_wconf 90' lang='lat' dir='ltr'>con·-</span> 
     </span>
    </p>
   </div>
  </div>
 </body>
</html>
