<?xml version="1.0" encoding="UTF-8"?>
<!DOCTYPE html PUBLIC "-//W3C//DTD XHTML 1.0 Transitional//EN"
    "http://www.w3.org/TR/xhtml1/DTD/xhtml1-transitional.dtd">
<html xmlns="http://www.w3.org/1999/xhtml" xml:lang="en" lang="en">
 <head>
  <title>
</title>
<meta http-equiv="Content-Type" content="text/html;charset=utf-8" />
  <meta name='ocr-system' content='tesseract 3.04.00' />
  <meta name='ocr-capabilities' content='ocr_page ocr_carea ocr_par ocr_line ocrx_word'/>
</head>
<body>
  <div class='ocr_page' id='page_1' title='image "./monumentaspecta02umjegoog_0666.png"; bbox 0 0 3620 5282; ppageno 0'>
   <div class='ocr_carea' id='block_1_1' title="bbox 488 336 2961 606">
    <p class='ocr_par' dir='ltr' id='par_1_1' title="bbox 488 336 2961 606">
     <span class='ocr_line' id='line_1_1' title="bbox 488 336 611 400; baseline 0.016 -3"><span class='ocrx_word' id='word_1_1' title='bbox 488 336 611 400; x_wconf 85' lang='lat'>114</span> 
     </span>
     <span class='ocr_line' id='line_1_2' title="bbox 749 505 2961 606; baseline -0.002 -19"><span class='ocrx_word' id='word_1_2' title='bbox 749 505 1218 588; x_wconf 84' lang='lat' dir='ltr'><strong>CCXXXII.</strong></span> <span class='ocrx_word' id='word_1_3' title='bbox 1281 506 1476 588; x_wconf 80' lang='lat' dir='ltr'>God.</span> <span class='ocrx_word' id='word_1_4' title='bbox 1537 506 1751 589; x_wconf 75' lang='grc'><strong>1376.</strong></span> <span class='ocrx_word' id='word_1_5' title='bbox 1807 507 1857 588; x_wconf 83' lang='lat'><strong>3</strong></span> <span class='ocrx_word' id='word_1_6' title='bbox 1912 507 2406 606; x_wconf 79' lang='lat' dir='ltr'>studenoga,</span> <span class='ocrx_word' id='word_1_7' title='bbox 2462 529 2517 587; x_wconf 94' lang='grc' dir='ltr'>ιι</span> <span class='ocrx_word' id='word_1_8' title='bbox 2570 505 2961 588; x_wconf 84' lang='lat' dir='ltr'>Mletcih.</span> 
     </span>
    </p>
   </div>
   <div class='ocr_carea' id='block_1_2' title="bbox 477 664 3273 922">
    <p class='ocr_par' dir='ltr' id='par_1_2' title="bbox 477 664 3273 922">
     <span class='ocr_line' id='line_1_3' title="bbox 688 664 3223 745; baseline -0.001 -15"><span class='ocrx_word' id='word_1_9' title='bbox 688 668 823 730; x_wconf 82' lang='lat' dir='ltr'>Dux</span> <span class='ocrx_word' id='word_1_10' title='bbox 873 666 1125 728; x_wconf 88' lang='lat' dir='ltr'>venetus</span> <span class='ocrx_word' id='word_1_11' title='bbox 1175 665 1461 727; x_wconf 87' lang='lat' dir='ltr'>omnibus</span> <span class='ocrx_word' id='word_1_12' title='bbox 1504 665 1654 727; x_wconf 83' lang='lat' dir='ltr'>facit</span> <span class='ocrx_word' id='word_1_13' title='bbox 1714 666 2135 740; x_wconf 85' lang='lat' dir='ltr'>manifestum,</span> <span class='ocrx_word' id='word_1_14' title='bbox 2202 666 2361 745; x_wconf 92' lang='lat' dir='ltr'>quod</span> <span class='ocrx_word' id='word_1_15' title='bbox 2426 665 2800 728; x_wconf 80' lang='lat' dir='ltr'>mediatione</span> <span class='ocrx_word' id='word_1_16' title='bbox 2872 664 3223 728; x_wconf 85' lang='lat' dir='ltr'>ambascia-</span> 
     </span>
     <span class='ocr_line' id='line_1_4' title="bbox 477 751 3273 835; baseline -0.001 -16"><span class='ocrx_word' id='word_1_17' title='bbox 477 756 628 819; x_wconf 90' lang='lat' dir='ltr'>toris</span> <span class='ocrx_word' id='word_1_18' title='bbox 676 755 838 835; x_wconf 83' lang='lat' dir='ltr'>regis</span> <span class='ocrx_word' id='word_1_19' title='bbox 887 753 1245 834; x_wconf 84' lang='lat' dir='ltr'>Hungariae</span> <span class='ocrx_word' id='word_1_20' title='bbox 1295 753 1534 815; x_wconf 87' lang='lat' dir='ltr'>Nicolai</span> <span class='ocrx_word' id='word_1_21' title='bbox 1585 752 1693 815; x_wconf 85' lang='lat' dir='ltr'>filii</span> <span class='ocrx_word' id='word_1_22' title='bbox 1745 752 2042 829; x_wconf 80' lang='lat' dir='ltr'>LeuchuS,</span> <span class='ocrx_word' id='word_1_23' title='bbox 2109 752 2285 815; x_wconf 87' lang='lat' dir='ltr'>aulae</span> <span class='ocrx_word' id='word_1_24' title='bbox 2348 755 2550 834; x_wconf 86' lang='lat' dir='ltr'>regiae</span> <span class='ocrx_word' id='word_1_25' title='bbox 2615 753 2856 829; x_wconf 81' lang='lat' dir='ltr'>militis,</span> <span class='ocrx_word' id='word_1_26' title='bbox 2933 751 3220 815; x_wconf 84' lang='lat' dir='ltr'>firmatae</span> <span class='ocrx_word' id='word_1_27' title='bbox 3266 817 3273 822; x_wconf 15' lang='grc' dir='ltr'><em>ἠ</em></span> 
     </span>
     <span class='ocr_line' id='line_1_5' title="bbox 478 841 2599 922; baseline -0.001 -18"><span class='ocrx_word' id='word_1_28' title='bbox 478 843 708 906; x_wconf 86' lang='lat' dir='ltr'>fuerint</span> <span class='ocrx_word' id='word_1_29' title='bbox 756 847 1053 922; x_wconf 76' lang='lat' dir='ltr'>treuguae</span> <span class='ocrx_word' id='word_1_30' title='bbox 1103 842 1384 922; x_wconf 82' lang='lat' dir='ltr'>superius</span> <span class='ocrx_word' id='word_1_31' title='bbox 1433 841 1739 904; x_wconf 88' lang='lat' dir='ltr'>indicatae</span> <span class='ocrx_word' id='word_1_32' title='bbox 1786 859 1927 903; x_wconf 87' lang='lat' dir='ltr'>cum</span> <span class='ocrx_word' id='word_1_33' title='bbox 1978 841 2239 904; x_wconf 83' lang='lat' dir='ltr'>ducibus·</span> <span class='ocrx_word' id='word_1_34' title='bbox 2288 841 2599 905; x_wconf 85' lang='lat' dir='ltr'>Austriae.</span> 
     </span>
    </p>
   </div>
   <div class='ocr_carea' id='block_1_3' title="bbox 563 948 2316 1022">
    <p class='ocr_par' dir='ltr' id='par_1_3' title="bbox 563 948 2316 1022">
     <span class='ocr_line' id='line_1_6' title="bbox 563 948 2316 1022; baseline 0 -14"><span class='ocrx_word' id='word_1_35' title='bbox 563 949 800 1008; x_wconf 78' lang='lat' dir='ltr'>Secreta</span> <span class='ocrx_word' id='word_1_36' title='bbox 846 949 1081 1008; x_wconf 63' lang='lat' dir='ltr'>consilli</span> <span class='ocrx_word' id='word_1_37' title='bbox 1128 953 1465 1022; x_wconf 74' lang='lat' dir='ltr'>roqatorum</span> <span class='ocrx_word' id='word_1_38' title='bbox 1513 948 1589 1005; x_wconf 89' lang='lat' dir='ltr'>D.</span> <span class='ocrx_word' id='word_1_39' title='bbox 1640 951 1741 1016; x_wconf 83' lang='lat'>40,</span> <span class='ocrx_word' id='word_1_40' title='bbox 1790 966 1832 1006; x_wconf 81' lang='lat' dir='ltr'>u</span> <span class='ocrx_word' id='word_1_41' title='bbox 1879 948 2033 1008; x_wconf 75' lang='lat' dir='ltr'>mlct.</span> <span class='ocrx_word' id='word_1_42' title='bbox 2084 951 2316 1008; x_wconf 74' lang='lat' dir='ltr'>arkivu.</span> 
     </span>
    </p>
   </div>
   <div class='ocr_carea' id='block_1_4' title="bbox 680 1173 3007 1291">
    <p class='ocr_par' dir='ltr' id='par_1_4' title="bbox 680 1173 3007 1291">
     <span class='ocr_line' id='line_1_7' title="bbox 680 1173 3007 1291; baseline -0.001 -18"><span class='ocrx_word' id='word_1_43' title='bbox 680 1190 1208 1273; x_wconf 74' lang='lat' dir='ltr'><strong>CCXXXIII.</strong></span> <span class='ocrx_word' id='word_1_44' title='bbox 1265 1190 1471 1272; x_wconf 80' lang='lat' dir='ltr'>God.</span> <span class='ocrx_word' id='word_1_45' title='bbox 1527 1191 1744 1274; x_wconf 72' lang='grc'><strong>1376.</strong></span> <span class='ocrx_word' id='word_1_46' title='bbox 1799 1191 1903 1272; x_wconf 85' lang='grc'>10</span> <span class='ocrx_word' id='word_1_47' title='bbox 1959 1173 2451 1291; x_wconf 76' lang='lat' dir='ltr'>studenogn,</span> <span class='ocrx_word' id='word_1_48' title='bbox 2508 1214 2563 1272; x_wconf 92' lang='grc' dir='ltr'>ιι</span> <span class='ocrx_word' id='word_1_49' title='bbox 2619 1190 3007 1273; x_wconf 85' lang='lat' dir='ltr'>Mletcih.</span> 
     </span>
    </p>
   </div>
   <div class='ocr_carea' id='block_1_5' title="bbox 478 1348 3214 1520">
    <p class='ocr_par' dir='ltr' id='par_1_5' title="bbox 478 1348 3214 1520">
     <span class='ocr_line' id='line_1_8' title="bbox 687 1348 3214 1431; baseline 0 -18"><span class='ocrx_word' id='word_1_50' title='bbox 687 1348 992 1414; x_wconf 85' lang='lat' dir='ltr'>Scribitur</span> <span class='ocrx_word' id='word_1_51' title='bbox 1039 1351 1168 1430; x_wconf 80' lang='lat' dir='ltr'>regi</span> <span class='ocrx_word' id='word_1_52' title='bbox 1197 1350 1578 1430; x_wconf 86' lang='lat' dir='ltr'>Hungariae,</span> <span class='ocrx_word' id='word_1_53' title='bbox 1629 1351 1790 1431; x_wconf 87' lang='lat' dir='ltr'>quod</span> <span class='ocrx_word' id='word_1_54' title='bbox 1840 1353 2121 1431; x_wconf 84' lang='lat' dir='ltr'>respectu</span> <span class='ocrx_word' id='word_1_55' title='bbox 2171 1349 2363 1430; x_wconf 84' lang='lat' dir='ltr'>ipsius</span> <span class='ocrx_word' id='word_1_56' title='bbox 2411 1348 2609 1413; x_wconf 84' lang='lat' dir='ltr'>factae</span> <span class='ocrx_word' id='word_1_57' title='bbox 2653 1348 2882 1414; x_wconf 89' lang='lat' dir='ltr'>fuerint</span> <span class='ocrx_word' id='word_1_58' title='bbox 2913 1353 3214 1431; x_wconf 73' lang='lat' dir='ltr'>treuguae</span> 
     </span>
     <span class='ocr_line' id='line_1_9' title="bbox 478 1436 3211 1520; baseline 0 -20"><span class='ocrx_word' id='word_1_59' title='bbox 478 1457 616 1501; x_wconf 89' lang='lat' dir='ltr'>cum</span> <span class='ocrx_word' id='word_1_60' title='bbox 669 1438 925 1501; x_wconf 89' lang='lat' dir='ltr'>ducibus</span> <span class='ocrx_word' id='word_1_61' title='bbox 973 1436 1266 1501; x_wconf 87' lang='lat' dir='ltr'>Austriae</span> <span class='ocrx_word' id='word_1_62' title='bbox 1318 1458 1421 1518; x_wconf 88' lang='lat' dir='ltr'>per</span> <span class='ocrx_word' id='word_1_63' title='bbox 1468 1455 1649 1501; x_wconf 90' lang='lat' dir='ltr'>suum</span> <span class='ocrx_word' id='word_1_64' title='bbox 1713 1438 2226 1501; x_wconf 85' lang='lat' dir='ltr'>ambasciatorem</span> <span class='ocrx_word' id='word_1_65' title='bbox 2283 1438 2602 1501; x_wconf 84' lang='lat' dir='ltr'>Nicolaum</span> <span class='ocrx_word' id='word_1_66' title='bbox 2654 1438 3043 1520; x_wconf 84' lang='lat' dir='ltr'>Hungarum,</span> <span class='ocrx_word' id='word_1_67' title='bbox 3108 1439 3211 1518; x_wconf 91' lang='lat' dir='ltr'>qui</span> 
     </span>
    </p>
   </div>
   <div class='ocr_carea' id='block_1_6' title="bbox 351 1525 3215 1607">
    <p class='ocr_par' dir='ltr' id='par_1_6' title="bbox 351 1525 3215 1607">
     <span class='ocr_line' id='line_1_10' title="bbox 351 1525 3215 1607; baseline 0.002 -25"><span class='ocrx_word' id='word_1_68' title='bbox 351 1575 358 1582; x_wconf 93' lang='grc'><em>,</em></span> <span class='ocrx_word' id='word_1_69' title='bbox 477 1526 804 1607; x_wconf 84' lang='lat' dir='ltr'>sapienter.</span> <span class='ocrx_word' id='word_1_70' title='bbox 855 1526 1129 1588; x_wconf 80' lang='lat' dir='ltr'>solicitet</span> <span class='ocrx_word' id='word_1_71' title='bbox 1177 1531 1240 1587; x_wconf 91' lang='lat' dir='ltr'>et</span> <span class='ocrx_word' id='word_1_72' title='bbox 1288 1527 1619 1606; x_wconf 79' lang='lat' dir='ltr'>diligenter</span> <span class='ocrx_word' id='word_1_73' title='bbox 1668 1525 1728 1588; x_wconf 91' lang='lat' dir='ltr'>in</span> <span class='ocrx_word' id='word_1_74' title='bbox 1780 1527 1892 1590; x_wconf 90' lang='lat' dir='ltr'>hoc</span> <span class='ocrx_word' id='word_1_75' title='bbox 1942 1526 2103 1588; x_wconf 84' lang='lat' dir='ltr'>facto</span> <span class='ocrx_word' id='word_1_76' title='bbox 2150 1546 2214 1588; x_wconf 91' lang='lat' dir='ltr'>se</span> <span class='ocrx_word' id='word_1_77' title='bbox 2264 1528 2479 1607; x_wconf 80' lang='lat' dir='ltr'>gessit,</span> <span class='ocrx_word' id='word_1_78' title='bbox 2533 1526 2701 1589; x_wconf 80' lang='lat' dir='ltr'>iuxta</span> <span class='ocrx_word' id='word_1_79' title='bbox 2743 1526 3003 1588; x_wconf 85' lang='lat' dir='ltr'>sormam</span> <span class='ocrx_word' id='word_1_80' title='bbox 3073 1542 3215 1589; x_wconf 85' lang='lat' dir='ltr'>vero</span> 
     </span>
    </p>
   </div>
   <div class='ocr_carea' id='block_1_7' title="bbox 476 1613 3223 1890">
    <p class='ocr_par' dir='ltr' id='par_1_7' title="bbox 476 1613 3223 1890">
     <span class='ocr_line' id='line_1_11' title="bbox 476 1613 3221 1695; baseline 0 -20"><span class='ocrx_word' id='word_1_81' title='bbox 476 1614 538 1675; x_wconf 85' lang='lat' dir='ltr'>in</span> <span class='ocrx_word' id='word_1_82' title='bbox 588 1613 976 1694; x_wconf 77' lang='lat' dir='ltr'>presentibus</span> <span class='ocrx_word' id='word_1_83' title='bbox 1023 1614 1451 1677; x_wconf 74' lang='lat' dir='ltr'>interclusam.</span> <span class='ocrx_word' id='word_1_84' title='bbox 1522 1614 1921 1692; x_wconf 74' lang='lat' dir='ltr'>Regratiatur</span> <span class='ocrx_word' id='word_1_85' title='bbox 1983 1618 2228 1694; x_wconf 86' lang='lat' dir='ltr'>propter</span> <span class='ocrx_word' id='word_1_86' title='bbox 2292 1614 2819 1695; x_wconf 80' lang='lat' dir='ltr'>interpositionem</span> <span class='ocrx_word' id='word_1_87' title='bbox 2884 1632 3081 1688; x_wconf 85' lang='lat' dir='ltr'>suam,</span> <span class='ocrx_word' id='word_1_88' title='bbox 3156 1616 3221 1675; x_wconf 90' lang='lat' dir='ltr'>et</span> 
     </span>
     <span class='ocr_line' id='line_1_12' title="bbox 478 1701 3223 1783; baseline 0 -20"><span class='ocrx_word' id='word_1_89' title='bbox 478 1701 898 1782; x_wconf 87' lang='lat' dir='ltr'>subjungitur,</span> <span class='ocrx_word' id='word_1_90' title='bbox 944 1707 1098 1782; x_wconf 87' lang='lat' dir='ltr'>quod</span> <span class='ocrx_word' id='word_1_91' title='bbox 1151 1702 1533 1764; x_wconf 83' lang='lat' dir='ltr'>ambasciata</span> <span class='ocrx_word' id='word_1_92' title='bbox 1580 1718 1687 1782; x_wconf 89' lang='lat' dir='ltr'>pro</span> <span class='ocrx_word' id='word_1_93' title='bbox 1737 1701 2062 1765; x_wconf 76' lang='lat' dir='ltr'>tractanda</span> <span class='ocrx_word' id='word_1_94' title='bbox 2106 1721 2252 1782; x_wconf 88' lang='lat' dir='ltr'>pace</span> <span class='ocrx_word' id='word_1_95' title='bbox 2297 1704 2368 1764; x_wconf 87' lang='lat' dir='ltr'>ad</span> <span class='ocrx_word' id='word_1_96' title='bbox 2406 1721 2577 1764; x_wconf 87' lang='lat' dir='ltr'>snam</span> <span class='ocrx_word' id='word_1_97' title='bbox 2617 1701 3029 1783; x_wconf 74' lang='lat' dir='ltr'>praesentiam</span> <span class='ocrx_word' id='word_1_98' title='bbox 3074 1721 3223 1764; x_wconf 85' lang='lat' dir='ltr'>ven-</span> 
     </span>
     <span class='ocr_line' id='line_1_13' title="bbox 484 1788 2535 1890; baseline 0.001 -40"><span class='ocrx_word' id='word_1_99' title='bbox 484 1791 621 1890; x_wconf 77' lang='lat' dir='ltr'>tura</span> <span class='ocrx_word' id='word_1_100' title='bbox 667 1792 850 1864; x_wconf 86' lang='lat' dir='ltr'>esset,</span> <span class='ocrx_word' id='word_1_101' title='bbox 901 1789 1406 1869; x_wconf 83' lang='lat' dir='ltr'>quandocumque</span> <span class='ocrx_word' id='word_1_102' title='bbox 1456 1790 1586 1870; x_wconf 88' lang='lat' dir='ltr'>ipse</span> <span class='ocrx_word' id='word_1_103' title='bbox 1634 1808 1737 1852; x_wconf 82' lang='lat' dir='ltr'>rex</span> <span class='ocrx_word' id='word_1_104' title='bbox 1781 1788 2029 1853; x_wconf 81' lang='lat' dir='ltr'>duxerit</span> <span class='ocrx_word' id='word_1_105' title='bbox 2077 1790 2535 1871; x_wconf 87' lang='lat' dir='ltr'>requirendum.</span> 
     </span>
    </p>
   </div>
   <div class='ocr_carea' id='block_1_8' title="bbox 563 1897 2300 1969">
    <p class='ocr_par' dir='ltr' id='par_1_8' title="bbox 563 1897 2300 1969">
     <span class='ocr_line' id='line_1_14' title="bbox 563 1897 2300 1969; baseline 0.001 -15"><span class='ocrx_word' id='word_1_106' title='bbox 563 1897 800 1955; x_wconf 79' lang='lat' dir='ltr'>Secreta</span> <span class='ocrx_word' id='word_1_107' title='bbox 845 1898 1081 1955; x_wconf 63' lang='lat' dir='ltr'>consilli</span> <span class='ocrx_word' id='word_1_108' title='bbox 1125 1902 1463 1969; x_wconf 77' lang='lat' dir='ltr'>royatorum</span> <span class='ocrx_word' id='word_1_109' title='bbox 1511 1898 1591 1954; x_wconf 91' lang='lat' dir='ltr'>D.</span> <span class='ocrx_word' id='word_1_110' title='bbox 1635 1899 1736 1966; x_wconf 78' lang='lat'>41,</span> <span class='ocrx_word' id='word_1_111' title='bbox 1784 1915 1829 1955; x_wconf 85' lang='lat' dir='ltr'>u</span> <span class='ocrx_word' id='word_1_112' title='bbox 1873 1899 2029 1957; x_wconf 71' lang='lat' dir='ltr'>mlet.</span> <span class='ocrx_word' id='word_1_113' title='bbox 2082 1899 2300 1956; x_wconf 76' lang='lat' dir='ltr'>arkivu</span> 
     </span>
    </p>
   </div>
   <div class='ocr_carea' id='block_1_9' title="bbox 712 2138 2979 2240">
    <p class='ocr_par' dir='ltr' id='par_1_9' title="bbox 712 2138 2979 2240">
     <span class='ocr_line' id='line_1_15' title="bbox 712 2138 2979 2240; baseline -0.001 -20"><span class='ocrx_word' id='word_1_114' title='bbox 712 2139 1246 2220; x_wconf 73' lang='lat' dir='ltr'>ccxxxlv.</span> <span class='ocrx_word' id='word_1_115' title='bbox 1302 2138 1506 2220; x_wconf 80' lang='lat' dir='ltr'>God.</span> <span class='ocrx_word' id='word_1_116' title='bbox 1561 2139 1781 2220; x_wconf 71' lang='grc'><strong>1376.</strong></span> <span class='ocrx_word' id='word_1_117' title='bbox 1840 2140 1936 2219; x_wconf 92' lang='grc'>16</span> <span class='ocrx_word' id='word_1_118' title='bbox 1993 2141 2423 2240; x_wconf 75' lang='lat' dir='ltr'>prosince,</span> <span class='ocrx_word' id='word_1_119' title='bbox 2480 2161 2537 2219; x_wconf 90' lang='lat' dir='ltr'>u</span> <span class='ocrx_word' id='word_1_120' title='bbox 2594 2139 2979 2221; x_wconf 83' lang='lat' dir='ltr'>Mletcih.</span> 
     </span>
    </p>
   </div>
   <div class='ocr_carea' id='block_1_10' title="bbox 478 2278 3206 2354">
    <p class='ocr_par' dir='ltr' id='par_1_10' title="bbox 478 2278 3206 2354">
     <span class='ocr_line' id='line_1_16' title="bbox 478 2278 3206 2354; baseline 0.001 -15"><span class='ocrx_word' id='word_1_121' title='bbox 478 2278 754 2354; x_wconf 62' lang='lat' dir='ltr'>Odpusta</span> <span class='ocrx_word' id='word_1_122' title='bbox 797 2300 859 2340; x_wconf 84' lang='lat' dir='ltr'>se</span> <span class='ocrx_word' id='word_1_123' title='bbox 903 2284 981 2341; x_wconf 82' lang='lat' dir='ltr'>od</span> <span class='ocrx_word' id='word_1_124' title='bbox 1024 2283 1219 2340; x_wconf 65' lang='lat' dir='ltr'>sluibe</span> <span class='ocrx_word' id='word_1_125' title='bbox 1267 2280 1416 2341; x_wconf 58' lang='lat' dir='ltr'>lenes</span> <span class='ocrx_word' id='word_1_126' title='bbox 1461 2283 1629 2340; x_wconf 66' lang='lat' dir='ltr'>krekc·</span> <span class='ocrx_word' id='word_1_127' title='bbox 1674 2283 1898 2340; x_wconf 76' lang='lat' dir='ltr'>Nikola</span> <span class='ocrx_word' id='word_1_128' title='bbox 1942 2284 2252 2354; x_wconf 74' lang='lat' dir='ltr'>zabavljen</span> <span class='ocrx_word' id='word_1_129' title='bbox 2291 2303 2330 2340; x_wconf 82' lang='lat' dir='ltr'>u</span> <span class='ocrx_word' id='word_1_130' title='bbox 2370 2283 2566 2350; x_wconf 76' lang='lat' dir='ltr'>Trstu,</span> <span class='ocrx_word' id='word_1_131' title='bbox 2606 2283 2778 2354; x_wconf 57' lang='lat' dir='ltr'>pos&#39;to</span> <span class='ocrx_word' id='word_1_132' title='bbox 2820 2301 2899 2354; x_wconf 73' lang='grc' dir='ltr'>9η</span> <span class='ocrx_word' id='word_1_133' title='bbox 2948 2284 3206 2341; x_wconf 78' lang='lat' dir='ltr'>netreba.</span> 
     </span>
    </p>
   </div>
   <div class='ocr_carea' id='block_1_11' title="bbox 475 2401 3212 2745">
    <p class='ocr_par' dir='ltr' id='par_1_11' title="bbox 475 2401 3212 2745">
     <span class='ocr_line' id='line_1_17' title="bbox 693 2401 3207 2485; baseline -0.001 -19"><span class='ocrx_word' id='word_1_134' title='bbox 693 2401 876 2466; x_wconf 86' lang='grc'><strong>1376.</strong></span> <span class='ocrx_word' id='word_1_135' title='bbox 929 2403 1261 2465; x_wconf 86' lang='lat' dir='ltr'>indictione</span> <span class='ocrx_word' id='word_1_136' title='bbox 1307 2404 1443 2478; x_wconf 85' lang='lat' dir='ltr'><strong>XV,</strong></span> <span class='ocrx_word' id='word_1_137' title='bbox 1520 2404 1615 2467; x_wconf 87' lang='lat' dir='ltr'>die</span> <span class='ocrx_word' id='word_1_138' title='bbox 1665 2404 1812 2466; x_wconf 86' lang='lat' dir='ltr'>XVI</span> <span class='ocrx_word' id='word_1_139' title='bbox 1885 2405 2248 2467; x_wconf 78' lang='lat' dir='ltr'>decembris,</span> <span class='ocrx_word' id='word_1_140' title='bbox 2327 2405 2669 2485; x_wconf 80' lang='lat' dir='ltr'>Sapientes,</span> <span class='ocrx_word' id='word_1_141' title='bbox 2738 2402 2969 2484; x_wconf 85' lang='lat' dir='ltr'>Capta:</span> <span class='ocrx_word' id='word_1_142' title='bbox 3044 2403 3207 2484; x_wconf 91' lang='lat' dir='ltr'>quod</span> 
     </span>
     <span class='ocr_line' id='line_1_18' title="bbox 475 2490 3210 2573; baseline 0.001 -21"><span class='ocrx_word' id='word_1_143' title='bbox 475 2490 767 2553; x_wconf 90' lang='lat' dir='ltr'>similiter</span> <span class='ocrx_word' id='word_1_144' title='bbox 814 2497 1091 2553; x_wconf 85' lang='lat' dir='ltr'>cassetur</span> <span class='ocrx_word' id='word_1_145' title='bbox 1137 2511 1170 2553; x_wconf 92' lang='lat' dir='ltr'>a</span> <span class='ocrx_word' id='word_1_146' title='bbox 1221 2491 1582 2570; x_wconf 82' lang='lat' dir='ltr'>provisione,</span> <span class='ocrx_word' id='word_1_147' title='bbox 1634 2510 1817 2573; x_wconf 88' lang='lat' dir='ltr'>quam</span> <span class='ocrx_word' id='word_1_148' title='bbox 1870 2493 2058 2555; x_wconf 85' lang='lat' dir='ltr'>habet</span> <span class='ocrx_word' id='word_1_149' title='bbox 2104 2512 2308 2556; x_wconf 87' lang='lat' dir='ltr'>comes</span> <span class='ocrx_word' id='word_1_150' title='bbox 2358 2492 2650 2555; x_wconf 88' lang='lat' dir='ltr'>Nicolaus</span> <span class='ocrx_word' id='word_1_151' title='bbox 2699 2493 2773 2553; x_wconf 91' lang='lat' dir='ltr'>de</span> <span class='ocrx_word' id='word_1_152' title='bbox 2823 2491 3021 2573; x_wconf 82' lang='lat' dir='ltr'>Vegla</span> <span class='ocrx_word' id='word_1_153' title='bbox 3069 2510 3210 2571; x_wconf 88' lang='lat' dir='ltr'>pro-</span> 
     </span>
     <span class='ocr_line' id='line_1_19' title="bbox 477 2577 3212 2661; baseline 0 -22"><span class='ocrx_word' id='word_1_154' title='bbox 477 2577 815 2641; x_wconf 86' lang='lat' dir='ltr'>visionatus</span> <span class='ocrx_word' id='word_1_155' title='bbox 866 2581 1070 2643; x_wconf 86' lang='lat' dir='ltr'>noster</span> <span class='ocrx_word' id='word_1_156' title='bbox 1121 2580 1176 2640; x_wconf 91' lang='lat' dir='ltr'>in</span> <span class='ocrx_word' id='word_1_157' title='bbox 1229 2580 1530 2661; x_wconf 81' lang='lat' dir='ltr'>Tergeste</span> <span class='ocrx_word' id='word_1_158' title='bbox 1580 2598 1687 2661; x_wconf 86' lang='lat' dir='ltr'>pro</span> <span class='ocrx_word' id='word_1_159' title='bbox 1739 2580 1896 2643; x_wconf 89' lang='lat' dir='ltr'>bono</span> <span class='ocrx_word' id='word_1_160' title='bbox 1946 2581 2137 2644; x_wconf 86' lang='lat' dir='ltr'>nostri</span> <span class='ocrx_word' id='word_1_161' title='bbox 2190 2582 2557 2657; x_wconf 77' lang='lat' dir='ltr'>communie,</span> <span class='ocrx_word' id='word_1_162' title='bbox 2621 2582 2684 2641; x_wconf 89' lang='lat' dir='ltr'>et</span> <span class='ocrx_word' id='word_1_163' title='bbox 2730 2580 2873 2661; x_wconf 88' lang='lat' dir='ltr'>quia</span> <span class='ocrx_word' id='word_1_164' title='bbox 2936 2598 3055 2641; x_wconf 87' lang='lat' dir='ltr'>nou</span> <span class='ocrx_word' id='word_1_165' title='bbox 3113 2581 3212 2643; x_wconf 89' lang='lat' dir='ltr'>est</span> 
     </span>
     <span class='ocr_line' id='line_1_20' title="bbox 478 2666 2105 2745; baseline 0.004 -18"><span class='ocrx_word' id='word_1_166' title='bbox 478 2666 651 2729; x_wconf 85' lang='lat' dir='ltr'>nobis</span> <span class='ocrx_word' id='word_1_167' title='bbox 700 2668 1094 2730; x_wconf 77' lang='lat' dir='ltr'>necessarius.</span> <span class='ocrx_word' id='word_1_168' title='bbox 1151 2668 1238 2730; x_wconf 87' lang='lat' dir='ltr'>De</span> <span class='ocrx_word' id='word_1_169' title='bbox 1282 2686 1402 2731; x_wconf 91' lang='lat' dir='ltr'>non</span> <span class='ocrx_word' id='word_1_170' title='bbox 1452 2671 1511 2745; x_wconf 78' lang='lat'>4,</span> <span class='ocrx_word' id='word_1_171' title='bbox 1563 2688 1680 2731; x_wconf 90' lang='lat' dir='ltr'>non</span> <span class='ocrx_word' id='word_1_172' title='bbox 1729 2668 1950 2732; x_wconf 82' lang='lat' dir='ltr'>sinceri</span> <span class='ocrx_word' id='word_1_173' title='bbox 2009 2670 2105 2733; x_wconf 90' lang='lat'>10.</span> 
     </span>
    </p>
   </div>
   <div class='ocr_carea' id='block_1_12' title="bbox 562 2773 2314 2855">
    <p class='ocr_par' dir='ltr' id='par_1_12' title="bbox 562 2773 2314 2855">
     <span class='ocr_line' id='line_1_21' title="bbox 562 2773 2314 2855; baseline 0.003 -22"><span class='ocrx_word' id='word_1_174' title='bbox 562 2773 800 2833; x_wconf 82' lang='lat' dir='ltr'>Secreta</span> <span class='ocrx_word' id='word_1_175' title='bbox 845 2777 1082 2833; x_wconf 75' lang='lat' dir='ltr'>consilii</span> <span class='ocrx_word' id='word_1_176' title='bbox 1125 2780 1464 2848; x_wconf 70' lang='lat' dir='ltr'>royatorum</span> <span class='ocrx_word' id='word_1_177' title='bbox 1512 2777 1587 2834; x_wconf 88' lang='lat' dir='ltr'>D.</span> <span class='ocrx_word' id='word_1_178' title='bbox 1639 2779 1742 2855; x_wconf 74' lang='lat'>44,</span> <span class='ocrx_word' id='word_1_179' title='bbox 1785 2795 1829 2834; x_wconf 79' lang='lat' dir='ltr'>u</span> <span class='ocrx_word' id='word_1_180' title='bbox 1875 2778 2030 2838; x_wconf 82' lang='lat' dir='ltr'>mlct.</span> <span class='ocrx_word' id='word_1_181' title='bbox 2080 2779 2314 2839; x_wconf 58' lang='lat' dir='ltr'>arla-ivn.</span> 
     </span>
    </p>
   </div>
   <div class='ocr_carea' id='block_1_13' title="bbox 782 2974 2911 3118">
    <p class='ocr_par' dir='ltr' id='par_1_13' title="bbox 782 2974 2911 3118">
     <span class='ocr_line' id='line_1_22' title="bbox 782 2974 2911 3118; baseline -0 -19"><span class='ocrx_word' id='word_1_182' title='bbox 782 3018 1248 3100; x_wconf 76' lang='lat' dir='ltr'>ccxxxv.</span> <span class='ocrx_word' id='word_1_183' title='bbox 1305 3018 1512 3101; x_wconf 76' lang='lat' dir='ltr'>eoo.</span> <span class='ocrx_word' id='word_1_184' title='bbox 1570 3018 1772 3100; x_wconf 70' lang='lat'><strong>1377.</strong></span> <span class='ocrx_word' id='word_1_185' title='bbox 1828 3018 1930 3101; x_wconf 76' lang='lat'>29</span> <span class='ocrx_word' id='word_1_186' title='bbox 1985 3020 2351 3118; x_wconf 62' lang='lat' dir='ltr'>svium,</span> <span class='ocrx_word' id='word_1_187' title='bbox 2406 3041 2463 3099; x_wconf 87' lang='lat' dir='ltr'>u</span> <span class='ocrx_word' id='word_1_188' title='bbox 2519 2974 2911 3100; x_wconf 63' lang='lat' dir='ltr'>motem.</span> 
     </span>
    </p>
   </div>
   <div class='ocr_carea' id='block_1_14' title="bbox 479 3162 3206 3237">
    <p class='ocr_par' dir='ltr' id='par_1_14' title="bbox 479 3162 3206 3237">
     <span class='ocr_line' id='line_1_23' title="bbox 479 3162 3206 3237; baseline 0.001 -16"><span class='ocrx_word' id='word_1_189' title='bbox 479 3162 799 3236; x_wconf 78' lang='lat' dir='ltr'>Odredjuje</span> <span class='ocrx_word' id='word_1_190' title='bbox 843 3181 904 3222; x_wconf 83' lang='lat' dir='ltr'>se</span> <span class='ocrx_word' id='word_1_191' title='bbox 950 3164 1090 3231; x_wconf 80' lang='lat' dir='ltr'>dan,</span> <span class='ocrx_word' id='word_1_192' title='bbox 1139 3165 1298 3221; x_wconf 78' lang='lat' dir='ltr'>kada</span> <span class='ocrx_word' id='word_1_193' title='bbox 1341 3181 1403 3221; x_wconf 84' lang='lat' dir='ltr'>se</span> <span class='ocrx_word' id='word_1_194' title='bbox 1449 3182 1650 3222; x_wconf 83' lang='lat' dir='ltr'>morao</span> <span class='ocrx_word' id='word_1_195' title='bbox 1700 3165 1909 3222; x_wconf 65' lang='lat' dir='ltr'>stavili</span> <span class='ocrx_word' id='word_1_196' title='bbox 1956 3183 2036 3221; x_wconf 77' lang='lat' dir='ltr'>na</span> <span class='ocrx_word' id='word_1_197' title='bbox 2075 3169 2192 3235; x_wconf 73' lang='lat' dir='ltr'>put</span> <span class='ocrx_word' id='word_1_198' title='bbox 2231 3165 2515 3236; x_wconf 76' lang='lat' dir='ltr'>poslanik</span> <span class='ocrx_word' id='word_1_199' title='bbox 2578 3164 2740 3222; x_wconf 56' lang='lat' dir='ltr'>iducffi</span> <span class='ocrx_word' id='word_1_200' title='bbox 2809 3182 2851 3221; x_wconf 79' lang='lat' dir='ltr'>u</span> <span class='ocrx_word' id='word_1_201' title='bbox 2909 3163 3206 3237; x_wconf 74' lang='lat' dir='ltr'>Uyarsku.</span> 
     </span>
    </p>
   </div>
   <div class='ocr_carea' id='block_1_15' title="bbox 474 3283 3214 3710">
    <p class='ocr_par' dir='ltr' id='par_1_15' title="bbox 474 3283 3214 3710">
     <span class='ocr_line' id='line_1_24' title="bbox 691 3283 3208 3366; baseline 0.001 -21"><span class='ocrx_word' id='word_1_202' title='bbox 691 3283 872 3347; x_wconf 83' lang='lat'><strong>1377.</strong></span> <span class='ocrx_word' id='word_1_203' title='bbox 924 3286 1022 3346; x_wconf 89' lang='lat' dir='ltr'>die</span> <span class='ocrx_word' id='word_1_204' title='bbox 1070 3284 1280 3347; x_wconf 86' lang='lat' dir='ltr'><strong>XXIX</strong></span> <span class='ocrx_word' id='word_1_205' title='bbox 1333 3285 1499 3347; x_wconf 85' lang='lat' dir='ltr'>maii.</span> <span class='ocrx_word' id='word_1_206' title='bbox 1553 3285 1877 3366; x_wconf 84' lang='lat' dir='ltr'>Sapientes</span> <span class='ocrx_word' id='word_1_207' title='bbox 1926 3286 2105 3347; x_wconf 83' lang='lat' dir='ltr'>lstrie</span> <span class='ocrx_word' id='word_1_208' title='bbox 2152 3287 2216 3347; x_wconf 89' lang='lat' dir='ltr'>et</span> <span class='ocrx_word' id='word_1_209' title='bbox 2265 3284 2544 3347; x_wconf 82' lang='lat' dir='ltr'>Tervisii.</span> <span class='ocrx_word' id='word_1_210' title='bbox 2592 3284 2819 3365; x_wconf 83' lang='lat' dir='ltr'>Capta:</span> <span class='ocrx_word' id='word_1_211' title='bbox 2864 3287 3025 3365; x_wconf 88' lang='lat' dir='ltr'>quod</span> <span class='ocrx_word' id='word_1_212' title='bbox 3072 3304 3208 3348; x_wconf 89' lang='lat' dir='ltr'>am-</span> 
     </span>
     <span class='ocr_line' id='line_1_25' title="bbox 474 3370 3209 3455; baseline 0.001 -22"><span class='ocrx_word' id='word_1_213' title='bbox 474 3370 729 3434; x_wconf 83' lang='lat' dir='ltr'>baxator</span> <span class='ocrx_word' id='word_1_214' title='bbox 778 3375 979 3434; x_wconf 92' lang='lat' dir='ltr'>iturus</span> <span class='ocrx_word' id='word_1_215' title='bbox 1026 3371 1102 3435; x_wconf 90' lang='lat' dir='ltr'>ad</span> <span class='ocrx_word' id='word_1_216' title='bbox 1151 3373 1465 3435; x_wconf 90' lang='lat' dir='ltr'>dominum</span> <span class='ocrx_word' id='word_1_217' title='bbox 1515 3392 1724 3455; x_wconf 87' lang='lat' dir='ltr'>regem</span> <span class='ocrx_word' id='word_1_218' title='bbox 1776 3372 2093 3455; x_wconf 85' lang='lat' dir='ltr'>Huugarie</span> <span class='ocrx_word' id='word_1_219' title='bbox 2140 3376 2410 3436; x_wconf 77' lang='lat' dir='ltr'>teneatur</span> <span class='ocrx_word' id='word_1_220' title='bbox 2473 3376 2754 3435; x_wconf 87' lang='lat' dir='ltr'>recedere</span> <span class='ocrx_word' id='word_1_221' title='bbox 2801 3372 2874 3434; x_wconf 90' lang='lat' dir='ltr'>de</span> <span class='ocrx_word' id='word_1_222' title='bbox 2923 3372 3209 3436; x_wconf 88' lang='lat' dir='ltr'>Veneciis</span> 
     </span>
     <span class='ocr_line' id='line_1_26' title="bbox 476 3458 3211 3541; baseline 0.001 -21"><span class='ocrx_word' id='word_1_223' title='bbox 476 3476 583 3538; x_wconf 93' lang='lat' dir='ltr'>pro</span> <span class='ocrx_word' id='word_1_224' title='bbox 633 3458 831 3520; x_wconf 90' lang='lat' dir='ltr'>eundo</span> <span class='ocrx_word' id='word_1_225' title='bbox 875 3458 950 3521; x_wconf 87' lang='lat' dir='ltr'>ad</span> <span class='ocrx_word' id='word_1_226' title='bbox 999 3460 1395 3522; x_wconf 81' lang='lat' dir='ltr'>ambaxatam</span> <span class='ocrx_word' id='word_1_227' title='bbox 1447 3480 1620 3523; x_wconf 86' lang='lat' dir='ltr'>suam</span> <span class='ocrx_word' id='word_1_228' title='bbox 1673 3462 1769 3523; x_wconf 90' lang='lat' dir='ltr'>die</span> <span class='ocrx_word' id='word_1_229' title='bbox 1820 3461 2038 3524; x_wconf 88' lang='lat' dir='ltr'>martis</span> <span class='ocrx_word' id='word_1_230' title='bbox 2103 3462 2378 3540; x_wconf 80' lang='lat' dir='ltr'>proximo</span> <span class='ocrx_word' id='word_1_231' title='bbox 2428 3480 2535 3541; x_wconf 90' lang='lat' dir='ltr'>per</span> <span class='ocrx_word' id='word_1_232' title='bbox 2583 3461 2743 3523; x_wconf 88' lang='lat' dir='ltr'>diem</span> <span class='ocrx_word' id='word_1_233' title='bbox 2793 3459 2960 3522; x_wconf 89' lang='lat' dir='ltr'>omui</span> <span class='ocrx_word' id='word_1_234' title='bbox 3022 3478 3211 3524; x_wconf 84' lang='lat' dir='ltr'>causa</span> 
     </span>
     <span class='ocr_line' id='line_1_27' title="bbox 475 3546 3214 3623; baseline 0.001 -16"><span class='ocrx_word' id='word_1_235' title='bbox 475 3548 736 3621; x_wconf 83' lang='lat' dir='ltr'>remota,</span> <span class='ocrx_word' id='word_1_236' title='bbox 787 3551 850 3609; x_wconf 90' lang='lat' dir='ltr'>et</span> <span class='ocrx_word' id='word_1_237' title='bbox 895 3546 994 3609; x_wconf 86' lang='lat' dir='ltr'>die</span> <span class='ocrx_word' id='word_1_238' title='bbox 1042 3548 1186 3609; x_wconf 90' lang='lat' dir='ltr'>lune</span> <span class='ocrx_word' id='word_1_239' title='bbox 1236 3547 1331 3612; x_wconf 86' lang='lat' dir='ltr'>vel</span> <span class='ocrx_word' id='word_1_240' title='bbox 1381 3548 1598 3610; x_wconf 80' lang='lat' dir='ltr'>martis</span> <span class='ocrx_word' id='word_1_241' title='bbox 1649 3548 1930 3611; x_wconf 84' lang='lat' dir='ltr'>venietur</span> <span class='ocrx_word' id='word_1_242' title='bbox 1961 3550 2032 3611; x_wconf 84' lang='lat' dir='ltr'>ad</span> <span class='ocrx_word' id='word_1_243' title='bbox 2070 3548 2234 3611; x_wconf 90' lang='lat' dir='ltr'>istud</span> <span class='ocrx_word' id='word_1_244' title='bbox 2270 3548 2616 3623; x_wconf 88' lang='lat' dir='ltr'>consilium,</span> <span class='ocrx_word' id='word_1_245' title='bbox 2666 3550 2730 3611; x_wconf 88' lang='lat' dir='ltr'>et</span> <span class='ocrx_word' id='word_1_246' title='bbox 2762 3548 2870 3611; x_wconf 88' lang='lat' dir='ltr'>fiet</span> <span class='ocrx_word' id='word_1_247' title='bbox 2900 3565 3011 3611; x_wconf 88' lang='lat' dir='ltr'>sua</span> <span class='ocrx_word' id='word_1_248' title='bbox 3045 3567 3214 3611; x_wconf 90' lang='lat' dir='ltr'>com-</span> 
     </span>
     <span class='ocr_line' id='line_1_28' title="bbox 475 3634 1752 3710; baseline 0.002 -14"><span class='ocrx_word' id='word_1_249' title='bbox 475 3634 710 3710; x_wconf 88' lang='lat' dir='ltr'>missi0,</span> <span class='ocrx_word' id='word_1_250' title='bbox 760 3635 928 3697; x_wconf 89' lang='lat' dir='ltr'>sicut</span> <span class='ocrx_word' id='word_1_251' title='bbox 975 3634 1279 3697; x_wconf 86' lang='lat' dir='ltr'>videbitur</span> <span class='ocrx_word' id='word_1_252' title='bbox 1328 3636 1432 3698; x_wconf 86' lang='lat' dir='ltr'>isti</span> <span class='ocrx_word' id='word_1_253' title='bbox 1480 3636 1752 3699; x_wconf 90' lang='lat' dir='ltr'>consilio.</span> 
     </span>
    </p>
   </div>
   <div class='ocr_carea' id='block_1_16' title="bbox 562 3739 1828 3817">
    <p class='ocr_par' dir='ltr' id='par_1_16' title="bbox 562 3739 1828 3817">
     <span class='ocr_line' id='line_1_29' title="bbox 562 3739 1828 3817; baseline 0.001 -19"><span class='ocrx_word' id='word_1_254' title='bbox 562 3742 740 3800; x_wconf 65' lang='lat' dir='ltr'>Misia?</span> <span class='ocrx_word' id='word_1_255' title='bbox 793 3739 1105 3802; x_wconf 87' lang='lat' dir='ltr'><strong>XXXVI.</strong></span> <span class='ocrx_word' id='word_1_256' title='bbox 1159 3747 1260 3817; x_wconf 87' lang='lat'>11,</span> <span class='ocrx_word' id='word_1_257' title='bbox 1305 3761 1345 3801; x_wconf 80' lang='grc' dir='ltr'>ιι</span> <span class='ocrx_word' id='word_1_258' title='bbox 1390 3745 1548 3802; x_wconf 81' lang='lat' dir='ltr'>mlet.</span> <span class='ocrx_word' id='word_1_259' title='bbox 1595 3746 1828 3802; x_wconf 79' lang='lat' dir='ltr'>arkivu.</span> 
     </span>
    </p>
   </div>
   <div class='ocr_carea' id='block_1_17' title="bbox 784 3918 2845 4086">
    <p class='ocr_par' dir='ltr' id='par_1_17' title="bbox 784 3918 2845 4086">
     <span class='ocr_line' id='line_1_30' title="bbox 784 3918 2845 4086; baseline -0.001 -20"><span class='ocrx_word' id='word_1_260' title='bbox 784 3918 1330 4066; x_wconf 33' lang='lat' dir='ltr'>&#39;ccxxka</span> <span class='ocrx_word' id='word_1_261' title='bbox 1369 3985 1575 4067; x_wconf 78' lang='lat' dir='ltr'>God.</span> <span class='ocrx_word' id='word_1_262' title='bbox 1613 3986 1834 4067; x_wconf 71' lang='lat'>1378.</span> <span class='ocrx_word' id='word_1_263' title='bbox 1866 3987 1927 4065; x_wconf 83' lang='lat'>-4</span> <span class='ocrx_word' id='word_1_264' title='bbox 1963 3983 2324 4086; x_wconf 63' lang='lat' dir='ltr'>venece,</span> <span class='ocrx_word' id='word_1_265' title='bbox 2366 4008 2419 4066; x_wconf 89' lang='lat' dir='ltr'>u</span> <span class='ocrx_word' id='word_1_266' title='bbox 2458 3984 2845 4067; x_wconf 80' lang='lat' dir='ltr'>Mletcih.</span> 
     </span>
    </p>
   </div>
   <div class='ocr_carea' id='block_1_18' title="bbox 721 4130 2944 4205">
    <p class='ocr_par' dir='ltr' id='par_1_18' title="bbox 721 4130 2944 4205">
     <span class='ocr_line' id='line_1_31' title="bbox 721 4130 2944 4205; baseline 0 -18"><span class='ocrx_word' id='word_1_267' title='bbox 721 4130 1083 4201; x_wconf 76' lang='lat' dir='ltr'>Pridjeljeno</span> <span class='ocrx_word' id='word_1_268' title='bbox 1123 4131 1498 4200; x_wconf 66' lang='lat' dir='ltr'>poslanikom</span> <span class='ocrx_word' id='word_1_269' title='bbox 1543 4130 1861 4189; x_wconf 68' lang='lat' dir='ltr'>odlazecim</span> <span class='ocrx_word' id='word_1_270' title='bbox 1909 4148 1950 4187; x_wconf 85' lang='lat' dir='ltr'>u</span> <span class='ocrx_word' id='word_1_271' title='bbox 2010 4131 2287 4205; x_wconf 72' lang='lat' dir='ltr'>Uqarsku</span> <span class='ocrx_word' id='word_1_272' title='bbox 2327 4130 2432 4202; x_wconf 65' lang='lat' dir='ltr'>jos</span> <span class='ocrx_word' id='word_1_273' title='bbox 2472 4131 2661 4201; x_wconf 65' lang='lat' dir='ltr'>njesto</span> <span class='ocrx_word' id='word_1_274' title='bbox 2705 4130 2944 4201; x_wconf 78' lang='lat' dir='ltr'>osoblja.</span> 
     </span>
    </p>
   </div>
   <div class='ocr_carea' id='block_1_19' title="bbox 470 4265 3202 4525">
    <p class='ocr_par' dir='ltr' id='par_1_19' title="bbox 470 4265 3202 4525">
     <span class='ocr_line' id='line_1_32' title="bbox 685 4265 3202 4348; baseline 0 -21"><span class='ocrx_word' id='word_1_275' title='bbox 685 4266 873 4328; x_wconf 82' lang='lat'><strong>1377.</strong></span> <span class='ocrx_word' id='word_1_276' title='bbox 921 4266 1254 4329; x_wconf 86' lang='lat' dir='ltr'>indictione</span> <span class='ocrx_word' id='word_1_277' title='bbox 1306 4267 1523 4348; x_wconf 89' lang='lat' dir='ltr'>prima,</span> <span class='ocrx_word' id='word_1_278' title='bbox 1592 4266 1689 4330; x_wconf 87' lang='lat' dir='ltr'>die</span> <span class='ocrx_word' id='word_1_279' title='bbox 1752 4270 1973 4348; x_wconf 83' lang='lat' dir='ltr'>quarto</span> <span class='ocrx_word' id='word_1_280' title='bbox 2030 4267 2344 4332; x_wconf 85' lang='lat' dir='ltr'>februarii.</span> <span class='ocrx_word' id='word_1_281' title='bbox 2408 4265 2635 4348; x_wconf 84' lang='lat' dir='ltr'>Capta:</span> <span class='ocrx_word' id='word_1_282' title='bbox 2701 4267 2855 4348; x_wconf 88' lang='lat' dir='ltr'>quod</span> <span class='ocrx_word' id='word_1_283' title='bbox 2907 4265 3202 4329; x_wconf 81' lang='lat' dir='ltr'>ambaxa-</span> 
     </span>
     <span class='ocr_line' id='line_1_33' title="bbox 470 4354 3199 4437; baseline 0 -22"><span class='ocrx_word' id='word_1_284' title='bbox 470 4359 632 4416; x_wconf 87' lang='lat' dir='ltr'>tores</span> <span class='ocrx_word' id='word_1_285' title='bbox 680 4354 874 4416; x_wconf 80' lang='lat' dir='ltr'>nostri</span> <span class='ocrx_word' id='word_1_286' title='bbox 923 4354 1065 4417; x_wconf 85' lang='lat' dir='ltr'>ituri</span> <span class='ocrx_word' id='word_1_287' title='bbox 1133 4357 1191 4415; x_wconf 87' lang='lat' dir='ltr'>in</span> <span class='ocrx_word' id='word_1_288' title='bbox 1243 4355 1629 4435; x_wconf 85' lang='lat' dir='ltr'>Hungariam</span> <span class='ocrx_word' id='word_1_289' title='bbox 1690 4356 1931 4436; x_wconf 87' lang='lat' dir='ltr'>possint</span> <span class='ocrx_word' id='word_1_290' title='bbox 1991 4354 2210 4419; x_wconf 87' lang='lat' dir='ltr'>ducere</span> <span class='ocrx_word' id='word_1_291' title='bbox 2270 4374 2478 4418; x_wconf 90' lang='lat' dir='ltr'>secum</span> <span class='ocrx_word' id='word_1_292' title='bbox 2542 4355 2931 4437; x_wconf 88' lang='lat' dir='ltr'>Hugulinum</span> <span class='ocrx_word' id='word_1_293' title='bbox 2999 4372 3199 4415; x_wconf 85' lang='lat' dir='ltr'>mare·</span> 
     </span>
     <span class='ocr_line' id='line_1_34' title="bbox 471 4440 3199 4525; baseline 0.001 -24"><span class='ocrx_word' id='word_1_294' title='bbox 471 4440 848 4514; x_wconf 82' lang='lat' dir='ltr'>schalchum,</span> <span class='ocrx_word' id='word_1_295' title='bbox 899 4441 1264 4504; x_wconf 84' lang='lat' dir='ltr'>reservando</span> <span class='ocrx_word' id='word_1_296' title='bbox 1313 4446 1520 4523; x_wconf 84' lang='lat' dir='ltr'>postas</span> <span class='ocrx_word' id='word_1_297' title='bbox 1568 4447 1903 4525; x_wconf 83' lang='lat' dir='ltr'>equestres,</span> <span class='ocrx_word' id='word_1_298' title='bbox 1953 4460 2106 4523; x_wconf 86' lang='lat' dir='ltr'>quas</span> <span class='ocrx_word' id='word_1_299' title='bbox 2156 4441 2342 4505; x_wconf 83' lang='lat' dir='ltr'>faciet</span> <span class='ocrx_word' id='word_1_300' title='bbox 2401 4442 2650 4505; x_wconf 90' lang='lat' dir='ltr'>interim</span> <span class='ocrx_word' id='word_1_301' title='bbox 2717 4460 2824 4522; x_wconf 87' lang='lat' dir='ltr'>per</span> <span class='ocrx_word' id='word_1_302' title='bbox 2880 4459 3199 4521; x_wconf 81' lang='lat' dir='ltr'>personas,</span> 
     </span>
    </p>
   </div>
   <div class='ocr_carea' id='block_1_20' title="bbox 469 4524 3200 4678">
    <p class='ocr_par' dir='ltr' id='par_1_20' title="bbox 469 4524 3200 4678">
     <span class='ocr_line' id='line_1_35' title="bbox 469 4524 3200 4612; baseline 0.002 -26"><span class='ocrx_word' id='word_1_303' title='bbox 469 4545 585 4606; x_wconf 91' lang='lat' dir='ltr'>que</span> <span class='ocrx_word' id='word_1_304' title='bbox 633 4526 914 4603; x_wconf 84' lang='lat' dir='ltr'>placeant</span> <span class='ocrx_word' id='word_1_305' title='bbox 954 4524 1294 4609; x_wconf 64' lang='lat' dir='ltr'>capitaneo</span> <span class='ocrx_word' id='word_1_306' title='bbox 1344 4532 1498 4593; x_wconf 83' lang='lat' dir='ltr'>Item</span> <span class='ocrx_word' id='word_1_307' title='bbox 1551 4530 1789 4610; x_wconf 88' lang='lat' dir='ltr'>possint</span> <span class='ocrx_word' id='word_1_308' title='bbox 1833 4530 2053 4592; x_wconf 86' lang='lat' dir='ltr'>ducere</span> <span class='ocrx_word' id='word_1_309' title='bbox 2101 4549 2289 4592; x_wconf 89' lang='lat' dir='ltr'>unum</span> <span class='ocrx_word' id='word_1_310' title='bbox 2339 4530 2828 4612; x_wconf 82' lang='lat' dir='ltr'>dispensatorem</span> <span class='ocrx_word' id='word_1_311' title='bbox 2892 4527 3059 4591; x_wconf 84' lang='lat' dir='ltr'>ultra</span> <span class='ocrx_word' id='word_1_312' title='bbox 3108 4528 3200 4591; x_wconf 84' lang='lat' dir='ltr'>fa-</span> 
     </span>
     <span class='ocr_line' id='line_1_36' title="bbox 470 4611 1123 4678; baseline 0.009 -6"><span class='ocrx_word' id='word_1_313' title='bbox 470 4611 710 4673; x_wconf 88' lang='lat' dir='ltr'>miliam</span> <span class='ocrx_word' id='word_1_314' title='bbox 759 4615 1123 4678; x_wconf 83' lang='lat' dir='ltr'>ordinatam.</span> 
     </span>
    </p>
   </div>
   <div class='ocr_carea' id='block_1_21' title="bbox 555 4717 1820 4791">
    <p class='ocr_par' dir='ltr' id='par_1_21' title="bbox 555 4717 1820 4791">
     <span class='ocr_line' id='line_1_37' title="bbox 555 4717 1820 4791; baseline 0.01 -19"><span class='ocrx_word' id='word_1_315' title='bbox 555 4717 736 4774; x_wconf 69' lang='lat' dir='ltr'>Misce·</span> <span class='ocrx_word' id='word_1_316' title='bbox 783 4719 1097 4781; x_wconf 86' lang='lat' dir='ltr'><strong>XXXVI.</strong></span> <span class='ocrx_word' id='word_1_317' title='bbox 1145 4726 1245 4791; x_wconf 78' lang='lat'>48,</span> <span class='ocrx_word' id='word_1_318' title='bbox 1294 4742 1334 4780; x_wconf 81' lang='grc' dir='ltr'>ιι</span> <span class='ocrx_word' id='word_1_319' title='bbox 1378 4726 1534 4785; x_wconf 70' lang='lat' dir='ltr'>mlct.</span> <span class='ocrx_word' id='word_1_320' title='bbox 1583 4727 1820 4785; x_wconf 80' lang='lat' dir='ltr'>arkivu.</span> 
     </span>
    </p>
   </div>
  </div>
 </body>
</html>
