3620 5282
494 370 579 438 88

495 547 776 612 unionem
842 549 906 612 et
948 546 1143 630 ligam
1210 565 1279 611 ac
1326 565 1535 612 veram
1597 544 1945 611 amiciciam
1984 543 2250 609 faciendi
2297 546 2361 609 et
2407 544 2829 627 promittendi,
2893 560 3197 619 rancoreS,

493 634 829 701 discordias
875 638 939 699 et
980 634 1334 710 sedicioneS,
1384 634 1438 698 si
1484 653 1599 715 que
1667 653 1774 715 per
1837 635 2118 715 tempora
2177 651 2558 716 quocumque
2604 632 2852 710 fuerint,
2911 634 3202 714 perpetuo

495 722 790 807 sepiendi,
840 723 1193 787 remittendi
1241 725 1303 786 et
1348 722 1787 795 concordandi,
1839 724 1902 786 et
1943 722 2112 803 ipsas
2173 721 2248 785 ad
2295 740 2536 796 veram,
2605 720 2837 785 claram
2901 723 2964 784 et
3008 720 3202 784 conti-

493 831 677 877 nuam
723 810 1107 876 concordiam
1153 810 1474 875 reducendi
1524 811 1588 873 et
1631 810 2050 884 confirmandi,
2101 810 2163 873 et
2208 828 2391 890 super
2437 808 2811 886 civitatibuS,
2875 808 3093 871 castris
3141 809 3205 871 et

493 900 710 964 insulis
750 918 822 964 ac
869 899 1052 963 terris
1097 899 1236 962 aliis
1285 902 1348 962 et
1393 916 1602 962 eorum
1665 898 1903 961 iuribus
1965 917 2117 978 pura
2179 896 2370 980 gladii
2436 899 2751 979 potestate
2815 898 2880 960 et
2927 915 3092 959 mero
3136 915 3207 958 ac

491 987 683 1052 mixto
728 988 982 1069 imperio
1029 986 1431 1069 transigendi,
1495 985 1813 1062 cautellas,
1879 985 2212 1067 rescripta,
2278 985 2689 1049 instrumenta
2752 987 2816 1049 et
2880 985 3200 1067 privilegia

493 1075 726 1140 alia‘ex
769 1075 912 1139 inde
956 1074 1313 1139 conficiendi
1363 1076 1428 1138 et
1472 1073 1772 1151 habendi,
1838 1092 2054 1156 pacem
2115 1073 2417 1148 faciendi,
2482 1074 2546 1136 in
2608 1072 2879 1138 animam
2926 1074 3200 1136 nostram

492 1163 756 1242 iurandi,
804 1163 879 1227 de
926 1163 1209 1227 omnibus
1256 1160 1711 1245 principatuum
1760 1162 2086 1238 tractandi,
2134 1180 2272 1224 cum
2326 1161 2483 1225 veris
2527 1160 2833 1243 regalibus
2881 1159 3203 1243 promissi-

493 1251 730 1329 onibus,
779 1251 1260 1334 obligationibus
1322 1254 1384 1315 et
1429 1250 1973 1333 solempnitatibus
2040 1247 2245 1314 omnia
2307 1251 2658 1331 supradicta
2712 1251 2774 1312 et
2825 1267 3201 1331 quecumque

494 1338 736 1404 nomine
779 1341 987 1404 nostro
1035 1342 1096 1403 et
1149 1338 1388 1403 consilii
1432 1339 1629 1402 nostri
1674 1337 2081 1402 tractaverint
2116 1337 2475 1412 roborandi,
2542 1356 2831 1419 suprema
2876 1355 3020 1401 cum
3067 1354 3204 1418 pre-

494 1427 763 1493 stacione
810 1427 870 1490 in
919 1426 1190 1491 animam
1229 1428 1507 1490 nostram
1555 1426 1888 1489 iuramenti
1953 1445 2062 1507 per
2107 1444 2209 1489 eos
2253 1426 2546 1502 faciendi,
2616 1425 2949 1489 securitam
2997 1424 3201 1501 dandi,

501 1515 866 1599 paciscendi,
918 1517 1324 1597 treuguasque
1370 1517 1434 1578 et
1479 1514 1683 1577 omnia
1729 1513 1852 1577 alia
1905 1517 1967 1577 et
2012 1513 2253 1596 singula
2284 1513 2561 1591 faciendi,
2611 1532 2725 1594 que
2772 1512 3032 1596 quilibet
3078 1514 3201 1576 veri

497 1606 562 1667 et
606 1601 874 1686 legitimi
920 1622 990 1667 ac
1037 1602 1383 1685 solempnes
1430 1601 1860 1666 ambaxatores
1921 1603 2191 1683 regaleS,
2255 1605 2491 1665 actores
2539 1602 2602 1664 et
2648 1602 2853 1665 nuncii
2907 1600 3204 1682 speciales

494 1692 694 1756 facere
743 1692 1010 1773 possent,
1062 1694 1125 1755 et
1161 1708 1270 1754 nos
1316 1689 1736 1772 personaliter,
1785 1690 1837 1753 si
1885 1689 2111 1771 regalis
2172 1689 2533 1753 excellentia
2594 1688 2825 1753 ibidem
2880 1708 3022 1753 cum
3071 1690 3202 1752 toto

498 1781 708 1844 nostro
748 1777 999 1844 consilio
1037 1779 1295 1843 adesset.
1346 1778 1789 1842 Promittentes
1836 1795 1947 1841 nos
1992 1780 2195 1840 ratum
2241 1777 2465 1841 habere
2511 1780 2573 1839 et
2619 1775 2863 1841 firmum
2909 1778 3110 1840 totum
3144 1780 3209 1840 et

497 1866 783 1951 quicquid
830 1885 939 1949 per
982 1867 1177 1931 dictos
1225 1867 1646 1930 ambaxatores
1694 1868 1929 1929 nostros
1978 1865 2318 1964 solempnes
2346 1866 2698 1942 tractatum,
2747 1863 3202 1941 concordatum,

494 1954 907 2038 pacificatum,
956 1956 1333 2018 transactum
1385 1956 1447 2018 et
1493 1956 1885 2036 procuratum
1949 1953 2133 2016 suerit
2192 1953 2318 2016 sive
2366 1958 2608 2036 gestum
2660 1954 2720 2016 in
2779 1951 3095 2036 premissis
3141 1955 3206 2016 et

495 2042 773 2125 quolibet
814 2043 1276 2124 premissorum.
1325 2042 1396 2105 In
1443 2059 1700 2123 quorum
1750 2042 2029 2106 omnium
2078 2045 2141 2104 et
2176 2041 2558 2123 singulorum
2590 2040 3020 2105 testimonium
3067 2059 3207 2123 pre-

495 2133 699 2196 sentes
746 2130 986 2195 litteras
1035 2130 1253 2196 confici
1301 2129 1558 2194 fecimus
1604 2134 1667 2193 et
1714 2129 1907 2213 sigilli
1951 2130 2145 2193 nostri
2193 2130 2494 2193 autentici
2544 2130 2910 2210 appensione
2957 2128 3203 2192 muniri

494 2221 727 2284 Datum
765 2218 958 2298 Bude,
1013 2219 1112 2283 die
1155 2217 1347 2282 tercio
1393 2222 1532 2300 post
1576 2219 1824 2282 octavas
1871 2218 2193 2281 beatorum
2228 2218 2396 2281 Petri
2439 2219 2501 2280 et
2547 2216 2741 2296 Pauli,
2790 2234 2945 2282 anno
2976 2217 3206 2280 domini

497 2306 835 2372 millesimo
881 2306 1312 2372 trecentesimo
1359 2305 1826 2388 quadragesimo
1873 2312 2107 2369 octav0.

582 2398 900 2458 Paetorum
948 2399 1011 2458 V.
1053 2400 1154 2457 88.
1206 2395 1770 2457 Commemorialium
1814 2397 1930 2456 IV.
1978 2398 2124 2465 122,
2169 2414 2210 2455 u
2255 2397 2404 2455 mlct.
2451 2397 2684 2458 arkivu.

810 2636 1245 2721 CXXXII.
1319 2636 1525 2720 God.
1580 2636 1809 2720 1348.
1859 2638 1961 2721 10
2011 2638 2344 2740 εηιιῄιι,
2397 2662 2456 2721 ιι
2505 2638 2895 2721 Mletcih.

498 2771 660 2858 Sah‘e
704 2799 766 2843 se
810 2783 997 2855 njes'to
1035 2783 1232 2855 vojske
1276 2801 1319 2840 u
1363 2783 1508 2860 Nin,
1560 2787 1614 2841 te
1657 2800 1719 2841 sc
1762 2784 1903 2856 istoj
1947 2784 2137 2843 obdim·
2167 2784 2508 2857 dozvozjuJe,
2555 2785 2634 2842 da
2670 2786 2725 2843 si
2768 2785 2944 2843 novih
2974 2790 3210 2845 stanov-

782 2872 928 2931 nika
962 2872 1222 2944 pribavi.
1270 2871 1561 2944 Neprima
1603 2888 1680 2930 se.
1727 2872 1807 2929 da
1852 2890 1913 2931 se
1959 2873 2234 2946 tvrdjava
2276 2891 2359 2931 ευ.
2406 2873 2701 2932 ΜιΙιουιἸα
2738 2874 2913 2933 srusi.

711 3007 900 3072 1348.
948 3005 1046 3071 'die
1094 3009 1153 3073 X
1200 3007 1354 3087 iulii,
1404 3011 1627 3093 capta:
1676 3030 1820 3076 cum
1881 3010 2097 3076 civitas
2144 3015 2354 3076 nostra
2399 3010 2574 3076 None
2636 3013 2879 3094 propter
2931 3013 3211 3077 mortali-

501 3098 699 3162 tatem
747 3097 832 3160 sit
875 3095 949 3159 de
998 3095 1230 3161 civibus
1265 3097 1452 3161 nimis
1485 3100 1689 3174 exuta,
1736 3101 1799 3163 et
1843 3102 1968 3164 tres
2016 3100 2305 3164 banderie
2352 3100 2630 3182 pediturn
2661 3100 3095 3184 deputatorum
3130 3101 3208 3164 ad

504 3182 850 3249 custodiam
894 3182 984 3247 ibi
1028 3184 1440 3249 remanserint
1496 3186 1698 3251 solum
1765 3188 1827 3250 in
1873 3187 2132 3266 XXXV,
2181 3190 2244 3252 et
2291 3187 2457 3252 dicta
2519 3190 2684 3252 terra
2744 3188 2874 3252 sine
2932 3187 3211 3251 custodia

504 3292 622 3337 non
671 3271 820 3336 bene
870 3276 1149 3336 maneat:
1197 3272 1371 3339 vadit
1414 3292 1574 3356 pars,
1625 3274 1784 3357 quod
1828 3295 1946 3340 una
1991 3296 2062 3339 ex
2110 3275 2415 3339 banderiis
2447 3275 2746 3357 peditum,
2796 3274 2899 3357 qui
2948 3276 3093 3338 sunt
3140 3276 3201 3338 in

506 3360 719 3437 Jadra,
764 3359 951 3425 vadat
998 3359 1262 3425 Nonam.
1311 3362 1394 3426 Et
1440 3363 1685 3445 insuper
1730 3364 2035 3427 scribatur
2075 3364 2286 3427 comiti
2335 3361 2527 3439 None,
2576 3363 2733 3444 quod
2781 3362 3000 3425 debeat
3049 3362 3210 3426 acci-

502 3467 646 3532 pere
693 3447 771 3513 ad
817 3449 1189 3530 stipendium
1234 3449 1309 3515 de
1355 3448 1640 3514 fidelibus
1690 3451 1916 3514 nostris
1963 3451 2118 3513 Arbi
2165 3455 2228 3514 et
2276 3450 2445 3530 Pagi,
2496 3453 2558 3512 et
2603 3453 2715 3527 tot,
2764 3450 2922 3532 quod
2957 3466 3205 3532 compu-

505 3537 656 3602 tatis
705 3536 1139 3618 stipendiariis,
1188 3537 1294 3619 qui
1340 3541 1487 3603 sunt
1532 3538 1594 3602 in
1638 3536 1835 3614 Nona,
1884 3539 1948 3601 et
1995 3538 2160 3601 dicta
2205 3536 2495 3600 banderia
2543 3537 2673 3602 illic
2718 3536 3046 3616 mictenda,
3082 3537 3209 3601 siut

503 3627 581 3691 ad
627 3623 907 3689 custodia
952 3623 1127 3689 None
1172 3628 1298 3690 tres
1344 3624 1653 3702 banderie,
1702 3625 1899 3689 dando
1945 3625 2127 3689 dictis
2174 3623 2554 3688 Arbensibus
2603 3627 2666 3689 et
2712 3625 3089 3707 Pagensibus
3131 3626 3208 3689 li-

502 3715 653 3778 bras
700 3711 756 3774 V
799 3712 861 3775 in
909 3731 1117 3776 mense
1156 3712 1254 3777 vel
1301 3713 1385 3778 VI
1433 3733 1538 3796 pro
1585 3714 1896 3796 quolibet,
1956 3731 2142 3795 quam
2206 3713 2409 3775 minus
2472 3714 2731 3795 poterit,
2792 3713 3071 3777 faciendo
3120 3716 3207 3778 eis

503 3819 725 3886 pagam
774 3819 882 3882 pro
929 3800 1166 3864 duobus
1210 3802 1544 3866 mensibus,
1588 3801 1691 3865 26.

710 3887 937 3970 Capta:
987 3889 1064 3952 ad
1106 3887 1339 3954 factum
1380 3890 1544 3954 cride
1592 3889 1751 3954 facte
1795 3908 1903 3972 per
1950 3888 2090 3953 illos
2136 3891 2209 3954 de
2257 3889 2435 3954 Noua
2475 3891 2546 3954 de
2592 3888 2792 3954 dando
2819 3894 3053 3954 certum
3089 3893 3212 3954 ter-

501 3977 735 4041 minum
792 3976 940 4052 illis,
988 3977 1089 4058 qui
1139 3977 1367 4041 vellent
1412 3977 1614 4043 venire
1661 3977 2008 4042 habitatum
2060 3978 2119 4043 in
2166 3977 2359 4054 Nona,
2408 3979 2843 4060 respondeatur
2889 3981 2999 4056 eis,
3051 3980 3209 4062 quod

501 4065 556 4129 si
604 4064 823 4128 vident
867 4066 981 4128 hoc
1029 4067 1115 4128 eis
1162 4066 1399 4130 utiliter
1442 4065 1841 4149 respondere,
1904 4085 2117 4130 sumus
2162 4067 2451 4142 contenti,
2501 4067 2657 4149 quod
2696 4066 2759 4130 in
2804 4066 3210 4145 hoc‘faciant,

500 4151 830 4218 sicuttsibi
876 4152 1184 4216 videbitur
1230 4154 1472 4229 melius,
1522 4157 1584 4218 et
1628 4157 1770 4219 ante
1808 4155 2015 4219 omnia
2039 4175 2240 4220 comes
2273 4156 2576 4220 examinet
2612 4157 2675 4218 et
2703 4158 2889 4238 ponat
2920 4159 3211 4234 mentem,

501 4239 667 4393 guod
700 4239 856 4305 tales
904 4240 1178 4306 homines
1226 4242 1472 4306 veniant
1507 4243 1586 4305 ad
1629 4243 2050 4321 habitandum,
2100 4244 2204 4326 qui
2251 4246 2373 4308 sint
2420 4245 2548 4308 sine
2596 4244 2802 4326 aliqua
2848 4244 3208 4327 suspicione.

556 4347 751 4393 mnes

713 4413 866 4494 Quia
913 4418 985 4480 de
1033 4419 1240 4481 castro
1288 4419 1487 4481 sancti
1532 4418 1856 4484 Michaelis
1903 4439 2022 4484 non
2069 4421 2327 4485 habetur
2375 4440 2483 4484 nec
2515 4421 2746 4503 sperari
2780 4423 2986 4503 potest
3016 4421 3205 4499 aliud,

503 4523 685 4588 quam
734 4523 1048 4586 expensas
1095 4524 1209 4586 que
1258 4508 1401 4569 sunt
1446 4509 1800 4586 possetenus
1848 4508 2160 4573 evitande:
2211 4507 2382 4571 vadit
2428 4527 2588 4590 pars,
2640 4510 2796 4590 quod
2840 4509 3038 4572 omnis
3086 4509 3209 4572 for-

505 4591 704 4657 tilicia
749 4593 812 4654 et
858 4594 1177 4657 reductum
1225 4592 1374 4656 dicti
1413 4592 1527 4656 loci
1574 4594 1886 4658 dirruatur
1933 4597 1992 4658 in
2041 4600 2259 4671 totum,
2310 4600 2373 4659 et
2419 4598 2702 4673 cisterna,
2739 4596 2926 4678 putei,
2975 4600 3038 4659 et
3082 4595 3206 4659 alia

502 4680 639 4745 loca
685 4680 928 4755 omnia,
977 4681 1133 4744 unde
1192 4680 1279 4744 ibi
1332 4681 1675 4746 habebatur
1735 4701 1925 4764 aqua,
1993 4684 2203 4746 taliter
2265 4684 2679 4761 destruantur,
2739 4684 2897 4766 quod
2944 4683 3205 4763 reparari

508 4787 639 4834 non
684 4769 957 4850 possint;
1007 4771 1070 4832 et
1112 4766 1256 4833 talis
1298 4769 1444 4834 ordo
1490 4767 1857 4834 adhibeatur
1903 4772 1967 4835 in
2012 4771 2317 4854 lapidibus
2368 4776 2430 4836 et
2475 4772 2612 4836 aliis
2668 4772 2880 4847 rebuS,
2931 4771 3087 4852 qnod
3135 4773 3207 4835 de
