3620 5282
548 289 640 356 50

550 465 750 546 ipsum
797 483 937 529 cum
987 464 1114 530 illis
1153 465 1378 543 verbis,
1448 485 1566 547 que
1628 466 1898 531 dominio
1947 467 2332 546 videbuntur,
2374 469 2722 532 mandando
2770 467 2911 547 sibi,
2970 471 3275 551 quatenus

548 551 608 616 in
658 556 969 635 posterum
1019 552 1251 616 similia
1283 572 1401 617 nou
1449 556 1783 635 presumat.
1836 553 2064 619 Omnes
2113 554 2219 619 alii
2261 557 2333 619 de
2382 558 2576 637 parte,
2628 572 2747 619 non
2795 556 3016 619 sinceri
3077 560 3125 618 1.

756 639 1047 717 Notatur,
1096 640 1253 721 quod
1301 640 1459 704 facte
1502 639 1753 704 fuerunt
1799 641 1976 706 litere
2024 652 2084 705 et
2132 644 2318 707 misse
2366 662 2472 726 per
2520 643 2943 708 ambaxatores
2991 642 3271 724 Ragusii.

633 748 813 807 Misce·
857 747 1055 805 XXX
1095 750 1197 818 95,
1243 766 1285 807 u
1330 750 1487 809 valet.
1534 751 1769 809 arkivu.

727 952 1176 1034 Lxxxvl.
1233 950 1439 1034 God.
1497 953 1724 1036 1362.
1778 954 1829 1035 3
1882 953 2330 1053 kolovoza,
2385 976 2443 1036 u
2497 955 3101 1036 Dubrovniku.

544 1096 942 1157 Dubrovaclca
986 1098 1195 1157 obcina
1237 1099 1454 1171 svojom
1513 1099 1879 1170 poslanicom
1938 1117 2021 1156 na
2079 1098 2370 1157 mletacku
2429 1100 2611 1158 vladu
2672 1101 2942 1173 obvezm'e
3007 1117 3069 1159 se
3119 1101 3272 1173 pod-

1246 1203 1409 1257 puno
1453 1186 1796 1259 zadovoljitz·
1844 1187 2171 1245 mletadkim
2216 1187 2556 1258 zahtjevom.

749 1306 1117 1387 Exemplum
1165 1306 1519 1369 litterarum
1567 1307 1902 1369 missarum
1954 1324 2060 1387 per
2106 1305 2431 1370 Nicolaum
2501 1309 2573 1371 de
2616 1305 2906 1391 Chaboga
2969 1311 3269 1374 rectorem

539 1393 883 1457 communis
933 1394 1184 1475 Ragusii
1233 1394 1296 1456 et
1341 1412 1447 1474 per
1493 1393 1742 1469 iudiceS,
1793 1393 2115 1458 consilium
2166 1395 2229 1456 et
2269 1412 2590 1458 commune
2640 1396 2915 1460 civitatis
2971 1397 3265 1476 eiusdem,

540 1481 825 1545 datarum
874 1480 957 1544 ibi
1006 1480 1105 1543 die
1162 1479 1347 1543 tertio
1402 1479 1631 1543 mensis
1693 1481 1980 1562 augusti:
2047 1479 2450 1545 Serenissime
2496 1481 2764 1559 domine,
2832 1483 3041 1547 debita
3101 1503 3271 1548 reco-

542 1569 930 1631 mandatione
980 1567 1296 1649 premissa.
1370 1567 1746 1630 Excellentie
1821 1570 2018 1631 vestre
2079 1568 2320 1631 litteras
2386 1569 2561 1633 nobis
2630 1588 2740 1651 per
2796 1573 3074 1634 nostrum
3133 1590 3269 1651 spe-

537 1653 756 1719 cialem
824 1655 1110 1719 nuntium
1173 1656 1559 1736 presentatas
1618 1656 1715 1718 die
1779 1654 2079 1735 vigesima
2139 1659 2311 1718 sexta
2367 1656 2637 1737 proxime
2701 1656 2981 1738 preteriti
3038 1661 3270 1724 mensis

538 1742 670 1805 iulii
721 1761 829 1806 nos
879 1742 1173 1807 noveritis
1221 1741 1539 1823 recepisse,
1593 1761 1852 1822 quarum
1904 1745 2110 1805 tenore
2158 1742 2397 1823 plenius
2446 1743 2779 1820 intellecto,
2829 1744 3027 1808 eidem
3069 1745 3271 1810 excel-

535 1828 729 1892 lentie
772 1832 986 1893 tenore
1032 1829 1408 1911 presentium
1459 1828 1744 1892 duximus
1788 1830 2302 1912 respondendum,
2366 1832 2526 1911 quod
2584 1832 2822 1908 statim,
2882 1833 3046 1896 sicut
3101 1833 3269 1915 ipsas

541 1915 785 1980 litteras
835 1917 1196 1999 recepimuS,
1244 1916 1562 1996 capitaneo
1608 1920 1810 1980 nostre
1856 1920 2093 1980 armate
2141 1936 2249 1998 per
2293 1921 2536 1980 nostras
2583 1919 2828 1982 litteras
2875 1919 3155 1983 dedimus
3204 1921 3266 1984 in

537 2002 867 2079 mandatis,
916 2004 1074 2086 quod
1122 2004 1193 2067 de
1241 2004 1505 2085 navigiis
1550 2008 1889 2068 vestrorum
1941 2005 2333 2079 Venetorum,
2394 2005 2681 2069 euntibus
2731 2005 3044 2085 Catarum,
3113 2026 3265 2090 qua-

537 2091 628 2154 vis
673 2111 736 2153 re
784 2095 844 2154 et
891 2089 1419 2172 qualitercumque
1468 2092 1754 2167 oneratiS,
1806 2092 1882 2154 ad
1934 2091 2361 2173 inquirendum
2409 2112 2516 2156 seu
2573 2093 3084 2175 impedimentum
3151 2096 3267 2158 ali-

534 2177 695 2259 quod
744 2177 1090 2242 faciendum
1141 2197 1205 2241 se
1252 2179 1667 2242 intromittere
1716 2177 2072 2259 aliqualiter
2120 2198 2234 2241 nou
2270 2187 2605 2261 presumat,
2647 2181 2792 2262 quin
2825 2200 2970 2263 ymo
3016 2181 3262 2246 franche

531 2267 597 2328 et
642 2263 836 2330 libere
885 2264 1049 2329 dicta
1097 2267 1302 2329 vestra
1352 2267 1612 2346 navigia,
1684 2266 2114 2347 qualicumque
2176 2285 2239 2329 re
2305 2273 2576 2344 onerata,
2642 2270 2805 2331 sinat
2871 2269 3104 2332 intrare
3148 2270 3263 2334 Ca-

532 2354 737 2415 tarum
789 2352 958 2415 iuxta
1001 2352 1273 2432 ipsorum
1323 2352 1706 2416 voluntatem
1756 2356 1818 2416 et
1864 2353 2218 2428 arbitrium,
2269 2355 2449 2433 prout
2495 2355 2553 2417 in
2613 2354 2799 2418 dictis
2870 2357 3094 2420 vestris
3156 2356 3263 2419 lit-

530 2439 681 2502 teris
728 2438 1109 2520 precepistiS.
1162 2438 1251 2501 De
1293 2439 1454 2503 facto
1502 2458 1640 2503 vero
1689 2441 2041 2502 nostrorum
2090 2440 2464 2504 rusticorum
2526 2440 2601 2503 de
2651 2441 2903 2523 Stagn0,
2953 2462 3106 2525 quos
3169 2444 3264 2506 in-

529 2523 819 2588 terfuisse
865 2523 1327 2606 principaliores
1367 2526 1577 2589 dicitis
1620 2522 1682 2589 in
1731 2528 2127 2607 aggressione
2167 2529 2357 2590 vestri
2405 2529 2816 2592 ambaxatoris
2861 2533 2926 2593 et
2979 2531 3260 2608 condure,

533 2611 706 2677 vobis
741 2611 1124 2689 denotamuS,
1174 2613 1329 2693 quod
1379 2614 1654 2695 ipsorum
1701 2613 1939 2696 aliquos
2010 2614 2069 2676 in
2133 2615 2481 2679 carceribus
2543 2616 2912 2694 detinemus,
2978 2621 3043 2682 et
3096 2618 3263 2682 facta

527 2699 1000 2775 examinatione,
1038 2699 1396 2780 culpalibeS,
1447 2719 1599 2783 quos
1647 2703 2042 2782 reperiemuS,
2088 2702 2176 2764 sic
2223 2720 2365 2766 cum
2406 2703 2612 2784 vigore
2646 2705 2880 2768 iustitie
2917 2706 3255 2785 puniemuS,

531 2788 685 2869 quod
750 2787 891 2851 aliis
957 2789 1232 2851 transeat
1304 2788 1361 2849 in
1434 2788 1804 2870 exemplum.
1879 2790 1970 2852 De
2039 2787 2202 2852 facto
2273 2791 2532 2853 barcosii
2601 2788 2925 2855 Scallulini
2987 2792 3257 2856 Scallola

527 2873 894 2939 emendandi
943 2874 1060 2938 sibi
1113 2874 1450 2938 secundum
1499 2877 2012 2940 examinationem
2060 2877 2124 2938 et
2171 2878 2550 2941 taxationem
2603 2881 2948 2942 vestrorum
3020 2878 3253 2943 officia-

527 2960 704 3038 lium,
753 2968 934 3042 prout
981 2964 1043 3026 in
1090 2961 1277 3025 dictis
1325 2962 1546 3026 vestris
1595 2963 1824 3026 litteris
1876 2964 2256 3044 precepistiS,
2332 2966 2793 3046 respondemuS,
2859 2966 3021 3046 quod
3085 2968 3255 3031 novit

525 3047 890 3128 altissimus,
939 3056 1001 3113 et
1047 3048 1272 3132 singuli
1326 3052 1600 3113 nostram
1648 3051 2066 3114 condicionem
2113 3050 2398 3127 scientes,
2441 3051 2599 3132 quod
2665 3057 2917 3133 propter
2978 3063 3249 3117 nostram

526 3152 810 3215 guerram
859 3137 1228 3200 eminentem
1277 3154 1598 3199 commune
1646 3141 1927 3201 nostrum
1974 3137 2050 3199 ad
2096 3154 2347 3217 presens
2411 3144 2505 3200 est
2562 3140 2622 3201 in
2692 3142 3059 3204 necessitate
3124 3159 3258 3203 ma-

526 3220 692 3284 xima
729 3220 1138 3299 denariorum,
1210 3227 1458 3303 propter
1503 3224 1665 3304 quod
1713 3227 1915 3287 vestre
1963 3223 2324 3286 excellentie
2375 3226 2785 3304 presumimus
2835 3247 2973 3289 cum
3033 3226 3256 3291 fiducia

524 3308 891 3388 supplicare,
940 3310 1239 3390 quatenus
1284 3308 1650 3394 dignemini,
1708 3312 1758 3372 si
1809 3311 2069 3392 placeat,
2121 3329 2228 3389 per
2285 3310 2551 3392 aliquem
2614 3317 3068 3394 competentem
3136 3321 3260 3378 ter-

525 3395 760 3457 minum
804 3412 838 3456 a
879 3394 1044 3458 dicto
1091 3392 1428 3458 Scallulino
1480 3400 1683 3459 vestro
1726 3398 1858 3461 cive
1906 3399 1977 3461 de
2018 3395 2437 3461 satisfactione
2484 3399 2634 3463 dicti
2682 3402 2938 3464 barcosii
2991 3419 3100 3464 nos
3167 3401 3259 3464 fa-

523 3497 660 3542 cere
705 3481 1034 3561 expectari,
1083 3485 1145 3543 et
1192 3482 1285 3544 illi
1335 3483 1792 3547 satisfaciemus
1843 3483 2226 3564 integraliter
2272 3484 2439 3549 iuxta
2485 3487 2854 3550 taxationem
2909 3492 3251 3552 vestrorum

531 3565 895 3630 officialium
944 3566 1382 3649 predictorum.

618 3672 1185 3733 Commemorialium
1245 3672 1333 3733 VI
1377 3678 1521 3746 147,
1567 3694 1609 3734 u
1654 3677 1808 3735 mlet.
1867 3678 2102 3738 arkivu.

1371 3863 1880 3945 Lxxxvll.
1935 3863 2140 3945 God.
2197 3865 2421 3962 1362.

525 4002 810 4076 Ljudevit
855 4004 1185 4079 ayma-hri).
1236 4005 1395 4074 kralj
1439 4007 1761 4076 καροῖ-ἰθεῖα
1809 4006 2169 4078 Zadranom,
2215 4010 2296 4066 da
2340 4010 2441 4068 bez
2483 4011 2821 4081 oklievam‘a
2869 4012 3057 4071 izvrse
3102 4015 3260 4071 uviet

525 4094 682 4150 mira
726 4093 903 4152 ticuci
944 4110 1005 4153 se
1064 4091 1416 4165 raaprodaje
1475 4093 1737 4237 debarai
1753 4093 2065 4241 913εὲιῦἕῖὶή
2114 4092 2431 4167 podanilca
2489 4098 2795 4157 nalazec‘ih-
2856 4115 2918 4158 se
2962 4117 3003 4156 u
3051 4098 3259 4160 Zadru

741 4295 1103 4377 Exemplum
1151 4297 1471 4361 cuiusdam
1520 4296 1731 4362 littere
1777 4301 1963 4363 misse
2011 4319 2118 4382 per
2149 4299 2464 4366 dominum
2501 4321 2708 4385 regem
2746 4303 3061 4386 Hungarie
3091 4323 3258 4368 com-

532 4380 824 4446 munitati
867 4383 1075 4447 Jadre.
1123 4383 1192 4445 In
1239 4383 1436 4448 forma
1484 4385 1653 4467 pacis
1701 4386 2015 4467 priusdem
2060 4387 2222 4451 inter
2268 4407 2377 4452 nos
2426 4391 2489 4452 et
2529 4392 2745 4454 ducem
2810 4395 2875 4454 et
2935 4410 3258 4456 commune

537 4465 927 4531 venetiarum
977 4472 1354 4550 comportate
1404 4472 1561 4535 inter
1607 4474 1809 4537 cetera
1851 4475 2239 4538 contineatur
2273 4479 2346 4554 =et
2405 4495 2710 4558 expresse,
2774 4479 2932 4559 quod
2998 4478 3076 4541 ad
3139 4479 3258 4543 tol-

534 4551 778 4614 lendum
824 4572 1003 4617 omne
1051 4556 1414 4620 scandalum
1461 4559 1523 4621 in
1569 4558 1849 4623 futurum
1901 4562 2167 4642 quilibet
2218 4561 2513 4640 VenetuS,
2561 4563 2792 4628 habens
2841 4566 3255 4645 possessiones

533 4637 698 4701 intra
744 4656 950 4730 muros
997 4642 1321 4707 civitatum
1366 4643 1555 4709 Jadre
1602 4650 1664 4710 et
1709 4646 1904 4730 None,
1955 4646 2112 4712 infra
2159 4645 2285 4712 sex*
2319 4668 2562 4714 menses
2627 4669 2695 4730 a,
2724 4651 2823 4715 die
2880 4652 3051 4735 pacis
3118 4669 3262 4717 con-
