3620 5282
508 383 595 449 42

808 559 1103 644 LVII.
1139 555 1371 644 (frod.
1424 562 1644 645 1347.
1700 562 1802 645 29
1857 561 2348 662 studenoga,
2401 584 2461 643 u
2516 561 2903 644 Mletcih.

526 688 793 763 Upucua'e
829 707 890 748 se
921 690 1285 770 poszanstvo‚
1335 676 1726 763 odpremljeno
1770 691 1808 749 Ισ
1852 708 2020 765 uyar.
2070 691 2274 762 kralju
2298 734 2311 759 ,
2374 691 2453 749 da
2497 708 2596 749 mu
2640 688 2914 748 slobodno
2957 687 3130 761 proci
3175 705 3218 747 u

508 777 853 838 Ficrlansku
875 823 888 850 ‚
935 780 959 836 i
993 779 1113 837 kad
1154 796 1255 837 mu
1299 795 1360 838 se
1418 779 1633 847 uzvidz',
1684 779 1886 851 kralju
1931 796 1992 837 se
2013 778 2386 851 predstaviti.
2437 777 2812 850 Obaviesc'uJe
2840 794 2901 835 se
2931 776 3143 835 konsul
3173 793 3216 835 u

618 866 887 940 Napulju
929 867 953 924 i
987 866 1270 940 poslanik
1313 885 1356 924 u
1399 866 1583 926 Rima
1622 885 1654 926 o
1699 867 2023 927 nenadanu
2067 867 2334 938 kraljevu
2379 866 2630 926 dolazku
2673 884 2716 925 u
2763 865 3128 923 Furlansku.

721 1003 909 1068 1347.
958 1004 1055 1068 die
1099 1002 1437 1087 penultimo
1482 1005 1849 1083 novembris,
1900 1009 2112 1088 capta:
2159 1006 2317 1086 quod
2363 1005 2672 1069 scribatur
2704 1002 2929 1067 nostris
2960 1002 3047 1067 VI
3078 1019 3212 1065 arn·

512 1091 924 1169 baxatoribuS,
973 1091 1135 1174 quod
1177 1092 1327 1156 licet
1371 1091 1721 1156 commissio
1760 1113 1871 1158 sua
1912 1093 2085 1158 nobis
2118 1091 2272 1156 satis
2321 1091 2487 1157 clara
2537 1092 2834 1166 videatur,
2882 1089 3042 1173 quod
3074 1107 3213 1170 pos-

508 1180 636 1244 sint
672 1180 779 1258 ire,
831 1180 881 1244 si
930 1180 1018 1244 eis
1067 1180 1393 1258 videbitur,
1442 1180 1546 1243 ubi
1594 1183 1755 1245 essct
1812 1201 1916 1246 rex
1956 1182 2022 1245 in
2069 1180 2345 1262 partibus
2392 1179 2683 1245 Foroiuhi
2746 1180 2822 1244 ad
2867 1177 3212 1243 faciendum

507 1268 896 1335 ambaxatam
945 1268 1064 1332 sibi
1111 1268 1532 1346 commissam,
1579 1270 1786 1333 tamen
1835 1288 1943 1353 pro
1965 1269 2331 1334 removendo
2367 1287 2544 1333 omne
2567 1268 2839 1343 dubium,
2887 1265 3212 1330 scribimus

508 1356 617 1433 εἰς,
659 1355 819 1440 quod
862 1355 1022 1420 sicut
1065 1355 1152 1421 eis
1199 1356 1507 1420 videbitur
1573 1356 1830 1432 melius,
1895 1359 1959 1422 et
2008 1358 2245 1442 quando
2307 1358 2395 1421 eis
2454 1355 2798 1433 videbitur,
2846 1354 3083 1437 possint
3128 1355 3215 1417 ire

508 1443 585 1507 ad
633 1443 867 1508 dictum
910 1463 1136 1527 regem,
1189 1445 1292 1509 ubi
1337 1447 1509 1508 esset
1553 1444 1618 1507 in
1664 1446 1942 1527 partibus
1992 1445 2303 1522 Foroiulii,
2349 1446 2413 1509 et
2456 1444 2656 1509 facere
2702 1443 3091 1507 ambaxatam
3126 1439 3215 1504 eis

505 1532 917 1597 commissam.

714 1618 946 1702 Capta:
988 1620 1143 1702 quod
1190 1619 1496 1685 scribatur
1542 1620 1762 1685 nuncio
1807 1622 1881 1686 de
1927 1620 2098 1686 curia
2143 1623 2206 1685 et
2250 1619 2487 1685 consuli
2532 1621 2593 1685 in
2623 1618 2850 1702 Napoli
2896 1635 3066 1689 nova,
3094 1635 3210 1699 que

505 1706 800 1775 habemus
846 1709 919 1771 de
965 1708 1167 1772 subito
1214 1711 1277 1773 et
1321 1708 1632 1791 inopinato
1679 1710 1943 1774 adventu
1990 1709 2153 1792 regis
2199 1708 2513 1792 Hungarie
2575 1708 2638 1771 in
2701 1706 2979 1788 partibus
3025 1705 3212 1769 Foro-

505 1794 660 1873 iulii,
709 1797 773 1860 et
816 1796 1111 1879 quomodo
1173 1797 1527 1880 priusquam
1589 1800 1723 1862 erat
1768 1798 1903 1876 bic,
1954 1798 2234 1862 misimus
2279 1797 2516 1879 aliquos
2564 1798 2802 1860 nostros
2849 1793 3086 1858 nobiles
3133 1792 3212 1856 ad

507 1883 880 1949 visitandum
927 1902 1101 1950 suam
1163 1884 1551 1949 maiestatem
1616 1903 1726 1968 pro
1777 1886 2003 1950 honore
2067 1890 2272 1950 nostro
2336 1890 2400 1949 et
2460 1884 2793 1949 securitate
2863 1883 3209 1947 nostrorum

504 1970 813 2047 fidelium3
863 1974 927 2036 et
969 1972 1147 2055 quod,
1196 1973 1249 2036 si
1296 1972 1605 2038 diceretur
1650 1973 1737 2037 eis
1784 1973 2019 2057 aliquid
2065 1974 2140 2039 de
2187 1974 2371 2038 dictis
2420 1973 2624 2048 novis,
2697 1972 3106 2053 respondeant
3150 1971 3215 2033 et

500 2058 717 2124 dicant
762 2060 1084 2125 veritatem
1134 2059 1490 2142 predictam.

591 2149 748 2210 Secr.
792 2168 945 2210 cona.
992 2155 1177 2227 royat.
1225 2151 1297 2210 A.
1347 2154 1448 2211 93.
1489 2169 1531 2210 u
1573 2152 1915 2212 mletackom
1960 2153 2190 2211 arleivu.

821 2340 1131 2424 LVIII.
1185 2341 1388 2424 God.
1426 2343 1644 2425 1347.
1699 2342 1805 2425 30
1859 2342 2352 2441 studenoga‚
2402 2365 2462 2424 u
2513 2340 2901 2422 Mletcih.

506 2468 860 2541 Dozvob'eno
895 2470 1181 2543 jednomu
1227 2469 1302 2527 od
1333 2470 1674 2543 poslam'ka,
1714 2470 1918 2528 idubih
1962 2470 2001 2527 k
2033 2488 2201 2542 ηραν.
2250 2469 2468 2542 Ισναζᾷα,
2516 2470 2613 2541 koj
2657 2485 2717 2527 se
2761 2467 3016 2527 razbolio
3062 2464 3213 2539 bjese

586 2574 670 2615 na
704 2560 880 2629 putu,
925 2558 1005 2616 da
1049 2574 1110 2616 se
1152 2557 1307 2617 mois
1351 2576 1395 2616 u
1433 2558 1657 2617 MZetke
1691 2559 1983 2632 povratiti
2026 2558 2095 2616 ili
2134 2562 2245 2631 put
2289 2558 2593 2626 nastaviti,
2639 2557 2788 2615 kako
2834 2574 2936 2614 mu
2971 2554 3143 2628 volja.

726 2677 915 2742 1347.
964 2679 1060 2742 die
1109 2678 1326 2743 ultImo
1370 2678 1736 2757 novembris,
1785 2681 2003 2760 capta:
2052 2677 2214 2761 quod
2259 2677 2625 2742 concedatur
2673 2676 2865 2741 nobili
2913 2677 3039 2740 viro
3087 2677 3215 2740 Do·

511 2768 652 2831 nato
699 2766 1077 2850 ArymundO,
1127 2785 1244 2831 uno
1290 2786 1362 2830 ex
1408 2785 1512 2831 sex
1555 2767 2052 2831 ambaxatoribus
2094 2767 2299 2831 missis
2347 2765 2425 2829 ad
2457 2765 2774 2830 dominum
2807 2784 3012 2848 regem
3037 2764 3214 2828 Hun-

507 2857 694 2939 garie,
742 2855 850 2936 qui
896 2855 1118 2919 dicitur
1163 2854 1529 2918 remansisse
1573 2855 1637 2919 in
1684 2854 2058 2939 ConeglanO,
2100 2855 2450 2939 aliqualiter
2494 2853 2569 2918 de
2617 2873 2871 2937 persona
2903 2855 3211 2937 gravatuS,

509 2943 665 3025 quod
714 2960 821 3025 pro
867 2942 1227 3007 liberatione
1274 2960 1386 3006 sua
1433 2943 1628 3024 possit
1672 2944 1870 3009 redire
1922 2944 2213 3007 Venetias
2238 2993 2253 3020 ,
2316 2942 2592 3007 habendo
2656 2941 3091 3007 nichilominus
3137 2940 3215 3004 li-

510 3032 778 3095 centiam
827 3030 1106 3095 veniendi
1152 3030 1444 3096 Venetias
1494 3032 1590 3096 vel
1623 3031 1804 3096 eundi
1852 3033 1927 3096 ad
1955 3032 2272 3096 servitium
2309 3034 2585 3095 nostrum
2614 3032 2948 3095 secundum
2980 3030 3212 3093 statum

514 3137 620 3184 sue
666 3136 918 3201 persone
965 3121 1034 3182 ut
1078 3118 1384 3183 videbitur
1429 3119 1564 3185 sibi.
1606 3119 1689 3184 Et
1732 3121 1783 3183 si
1822 3121 1976 3185 forte
2024 3139 2140 3184 non
2172 3123 2336 3184 esset
2379 3119 2507 3197 ille,
2556 3119 2656 3201 qui
2704 3118 3212 3201 impedimentum

515 3206 860 3289 predictum
901 3207 1172 3284 haberet,
1221 3208 1325 3271 sed
1371 3207 1527 3271 alius
1573 3226 1643 3271 ex
1691 3208 1871 3271 sociis
1919 3209 2066 3286 suiS,
2114 3207 2270 3272 hanc
2318 3207 2574 3272 eandem
2636 3206 2948 3271 licentiam
2994 3205 3218 3269 babeat

511 3294 637 3373 ille,
686 3294 789 3376 qui
836 3294 1064 3359 dictam
1109 3296 1481 3377 gravitatem
1528 3295 1801 3360 haberet.

594 3385 752 3445 δεον.
793 3402 947 3445 cons.
982 3391 1168 3461 roqat.
1213 3385 1289 3444 Α.
1336 3388 1437 3456 93,
1484 3405 1525 3444 u
1570 3388 1785 3446 arkivu
1819 3387 2174 3446 mctadkom.

917 3575 1149 3656 LIX.
1205 3574 1410 3658 God.
1466 3576 1684 3659 1347.
1743 3576 1792 3658 3
1847 3576 2274 3677 prosince,
2327 3595 2384 3655 u
2438 3572 2824 3655 Mletcih.

506 3701 855 3775 Povladjuje
894 3719 957 3761 se
994 3703 1182 3760 saviet
1215 3703 1540 3775 poslanika
1590 3703 2008 3778 odpremljenih
2054 3705 2092 3761 Ic-
2136 3719 2302 3776 ηραν.
2348 3700 2550 3772 krazju
2596 3700 2760 3773 ylede
2793 3699 3035 3773 ponude
3053 3743 3069 3775 ‚
3136 3699 3217 3757 da

1176 3808 1277 3849 mu
1321 3792 1594 3851 slobodno
1629 3793 1803 3866 proc'i
1840 3793 1979 3851 kroz
2023 3789 2298 3849 mletaifke
2341 3789 2560 3861 zemb'e.

722 3909 908 3975 1347.
970 3910 1070 3976 die
1134 3912 1231 3976 111
1290 3911 1649 3990 decembris,
1712 3914 1930 3995 capta:
1996 3910 2156 3993 quod
2217 3888 2656 3992 respondeatur
2716 3907 3215 3975 ambaxatoribus
3329 3983 3332 3986 ,

510 3999 755 4078 nostriS,
806 3999 1010 4064 missis
1056 4000 1133 4064 ad
1178 3999 1493 4064 dominnm
1538 4017 1747 4083 regem
1793 3997 2143 4082 Hungarie,
2187 3997 2348 4081 quod
2402 3997 2578 4062 nobis
2624 3997 2827 4081 placet
2887 3997 3216 4065 consilium

512 4107 691 4152 suum
738 4089 1092 4153 contentum
1139 4088 1200 4152 in
1242 4106 1452 4153 eorum
1490 4088 1719 4153 litteris
1766 4088 1928 4152 datis
1975 4087 2173 4169 primo
2237 4085 2615 4164 decembris,
2679 4087 2743 4151 et
2788 4087 2946 4169 quod
2997 4105 3218 4153 secun-

510 4175 658 4240 dum
705 4175 858 4240 illud
905 4175 1118 4241 offerre
1164 4176 1430 4241 debeant
1474 4176 1722 4241 domino
1767 4177 1900 4259 regi
1957 4176 2294 4240 transitum
2356 4174 2620 4240 liberum
2668 4178 2732 4239 et
2776 4193 3061 4239 securum
3109 4194 3218 4259 per

517 4264 721 4328 totum
767 4265 1042 4348 nostrum
1082 4263 1461 4329 territorium
1508 4268 1574 4328 et
1618 4263 1969 4329 districtum
2016 4283 2155 4330 cum
2189 4265 2372 4348 gente
2414 4278 2547 4342 sua,
2597 4264 2952 4329 offerrentes
2998 4283 3062 4328 se
3108 4281 3219 4347 pa·-

513 4352 682 4416 ratos
729 4352 1028 4416 associare
1077 4372 1217 4417 eum
1263 4371 1455 4436 usque
1500 4354 1669 4418 extra
1712 4355 1995 4417 nostrum
2047 4352 2399 4417 districtum
2459 4352 2804 4435 predictum
2828 4401 2844 4430 ‚
2906 4353 2968 4418 et
3014 4354 3219 4417 osten-

516 4439 730 4505 dentes
776 4440 839 4504 in
887 4440 1088 4505 verbis
1134 4442 1283 4519 suis,
1330 4440 1491 4523 quod
1539 4444 1866 4524 postquam
1927 4460 2029 4505 eos
2093 4440 2372 4505 misimus
2433 4441 2511 4505 ad
2558 4439 3218 4511 honorandummaie-

514 4531 740 4593 statem
787 4546 961 4593 suam
1003 4531 1066 4593 et
1111 4528 1189 4593 ad
1235 4528 1559 4593 dicendum
1612 4529 1668 4592 ei
1714 4529 1900 4593 verba
1948 4528 2355 4594 benivolentia
2420 4531 2485 4593 et
2542 4530 2803 4606 amoriS,
2871 4530 3077 4594 nostre
3125 4528 3220 4593 in-

513 4614 807 4682 tentionis
853 4635 1094 4699 semper
1135 4616 1255 4682 fuit
1298 4619 1363 4681 et
1405 4621 1521 4695 est,
1568 4618 1727 4698 quod
1772 4617 2147 4699 pertransire
2196 4619 2407 4699 posset
2451 4618 2660 4694 libere,
2707 4618 2779 4682 ut
2824 4622 2918 4681 est
2961 4615 3216 4680 dictum.

600 4707 759 4768 Scor.
803 4724 958 4767 cons.
1005 4713 1190 4783 royat.
1236 4707 1312 4767 A.
1358 4709 1460 4777 93,
1506 4726 1548 4767 u
1588 4707 1928 4767 naletabkom
1973 4709 2208 4768 arkivu.
