3620 5282
3034 369 3152 434 137
3281 395 3290 403 ·

440 547 865 630 generalibus,
915 548 1205 613 videlicet
1268 550 1636 632 quommodo
1700 548 1859 614 alias
1921 568 2030 613 sue
2090 548 2406 613 serenitati
2454 567 2562 630 per
2622 548 2864 612 nostras
2908 546 3156 611 litteras

436 636 763 700 recolimus
810 637 1151 712 denotasse,
1199 636 1359 718 quod
1406 640 1623 720 gentes
1669 656 1778 701 sue
1822 637 2103 715 transire,
2148 639 2312 701 stare
2346 639 2409 699 et
2453 634 2651 699 redire
2700 654 2809 717 per
2841 633 3157 698 districtus

442 725 686 787 nostros
733 724 928 787 libere
976 726 1303 789 valuerunt
1345 730 1408 789 et
1453 725 1665 788 valent
1726 726 1953 806 absque
2014 725 2219 807 aliquo
2281 723 2722 806 impedimento
2785 724 2994 786 nostro
3057 721 3153 784 vel

440 811 645 893 gentis
692 812 921 888 nostre,
972 831 1007 875 a
1054 812 1275 895 quibus
1322 812 1535 895 pocius
1575 812 1988 876 amicabiliter
2011 812 2240 894 recepti
2287 814 2351 875 et
2394 811 2645 875 tractati
2694 812 2837 875 sunt
2882 812 2947 873 et
2991 808 3157 873 omni

442 902 720 981 tempore
769 903 1183 965 tractarentur
1228 919 1370 964 cum
1420 899 1806 981 expedicione
1871 902 1935 964 et
1981 899 2290 965 favoribus
2356 898 2747 981 opportunis;
2814 899 2877 961 et
2922 899 3010 961 ita
3055 916 3156 960 ex-

441 1004 649 1069 presse
695 988 933 1052 cunctis
981 987 1322 1054 rectoribus
1384 990 1448 1052 et
1494 987 1777 1051 fidelibus
1839 989 2066 1051 nostris
2127 987 2414 1051 dedimus
2463 987 2520 1049 in
2571 985 2917 1059 mandatis;
2991 1003 3159 1048 mare

434 1092 579 1138 vero
626 1075 866 1139 cunctis
914 1076 1265 1140 nationibus
1325 1075 1607 1158 cupimus
1670 1094 1803 1138 esse
1867 1094 2183 1153 securum,
2249 1094 2359 1157 per
2405 1073 2564 1156 quod
2626 1093 2776 1157 gens
2824 1092 2931 1137 sue
2995 1074 3159 1155 regie

433 1161 827 1227 celsitudinis
874 1164 1006 1228 sine
1058 1164 1497 1246 impedimento
1541 1165 1751 1227 nostro
1798 1163 1898 1228 vel
1958 1162 2160 1245 gentis
2209 1166 2414 1226 nostre
2468 1160 2659 1226 libere
2716 1159 3004 1243 navigare
3052 1179 3160 1242 po-

416 1248 556 1313 tuit
595 1252 781 1332 atque
826 1253 1049 1334 potest,
1100 1252 1163 1315 in
1211 1271 1330 1334 quo
1374 1250 1621 1333 quidem
1666 1251 1825 1315 bono
1873 1250 2185 1333 proposito
2235 1253 2298 1314 et
2344 1249 2499 1314 velle
2531 1248 3063 1332 perseveravimus
3099 1251 3162 1312 et

433 1336 522 1401 sic
568 1338 632 1402 in
678 1339 811 1419 ipso
859 1359 1248 1422 perseverare
1289 1338 1666 1403 intendimus
1700 1342 1973 1422 tempore
2008 1337 2343 1419 profuturo,
2392 1335 2621 1401 Omnes
2648 1337 2723 1400 de
2753 1339 2949 1420 parte.
3003 1334 3158 1400 Cum

429 1424 559 1489 hiis
606 1426 671 1490 et
716 1426 859 1491 aliis
906 1427 1127 1503 verbis,
1178 1426 1399 1511 quibus
1447 1425 1754 1490 videbitur
1807 1426 2110 1509 expedire.

648 1530 878 1614 Capta:
922 1535 985 1597 et
1032 1532 1231 1615 captis
1278 1531 1572 1615 predictis
1618 1531 1899 1613 partibus
1947 1532 2020 1595 de
2067 1529 2387 1594 scribendo
2433 1530 2675 1593 domino
2722 1527 2850 1611 regi
2887 1527 3162 1611 predicto

440 1618 502 1682 in
554 1619 770 1683 formis
804 1620 1086 1702 superius
1134 1620 1463 1695 annotatis
1515 1622 1725 1701 postea
1786 1618 2130 1683 successive
2180 1620 2245 1682 et
2290 1617 2734 1698 subsequenter
2795 1615 3165 1699 procedatur

440 1707 503 1770 in
553 1706 718 1772 facto
767 1708 1082 1773 electionis
1129 1708 1598 1773 ambaxatorum
1647 1708 1710 1771 et
1755 1706 1816 1770 in
1867 1707 2064 1770 forma
2120 1706 2248 1770 sive
2297 1705 2733 1769 commissione
2779 1704 3164 1768 ambaxiato-

436 1793 608 1859 ribus
655 1794 875 1873 fienda,
930 1799 1111 1878 prout
1157 1796 1377 1859 melius
1425 1794 1734 1859 videbitur
1781 1794 2122 1859 convenire.

650 1900 884 1982 Capta:
935 1901 1095 1984 quod
1144 1904 1585 1986 respondeatur
1625 1900 1874 1964 domino
1923 1898 2179 1964 Nicolao
2219 1897 2377 1962 bano
2428 1895 2745 1962 Sclavenie
2792 1896 2867 1959 ad
2914 1895 3157 1963 litteras

436 2005 598 2066 suaS,
653 1989 940 2053 videlicet
982 1990 1384 2072 significando
1430 1990 1627 2054 eidem
1677 1989 1749 2051 de
1797 1987 2088 2051 missione
2129 1988 2483 2050 nostrarum
2518 1985 3012 2067 supradictarum
3048 1988 3161 2051 lit-

438 2078 731 2153 terarum,
782 2096 936 2161 quas
986 2078 1295 2143 mittimus
1336 2078 1583 2142 domino
1632 2075 1762 2157 regi
1810 2074 2112 2157 predicto.

649 2179 882 2264 Capta:
933 2182 1091 2264 quod
1143 2202 1249 2266 pro
1295 2186 1522 2250 honore
1568 2186 1824 2251 dominii
1872 2188 2263 2270 provideatur
2305 2186 2634 2250 honorifice
2668 2185 2887 2249 nuncio
2935 2181 3165 2248 domini

439 2268 605 2351 regis
652 2270 991 2352 Hungarie,
1042 2271 1144 2353 qui
1191 2273 1465 2354 portavit
1510 2274 1688 2339 nobis
1733 2277 1977 2341 litteras
2026 2276 2221 2358 ipsius
2268 2274 2498 2338 domini
2535 2275 2716 2356 regis
2766 2276 2944 2356 prout
3000 2269 3169 2334 vide-

446 2355 618 2421 bitur
665 2357 931 2434 domino,
981 2358 1346 2423 consiliariis
1394 2364 1456 2424 et
1502 2363 1808 2445 capitibus
1866 2365 1937 2427 de
1986 2363 2115 2427 XL.

651 2461 884 2546 Capta:
932 2464 1081 2528 item
1133 2468 1573 2547 respondeatur
1618 2469 1695 2532 ad
1743 2469 1899 2534 alias
1947 2469 2186 2533 litteras
2234 2468 2469 2533 domini
2506 2467 2668 2551 regis
2702 2467 2761 2529 in
2796 2467 2908 2530 hac
2948 2465 3167 2541 forma,

440 2549 761 2615 videlicet:

651 2639 769 2703 Per
815 2639 1060 2705 litteras
1110 2644 1310 2706 vestre
1358 2644 1722 2722 maiestatis,
1770 2646 1944 2710 nobis
1993 2647 2307 2729 nuperime
2362 2645 2743 2722 destinatas,
2794 2644 2999 2707 vestra
3069 2659 3165 2704 se-

438 2729 672 2791 renitas
719 2727 1053 2807 denotavit,
1103 2730 1263 2812 quod
1311 2749 1517 2795 comes
1565 2733 1814 2811 Paulus,
1876 2733 2067 2798 frater
2128 2733 2372 2797 comitis
2423 2732 2720 2808 Mladini,
2787 2731 3057 2794 inclusus
3104 2730 3168 2792 in

436 2814 887 2897 composicione
939 2820 1340 2896 treuguarum
1405 2820 1704 2885 factarum
1754 2825 1819 2885 et
1872 2822 2290 2885 ordinatarum
2356 2821 2516 2884 inter
2581 2817 3016 2884 excellenciam
3066 2835 3168 2880 ve-

440 2905 635 2966 stram
686 2906 750 2967 et
796 2922 927 2980 nos,
977 2923 1098 2968 una
1139 2924 1278 2969 cum
1319 2906 1648 2971 comitibus
1698 2909 2054 2985 Sclavonie,
2108 2908 2396 2973 videlicet
2441 2907 2765 2990 Tragurii,
2814 2904 3054 2987 Spaleti
3103 2905 3169 2967 et
3251 2943 3272 2972 v

444 2989 771 3073 Sybenici‚
841 2992 1150 3074 quoddam
1223 2995 1494 3056 castrum
1557 2997 1683 3059 sive
1744 2997 2105 3061 fortilicium
2164 3000 2380 3060 contra
2440 2996 2699 3059 formam
2748 2993 3168 3075 predictarum

437 3082 843 3160 treuguarum
894 3080 1220 3144 hedificare
1254 3083 1535 3163 proponit
1580 3087 1720 3161 etc,
1770 3087 1949 3166 prout
1990 3084 2053 3148 in
2106 3084 2258 3166 ipsis
2304 3084 2533 3147 litteris
2568 3080 2930 3146 excellencie
2970 3081 3170 3145 vestre

440 3166 895 3230 continebatur.
945 3168 1045 3232 Ad
1088 3187 1236 3249 quas
1285 3171 1671 3250 presentibus
1706 3172 2168 3254 respondemu8‚
2219 3173 2373 3255 quod
2424 3171 2593 3234 novit
2639 3168 2987 3233 altissimus
3019 3168 3172 3231 deus

438 3258 669 3331 noster,
720 3255 876 3335 quod
927 3257 1000 3318 de
1048 3255 1161 3319 hoc
1208 3257 1400 3320 ullam
1449 3276 1719 3341 unquam
1769 3260 2096 3324 habuimus
2145 3259 2435 3323 noticiam
2501 3276 2696 3340 neque
2754 3255 2987 3338 aliquid
3036 3276 3174 3319 sen-

440 3342 638 3405 simus
685 3342 758 3405 de
808 3342 1138 3424 predictis,
1191 3346 1442 3426 propter
1488 3348 1644 3428 quod
1710 3347 2043 3429 plurimum
2111 3347 2529 3423 admiramur,
2581 3350 2645 3409 et
2688 3362 2797 3427 pro
2847 3345 3016 3408 certo
3063 3362 3176 3426 pu-

440 3434 672 3507 tamus,
725 3429 925 3511 ipsum
978 3436 1041 3494 et
1086 3432 1562 3497 communitates
1592 3434 1901 3516 predictas
1950 3433 2102 3498 talia
2135 3452 2253 3498 non
2286 3434 2507 3498 audere
2543 3434 2755 3515 preter
2802 3432 2998 3496 nostri
3034 3450 3178 3495 con·

442 3517 772 3581 scienciam
819 3520 883 3581 et
928 3520 1308 3596 mandatum,
1358 3521 1460 3601 qui
1511 3521 1679 3585 nullo
1731 3523 1907 3587 modo
1968 3525 2355 3604 pateremur,
2400 3521 2556 3604 quod
2608 3540 2677 3583 ex
2741 3522 2917 3600 parte
2963 3522 3175 3583 nostra

439 3604 679 3686 aliquid
727 3603 904 3670 fieret
949 3609 1168 3670 contra
1214 3607 1472 3671 formam
1514 3610 1932 3691 predictarum
1981 3611 2418 3692 treuguarum,
2466 3609 2802 3692 quynnimo
2854 3606 3174 3671 affectavi-

444 3712 586 3758 mus
634 3692 698 3756 et
743 3692 1129 3769 affectamus,
1172 3694 1329 3776 quod
1376 3695 1819 3762 inviolabiliter
1863 3698 2282 3762 observentur.
2333 3696 2452 3761 Sed
2502 3715 2680 3778 super
2711 3696 2829 3759 hoc
2879 3695 3176 3759 faciemus

446 3781 814 3860 diligentem
868 3782 1352 3863 inquisicionem,
1392 3786 1457 3847 et
1501 3783 1551 3848 si
1600 3785 1716 3849 hoc
1766 3785 2179 3849 invenerimus
2223 3784 2351 3849 fore
2397 3784 2671 3859 factum,
2720 3781 3178 3865 providebimus

442 3870 607 3935 sicut
653 3885 759 3949 pro
808 3868 1034 3933 honore
1082 3871 1285 3934 vestre
1331 3871 1695 3936 excellencie
1743 3874 1807 3936 et
1859 3874 2070 3937 nostro
2134 3871 2477 3937 videbimus
2524 3870 2867 3946 convenire,
2918 3888 3057 3933 cum
3094 3868 3178 3932 si-

332 3994 336 3997 <
453 3977 593 4021 mus
641 3956 805 4020 avidi
853 3958 1031 4039 parte
1073 3959 1284 4021 nostra
1317 3958 1514 4022 dictas
1560 3962 1854 4043 treuguas
1897 3960 2305 4025 effectualiter
2349 3961 2671 4024 observare
2718 3975 2826 4041 pro
2874 3974 3020 4038 pace
3070 3974 3180 4037 op-

440 4046 707 4127 portuna
745 4047 810 4108 et
859 4062 1004 4108 vera
1044 4045 1365 4109 concordia
1426 4046 1879 4126 confirmanda,
1925 4048 1996 4112 ut
2057 4048 2337 4130 superius
2384 4048 2618 4112 dictum
2667 4047 2782 4109 est.
2855 4042 3008 4109 Cum
3058 4044 3178 4108 hiis

446 4134 510 4196 et
556 4132 700 4196 aliis
749 4131 970 4208 verbiS,
1021 4132 1245 4214 quibus
1292 4131 1605 4198 videbitur
1651 4134 1956 4218 expedire.
2007 4134 2235 4200 Omnes
2283 4136 2356 4199 de
2402 4136 2596 4216 parte.

527 4224 708 4281 Misti
761 4222 961 4282 XXV.
1011 4225 1114 4291 31,
1153 4240 1196 4280 u
1239 4223 1579 4283 mletadkom
1625 4227 1857 4284 arkivu.

842 4429 1163 4514 CCVII.
1235 4431 1442 4513 (3011.
1497 4433 1727 4516 1349.
1783 4432 1833 4516 ἔ)
1888 4433 2209 4534 srpnja,
2264 4453 2326 4511 u
2380 4432 2769 4515 Mleteih.

444 4563 637 4623 Novci
673 4561 949 4634 potrebiti
988 4577 1061 4619 za
1096 4559 1399 4633 poseaniet
1409 4576 1477 4617 vo
1509 4559 1771 4619 odlazebe
1820 4576 1862 4615 u
1913 4557 2190 4633 Uqarsku
2235 4559 2386 4616 nelca
2431 4575 2493 4617 se
2539 4575 2716 4617 uzmu
2746 4560 2803 4617 iz
2833 4559 3178 4650 anjamnice.

662 4679 854 4745 1349.
902 4679 1000 4744 die
1045 4678 1093 4739 V
1159 4678 1314 4755 iulii,
1379 4683 1599 4761 capta:
1667 4678 1826 4762 quod
1875 4675 2111 4741 denarii
2172 4694 2276 4759 pro
2342 4677 2625 4760 expensis
2687 4675 3179 4741 ambaxiatorum

445 4768 777 4836 mittendis
822 4767 902 4832 ad
950 4765 1267 4832 dominum
1314 4784 1524 4850 regem
1574 4765 1895 4848 Hungarie
1941 4763 2323 4846 accipiantur
2365 4762 2443 4828 de
2474 4766 2701 4843 monte,
2737 4763 2811 4828 de
2857 4779 2975 4845 quo
3022 4762 3183 4825 acci-
