3620 5282
524 347 610 415 48

740 522 851 589 Ser
899 522 1184 587 Marinus
1233 520 1598 600 Gradonico,
1633 541 1731 587 ser
1760 522 2042 588 Andreas
2089 522 2439 588 Trevisano.
2478 521 2708 604 Capta:
2748 521 2970 586 volunt
3014 524 3257 603 partem

529 611 1007 693 suprascriptam
1055 629 1162 693 per
1207 613 1429 689 totum,
1478 609 1652 676 salvo
1699 611 1858 693 quod
1908 610 2007 675 nbi
2060 611 2318 687 dicetur,
2376 611 2533 693 qnod
2598 611 2888 673 mittatur
2949 627 3071 673 una
3129 608 3261 672 suf-

529 700 739 763 ficiens
787 716 1068 780 persona,
1116 697 1316 763 solum
1362 697 1598 776 volunt,
1639 698 1799 781 quod
1869 700 2202 763 mittantur
2261 697 2415 775 duo;
2480 696 2771 763 videlicet
2826 714 2949 761 una
3010 695 3090 761 ad
3154 699 3262 761 do·

532 786 768 850 minum
816 804 1021 869 regem
1072 785 1391 868 Hungarie
1439 789 1503 851 et
1547 785 1665 851 alia
1713 787 1787 850 ad
1837 787 2151 851 dominum
2201 785 2432 851 banum
2483 787 2546 849 et
2589 784 2665 848 de
2726 783 2866 848 inde
2925 783 3005 849 ad
3049 785 3142 849 Ra
3193 804 3262 848 u-

529 891 685 952 seoS,
735 891 875 939 cum
922 872 1052 938 illis
1101 873 1322 950 verbis,
1371 892 1486 956 qne
1535 875 1595 938 in
1644 876 1809 939 dicta
1857 876 2035 958 parte
2084 873 2497 952 continentur,
2561 877 2625 936 et
2686 872 2850 951 aliis,
2913 892 3029 956 que
3089 872 3149 938 vi
3198 893 3262 938 e-

529 962 757 1027 buntur
801 960 1095 1026 dominio.
1141 960 1248 1038 35,
1295 960 1402 1027 37.
1452 962 1543 1026 De
1590 980 1710 1027 non
1766 962 1864 1043 12,
1914 980 2034 1027 non
2080 962 2302 1027 sinceri
2348 960 2410 1039 5,
2467 962 2565 1023 11.

613 1052 795 1113 Μίει-ι·
845 1051 1042 1111 XXX
1085 1055 1187 1132 79,
1233 1069 1277 1112 u
1320 1052 1472 1113 mlet.
1516 1054 1749 1114 arkivu.

848 1226 1296 1325 Lxxxlv.
1362 1242 1570 1326 eoo.
1643 1243 1868 1328 1362.
1939 1244 1988 1326 3
2041 1245 2368 1346 srpnja,
2440 1265 2498 1325 u
2551 1242 2945 1325 metam.

935 1370 1106 1429 Knez
1151 1370 1346 1430 srbski
1408 1370 1642 1444 Vojslav
1686 1371 1999 1430 imenovan
2045 1371 2373 1431 mletalkim
2407 1370 2851 1445 yradJaninom.

739 1487 1139 1571 Privilegium
1165 1487 1428 1553 Comitis
1456 1489 1726 1573 Voyslai.
1755 1489 2125 1555 Laurentius
2151 1488 2313 1555 Celsi
2347 1488 2444 1554 dei
2478 1486 2681 1572 gratia
2706 1489 2827 1552 dux
2859 1487 3264 1553 Venetiarum

527 1578 644 1641 etc.
675 1574 986 1641 Universis
1003 1577 1119 1641 etc.
1138 1576 1549 1642 Attendentes
1567 1579 1760 1661 igitur
1787 1579 2151 1661 multiplicis
2168 1577 2310 1644 fidei
2329 1577 2665 1660 puritatem
2691 1578 2756 1641 et
2777 1575 3117 1641 devotionis
3132 1576 3267 1659 ple-

528 1664 895 1743 nitudinem,
922 1683 1109 1747 qnam
1135 1664 1504 1747 magnificus
1531 1667 1594 1730 et
1618 1668 1833 1748 potens
1859 1666 1953 1732 vir
1977 1666 2281 1749 Voyslaus
2305 1684 2510 1730 comes
2535 1668 2599 1730 et
2623 1681 2884 1746 magnus
2920 1681 3136 1745 procer
3167 1684 3267 1730 se-

529 1752 841 1817 renissimi
866 1752 1097 1818 domini
1126 1752 1513 1835 imperatoris
1540 1753 1862 1819 Sclavonie
1885 1756 1959 1819 ad
1985 1756 2191 1819 nostre
2215 1751 2663 1837 magnitudinis
2694 1750 3121 1816 excellentiam
3156 1753 3268 1817 ba-

528 1841 674 1905 bere
713 1840 1017 1922 promptis
1048 1839 1370 1904 affectibus
1407 1859 1471 1905 se
1496 1842 1787 1918 ostendit,
1825 1842 1927 1925 qni
1969 1843 2029 1906 in
2076 1840 2329 1924 agendis
2368 1858 2499 1919 nos,
2545 1842 2836 1904 ducatum
2881 1841 3163 1904 nostrum
3204 1844 3267 1905 et

529 1928 881 2011 singulares
941 1944 1232 2009 personas
1295 1929 1549 1992 ducatus
1611 1928 1887 1993 eiusdem
1950 1931 2347 2013 tangentibus
2420 1930 2707 1992 devotum
2779 1929 2845 1991 et
2905 1929 3265 2009 promptum

533 2015 931 2080 laudabiliter
978 2017 1042 2079 et
1085 2015 1465 2079 incessanter
1510 2034 1575 2080 se
1635 2016 1884 2097 prebuit
1928 2018 2112 2100 atque
2159 2018 2393 2099 prebet,
2460 2014 3014 2098 supplicationibus
3088 2014 3267 2080 nobis

533 2122 646 2168 sua
692 2105 871 2186 parte
919 2102 1214 2184 porrectis
1262 2101 1597 2185 gratiosius
1645 2107 2005 2180 annuenteS,
2046 2124 2186 2169 eum
2235 2122 2378 2168 cum
2427 2104 2554 2167 suis
2604 2103 2749 2167 filiis
2796 2105 2860 2166 et
2913 2101 3264 2179 heredibus,

531 2195 880 2255 nostrorum
929 2190 1208 2255 omnium
1271 2190 1665 2255 consiliorum
1724 2194 1789 2257 et
1848 2191 2416 2257 ordinamentorum
2487 2190 2831 2255 necessaria
2892 2190 3267 2255 solennitate

530 2280 795 2352 servata,
841 2278 1084 2362 proprio
1132 2279 1192 2341 in
1240 2281 1519 2342 nostrum
1563 2279 1760 2345 civem
1808 2281 1874 2344 et
1916 2280 2224 2344 Venetum
2273 2280 2614 2361 recepimus
2661 2280 2845 2360 atque
2913 2278 3268 2360 recipimus,

531 2376 593 2432 et
638 2367 944 2432 Venetum
992 2367 1058 2431 et
1101 2366 1296 2430 civem
1348 2368 1623 2431 nostrum
1672 2366 1931 2432 fecimus
1974 2369 2037 2432 et
2083 2367 2363 2444 sacimuS,
2427 2370 2493 2431 et
2550 2384 2662 2449 pro
2713 2366 2946 2431 Veneto
3007 2368 3072 2429 et
3134 2366 3266 2431 cive

533 2456 738 2520 nostro
791 2453 853 2519 in
903 2454 1186 2519 Veneciis
1248 2455 1313 2518 et
1372 2453 1521 2519 alibi
1586 2455 1871 2537 deinceps
1927 2455 2140 2521 haberi
2202 2460 2266 2520 et
2334 2454 2646 2538 procurari
2708 2455 2875 2518 omni
2934 2453 3156 2518 effectu
3205 2458 3270 2518 et

532 2539 915 2626 plenitudine
960 2540 1242 2606 volumus
1289 2542 1354 2606 et
1378 2543 1650 2623 tractari,
1697 2543 2022 2625 ipsumque
2063 2543 2297 2609 sincere
2344 2540 2757 2609 benivolentie
2802 2540 3072 2607 brachiis
3142 2560 3243 2606 am

533 2629 895 2715 plectantes,
959 2631 1023 2695 et
1069 2627 1331 2695 firmiter
1375 2631 1737 2710 statuenteS,
1786 2632 1948 2715 quod
1996 2631 2256 2715 singulis
2301 2630 2718 2708 libertatibus,
2766 2628 3099 2704 beneficiis,
3146 2629 3273 2695 im-

534 2717 947 2784 munitatibus
994 2719 1058 2782 et
1102 2716 1435 2782 honoribus
1482 2717 1991 2803 quibuscumque,
2061 2722 2287 2803 quibus
2343 2718 2451 2785 alii
2498 2719 2662 2785 cives
2709 2718 2930 2784 Veneti
2993 2719 3269 2801 gandent

535 2808 600 2872 et
642 2804 877 2889 perfrui
923 2807 1385 2889 dignoscuntur,
1435 2805 1706 2887 prefatus
1754 2809 2117 2892 magnificus
2181 2811 2246 2874 et
2289 2809 2511 2891 potens
2553 2805 2649 2871 vir
2694 2805 3000 2890 Voyslaus
3060 2825 3270 2871 comes

537 2913 679 2959 cum
727 2893 912 2958 dictis
960 2894 1090 2958 suis
1137 2892 1285 2958 filiis
1331 2895 1395 2957 et
1438 2894 1767 2960 heredibus
1815 2897 1879 2960 in
1926 2896 2206 2961 Venetiis
2246 2899 2310 2960 et
2355 2899 2527 2961 extra
2558 2895 2857 2978 perpetuo
2890 2894 3159 2978 gandeat
3204 2894 3269 2958 et

537 2984 772 3047 utatur.
824 2981 994 3046 Idem
1041 2998 1280 3065 quoque
1329 2981 1502 3046 nobis
1546 3002 1657 3066 per
1704 2983 1974 3048 nobilem
2022 2984 2222 3049 virum
2270 2981 2535 3048 Paulum
2562 2981 2816 3061 Quirino
2840 2980 3264 3048 honorabilem

535 3070 733 3136 civem
781 3070 1057 3134 nostrum
1105 3071 1559 3151 procuratorem
1608 3072 1737 3136 eius
1783 3070 2140 3136 solemniter
2183 3072 2259 3137 ad
2306 3072 2523 3136 sancta
2584 3070 2681 3134 dei
2744 3069 3067 3153 evangelia
3128 3088 3263 3152 pre-

535 3157 705 3222 stitit
747 3156 1068 3221 fidelitatis
1114 3156 1388 3222 debitum
1426 3157 1871 3240 juramentum.
1921 3159 1991 3223 In
2037 3176 2295 3243 quornm
2343 3159 2619 3223 omnium
2654 3157 3047 3241 ipsarumque
3078 3158 3262 3222 fidem

537 3248 604 3309 et
648 3243 1022 3308 evidentiam
1071 3243 1405 3324 pleniorem
1455 3263 1704 3326 presens
1752 3246 2147 3330 privilegium
2195 3248 2326 3312 fieri
2373 3247 2686 3324 iussimus,
2735 3245 3003 3328 bulaque
3053 3249 3266 3311 nostra

539 3332 842 3415 pendente
887 3347 1073 3394 aurea
1118 3332 1436 3396 comuniri.

755 3418 989 3482 Datum
1022 3417 1083 3481 in
1118 3418 1326 3484 nostro
1352 3417 1553 3483 ducali
1586 3418 1820 3501 palatio
1853 3439 2009 3487 anno
2041 3421 2349 3488 dominice
2379 3421 2817 3487 incarnationis
2847 3418 3265 3501 MCCGLXII,

546 3503 879 3571 indictione
926 3506 1404 3586 quartadecima,
1453 3508 1550 3571 die
1595 3507 1786 3572 tercio
1836 3510 2066 3575 mensis
2115 3510 2271 3574 iulii.

750 3591 979 3657 Eodem
1028 3590 1129 3656 die
1175 3591 1409 3658 factum
1452 3593 1571 3659 fuit
1616 3594 1821 3661 simile
1866 3596 2253 3677 privilegium
2301 3598 2361 3662 in
2410 3615 2701 3679 personas
2739 3596 3126 3681 egregiorum
3176 3597 3272 3663 vi-

545 3698 759 3746 rorum
807 3678 1174 3754 Strazimiri,
1223 3681 1469 3766 Georgii
1515 3682 1580 3747 et
1625 3683 1829 3763 Balse,
1879 3683 2159 3764 fratrum,
2210 3685 2681 3769 magnificorum
2730 3686 3032 3750 baronum
3080 3686 3269 3750 mari-

541 3771 693 3834 time
742 3765 1085 3846 Sclavonie,
1135 3770 1200 3832 et
1240 3768 1549 3835 bullatum
1612 3770 1783 3835 bulla
1845 3771 2145 3854 pendente
2213 3776 2524 3857 argentea,
2596 3774 2855 3857 prestito
2914 3773 3271 3856 juramento

539 3855 860 3923 fidelitatis
907 3874 1016 3939 pro
1064 3856 1215 3939 ipsis
1262 3862 1325 3921 et
1369 3857 1641 3940 ipsorum
1687 3859 1935 3924 nomine
1981 3879 2088 3943 per
2133 3861 2405 3927 nobilem
2454 3862 2656 3928 virum
2707 3862 3018 3926 Andream
3085 3861 3279 3926 Ponzi

540 3946 740 4011 civem
788 3943 1185 4009 Venetiarum
1234 3948 1690 4028 procuratorem
1738 3946 2036 4030 ipsorum.

633 4034 1206 4096 Commemorialium
1266 4035 1352 4097 VI
1400 4038 1543 4106 139,
1591 4054 1634 4095 u
1679 4038 1833 4097 mlet.
1880 4040 2113 4099 arkivu.

884 4225 1291 4310 Lxxxv.
1345 4225 1553 4309 God.
1607 4226 1843 4312 1362.
1898 4229 1994 4312 12
2048 4229 2374 4332 srpnja,
2426 4251 2486 4311 u
2537 4229 2930 4311 Mleteih.

545 4368 828 4444 Odszaju
881 4390 959 4460 ‘se
999 4373 1258 4445 eahtjem‘
1302 4372 1699 4432 dubrovaekih
1750 4374 2096 4448 poslanika,
2169 4376 2223 4432 {e
2255 4374 2375 4446 jim
2435 4390 2498 4433 se
2566 4373 2795 4445 nalaie,
2865 4373 2946 4432 da
3011 4387 3273 4446 poprave

539 4457 716 4517 §leode
761 4459 1030 4532 ueinjene
1073 4461 1405 4570 mletackim
1439 4460 1923 4609 1)οάαηίΜὼοἓ
1922 4461 2051 4609 agea
2107 4477 2169 4520 se
2228 4461 2523 4535 nepacaju
2584 4462 2818 4536 niposto
2880 4479 2922 4519 u
2988 4459 3270 4520 inletackc

760 4646 925 4712 1362
977 4649 1075 4714 die
1129 4648 1208 4713 12
1253 4647 1408 4726 iulii,
1455 4648 1785 4715 indictione
1832 4649 1967 4713 XV.
2015 4650 2337 4733 Sapientes
2382 4649 2615 4716 Ystrie.
2681 4649 2915 4733 Capta:
2963 4652 3127 4734 qnod
3173 4670 3272 4716 re-

541 4732 913 4814 spondeatur
961 4735 1098 4799 istis
1141 4735 1642 4802 ambaxatoribus
1690 4738 2134 4822 Raguseorum,
2183 4740 2247 4803 et
2289 4737 2581 4805 similiter
2640 4739 2990 4806 scribantur
3053 4738 3265 4805 littere
