3620 5282
2959 332 2964 341 *
3025 298 3155 380 279

426 489 606 556 lectis
654 489 896 557 licteris
942 490 1070 554 suis
1116 490 1278 555 datis
1320 491 1541 555 ultimo
1589 490 1981 573 septembris,
2031 490 2261 555 eisdem
2309 491 2724 568 1666111111666,
2773 490 2936 574 6666
2981 490 3153 556 solli·
3205 500 3210 505 ’

430 578 536 642 6111
584 580 647 641 61
691 577 1022 660 diligentes
1070 579 1356 656 existant,
1405 576 1567 642 sicut
1612 579 1876 642 firmiter
1924 579 2223 657 tenemus,
2273 580 2433 661 qnod
2482 581 2643 656 sunt,
2685 577 2764 642 ad
2793 578 3147 643 instandum

433 668 493 729 et
539 665 989 747 procurandum
1038 667 1111 729 de
1156 667 1456 749 possendo
1507 666 1780 731 obtinere
1828 668 1890 729 et
1935 666 2225 747 perficere
2290 667 2701 731 intencionem
2764 668 3034 730 nostram
3084 666 3146 728 16

430 749 592 816 facto
631 755 973 817 castrorum
1020 751 1234 817 Clissii
1282 755 1345 816 et
1389 751 1718 830 Scandone,
1768 752 1973 817 silicet
2019 752 2094 816 de
2141 753 2424 818 habendo
2488 754 2671 818 ambo
2731 753 2868 835 ipsa
2914 757 3145 828 castra,

434 839 486 903 si
532 840 710 904 ambo
756 840 971 904 haberi
1013 842 1332 922 poterunt,
1401 839 1498 905 vel
1561 840 1828 904 alterum
1894 840 2171 922 ipsorum
2238 844 2584 906 castrorum
2606 890 2622 918 ,
2671 839 2913 923 quando
2959 840 3149 903 ambo

434 926 648 990 haberi
693 944 814 991 666
859 930 1109 1009 possent
1168 947 1276 1009 per
1322 926 1574 991 modum
1639 927 1726 991 eis
1792 927 2215 991 commissum.
2295 928 2524 993 Verum
2576 928 2720 1010 quia
2773 927 3151 1009 scripsimuS,

434 1013 618 1095 quod,
668 1015 831 1078 sicut
874 1034 983 1097 per
1031 1014 1267 1097 aliquos
1299 1014 1511 1091 fertur,
1562 1015 1880 1079 comitissa
1923 1014 2380 1079 contentabitur
2426 1015 2584 1080 forte
2631 1015 2707 1080 66
2753 1013 2951 1078 dando
2998 1013 3155 1078 Clis-

434 1102 611 1178 siam,
659 1101 1121 1184 respondemus,
1165 1104 1324 1183 quod
1373 1102 1436 1166 in
1478 1120 1644 1178 casn,
1696 1120 1816 1184 quo
1860 1100 2028 1166 dicta
2065 1102 2410 1171 6616111666
2457 1103 2621 1168 nolet
2682 1101 2927 1167 tradere
2976 1100 3156 1165 ambo

434 1190 658 1264 castra,
707 1189 812 1252 sed
860 1188 1056 1253 solum
1106 1209 1294 1254 unum
1343 1190 1614 1272 ipsorum
1662 1192 2037 1266 castrorum,
2100 1190 2165 1253 et
2224 1192 2687 1255 contentaretur
2748 1188 2958 1277 pocius
3009 1187 3156 1251 dare

437 1273 733 1339 Clissiam
778 1295 963 1358 quam
1013 1276 1423 1355 Scardonam,
1474 1294 1688 1340 sumus
1750 1276 2060 1353 66616611,
2127 1278 2288 1357 6666
2348 1280 2617 1343 tractent
2678 1295 2817 1341 cum
2865 1278 3001 1358 ipsa
3046 1294 3155 1357 pro

440 1361 664 1427 Clissia
699 1381 807 1444 per
851 1363 1033 1427 illum
1080 1367 1365 1441 modum,
1417 1363 1522 1463 qui
1591 1363 1679 1427 eis
1725 1362 1945 1428 melior
2005 1364 2364 1446 apparebit,
2428 1364 2730 1447 possendo
2791 1363 3156 1447 promittere
3233 1388 3234 1391 ¹

439 1448 732 1526 finaliter,
782 1450 1022 1533 qnando
1069 1470 1179 1533 pro
1226 1451 1451 1516 minori
1499 1450 1633 1516 fieri
1670 1469 1792 1515 non
1839 1453 2066 1534 posset,
2129 1469 2240 1533 pro
2287 1450 2514 1516 Clissia
2572 1471 2765 1534 66666
2828 1451 2906 1514 ad
2964 1449 3190 1514 libras·

446 1537 496 1601 L
544 1536 747 1600 millia
792 1556 1123 1620 parvorum
1168 1558 1310 1605 cum
1352 1538 1478 1602 illis
1524 1539 1719 1620 pactis
1768 1541 1833 1602 et
1894 1538 2386 1618 condicionibus,
2439 1557 2590 1621 quas
2641 1537 3003 1621 promittere
3051 1554 3158 1619 po-

446 1623 655 1688 terant
698 1643 809 1707 pro
858 1624 1167 1691 Scardona
1215 1626 1387 1690 iuxta
1427 1625 1861 1707 requisiciones
1908 1625 2059 1690 olim
2121 1626 2318 1690 factas
2378 1646 2487 1710 per
2530 1627 2760 1691 dictam
2819 1624 3154 1701 dominam,

443 1711 824 1792 procurando
871 1712 1306 1778 nichilominus
1351 1713 1465 1776 illa
1511 1712 1846 1795 avantagia
1890 1716 1953 1778 et
1997 1713 2510 1790 166116161116616,1
2538 1732 2655 1795 666
2705 1731 2814 1795 1116
2844 1712 3018 1777 nobis
3050 1730 3159 1792 po-

436 1801 648 1862 terunt
693 1799 982 1878 obtineri,
1023 1801 1183 1866 sicut
1246 1818 1567 1883 speramus
1631 1799 1703 1863 66
1765 1800 1956 1882 111616,
2024 1801 2088 1864 et
2148 1799 2537 1865 sollicitando
2601 1801 2821 1863 ducere
2886 1818 3016 1862 rem
3080 1798 3159 1861 ad

437 1885 724 1950 effectum
774 1889 838 1951 et
881 1889 1404 1971 complementum
1449 1905 1558 1969 pro
1609 1886 1776 1951 omni
1819 1889 2104 1971 respectu
2168 1888 2543 1971 quamcicius
2607 1887 2738 1951 fieri
2779 1886 3005 1970 potest.
3075 1885 3158 1948 Et

436 1992 511 2037 ne
558 1971 718 2037 forte
766 1993 876 2057 per
924 1975 1195 2058 aliquem
1244 1973 1748 2040 manifestaretur
1795 1974 2051 2057 aliquid,
2101 1976 2258 2057 quod
2305 1978 2514 2058 posset
2554 1974 2804 2039 turbare
2852 1977 2914 2038 61
2960 1972 3157 2055 116116-

434 2061 565 2124 6116
608 2061 772 2125 11666
817 2063 1102 2126 66611616
1150 2065 1508 2139 tractatum,
1560 2061 1925 2126 mandamus
1985 2064 2108 2139 616,
2173 2062 2334 2145 6666
2397 2062 2728 2145 diligenter
2789 2062 3157 2144 precaveant

433 2146 509 2210 de
554 2148 909 2213 revellando
956 2150 1189 2232 aliquid
1238 2149 1423 2215 alicui
1464 2150 1539 2214 de
1588 2149 1703 2213 hac
1745 2149 2092 2214 intencione
2156 2151 2365 2215 nostra
2413 2150 2726 2232 predicta,
2794 2148 2898 2211 sed
2950 2146 3151 2212 solum

437 2253 576 2299 cum
627 2236 957 2301 comitibus
999 2241 1062 2301 61
1108 2237 1445 2301 rectoribus
1491 2238 1719 2301 nostris
1767 2236 2021 2301 illarum
2062 2238 2372 2302 terrarum
2405 2239 2756 2301 nostrarum
2803 2233 3154 2300 conferrant

435 2325 497 2386 et
543 2340 609 2385 se
657 2324 979 2388 consulant
1025 2343 1208 2406 661161
1252 2323 1433 2388 sactis
1482 2323 1869 2398 huiusmodi,
1937 2325 1989 2388 61
2052 2325 2140 2388 616
2205 2324 2547 2403 videbitur,
2611 2321 2931 2388 scribendo
2979 2320 3155 2386 nobis

437 2409 679 2475 solicite
727 2409 801 2474 de
848 2409 948 2475 (116
994 2411 1060 2475 16
1106 2411 1268 2476 61616
1318 2411 1608 2493 66166616
1660 2410 1919 2476 fecerint
1960 2412 2025 2475 et
2068 2411 2400 2476 habuerint
2444 2413 2506 2476 in
2546 2411 2884 2493 premissis.

639 2498 714 2561 In
760 2515 908 2561 casu
954 2518 1113 2576 vero,
1163 2516 1281 2581 666
1329 2517 1445 2563 666
1491 2502 1741 2580 possent
1791 2500 2082 2580 perficere
2127 2518 2236 2563 666
2279 2498 2555 2564 obtinere
2588 2498 3003 2563 intencionem
3050 2513 3161 2559 no-

430 2585 627 2650 stram
672 2584 1034 2667 predictam,
1085 2587 1183 2651 vel
1228 2603 1337 2669 pro
1380 2604 1450 2651 eo
1496 2586 1658 2670 quod
1705 2586 2025 2651 comitissa
2070 2584 2302 2652 faceret
2347 2586 2503 2652 61166
2529 2585 2792 2651 16616166
2819 2583 3159 2668 peticiones

434 2672 504 2736 de
551 2690 726 2750 66116,
777 2674 873 2737 vel
919 2692 1029 2756 pro
1067 2694 1136 2739 66
1181 2673 1341 2756 6666
1382 2672 1538 2738 forte
1584 2673 1936 2739 attenderet
1981 2676 2058 2740 ad
2107 2675 2446 2739 tractatum
2512 2692 2651 2739 cum
2701 2692 2863 2756 rege,
2912 2671 3165 2737 trahant

433 2759 510 2824 66
556 2759 903 2825 intencione
950 2780 1060 2826 sua
1105 2780 1289 2844 quam
1339 2762 1479 2844 plus
1530 2762 1854 2843 poterunt,
1926 2763 1991 2826 et
2051 2763 2281 2826 ducant
2343 2780 2479 2825 eam
2545 2760 2611 2824 in
2676 2761 2930 2843 longum
2979 2777 3163 2842 quam

432 2845 749 2912 comodius
791 2850 1098 2930 poterunt,
1152 2847 1353 2913 dando
1400 2850 1454 2913 ei
1495 2868 1667 2949 spem
1714 2849 1789 2912 de
1837 2847 2035 2924 nobis,
2084 2851 2148 2913 et
2187 2848 2559 2926 rescribant,
2619 2849 2901 2912 nostrum
2949 2864 3167 2928 expec-

434 2935 619 2998 tando
667 2936 1050 3000 mandatum.
1100 2936 1205 3012 33,
1255 2936 1360 3012 33,
1410 2955 1529 3001 non
1578 2936 1799 3000 sinceri
1849 2936 1911 3010 2,
1972 2936 2033 3016 3,
2084 2936 2160 3000 66
2201 2955 2321 3002 666
2369 2935 2434 3000 3.

645 3020 756 3086 Ser
804 3022 1104 3105 Mapheus
1144 3023 1346 3107 Aymo
1385 3023 1795 3089 consiliarius
1868 3021 2099 3106 Capta:
2167 3023 2302 3087 vult
2352 3026 2599 3104 partem
2658 3021 3012 3104 sapientum
3058 3039 3167 3102 per

445 3110 665 3185 totum,
711 3110 815 3173 sed
864 3111 968 3174 ubi
1016 3110 1260 3188 dicitur,
1311 3110 1469 3193 quod
1518 3129 1637 3175 non
1683 3110 1984 3175 revelleut
2031 3112 2143 3176 hec
2196 3110 2366 3174 facta
2430 3109 2617 3175 alicui
2685 3127 2976 3192 persone,
3047 3106 3170 3173 nisi

437 3157 797 3273 rectoribus,
847 3197 1104 3276 dicatur,
1155 3197 1313 3281 6666
1363 3198 1476 3262 1166
1521 3198 1790 3263 habeant
1835 3199 1900 3262 in
1946 3198 2164 3264 stricta
2208 3196 2547 3274 credencia,
2595 3198 2756 3262 sicut
2804 3194 3159 3278 requiritur,

439 3285 503 3346 61
545 3283 708 3365 6666
755 3302 877 3348 666
924 3246 1224 3350 revellent
1270 3303 1343 3349 ea
1389 3285 1577 3349 alicui
1625 3303 1903 3368 persone,
1955 3285 2073 3350 nisi
2119 3285 2249 3349 11116
2288 3285 2588 3368 116166616,
2637 3285 2770 3349 6166
2806 3284 3032 3367 6611166
3063 3301 3170 3347 no-

439 3373 569 3435 stra
613 3371 885 3436 intencio
931 3391 1054 3436 666
1098 3375 1333 3456 posset*
1362 3372 1651 3437 effectum
1701 3373 1928 3437 sortiri.
1980 3372 2084 3450 38,
2138 3373 2243 3437 39.

646 3456 967 3541 Sapientes
1014 3459 1294 3542 predicti.
1345 3459 1578 3543 Capta:
1628 3478 1769 3524 6616
1802 3461 2172 3525 ambaxator
2202 3461 2547 3525 communis
2578 3459 2892 3541 Tragurii,
2940 3458 3044 3540 qui
3078 3459 3176 3522 est

439 3544 556 3621 hic,
596 3548 771 3626 petat
815 3547 1123 3611 instanter
1170 3565 1280 3629 pro
1328 3552 1504 3630 parte
1548 3547 1900 3612 communis
1946 3548 2111 3612 dicte
2162 3550 2326 3612 terre
2374 3567 2562 3612 unum
2611 3547 2861 3630 liguum
2915 3564 2952 3609 a
2983 3544 3173 3610 remis

439 3631 549 3695 LX
594 3632 899 3698 furnitum
945 3634 1216 3699 corrodis
1263 3633 1661 3700 neccessariis
1706 3652 1816 3716 pro
1868 3635 2172 3717 possendo
2218 3654 2285 3699 se
2331 3653 2616 3717 reparare
2677 3635 2757 3698 ab
2809 3633 3174 3697 incursioni-

439 3719 551 3783 bus
598 3724 661 3784 et
707 3721 1286 3803 66111666616611166,
1355 3741 1472 3804 666
1534 3723 1623 3786 616
1688 3721 2069 3786 inferruntur
2128 3742 2238 3804 per
2297 3721 2439 3787 illos
2503 3722 2580 3786 66
2652 3719 2959 3785 Almisio:
3008 3719 3178 3785 vadit

440 3825 597 3887 pars,
646 3807 805 3890 6666
852 3809 941 3872 616
988 3808 1170 3873 66161
1207 3807 1454 3874 dictum
1501 3809 1745 3891 lignum
1792 3809 2099 3874 furnitum
2143 3829 2252 3892 per
2318 3809 2791 3874 extimacionem
2854 3824 2996 3872 cum
3045 3824 3177 3870 cor-

442 3894 600 3959 16616
646 3896 1043 3961 666666661116
1091 3914 1277 3961 66666
1323 3895 1621 3979 111661616,
1672 3897 2053 3963 solventibus
2098 3895 2255 3980 ipsis
2288 3896 2564 3979 precium
2609 3896 2805 3977 ipsius
2855 3896 2918 3957 et
2961 3912 3165 3958 corre-

444 3982 653 4046 66166]
702 4002 895 4066 usque
940 3983 1018 4048 ad
1064 4002 1257 4049 uuum
1303 4003 1554 4060 annum,
1605 3986 1669 4048 et
1715 3983 1914 4049 dando
1965 3984 2301 4067 plezariam
2350 3983 2780 4059 sufficientem,
2828 3983 3012 4063 prout
3058 3979 3172 4045 do-

446 4069 776 4136 1616661661
814 4070 1143 4136 videbitur.
1190 4070 1419 4137 Omnes
1466 4071 1540 4134 66
1587 4073 1786 4155 parte.
1838 4071 2037 4137 Facta
2086 4071 2207 4136 fuit
2251 4070 2470 4137 cedula
2493 4070 2771 4153 patronis
2819 4069 3172 4133 arsenatus.

527 4161 706 4221 Misti
759 4158 882 4221 XX
895 4160 1038 4220 V11.
1086 4163 1189 4233 36,
1236 4179 1279 4220 u
1322 4161 1663 4222 mletackom
1698 4163 1931 4221 arkivu.

706 4348 1159 4433 CCCCXX.
1227 4350 1435 4434 Gon.
1490 4349 1713 4433 1355.
1771 4350 1867 4433 31
1922 4349 2381 4452 listopada,
2434 4372 2496 4431 u
2551 4349 2942 4432 Mletcih.

784 4477 993 4536 Prima
1037 4493 1115 4547 se,
1162 4478 1244 4536 da
1285 4495 1347 4537 se
1391 4493 1467 4536 za
1512 4477 1679 4550 bojne
1719 4477 1983 4537 tro-§keve
2027 4477 2304 4551 upotrebe
2349 4477 2517 4536 novci
2559 4475 2832 4536 zaklada.

663 4596 853 4662 1355.
898 4595 999 4661 616
1037 4591 1260 4662 6111616
1296 4596 1591 4675 661611116,
1637 4599 1855 4679 capta:
1900 4595 1955 4660 si
2003 4595 2247 4660 videtur
2273 4594 2465 4672 1161116,
2514 4596 2673 4678 6666
2719 4593 2915 4660 simus
2962 4596 3025 4659 16
3059 4593 3175 4658 1611
3293 4647 3296 4652 .

433 4699 588 4748 caen
633 4701 855 4767 guerre
901 4702 1045 4748 cum
1090 4701 1236 4766 rege
1282 4683 1623 4766 Hungarie,
1674 4683 1837 4766 quod
1885 4700 1993 4764 pro
2036 4682 2219 4748 factis
2253 4679 2572 4747 Sclavenie
2612 4683 2677 4746 61
2706 4681 2866 4761 61116,
2917 4700 3033 4763 666
3065 4682 3173 4743 ha-
