3620 5282
502 298 634 369 296

494 493 829 570 Turchum‚
876 494 941 558 et
986 491 1062 556 de
1103 488 1610 558 conventionibus
1655 490 1840 557 factis
1884 492 2048 557 inter
2092 489 2335 557 dictum
2377 490 2692 556 Turchum
2755 490 2821 556 et
2869 490 3064 556 dictos
3108 488 3224 556 do·

501 584 723 661 minos,
770 579 1063 646 videlicet
1108 579 1183 645 de
1231 578 1427 643 dando
1475 581 1541 645 et
1594 580 1870 663 ponendo
1938 579 2319 663 Dulcignum
2376 581 2441 644 et
2503 578 2749 645 Scutari
2793 595 2869 643 ac
2915 578 3039 645 alia
3082 577 3230 644 loca

508 690 622 737 sua
665 670 782 735 sub
827 668 1108 754 potentia
1153 671 1216 732 et
1261 666 1533 732 dominio
1594 667 1747 732 dicti
1800 667 2064 749 Baysith
2108 685 2217 750 pro
2275 665 2644 732 liberatione
2714 668 2780 732 et
2839 666 3228 732 relaxatione

498 777 730 836 eorum,
779 758 1025 822 omnino
1071 755 1159 821 sit
1188 755 1628 839 providendum
1663 767 1843 838 super
1874 756 2029 832 hoc;
2075 755 2248 821 vadit
2278 773 2444 838 pars,
2477 755 2873 821 considerato
2916 757 3223 838 quantum

495 845 871 912 redundaret
913 846 978 910 in
1024 842 1428 927 preiudicium
1470 847 1534 909 et
1577 843 1873 908 damnum
1916 843 2111 909 statui
2156 845 2363 909 nostro
2399 845 2466 909 et
2494 843 2725 909 nostris
2762 842 3031 926 navigiis
3079 863 3232 908 eun-

502 934 669 1001 tibus
716 935 781 999 et
825 931 1226 998 redeuntibus
1273 951 1381 1015 per
1427 931 1741 1015 culphum‚
1789 932 1843 996 si
1889 930 2060 997 dicta
2103 931 2236 997 loca
2283 933 2671 1020 pervenirent
2728 930 2807 997 ad
2870 948 3094 996 manns
3158 931 3229 995 et

495 1024 610 1088 snb
635 1021 912 1105 potentia
941 1020 1340 1095 Turchorum‚
1369 1022 1525 1103 quod
1554 1019 1881 1084 mandetur
1904 1019 2220 1102 capitaneo
2245 1015 2452 1085 nostro
2476 1018 2706 1101 calphi,
2732 1021 2894 1103 quod
2928 1037 3116 1102 quam
3141 1017 3233 1084 ci-

498 1109 629 1176 cius
660 1110 889 1193 poterit
911 1109 1126 1174 debeat
1151 1108 1240 1173 ire
1264 1108 1661 1191 Dulcignum‚
1688 1109 1753 1173 et
1775 1106 2024 1172 omnino
2049 1109 2154 1173 det
2184 1107 2301 1172 sibi
2335 1126 2584 1191 operam
2617 1107 2693 1172 de
2720 1109 2975 1173 essendo
3000 1107 3064 1171 in
3095 1108 3229 1172 col-

500 1197 705 1282 loquio
732 1215 876 1263 cum
902 1198 1067 1261 dicta
1089 1195 1357 1273 domina,
1390 1199 1453 1262 et
1475 1197 1845 1262 ostendendo
1869 1196 2070 1262 dicere
2094 1215 2131 1262 a
2152 1215 2221 1262 se
2243 1198 2394 1261 etse
2421 1215 2661 1261 movere
2687 1196 2819 1261 sine
2851 1196 3059 1278 aliqua
3083 1214 3232 1262 con-

398 1330 403 1334 ·
497 1286 755 1352 scientia
785 1287 1018 1363 nostra,
1057 1285 1238 1362 dicat,
1281 1283 1438 1366 quod
1480 1284 1649 1350 iuxta
1683 1283 2152 1368 requisitionem
2191 1284 2645 1368 magnificentie
2685 1304 2812 1364 sue,
2849 1285 2998 1350 licet
3028 1303 3228 1369 usque

414 1381 415 1384 ’
497 1377 649 1440 tnnc
678 1373 870 1438 fuerit
900 1391 1007 1456 pro
1038 1372 1259 1438 multis
1290 1371 1434 1437 aliis
1466 1373 1726 1457 negotiis
1758 1373 1953 1437 nostri
1985 1371 2243 1438 dominii
2276 1371 2452 1438 valde
2480 1371 2841 1454 impeditae,
2866 1390 2984 1437 non
3020 1372 3230 1454 potuit

504 1461 699 1528 cicius
747 1462 836 1527 ire
882 1461 957 1527 ad
1002 1459 1376 1545 presentiam
1424 1479 1620 1538 suam,
1668 1460 1776 1525 sed
1822 1460 2096 1544 providit
2141 1458 2221 1525 ad
2260 1479 2397 1527 eam
2429 1461 2682 1526 mittere
2714 1458 2915 1526 virum
2949 1459 3224 1525 nobilem

508 1568 608 1616 ser
652 1547 984 1615 Nicolaum
1025 1549 1317 1632 Belegno‚
1365 1554 1514 1615 tunc
1559 1549 2108 1631 vicecapitaneum‚
2156 1566 2299 1613 cum
2343 1568 2463 1633 quo
2510 1548 2648 1631 ipsa
2708 1549 2955 1632 poterat
3013 1547 3227 1613 omnia

503 1637 783 1704 conferre
826 1639 1120 1720 tanquam
1168 1655 1308 1701 cum
1355 1636 1641 1721 ipsomet,
1675 1655 1858 1720 quem
1900 1638 2029 1720 ipse
2060 1637 2258 1703 sensit
2287 1636 2629 1713 discessisse,
2680 1638 3011 1720 antequam
3066 1635 3229 1719 apli-

499 1727 697 1796 cuetit
728 1726 1040 1804 Venetiae,
1067 1724 1273 1808 itaque
1297 1722 1533 1790 dictum
1566 1724 1939 1809 colloquium
1972 1744 2092 1792 non
2121 1726 2324 1808 potuit
2354 1726 2582 1791 habere
2613 1724 2884 1808 aliquem
2917 1722 3227 1801 effectum,

501 1834 614 1880 nec
661 1815 735 1879 de
779 1815 911 1897 ipso
956 1814 1236 1879 nostrum
1285 1812 1629 1878 dominium
1675 1814 1880 1896 potuit
1924 1813 2328 1879 informatum
2375 1812 2584 1878 fuisse.
2683 1812 3018 1896 Propterea
3065 1812 3231 1896 quod

505 1905 572 1968 et
612 1904 761 1986 quia
804 1902 1016 1980 sensit,
1044 1902 1248 1966 virum
1291 1920 1473 1966 suum
1520 1901 1839 1967 dominum
1887 1900 2223 1985 Georgium
2273 1901 2600 1968 Strazimir
2640 1903 2708 1966 et
2756 1901 3064 1985 quendam
3094 1900 3229 1965 eius

505 1991 1029 2073 consanguineum
1074 1990 1344 2054 retentos
1390 1989 1579 2055 fuisse
1625 2008 1663 2055 a
1696 1989 1959 2074 Baysith
1990 1991 2126 2074 bey,
2158 1992 2223 2055 et
2244 1991 2414 2073 ipsos
2444 2008 2587 2055 cum
2619 1991 2834 2055 eodem
2868 1987 3229 2054 convenisse

503 2081 568 2144 et
612 2083 860 2163 pactum
904 2078 1128 2144 fecisse
1169 2095 1279 2160 pro
1325 2095 1536 2143 eorum
1581 2077 1947 2144 liberatione
1992 2080 2068 2143 de
2113 2078 2312 2143 dando
2358 2081 2423 2143 et
2465 2077 2743 2161 ponendo
2788 2078 2924 2143 loca
2970 2095 3081 2142 sna
3113 2075 3230 2141 sub

500 2167 782 2252 potentia
820 2169 886 2232 et
936 2166 1206 2232 dominio
1256 2165 1454 2249 ipsius
1500 2166 1753 2242 Turchi,
1800 2166 2068 2232 accessit
2112 2167 2189 2231 ad
2237 2185 2372 2231 eam
2422 2167 2496 2230 ad
2545 2165 2919 2244 hortandum
2980 2168 3045 2230 et
3089 2182 3232 2230 sva-

501 2255 789 2332 dendum‚
853 2255 1010 2338 quod
1057 2254 1144 2318 sit
1199 2256 1487 2319 constans
1546 2256 1611 2320 et
1654 2253 1831 2320 fortis
1905 2254 1983 2318 ad
2045 2253 2567 2320 manutenendum
2613 2257 2677 2318 et
2736 2236 3232 2319 conservandum

501 2348 702 2410 terras
748 2345 815 2408 et
857 2343 992 2407 loca
1039 2360 1147 2407 saa
1193 2361 1269 2407 ne
1316 2345 1674 2432 perveniant
1719 2343 1797 2408 ad
1845 2362 2062 2408 manus
2109 2343 2510 2421 Turchorum,
2546 2343 2694 2425 quia
2720 2342 2774 2407 si
2812 2340 3230 2427 pervenerint,

500 2433 669 2497 esset
710 2430 926 2496 totalis
974 2430 1311 2496 destructio
1359 2433 1564 2495 status
1612 2430 1709 2495 sui
1754 2434 1819 2495 et
1865 2449 2119 2496 suorum
2168 2430 2456 2508 filiorum,
2498 2434 2565 2495 et
2594 2430 2786 2497 etiam
2820 2430 2937 2496 ivit
2976 2431 3052 2495 ad
3085 2448 3224 2512 pre-

504 2519 773 2586 sentiam
820 2537 995 2585 suam
1042 2536 1150 2601 pro
1197 2519 1518 2595 audiendo,
1545 2518 1715 2620 quid
1762 2518 1885 2584 sibi
1929 2518 2083 2585 velit
2125 2518 2351 2595 dicere,
2402 2520 2586 2603 prout
2616 2537 2760 2584 eum
2792 2519 3024 2601 requiri
3058 2517 3231 2582 fecit.

506 2606 830 2674 Audiendo
880 2608 1054 2690 prius
1101 2608 1327 2687 omnia,
1377 2626 1494 2691 que
1542 2607 1659 2691 ipsi
1710 2607 1913 2673 dicere
1955 2607 2161 2682 volet3
2206 2608 2270 2673 et
2316 2607 2380 2672 in
2426 2625 2591 2685 casu,
2641 2625 2760 2692 quo
2808 2606 3015 2672 dictus
3058 2605 3232 2690 capi-

508 2697 728 2761 taneus
777 2697 1194 2780 requireretur
1243 2715 1279 2761 a
1326 2697 1490 2760 dicta
1537 2697 1787 2760 domina
1831 2695 1906 2760 de
1954 2694 2359 2761 subventione
2424 2695 2936 2772 ballistariorum‚
3014 2697 3081 2761 et
3124 2714 3232 2777 per

508 2784 694 2851 verba
736 2785 898 2850 dicte
945 2783 1189 2848 domine
1236 2788 1299 2849 et
1367 2782 1776 2850 conditionem
1850 2784 2101 2849 illorum
2173 2785 2442 2868 partium
2514 2784 2766 2861 videret,
2830 2785 2991 2867 quod
3061 2784 3230 2848 dicta

508 2870 647 2938 loca
693 2873 1081 2938 subiacerent
1125 2871 1220 2936 illi
1263 2871 1554 2957 periculo,
1604 2871 1763 2955 quod
1808 2873 2053 2946 dicitur,
2104 2872 2326 2938 debeat
2370 2873 2571 2937 dictus
2604 2874 2988 2956 capitaneuS,
3023 2874 3233 2936 osten-

509 2961 703 3026 dendo
750 2963 949 3027 dicere
997 2980 1114 3043 pur
1159 2978 1195 3024 a
1238 2980 1321 3036 se,
1372 2959 1590 3025 offerre
1654 2964 1716 3025 et
1776 2961 1926 3025 dare
1981 2961 2144 3025 dicte
2213 2959 2477 3039 domine,
2541 2961 2596 3025 si
2661 2960 2942 3039 voluerit,
3004 2958 3231 3043 viginti

508 3068 581 3114 us
587 3069 705 3131 que
753 3049 1011 3133 triginta
1057 3048 1440 3113 ballistarios
1482 3051 1724 3113 nostros
1770 3050 1849 3114 ad
1898 3067 2193 3132 expensas
2237 3048 2406 3114 dicte
2461 3010 2717 3114 ’domine
2780 3066 2890 3132 pro
2954 3048 3232 3113 custodia

516 3137 687 3202 illius
728 3138 826 3202 vel
872 3136 1122 3201 illorum
1196 3155 1448 3201 suorum
1516 3136 1820 3219 locorum,
1892 3156 2002 3220 pro
2063 3156 2180 3220 quo
2257 3138 2357 3202 vel
2420 3137 2644 3221 quibus
2692 3138 2859 3202 dicto
2905 3136 3232 3220 capitaneo

514 3225 849 3297 videbitur,
902 3228 1064 3308 ipsos
1109 3224 1491 3290 ballistarios
1538 3223 1665 3289 fore
1711 3225 1913 3308 magis
1957 3226 2351 3290 necessarios.
2446 3224 2512 3290 Si
2559 3243 2701 3290 vero
2747 3224 2916 3290 dicta
2980 3223 3231 3289 domina

511 3333 627 3377 non
680 3315 1021 3396 requireret
1067 3313 1459 3395 capitaneum
1509 3312 1585 3377 de
1626 3315 1794 3378 dicta
1838 3315 2260 3387 subventione,
2309 3315 2457 3379 tunc
2502 3315 2861 3396 capitaneus
2908 3332 3028 3379 non
3077 3312 3227 3378 saci-

506 3406 572 3466 at
622 3401 849 3466 dictam
900 3401 1300 3471 oblationem.
1350 3402 1454 3465 sed
1504 3401 1562 3466 in
1612 3402 1782 3466 omni
1829 3420 1973 3467 casu
2023 3401 2314 3466 informet
2358 3421 2425 3465 se
2471 3403 2746 3486 plenarie
2779 3402 2854 3465 de
2889 3401 3230 3468 intentione

508 3497 573 3556 et
619 3490 938 3554 voluntate
985 3489 1148 3553 dicte
1195 3489 1464 3561 domine,
1514 3493 1578 3555 et
1645 3508 1784 3556 cum
1849 3489 2145 3574 predictis
2220 3490 2419 3555 verbis
2484 3492 2549 3554 et
2611 3490 2754 3554 aliis
2809 3489 3228 3556 oblationibus

504 3579 919 3661 generalibus
972 3596 1093 3660 que
1135 3578 1301 3642 dicto
1349 3578 1671 3659 capitaneo
1718 3579 2110 3651 videbuntur,
2160 3580 2465 3661 procuret,
2517 3580 2588 3642 ut
2642 3579 3067 3661 supradictum
3115 3579 3228 3653 est,

506 3666 721 3732 taliter
768 3666 1001 3730 hortari
1051 3665 1280 3730 dictam
1318 3665 1654 3738 dominam,
1704 3667 1861 3750 quod
1912 3667 1995 3730 sit
2042 3673 2334 3732 constans
2382 3664 2461 3729 ad
2530 3666 3003 3733 substinendum
3055 3684 3120 3730 se
3167 3666 3231 3730 et

508 3756 641 3819 loca
718 3773 846 3831 sua,
915 3753 1032 3818 hac
1094 3753 1323 3819 habeat
1389 3758 1454 3818 et
1509 3755 1717 3837 capiat
1772 3757 1992 3821 bonam
2065 3758 2130 3821 et
2205 3754 2614 3820 confidentem
2683 3773 2855 3837 spem
2910 3756 2975 3821 in
3020 3757 3227 3820 nostro

410 3916 423 3923 Μ
506 3843 796 3907 dominio.

595 3952 770 4011 Misto'
822 3949 1037 4012 XLII.
1087 3952 1190 4021 81,
1239 3969 1281 4010 u
1324 3951 1477 4011 mlet.
1526 3953 1760 4011 arkivu.

700 4140 1250 4223 ccccxxvl
1328 4139 1535 4223 God.
1591 4141 1815 4223 1392.
1869 4140 1972 4224 26
2027 4140 2482 4243 listopada,
2535 4160 2596 4222 ιι
2649 4140 3035 4222 Mletcih.

716 4283 910 4346 Electi
964 4284 1082 4346 duo
1132 4284 1495 4364 provisores.
1549 4286 1619 4346 ut
1663 4288 1804 4347 aaut,
1853 4283 2250 4355 Durachium.
2301 4285 2366 4347 et
2393 4284 2745 4348 examinent
2776 4287 3017 4349 statum
3052 4283 3220 4348 illius

508 4375 727 4443 terrae,
778 4377 844 4434 et
891 4380 1099 4453 postea
1150 4371 1479 4434 informent
1522 4369 1598 4433 de
1645 4373 1827 4435 rebus
1874 4377 1938 4436 et
1992 4374 2458 4455 provisionibus,
2523 4391 2675 4454 quae
2736 4377 2883 4437 sunt
2925 4378 2991 4437 et
3035 4375 3217 4439 erunt

508 4460 885 4523 necessariae
931 4478 1040 4543 pro
1083 4459 1486 4524 conservardo
1532 4459 1765 4523 dictum
1814 4459 2017 4525 locum
2064 4462 2137 4526 ad
2185 4460 2476 4525 honorem
2522 4459 2799 4526 dominii.

593 4565 771 4625 nisti
821 4566 1042 4628 XLII.
1091 4569 1194 4638 83,
1243 4586 1284 4628 u
1326 4567 1483 4629 mlet.
1531 4569 1765 4630 arkivu.
