3620 5282
3006 374 3130 447 391

412 562 614 626 vestre
665 559 976 625 voluntati
1023 578 1256 642 parere,
1302 561 1433 643 pari
1483 561 1806 626 voluntate
1852 563 1916 626 et
1961 564 2267 625 communi
2334 562 2653 626 concordia
2699 563 2973 628 omnium
3024 582 3131 627 no-

413 653 683 723 strorum
736 647 1219 731 propinquorum
1271 653 1334 712 et
1380 650 1570 713 totius
1618 650 1822 732 populi
1874 651 2066 712 nostri
2114 648 2393 712 dominii.
2445 650 2630 714 Vobis
2677 650 2841 714 dicto
2887 651 3132 716 domino

406 737 481 801 P.
531 734 705 799 Ziani
755 735 900 799 duci
945 735 1205 800 Venetia
1270 738 1611 818 vestrisque
1672 738 2124 801 successoribus
2171 740 2235 800 et
2292 740 2511 801 cuncto
2575 738 2777 802 vestro
2840 737 3127 815 dominio,

417 823 661 888 scilicet
706 822 1048 887 insularum
1080 824 1451 902 hominibus,
1502 826 1566 888 et
1613 825 1982 907 ubicumque
2025 828 2229 888 vestra
2261 842 2332 887 ac
2366 825 2742 889 Venetorum
2790 825 3128 890 dominatio

413 916 529 988 est,
579 928 692 975 nos
731 910 1024 976 videlicet
1070 929 1276 975 comes
1315 910 1615 989 Sebenna,
1665 912 2117 990 Dessiselavus,
2167 911 2392 989 Rados,
2442 912 2714 995 Dragan,
2763 913 3130 994 Bogodanus

415 1000 479 1063 et
527 998 712 1065 Sinca
746 998 1022 1076 comites,
1072 997 1352 1076 Savinus,
1403 999 1678 1076 MauruS,
1729 998 1982 1076 Sifante,
2032 999 2394 1076 DamianuS,
2443 999 2794 1074 Gervasius‚
2842 1001 3130 1063 Matheus

412 1088 754 1169 RaguseuS,
805 1085 1121 1164 Chodissa,
1174 1086 1523 1168 Gardogna,
1555 1087 1893 1171 Braynech,
1941 1086 2192 1164 TuIcus,
2242 1087 2487 1164 Poelad,
2544 1088 2726 1151 Drasi
2775 1087 2946 1163 Zot0,
2993 1087 3131 1151 Ma-

415 1173 597 1238 theus
647 1172 998 1251 Catariuus,
1049 1177 1408 1256 perpetuam
1457 1193 1668 1256 pacem
1718 1177 1783 1238 et
1828 1174 2067 1237 firmam
2118 1173 2457 1238 amicitiam
2504 1193 2746 1256 semper
2804 1174 3129 1239 observare

411 1261 473 1325 in
522 1261 680 1325 hunc
725 1260 976 1325 modum
1025 1262 1321 1339 iuramus,
1371 1262 1529 1344 quod
1582 1263 1801 1326 amodo
1852 1262 1914 1325 in
1962 1264 2145 1326 antea
2189 1280 2400 1326 omnes
2431 1262 2698 1326 Venetos
2745 1264 2808 1326 et
2854 1281 2976 1339 eos,
3025 1261 3128 1343 qui

412 1367 483 1413 ex
530 1366 740 1412 eorum
783 1348 1058 1412 dominio
1107 1354 1290 1425 sunt,
1342 1368 1451 1431 per
1498 1353 1725 1413 terram
1777 1351 1842 1413 et
1887 1368 1993 1431 per
2038 1368 2208 1413 mare
2255 1352 2317 1413 et
2362 1349 2728 1431 ubicumque
2777 1352 2985 1414 nostra
3030 1347 3129 1412 vel

412 1440 762 1500 nostrorum
813 1437 1011 1500 virtus
1062 1437 1266 1514 fuerit,
1313 1456 1463 1517 pura
1508 1437 1699 1500 animi
1748 1436 2084 1501 intentione
2131 1437 2193 1500 iu
2235 1435 2512 1519 personis
2576 1440 2638 1498 et
2684 1455 2895 1501 eorum
2943 1436 3125 1501 rebus

411 1524 667 1607 diligere
712 1523 1065 1601 debeamus,
1116 1543 1427 1607 nunquam
1474 1542 1620 1589 vero
1666 1542 1775 1607 per
1840 1542 1948 1588 nos
1997 1523 2091 1588 vel
2125 1543 2258 1606 ,ρετ
2313 1524 2469 1587 alios
2530 1523 2822 1587 adversus
2887 1542 2990 1587 eos
3039 1525 3126 1587 ire

412 1611 508 1675 vel
555 1610 780 1693 aliqua·
808 1612 898 1675 eis
945 1612 1161 1675 nociva
1210 1613 1477 1676 tractare
1522 1615 1632 1675 aut
1677 1611 1936 1676 alicuius
1984 1628 2237 1693 persone
2283 1610 2359 1675 ad
2400 1610 2828 1675 offendendum
2877 1629 2979 1675 eos
3017 1629 3124 1675 nos

409 1698 680 1781 iungere,
729 1697 825 1762 vel
871 1698 1195 1763 consilium
1261 1701 1324 1762 et
1383 1700 1679 1763 auxilium
1746 1702 2021 1781 prestare
2083 1698 2416 1763 debeamus
2483 1717 2521 1762 a
2566 1696 2845 1762 Samsico
2909 1701 3122 1762 autem

409 1805 600 1869 usque
646 1787 959 1861 Venetiae,
1008 1805 1045 1850 a
1090 1787 1253 1850 Fano
1299 1787 1490 1850 etiam
1539 1788 1603 1851 et
1649 1805 1838 1868 usque
1892 1787 2175 1850 Venetias
2222 1805 2432 1850 omnes
2481 1784 2851 1867 generaliter
2899 1786 3115 1849 euntes

408 1873 701 1938 Venecias
750 1875 814 1937 et
858 1872 997 1936 inde
1050 1873 1394 1951 redeunteS,
1444 1874 1573 1937 sive
1619 1875 1703 1937 sit
1751 1875 2040 1950 VenetuS,
2089 1872 2218 1937 sive
2249 1875 2574 1937 extraneus
2621 1872 2682 1935 in
2733 1871 3009 1953 personis
3059 1873 3122 1935 et

404 1961 608 2038 rebuS,
655 1979 693 2024 a
739 1961 912 2025 nobis
959 1964 1022 2025 et
1062 1962 1288 2025 nostris
1336 1961 1521 2026 debet
1566 1961 1783 2035 amari,
1841 1959 2160 2038 custodiri,
2210 1960 2494 2025 auxiliari
2542 1962 2605 2023 et
2650 1959 2713 2022 in
2761 1959 2931 2023 nullo
2975 1958 3124 2023 ledi.

405 2045 471 2112 Si
517 2067 659 2113 vero
699 2048 1144 2113 interveniente
1191 2049 1399 2130 aliqua
1465 2049 1814 2131 ignorantia
1872 2048 2097 2130 aliquis
2147 2048 2418 2112 Venetus
2479 2045 2714 2111 alicubi
2762 2047 2859 2110 vel
2913 2047 3115 2109 extra-

404 2154 554 2200 neus
601 2135 760 2201 infra
808 2136 1009 2200 dictos
1048 2137 1340 2200 terminos
1387 2156 1423 2201 a
1470 2137 1695 2200 nostris
1757 2136 1949 2200 fuerit
1993 2134 2381 2217 depredatuS,
2452 2136 2594 2217 post
2641 2133 2867 2198 factam
2915 2132 3121 2215 queri-

404 2224 674 2288 moniam
723 2223 883 2288 infra
929 2243 1119 2287 unum
1161 2243 1433 2288 mensem
1482 2226 1590 2287 aut
1636 2243 1743 2305 per
1775 2222 2067 2286 iudicium
2115 2222 2211 2286 vel
2258 2241 2367 2304 per
2395 2220 2788 2285 concordiam
2838 2219 3122 2284 ablatum

402 2328 440 2374 a
485 2312 658 2375 nobis
707 2311 1001 2393 integrari
1032 2310 1254 2385 debet:
1302 2312 1458 2392 quod
1509 2312 1562 2375 si
1610 2330 1704 2374 res
1748 2312 1893 2373 ante
1919 2309 2464 2391 proclamationem
2501 2308 2674 2372 nobis
2721 2308 2866 2371 nota
2898 2307 3112 2384 fuerit,

401 2398 608 2463 ablata
649 2416 1044 2481 congregare,
1095 2400 1158 2462 et
1203 2397 1279 2461 ad
1329 2417 1535 2463 eorum
1585 2398 1944 2472 utilitatem,
1994 2414 2254 2478 quorum
2300 2395 2549 2473 fuerint,
2606 2413 2968 2460 conservare
3015 2393 3122 2458 de·

401 2485 677 2550 beamus.
725 2486 810 2549 Et
854 2487 907 2549 si
953 2486 1175 2568 aliquis
1222 2504 1431 2550 eorum
1480 2486 1542 2550 in
1572 2485 1962 2566 pertinentiis
1995 2485 2222 2548 nostris
2256 2484 2352 2547 vel
2387 2484 2764 2565 ubicumque
2799 2482 2878 2545 ab
2913 2481 3121 2563 aliquo

400 2576 761 2656 persecutus
811 2574 906 2637 vel
952 2573 1118 2637 lesus
1162 2573 1368 2649 fuerit,
1417 2571 1754 2637 secuudum
1804 2572 1972 2635 vires
1990 2573 2230 2635 nostras
2261 2570 2568 2648 adiuvare,
2618 2572 2682 2635 et
2731 2570 2863 2634 eius
2911 2569 3121 2634 ablata

398 2680 752 2744 recuperare
800 2661 960 2726 bona
992 2660 1123 2736 ,fide
1170 2660 1524 2725 debeamus.
1594 2661 1728 2724 Hec
1774 2663 1983 2724 autem
2037 2659 2261 2736 omnia,
2311 2679 2430 2742 que
2476 2658 2842 2739 supradicta
2888 2658 3037 2722 sunt
3082 2676 3119 2720 a

400 2749 572 2814 nobis
619 2752 685 2813 et
730 2749 958 2813 uostris
1005 2748 1265 2831 posteris
1312 2767 1556 2831 semper
1601 2748 1733 2812 sine
1798 2746 2007 2811 fraude
2055 2745 2318 2810 debeant
2380 2746 2678 2810 inviolata
2749 2744 3118 2821 conservari,

399 2837 488 2900 sic
536 2855 645 2900 nos
693 2839 839 2900 deus
888 2837 1139 2901 adiuvet
1178 2837 1244 2899 et
1285 2837 1399 2900 hec
1434 2837 1725 2918 quattuor
1785 2835 2001 2898 sancta
2047 2834 2141 2897 dei
2190 2833 2528 2913 evangeliat
2601 2833 2682 2895 Et
2729 2831 2972 2896 dictum
3021 2830 3118 2896 iu-

399 2927 748 2988 ramentum
796 2943 1039 3006 semper
1083 2924 1158 2987 ad
1205 2922 1421 2988 decem
1462 2927 1658 2987 ‘annos
1704 2922 1928 2985 debeat
1990 2920 2285 2984 renovari.
2353 2920 2471 2983 His
2538 2920 2750 2982 autem
2801 2919 3117 3000 presentes

399 3014 461 3074 et
507 3011 699 3076 testes
746 3011 994 3075 fuerunt
1038 3010 1244 3074 dictus
1289 3012 1609 3093 episcopus
1656 3008 1938 3084 farensis,
1987 3007 2292 3090 presbiter
2339 3006 2457 3071 Oto
2498 3006 2798 3083 VenetuS,
2850 3004 3118 3071 Nichola

396 3097 770 3177 Jadertinus,
815 3099 1120 3180 presbiter
1164 3097 1466 3177 Stantius‚
1528 3097 1821 3161 diaconus
1882 3096 2254 3179 Dragogna,
2327 3093 2619 3159 Matheus
2667 3093 2950 3157 Marinus
2998 3093 3116 3159 toti

398 3187 525 3251 tres
569 3188 642 3251 de
699 3187 918 3251 Kerso.

600 3278 700 3336 Ex
745 3281 939 3350 teryo:
1017 3272 1203 3336 1208.
1252 3270 1526 3336 Almisii.
1591 3270 1715 3335 Pax
1784 3272 1849 3335 et
1912 3270 2190 3336 amicitia
2256 3269 2419 3333 inter
2477 3268 2798 3333 dominum
2847 3269 3107 3333 Petrum

399 3360 569 3426 Ziani
615 3362 834 3427 ducem
884 3361 1288 3426 Venetiarum
1335 3361 1400 3424 et
1444 3360 1703 3424 comites
1749 3358 2005 3422 Almisii
2053 3358 2228 3422 inita.

479 3453 761 3513 Izvornik
806 3469 889 3509 na
924 3451 1273 3525 perqamem'
1317 3451 1403 3510 br.
1433 3451 1514 3509 54
1562 3468 1605 3508 u
1648 3448 1990 3509 mzetaekom
2014 3449 2246 3516 arkivu,
2293 3465 2325 3507 ο
2372 3449 2503 3506 kom
2530 3448 2653 3506 vise
2698 3447 2815 3504 dva
2857 3446 3106 3518 pecata·

560 3558 644 3601 na
676 3540 919 3614 Jednom
961 3556 1034 3597 sa
1079 3540 1455 3610 biskupovom
1493 3539 1703 3597 slikom
1748 3538 1869 3596 cita
1912 3554 2009 3596 se.-
2053 3540 2143 3610 -l-
2176 3537 2546 3594 SIGILLVM
2598 3534 2838 3592 ΜΙΟΗΕ
2896 3534 3106 3590 PHAR

564 3625 787 3710 (ensis)
811 3627 1190 3697 Eplscoph
1238 3643 1320 3685 na
1364 3624 1610 3700 druqom
1655 3641 1728 3684 sa
1772 3623 1953 3683 kito'm
2020 3667 2034 3681 .
2062 3666 2075 3680 .
2111 3666 2122 3678 .
2159 3667 2171 3679 .
2205 3624 2495 3680 OMITVS
2543 3622 2855 3680 OOMITIS
2920 3621 3110 3677 MAT.

861 3817 958 3898 V.
1041 3815 1248 3899 God.
1305 3814 1527 3899 1222.
1582 3812 2032 3912 kolovoza‚
2086 3833 2146 3892 u
2199 3809 2592 3892 Mletcih.

841 3943 1171 4003 Povlastice
1218 3942 1294 4002 od
1336 3941 1614 4000 mletacke
1658 3939 1830 3999 vlade
1864 3937 2200 4011 podiezjene
2244 3937 2421 3996 otoku
2466 3934 2663 3996 Rabu.

602 4062 968 4144 Exemplum
1041 4061 1423 4146 quorundam
1489 4060 2050 4126 ordinamentorum
2130 4057 2195 4121 et
2279 4055 2737 4120 concessionum
2820 4054 3109 4118 datarum

395 4151 740 4216 hominibus
789 4150 941 4215 Arbi
987 4169 1095 4232 per
1140 4150 1457 4214 dominum
1506 4149 1758 4212 Petrum
1809 4147 1983 4211 Ziani
2024 4145 2243 4210 ducem
2292 4144 2733 4216 Veneciarum,
2784 4142 2849 4206 et
2898 4139 3109 4205 bulla-

397 4241 602 4303 tarum
649 4258 759 4302 sua
806 4238 978 4302 bulla
1023 4238 1333 4321 plumbea,
1382 4256 1499 4319 que
1546 4236 1971 4299 ordinamenta
2031 4234 2120 4297 sic
2183 4231 2424 4295 bullata
2485 4230 2629 4293 data
2694 4228 2946 4293 fuerunt
2995 4226 3111 4291 do-

392 4326 553 4391 mino
598 4325 844 4390 Andree
884 4324 1177 4390 Michaeli
1223 4325 1435 4389 comiti
1487 4323 1662 4388 Arbi.
1737 4323 1870 4387 Hec
1916 4322 2063 4385 sunt
2123 4318 2586 4395 ordinamenta,
2651 4335 2767 4399 que
2815 4315 3109 4380 dominus

387 4413 507 4477 dux
554 4433 695 4478 cum
746 4412 963 4478 maiori
1011 4415 1184 4495 parte
1233 4412 1329 4476 sui
1375 4411 1612 4475 consilii
1661 4410 1912 4474 minoris
1960 4412 2023 4472 et
2073 4407 2321 4471 maioris
2369 4404 2478 4468 dat
2523 4403 2878 4468 hominibus
2934 4401 3113 4477 Arbi,

386 4501 609 4579 silicet,
660 4501 817 4583 quod
861 4501 1059 4564 insule
1121 4499 1367 4565 Collum
1425 4501 1488 4562 et
1550 4500 1703 4561 Arta
1766 4515 1957 4578 usque
2023 4495 2100 4559 ad
2161 4496 2299 4558 octo
2344 4509 2534 4556 annos
2601 4491 2728 4554 sint
2776 4490 3099 4587 hominum

390 4589 540 4652 Arbi
590 4592 655 4654 et
696 4588 808 4652 viri
861 4587 1086 4652 nobilis
1134 4589 1329 4652 Marci
1376 4584 1776 4666 Mastropetri
1826 4582 2126 4647 Arbensis
2173 4580 2437 4655 comitis,
2487 4580 2561 4642 de
2609 4578 2831 4660 quibus
2881 4575 3112 4640 insulis

386 4695 576 4760 usque
613 4678 689 4741 ad
733 4676 971 4741 dictum
1018 4676 1353 4740 terminum
1404 4673 1699 4737 medietas
1746 4673 1830 4736 sit
1875 4666 2338 4735 communitatis
2385 4666 2462 4729 de
2509 4664 2677 4728 Arbo
2741 4666 2807 4728 et
2871 4663 3106 4760 reliqua

384 4765 686 4829 medietas
733 4765 817 4827 sit
862 4762 1111 4827 comitis
1159 4759 1583 4844 suprascripti,
1632 4761 1737 4841 qui
1783 4775 1990 4822 comes
2032 4754 2344 4819 communi
2376 4750 2777 4817 Veneciarum
2828 4766 2937 4831 pro
2973 4762 3108 4826 ipsa
