3620 5282
456 380 587 447 286

451 572 594 620 suos
641 571 753 620 nos
791 572 1036 637 semper
1084 552 1470 619 habebimus
1538 553 1610 618 ut
1678 555 1919 619 nostros
1988 554 2269 638 proprios
2339 555 2600 638 benigne
2644 559 2708 620 et
2757 553 3192 621 favorabiliter
3227 543 3238 546 Ἰ

452 641 939 793 τροῗωωξεεῖεὶ.
969 642 1279 725 rogantes„
1349 645 1420 705 ut
1490 659 1665 706 versa
1735 643 1869 707 vice
1938 643 2102 707 terre
2162 644 2229 707 et
2275 643 2512 707 subditi
2570 644 2766 709 nostri
2809 642 3210 707 recommissi

453 747 550 793 sm
625 747 818 794 mares
852 747 890 793 a
924 748 943 791 ι
988 748 1117 794 sue.

539 834 780 897 Secreta
828 833 1003 899 C'ons.
1058 835 1208 911 Roy.
1254 836 1334 896 R.
1383 837 1484 906 59,
1531 853 1574 895 u
1617 837 1773 897 mlet.
1825 837 2066 898 arkivu.

820 1021 1225 1106 CCCGVI.
1274 1023 1479 1108 God-
1534 1025 1764 1107 1390.
1820 1026 1918 1108 16
1974 1027 2262 1128 ruma,
2315 1047 2377 1108 u
2429 1025 2818 1109 Mletclh.

660 1179 817 1247 Cum
864 1182 1168 1265 Georgius
1216 1181 1514 1248 Srazimir
1577 1183 1653 1248 de
1716 1183 1905 1248 Balsa
1968 1183 2256 1250 dominus
2320 1184 2547 1250 Zentae
2616 1189 2930 1250 recusaret
2993 1183 3199 1248 facere

447 1268 623 1351 juxta
643 1270 1111 1353 requisitionem
1135 1269 1512 1352 reipublicae
1530 1273 1787 1336 venetae
1814 1271 1875 1334 in
1900 1270 2066 1337 facto
2085 1271 2376 1355 Phylippi
2405 1272 2657 1351 Bateni,
2679 1273 2840 1337 sicut
2866 1291 2939 1337 ex
2957 1272 3195 1337 litteris

450 1355 708 1421 Antonii
732 1356 1009 1422 Zuchato
1035 1359 1242 1423 nuncii
1270 1359 1474 1423 veneti
1521 1358 1842 1440 apparuit:
1911 1359 2266 1442 respublica
2317 1361 2535 1425 veneta
2568 1361 2793 1424 iterum
2827 1377 2937 1424 suo
2971 1358 3197 1423 nuntio

451 1445 726 1522 mandat,
768 1446 841 1509 ut
886 1444 1091 1527 exigat
1136 1447 1334 1512 denuo
1380 1463 1418 1510 a
1465 1443 1712 1509 domiuo
1754 1445 2038 1529 Georgio‚
2085 1447 2243 1530 quod
2289 1447 2495 1529 ipsum
2559 1447 2936 1529 Phylippum
2986 1445 3193 1510 libere

451 1531 684 1596 relaxet
732 1531 830 1597 vel
875 1532 1102 1598 saltem
1145 1551 1256 1597 sua
1301 1532 1554 1616 propria
1599 1532 1760 1597 bona
1806 1549 1918 1615 pro
1963 1533 2423 1599 satisfaciendis
2471 1534 2881 1600 creditoribus
2938 1534 3190 1599 civibus

453 1620 709 1696 venetis,
756 1618 978 1702 quibus
1023 1620 1155 1701 ipse
1218 1619 1564 1704 Phylippus
1627 1622 1896 1698 tenetur,
1961 1621 2234 1704 alioquin
2304 1621 2565 1703 „debeat
2621 1621 2950 1704 protestari
3015 1621 3191 1685 dicto

451 1705 695 1771 domino
741 1709 815 1770 de
861 1707 1029 1771 omni
1077 1708 1319 1781 damno,
1368 1724 1650 1788 expensa,
1698 1707 2014 1782 interesse,
2061 1711 2124 1773 et
2169 1709 2465 1774 Venetias
2498 1711 2847 1774 revertatur
2878 1708 2955 1773 de
2986 1709 3196 1773 omni-

449 1793 570 1858 bus
612 1793 975 1876 plenissime
1019 1793 1453 1859 informatus.“

534 1900 717 1961 Missi
765 1900 947 1961 XLI.
1000 1900 1147 1971 105,
1194 1919 1237 1961 u
1282 1902 1433 1961 mlet.
1472 1902 1709 1961 arkivu.

787 2086 1239 2171 ccccvn.
1291 2087 1499 2171 God.
1554 2087 1786 2171 1390.
1841 2087 1951 2171 20
2003 2088 2291 2190 tulna,
2340 2111 2402 2172 u
2453 2089 2846 2174 Mleteih.

620 2196 631 2207 ⁶
756 2232 903 2293 Ρίἔε
945 2248 1008 2293 se
1039 2232 1197 2306 papi
1240 2250 1325 2293 na
1368 2234 1556 2294 borist
1603 2232 1669 2294 Ο.
1743 2232 1920 2295 Teme
1984 2233 2203 2309 m‘cyda
2241 2235 2556 2310 smjskoqa
2597 2235 2872 2310 biskupa.

668 2351 853 2417 1390.
882 2351 983 2417 die
1004 2350 1126 2416 XX
1155 2351 1542 2433 septembris.
1580 2350 1952 2419 Consiliarii.
1989 2351 2215 2436 Capta:
2251 2353 2411 2436 quod
2446 2354 2509 2418 in
2538 2352 2817 2419 favorem
2841 2357 2906 2419 et
2938 2373 3188 2420 recom-

452 2438 908 2505 mendationem
947 2438 1261 2504 reverendi
1307 2438 1370 2503 in
1418 2439 1648 2505 christo
1691 2441 1887 2522 patris
1933 2441 2165 2506 domiui
2211 2439 2426 2505 fratris
2475 2441 2712 2505 Thome
2773 2442 3008 2506 ordinis
3065 2443 3191 2507 mi-

448 2545 670 2592 norum
716 2527 867 2592 olim
911 2524 1182 2608 episcopi
1229 2524 1590 2610 Segniensis
1636 2531 1698 2591 et
1739 2529 1954 2611 postea
2000 2528 2272 2610 episcopi
2342 2527 2710 2607 Jauriensis‚
2774 2530 2928 2595 olim
2988 2530 3186 2594 etiam

448 2614 870 2699 penitentiarii
917 2612 1299 2679 serenissimi
1342 2613 1575 2680 domini
1635 2616 1801 2698 regis
1864 2616 1928 2681 et
1996 2615 2412 2681 serenissime·
2454 2613 2700 2681 domine
2747 2616 2959 2700 regine
3003 2616 3189 2683 Hun-

447 2704 639 2788 garie,
683 2703 788 2786 qui
834 2720 1078 2785 semper
1124 2699 1244 2766 fuit
1289 2704 1523 2785 optime
1569 2702 1908 2784 dispositus
1954 2703 2032 2768 ad
2093 2705 2383 2768 honorem
2430 2705 2495 2769 et
2539 2706 2773 2769 statum
2834 2707 3028 2770 nostri
3074 2704 3188 2769 do-

448 2791 646 2867 minii,
694 2790 861 2855 sicut
903 2788 1168 2854 habetur
1213 2808 1323 2872 per
1369 2791 1614 2855 nostros
1681 2790 1920 2855 nobiles
1968 2791 2087 2855 fide
2133 2789 2373 2874 dignos,
2421 2791 2665 2873 possint
2732 2793 2923 2857 scribi
2998 2792 3186 2858 litere

452 2878 697 2941 domino
743 2895 904 2961 pape
947 2880 1011 2941 et
1055 2875 1471 2943 cardinalibus
1512 2880 1576 2941 et
1607 2876 1765 2955 aliis,
1793 2878 2015 2960 quibus
2042 2878 2351 2943 videbitur
2374 2877 2438 2942 in
2470 2877 2581 2943 illa
2618 2877 2835 2959 forma,
2871 2879 3186 2963 que.vide·

448 2963 620 3030 bitur
665 2965 871 3030 ducali
917 2963 1208 3041 dominio,
1257 2964 1757 3030 recommentado
1799 2965 2004 3047 ipsum
2054 2965 2135 3029 ad
2180 2966 2604 3048 episcopatum
2646 2965 2846 3047 Segne
2897 2966 2994 3031 vel
3024 2966 3191 3033 Jau-

449 3051 595 3128 rini3
645 3057 707 3117 et
751 3056 849 3118 est
890 3052 1077 3134 capta
1124 3070 1230 3134 per
1276 3071 1381 3117 sex
1419 3051 1805 3118 consiliarios
1853 3056 1916 3118 et
1961 3052 2115 3117 duas
2163 3058 2371 3134 partes
2417 3053 2661 3119 consilii
2707 3056 3070 3136 rogatorum
3118 3055 3186 3119 et

448 3138 787 3205 addicione.

535 3247 716 3308 Misce·
763 3247 946 3308 XLI.
990 3244 1137 3320 106,
1184 3266 1226 3307 u
1272 3248 1428 3309 nutet.
1464 3245 1702 3309 arkivu.

690 3432 1183 3518 ccccvlll.
1237 3434 1443 3519 Gon.
1498 3435 1734 3518 1390.
1790 3436 1889 3518 18
1934 3435 2390 3537 heimbach,
2445 3457 2505 3517 u
2561 3434 2954 3518 Mletcih.

661 3593 1120 3660 Ambasciatori
1168 3592 1361 3658 misso
1405 3611 1443 3657 a
1470 3593 1924 3659 communitate
1958 3593 2231 3660 Sibenici
2264 3593 2328 3658 in
2360 3592 2523 3659 facto
2561 3592 2983 3658 derobationis
3014 3610 3187 3658 com-

450 3681 678 3746 missae
725 3681 790 3746 in
860 3682 1154 3746 damnum
1222 3680 1452 3745 civium
1522 3680 1905 3746 Venetorum
1976 3682 2040 3746 in
2085 3681 2389 3764 portubus
2434 3682 2708 3764 partium
2754 3677 3030 3745 Sibenici
3077 3698 3187 3763 per

453 3769 620 3834 cives
672 3767 1121 3845 Sibenicenses‚
1173 3768 1540 3850 praesertim
1588 3787 1698 3850 per
1745 3767 1969 3833 fratres
2039 3766 2361 3833 Casiotum
2424 3772 2490 3833 et
2563 3767 2898 3841 Marinum,
2967 3769 3029 3832 et
3077 3785 3187 3849 per

451 3857 781 3942 quemdam
830 3856 1206 3939 Baptistam‚
1242 3857 1663 3937 respondetur,
1697 3855 1859 3937 quod
1894 3874 2007 3920 sua
2045 3855 2459 3920 communitas
2490 3854 2715 3920 debeat
2742 3872 2963 3936 cogere
2995 3855 3184 3936 ipsos,

451 3945 523 4009 ut
568 3945 692 4009 cito
740 3943 1053 4009 satisfiant
1096 3940 1428 4018 derobatiS‚
1480 3941 1533 4007 si
1580 3960 1722 4019 non,
1767 3942 2151 4007 intromittat
2196 3943 2354 4008 bona
2400 3961 2610 4008 eorum
2653 3960 2848 4024 usque
2894 3943 2972 4006 ad
3017 3942 3183 4006 iute—

451 4049 631 4114 gram
670 4029 1160 4096 satisfactionem
1222 4033 1450 4094 damna
1512 4046 1875 4111 passorum3
1940 4029 2213 4112 alioquin
2273 4029 2619 4113 respublica
2687 4027 3039 4111 providebit
3101 4028 3177 4093 de

450 4116 858 4184 indemnitate
906 4120 970 4183 et
1012 4115 1475 4182 conservatione
1527 4134 1779 4181 suorum
1827 4117 2239 4183 subditorum.

535 4225 716 4286 Misti
760 4222 944 4287 XLI.
995 4226 1143 4301 115,
1192 4242 1234 4285 u
1279 4225 1432 4286 meet.
1468 4223 1707 4284 arkivu.
