3620 5282
3025 337 3144 402 117

427 527 654 573 mense.
705 511 789 576 Et
833 510 1061 576 habeat
1109 512 1370 594 quatuor
1416 512 1699 589 famulos,
1747 513 1822 577 de
1849 512 2071 594 quibus
2098 530 2254 577 unus
2301 514 2386 577 sit
2429 515 2810 595 expensator,
2860 515 2922 577 et
2955 532 3148 577 unum

421 597 727 661 notarium
780 600 844 662 et
887 618 1076 672 unum
1125 618 1409 681 coquum.
1482 600 1561 663 Et
1623 601 1824 682 possit
1882 600 2220 682 expendere
2286 600 2511 664 solidos
2573 601 2724 665 duos
2786 618 3144 685 grossorum

420 682 481 746 in
529 684 627 748 die
675 686 736 748 in
777 687 1058 768 expensis
1104 687 1199 750 sui
1248 688 1371 750 oris
1420 692 1482 749 et
1524 687 1780 764 familie,
1834 691 1897 750 et
1943 687 2234 752 nabulum
2284 705 2424 751 vero
2455 688 2684 751 habeat
2727 706 2764 751 a
2811 688 3144 752 communi.

631 788 867 871 Capta:
912 794 975 854 et
1016 808 1128 873 pro
1166 791 1306 869 hiis,
1355 811 1496 856 cum
1547 793 1965 857 necessarium
1996 792 2099 869 sit,
2149 794 2307 874 quod
2341 792 2544 856 dictus
2579 792 2939 857 ambaxator
2983 792 3146 856 cele-

428 875 581 938 riter
625 878 829 955 vadat,
880 881 942 942 et
988 879 1273 960 expediat
1318 880 1477 943 viam
1529 898 1724 951 suam,
1789 880 2035 944 recedat
2080 879 2436 944 ambaxator
2484 880 2794 962 predictus
2840 879 2919 944 ad
2967 879 3150 943 bene-

420 962 717 1043 placitum
766 964 1232 1030 dominacionis.

633 1066 863 1152 Capta:
915 1071 978 1134 et
1023 1089 1206 1153 super
1253 1070 1391 1135 istis
1417 1073 1689 1155 negociis
1715 1072 1957 1155 possint
2002 1071 2185 1136 scribi
2228 1069 2490 1156 (littere)
2518 1070 2774 1138 Nicolao
2798 1071 2873 1137 de
2906 1071 3145 1136 Buchia

420 1154 483 1216 in
527 1172 600 1218 ea
633 1156 848 1234 forma,
898 1177 1014 1240 que
1060 1158 1374 1222 videbitur
1418 1160 1681 1238 domine,
1730 1159 2098 1223 consiliariis
2137 1161 2200 1223 et
2247 1158 2592 1242 capitibus;
2643 1178 2780 1223 cum
2815 1159 3150 1224 habeamus

420 1260 527 1324 per
552 1243 913 1309 relationem
961 1246 1430 1310 ambaxatorum
1474 1247 1549 1312 de
1578 1247 1870 1330 Raguxio,
1921 1246 2024 1329 qui
2073 1250 2218 1312 sunt
2261 1247 2380 1324 hic,
2433 1246 2591 1328 quod
2641 1246 2770 1329 ipse
2817 1246 3030 1311 Nicola
3076 1246 3151 1311 de

422 1329 663 1394 Buchia
710 1335 805 1396 est
852 1333 1063 1397 auctor
1106 1337 1168 1396 et
1215 1352 1402 1398 causa
1444 1335 1663 1399 horum
1712 1335 2118 1415 dampnorum
2165 1335 2228 1398 et
2273 1334 2636 1398 novitatum.
2696 1334 2955 1416 Insuper
3000 1352 3144 1398 cum

420 1416 632 1481 dicant
679 1419 1109 1484 ambaxatores
1159 1421 1439 1503 predicti,
1489 1423 1648 1505 quod
1696 1422 1904 1486 Maroe
1949 1423 2021 1486 de
2068 1421 2255 1486 Gozzi
2303 1421 2376 1484 de
2424 1421 2714 1504 Ragusi0,
2764 1420 2871 1503 qui
2917 1424 3016 1486 est
3046 1439 3154 1504 ge-

426 1522 533 1568 ner
576 1506 848 1570 eiusdem
897 1506 1156 1571 Nichole
1199 1509 1272 1573 de
1323 1509 1578 1584 Buchia,
1644 1512 1708 1573 et
1745 1509 1966 1574 Nicola
2023 1512 2096 1573 de
2161 1510 2375 1574 Lucari
2439 1507 2514 1573 de
2578 1509 2853 1591 Ragusio
2918 1508 3150 1574 habent

430 1592 796 1657 societatem
846 1614 987 1658 cum
1034 1595 1241 1659 eodem
1291 1596 1511 1660 Nicola
1558 1597 1629 1660 de
1676 1597 1932 1673 Buchia,
1983 1599 2089 1680 qui
2136 1599 2325 1661 etiam
2374 1598 2535 1672 sunt,
2586 1598 2656 1660 ut
2700 1595 2934 1674 dicunt,
2970 1613 3155 1661 causa

429 1678 691 1743 istorum
733 1682 1142 1765 dampnorum
1195 1685 1257 1748 et
1304 1685 1672 1759 novitatum,
1721 1684 2029 1748 scribatur
2072 1684 2282 1749 comiti
2331 1683 2621 1765 Raguxii,
2670 1684 2829 1765 quod
2871 1683 3156 1748 veniente

431 1767 827 1833 ambaxatore
875 1771 1084 1834 nostro
1108 1772 1474 1854 Raguxium,
1524 1772 1889 1836 conveniant
1911 1772 2186 1851 insimul,
2234 1775 2297 1836 et
2342 1772 2578 1836 vocatis
2624 1770 2699 1835 ad
2749 1790 2815 1835 se
2862 1770 3155 1853 predictis

426 1854 665 1918 dnobus
731 1856 969 1920 civibus
1039 1858 1387 1941 Raguxeis,
1456 1860 1834 1942 redarguant
1893 1879 1997 1924 eos
2060 1878 2198 1924 cum
2261 1858 2387 1924 illis
2446 1858 2649 1923 verbis
2694 1859 2758 1923 et
2802 1876 2875 1923 ea
2934 1856 3154 1937 forma,

425 1959 631 2023 quam‘
659 1963 770 2025 pro
822 1945 976 2008 bono
1023 1946 1409 2027 negociorum
1459 1947 1863 2029 cognoverint
1904 1947 2205 2029 expedire.

511 2032 707 2103 Misti,
760 2033 955 2094 XXV
993 2038 1048 2102 7,
1095 2054 1136 2096 u
1183 2038 1524 2097 mletad‘kom
1569 2037 1799 2095 aricien.

691 2246 1248 2333 CLXXXIII.
1303 2249 1511 2333 God.
1565 2250 1793 2333 1348.
1849 2252 1904 2332 4
1956 2250 2328 2351 travnjan
2377 2270 2438 2330 u
2490 2247 2884 2332 Mlctclh.

431 2372 743 2449 Odyovara
787 2393 849 2435 se
893 2378 1225 2451 uyarehrv.
1275 2378 1495 2450 kralju,
1545 2377 1625 2435 da
1676 2376 1738 2435 <Se
1780 2394 1882 2435 mu
1922 2377 2235 2450 poslanike
2280 2376 2593 2449 odpremiti
2637 2392 2680 2433 u
2723 2375 2922 2447 svrhu,
2971 2374 3053 2433 da
3096 2391 3159 2436 8ae

1214 2467 1495 2539 primirje
1532 2466 1858 2537 preokrene
1901 2484 1943 2523 u
1987 2465 2173 2523 stalni
2216 2465 2348 2522 mir.

655 2610 840 2676 1349.
890 2611 986 2676 die
1034 2612 1121 2676 IV
1168 2610 1402 2694 aprilis„
1450 2609 1626 2690 Quod
1673 2610 1748 2676 ad
1794 2611 2043 2676 litteras
2089 2610 2322 2677 domini
2392 2612 2558 2695 regis
2608 2609 2966 2695 Hungarie,
3016 2608 3158 2676 Jer-

428 2698 710 2763 husalem
760 2708 822 2763 et.
869 2698 1079 2765 Sicilie
1126 2700 1572 2783 respondeatur
1619 2700 1680 2762 in
1727 2697 1845 2763 hac
1892 2699 2124 2763 forma:

636 2787 960 2864 DominuS,
1009 2787 1365 2862 consiliarii,
1433 2788 1639 2870 capita
1686 2786 1761 2851 de
1808 2788 1938 2862 XL,
2005 2806 2102 2851 ser
2162 2786 2552 2851 Justinianus
2600 2785 2991 2861 JustinianO,
3059 2804 3159 2849 ser

427 2871 725 2938 Nicolaus
774 2874 990 2957 Volpe,
1041 2894 1137 2939 ser
1186 2875 1434 2939 Marcus
1484 2875 1725 2950 Ruzini,
1772 2893 1870 2938 ser
1915 2874 2183 2938 Thomas
2233 2873 2481 2949 Viadr0,
2530 2874 2863 2955 sapienteS.
2921 2871 3155 2954 Capta:

432 2962 792 3027 serenitatis
839 2966 1043 3027 vestre
1090 2962 1332 3027 litteras
1380 2962 1723 3043 recepimus
1778 2962 2202 3037 continentes,
2268 2960 2426 3043 quod
2474 2962 2735 3044 treugua
2781 2961 2918 3025 octo
2966 2977 3161 3024 anno-

427 3067 565 3111 rum
615 3051 691 3113 ob
732 3050 847 3114 hoc
894 3051 1055 3114 inter
1102 3052 1366 3114 vestram
1408 3050 1806 3113 serenitatem
1855 3053 1920 3113 et
1961 3067 2070 3113 nos
2104 3049 2394 3113 extiterat
2442 3046 2724 3112 ordinata
2768 3049 2832 3112 et
2874 3047 3154 3128 firmata,

432 3137 503 3199 ut
548 3137 610 3200 in
659 3138 794 3219 ipso
832 3140 1112 3220 tempore
1157 3137 1321 3202 dicte
1368 3140 1624 3216 treugue
1689 3155 1805 3219 pax
1854 3139 2149 3219 perpetua
2213 3136 2411 3219 possit
2473 3136 2707 3200 firmari
2754 3138 2820 3200 et
2864 3135 3156 3214 ordinari,

426 3223 491 3286 et
537 3225 698 3307 quod
742 3225 1002 3288 instanti
1052 3227 1328 3308 tempore
1392 3228 1633 3289 nostros
1701 3224 2128 3288 ambaxatores
2196 3225 2447 3288 mittere
2516 3224 2872 3306 poteramus
2933 3222 3011 3289 ad
3057 3242 3162 3288 ve-

432 3312 627 3374 stram
678 3313 1081 3394 presenciam,
1132 3315 1195 3377 et
1241 3315 1445 3377 vestra
1492 3313 1793 3376 serenitas
1847 3310 1929 3375 ad
1980 3330 2086 3377 nos
2133 3313 2380 3395 poterat
2437 3310 2742 3376 destinare
2786 3313 2929 3388 etc.,
2976 3312 3162 3394 prout

427 3397 492 3461 in
539 3399 692 3480 ipsis
741 3401 972 3465 litteris
1009 3400 1368 3466 distinctius
1436 3399 1804 3464 continetur.
1879 3397 2115 3477 Quibus
2174 3399 2416 3482 plenius
2476 3398 2814 3463 intellectis
2876 3400 2941 3463 et
2984 3398 3156 3476 visis,

428 3503 537 3567 per
572 3491 889 3569 presentes
935 3490 1215 3554 ducimus
1261 3488 1784 3570 respondendum,
1850 3488 2007 3570 quod
2070 3487 2223 3551 illud
2286 3486 2447 3552 idem
2510 3486 2933 3569 propositum,
2998 3484 3159 3569 quod

435 3573 624 3638 habet
670 3575 746 3640 de
791 3594 941 3658 pace
987 3578 1284 3659 perpetua
1331 3574 1746 3640 confirmanda
1794 3575 1958 3638 inter
2005 3577 2252 3657 partes,
2302 3591 2413 3639 nos
2476 3575 2665 3638 etiam
2723 3573 3054 3638 habuimus
3101 3573 3167 3638 et

432 3660 749 3741 habemus,
803 3663 966 3727 sicut
1009 3663 1159 3728 deus
1206 3663 1385 3747 plene
1449 3664 1635 3739 novit,
1687 3663 1788 3744 qui
1856 3681 2103 3745 semper
2164 3661 2452 3745 dispositi
2526 3660 2759 3726 fuimus
2822 3663 2888 3726 et
2947 3677 3162 3725 sumus

432 3767 539 3828 pro
584 3752 796 3815 nostra
839 3754 1036 3834 parte,
1091 3753 1162 3815 ut
1207 3752 1466 3815 durante
1509 3751 1676 3815 dicta
1722 3753 1987 3832 treugua
2035 3750 2211 3814 fieret
2237 3752 2530 3832 perpetua
2563 3750 2628 3812 et
2656 3767 2814 3831 pura
2862 3765 3000 3829 pax,
3050 3765 3160 3830 per

431 3854 615 3917 qnam
662 3857 837 3903 amor
884 3840 947 3902 et
996 3837 1422 3903 benevolentia
1465 3839 1681 3901 mutua
1728 3837 1925 3920 possit
1995 3837 2058 3900 in
2124 3837 2403 3902 futurum
2469 3837 2737 3918 recipere
2800 3836 3162 3900 continuum

437 3923 905 3990 incrementum.
953 3927 997 4008 †
1045 3927 1128 3991 Et
1171 3930 1243 3990 ut
1283 3926 1419 4002 hoc,
1469 3924 1628 4012 quod
1693 3925 2140 4008 supradicitur,
2208 3933 2425 4008 pareat
2481 3943 2591 4007 per
2653 3922 2978 4000 effectum,
3041 3920 3162 3986 nisi

430 4009 588 4075 forte
634 4031 815 4077 casus
864 4015 1287 4089 mortalitatis,
1337 4033 1454 4096 que
1504 4032 1640 4077 esse
1685 4013 1912 4076 dicitur
1975 4013 2037 4076 in
2099 4013 2381 4096 partibus
2447 4011 2754 4094 Ungarie,
2827 4029 2934 4092 per
2977 4027 3160 4092 quem

433 4098 596 4164 cives
645 4102 841 4164 nostri
890 4104 1189 4167 timerent
1231 4102 1438 4165 venire
1486 4101 1563 4163 ad
1613 4099 1753 4163 illas
1801 4102 2027 4182 parteS,
2076 4101 2223 4182 quia
2269 4102 2342 4164 de
2389 4117 2548 4163 anno
2576 4099 2875 4182 preterito
2922 4095 3158 4162 substi-

434 4201 698 4251 nuerunt
746 4207 960 4253 casum
1009 4190 1280 4261 similem
1329 4187 1764 4265 mortalitatiS,
1825 4186 2176 4270 solempnes
2238 4187 2670 4251 ambaxatores
2716 4188 2959 4250 nostros
3021 4203 3161 4268 pre-

433 4275 780 4340 sentialiter
829 4278 1253 4350 mitteremus;
1305 4276 1409 4339 sed
1457 4276 1689 4351 habitu,
1740 4274 1899 4357 quod
1938 4275 2292 4350 cessaverit,
2344 4275 2484 4338 illos
2530 4275 2605 4338 ad
2645 4272 3006 4337 excellentie
3054 4290 3162 4336 ve-

430 4361 558 4425 stre
604 4363 873 4427 culmem
921 4365 1442 4429 transmittemus.
1493 4363 1727 4425 Verum
1771 4363 1824 4426 si
1872 4362 2123 4426 interim
2186 4363 2249 4426 in
2296 4362 2412 4425 hoc
2474 4361 2769 4443 temporis
2834 4358 3162 4425 intervallo

428 4448 650 4531 aliquis
700 4452 917 4515 modus
966 4452 1064 4516 vel
1112 4451 1282 4515 aliud
1325 4451 1642 4532 quodlibet
1685 4450 1996 4514 videretur
2053 4469 2188 4514 esse
2234 4449 2499 4514 fiendum
2550 4448 2870 4512 serenitati
2928 4449 3152 4524 vestre,

429 4539 651 4616 potest,
700 4538 994 4622 quicquid
1061 4539 1299 4621 placet,
1365 4539 1714 4612 declarare,
1780 4556 1922 4602 cum
1986 4555 2233 4620 semper
2278 4537 2673 4618 disponamus
2738 4535 2818 4598 ad
2887 4536 3162 4598 vestrum

431 4624 709 4707 qnodque
759 4629 1048 4709 spectans
1095 4626 1174 4691 ad
1221 4626 1746 4691 conservationem
1819 4625 1992 4707 pacis
2038 4628 2331 4706 perpetue
2378 4627 2444 4688 et
2493 4621 2694 4687 mutui
2740 4622 2971 4685 amoris
3018 4636 3164 4682 con-

428 4709 667 4777 tinuum
717 4714 1191 4782 incrementum.
1236 4714 1344 4778 51.
