3620 5282
505 396 636 463 310

795 567 1274 651 CCCCLVI.
1329 566 1536 650 (iod.
1593 565 1820 649 1356.
1874 566 1963 645 11
2018 561 2382 665 veljaiie9
2434 584 2494 644 u
2547 560 2939 646 Mletcih.

508 695 887 771 ZakljucenO,
934 695 1014 752 da
1059 710 1119 752 se
1155 694 1396 767 pogalju
1438 692 1870 766 zapovjedniku
1916 690 2369 749 domobranstva
2414 707 2455 748 u
2501 687 2811 747 Sko-adina
2852 689 3085 761 njekoje
3129 705 3228 747 za-

495 787 712 861 pitane
756 783 948 843 stvari
1009 798 1083 841 za
1127 783 1357 840 obranu
1422 797 1611 854 onoya
1640 778 2160 939 „ZZZdZdzsszzm
2217 794 2292 838 za
2350 777 2614 850 vojnicke
2666 775 2841 848 place
2858 821 2874 850 ,
2936 793 2976 834 a
3019 776 3231 834 lukare

724 1005 914 1072 1355.
964 1007 1060 1070 die
1092 1005 1183 1070 XI
1214 1005 1443 1069 mensis
1484 1002 1799 1070 februarii.
1848 1002 2153 1067 Dominus
2179 1003 2243 1066 et
2273 1000 2581 1083 sapientes
2615 998 2953 1064 Sclavonie.
3002 999 3229 1081 Capta:

515 1094 672 1181 quod
725 1095 1035 1160 scribatur
1082 1094 1401 1176 capitaneo
1448 1090 1814 1176 paysinatici
1863 1090 2185 1157 Sclavonie
2231 1089 2295 1154 in
2341 1090 2455 1152 hac
2514 1089 2747 1152 forma:
2811 1090 2939 1151 tres
2985 1087 3232 1151 litteras

520 1185 757 1249 vestras
802 1181 924 1246 hiis
972 1180 1185 1244 diebus
1233 1180 1637 1264 percepimus,
1687 1197 1875 1243 unam
1923 1178 2068 1242 data
2115 1177 2212 1240 die
2261 1176 2435 1254 XIII,
2485 1176 2746 1240 alteram
2786 1173 2968 1239 XVII
3015 1177 3077 1238 et
3107 1176 3234 1237 ter-

523 1271 684 1335 ciam
732 1268 914 1333 XXV
955 1268 1236 1345 ianuarii,
1287 1267 1507 1351 quibus
1567 1267 1716 1332 visis
1780 1268 1846 1331 et
1907 1265 2279 1342 intellectiS,
2347 1265 2565 1328 statim
2627 1262 3010 1346 providimus
3056 1261 3232 1326 vobis

526 1358 695 1422 mitti
738 1356 959 1420 debere
1008 1375 1098 1435 ea,
1147 1374 1262 1437 que
1307 1373 1417 1439 pro
1463 1355 1867 1419 nescessitate
1914 1353 2101 1418 castri
2143 1350 2448 1417 Scardone
2479 1350 2901 1432 requirebatis,
2950 1349 3236 1414 videlicet

524 1445 861 1527 lignamen,
927 1460 1256 1524 campanas
1314 1445 1463 1507 duas
1526 1444 1590 1507 et
1649 1441 1971 1524 pecuniam
2033 1439 2477 1504 neccessariam
2546 1456 2652 1520 pro
2713 1436 3009 1503 faciendis
3057 1437 3235 1519 pagis

526 1530 965 1615 stipendiariis,
1014 1528 1118 1612 qui
1168 1530 1481 1612 hucusque
1532 1529 1597 1593 in
1634 1530 1799 1592 dicto
1845 1529 2044 1592 castro
2091 1528 2433 1603 steterunt;
2505 1529 2568 1590 et
2613 1543 2721 1608 pro
2768 1525 2909 1590 aliis
2955 1523 3236 1606 expensis

527 1617 894 1683 necessariis
939 1617 1112 1682 vobis
1159 1617 1357 1681 eciam
1405 1617 1866 1700 providebimus
1913 1615 2255 1691 subvenire,
2298 1615 2461 1678 sicut
2505 1612 2838 1677 viderimus
2877 1630 3029 1694 opus
3083 1630 3235 1675 esse.

522 1707 608 1771 Et
655 1724 726 1770 ex
768 1723 926 1769 nunc
972 1707 1222 1787 captum
1270 1706 1373 1782 sit,
1421 1706 1579 1786 quod
1625 1703 1904 1786 predicta
1951 1703 2069 1766 sibi
2114 1703 2444 1765 mittantur
2504 1699 2876 1783 quamcicius
2937 1718 3070 1763 esse
3130 1716 3238 1781 po·

517 1794 666 1857 test.
718 1790 826 1856 Set
870 1791 1147 1856 volentes
1194 1811 1378 1874 super
1424 1791 1563 1855 aliis
1612 1790 1674 1854 in
1729 1789 1880 1873 ipsis
1928 1789 2161 1854 licteris
2230 1789 2534 1853 contentis
2596 1788 2763 1852 ultra
2807 1787 3085 1870 predicta
3129 1787 3240 1850 ha·

524 1880 670 1945 bere
716 1878 1228 1944 deliberacionem
1278 1881 1340 1942 et
1385 1880 1755 1961 respectum,
1805 1876 2095 1941 fidelitati
2127 1879 2326 1941 vestre
2367 1875 2696 1940 scribimus
2742 1876 2807 1938 et
2852 1874 3236 1951 mandamuS,

527 1968 829 2050 quatenus
870 1986 1052 2049 super
1099 1965 1248 2048 ipsis
1296 1985 1478 2047 super
1539 1965 1751 2030 sedere
1797 1964 2072 2029 debeatis
2140 1982 2248 2046 per
2307 1963 2488 2027 illum
2554 1963 2803 2027 cautum
2851 1964 2914 2026 et
2957 1961 3241 2025 dextrum

523 2053 793 2132 modum,
844 2054 947 2137 qui
993 2055 1195 2117 vestre
1241 2053 1569 2136 prudencie
1616 2051 1835 2116 melior
1885 2052 2227 2134 apparebit,
2276 2051 2469 2115 donec
2514 2068 2551 2114 a
2593 2050 2768 2114 nobis
2830 2048 3000 2113 aliud
3044 2048 3241 2112 habu-

524 2141 710 2205 eritis
758 2139 820 2204 in
867 2139 1197 2205 mandatis.
1246 2140 1338 2204 De
1384 2142 1558 2222 parte
1603 2139 1708 2217 54,
1746 2139 1827 2203 de
1874 2158 1992 2203 non
2050 2142 2100 2216 1,
2149 2157 2268 2202 non
2316 2137 2501 2202 sineri
2550 2138 2611 2200 3.

738 2225 851 2291 Ser
888 2227 1162 2311 Luyxius
1210 2227 1438 2291 Vitalis
1486 2227 1870 2291 consiliarius
1916 2226 2081 2303 vult,
2146 2227 2301 2307 quod
2362 2225 2526 2289 istud
2593 2223 2829 2288 factum
2894 2222 3244 2288 inducietur

521 2332 718 2396 usque
767 2314 843 2378 ad
890 2314 1055 2377 diem
1101 2314 1244 2379 lune
1286 2315 1632 2396 proximum
1680 2314 1822 2396 post
1865 2313 2227 2395 prandium,
2277 2332 2397 2395 qua
2453 2311 2549 2375 die
2598 2312 2847 2376 vocetur
2892 2310 3058 2375 istud
3106 2329 3245 2375 con-

523 2401 736 2466 silium
780 2401 894 2465 sub
940 2419 1098 2483 pena
1143 2401 1479 2466 solidorum
1523 2401 1652 2465 XL.
1700 2401 1793 2464 De
1844 2402 2018 2482 parte
2073 2400 2167 2462 19.

749 2488 1117 2570 Supradicti.
1164 2487 1391 2570 Capta:
1436 2489 1583 2571 quia
1628 2487 2082 2571 applicantibus
2114 2484 2531 2569 stipendiariis
2558 2485 2805 2564 nostriS,
2855 2505 3048 2569 nuper
3080 2485 3256 2549 misis
3381 2532 3384 2535 -

529 2575 930 2654 Scardonam,
979 2593 1099 2639 non
1136 2578 1232 2639 est
1275 2594 1576 2655 neccesse,
1626 2574 1785 2659 quod
1836 2574 1929 2638 illi
1989 2574 2355 2652 ballistarii,
2402 2575 2507 2657 qui
2565 2572 2808 2638 dimissi
2868 2574 3098 2638 fuerint
3144 2591 3254 2656 per

523 2663 927 2745 capitaneum
978 2664 1349 2745 generalem,
1406 2665 1573 2728 stent
1617 2663 1784 2727 ultra
1846 2680 2058 2726 eorum
2121 2662 2458 2727 terminum
2524 2661 2792 2726 ibidem:
2858 2663 3027 2726 vadit
3091 2680 3250 2743 para,

532 2749 693 2833 quod
742 2750 894 2815 dicti
942 2750 1293 2829 ballistarii,
1343 2750 1648 2832 completo
1696 2769 1903 2814 eorum
1953 2751 2235 2827 termino,
2282 2749 2421 2813 inde
2466 2749 2901 2825 licencientur,
2953 2768 3095 2813 cum
3141 2748 3254 2812 ha-

534 2838 720 2902 beant
762 2837 956 2902 libras
1003 2837 1123 2902 XX
1171 2857 1495 2920 parvorum
1543 2838 1605 2902 in
1654 2856 1883 2902 mense.
1935 2838 2029 2901 De
2061 2856 2178 2902 non
2202 2837 2264 2915 4,
2314 2855 2430 2901 non
2465 2835 2685 2901 sinceri
2718 2837 2772 2915 1,
2822 2835 2928 2900 alii
2957 2836 3031 2900 de
3056 2837 3253 2918 parte.

611 2928 807 2998 Massa,
855 2928 983 2987 XX
995 2928 1134 2987 V11.
1184 2931 1285 2998 58,
1334 2946 1376 2987 u
1419 2929 1761 2988 mletackom
1806 2929 2040 2987 arkivu.

810 3115 1339 3198 CCCCLVII.
1394 3115 1601 3198 God.
1657 3115 1884 3199 1356.
1940 3116 2035 3197 18
2066 3114 2426 3217 venaco,
2480 3136 2540 3196 u
2594 3113 2983 3197 Mlctcih.

618 3227 780 3313 Sazje
824 3257 885 3299 se
929 3257 972 3297 u
1017 3240 1365 3305 Dalmaciiu
1412 3258 1598 3299 novae
1642 3257 1715 3300 za
1759 3241 1995 3313 izplatu
2041 3242 2493 3301 domobranstva
2539 3243 2562 3300 i
2605 3243 2848 3315 vojm'ka
2893 3261 2936 3301 u
2976 3243 3166 3302 Nina.

746 3358 933 3422 1355.
973 3358 1072 3422 die
1118 3359 1331 3423 XVIII
1368 3358 1680 3437 februarii,
1730 3361 1946 3440 capta:
1996 3363 2153 3443 quod
2200 3380 2310 3444 pro
2373 3361 2551 3444 pagis
2599 3361 3141 3443 stipendiariorum
3190 3364 3255 3427 et

402 3501 431 3534 ,Σ
532 3444 674 3510 aliis
715 3445 995 3528 expensis
1043 3446 1438 3510 neccessariis
1498 3448 1830 3510 mittantur
1889 3448 2210 3529 capitaneo
2261 3453 2468 3513 nostro
2520 3449 2886 3531 paisanatici
2935 3449 3253 3515 Sclavonie

528 3532 743 3685 gucgtii
792 3532 1111 3685 ΙΙὲίΙΠιὲιίΙΙε),
1162 3533 1375 3598 comiti
1424 3536 1485 3598 et
1531 3533 1848 3617 capitaneo
1875 3534 2067 3600 Jadre
2115 3537 2321 3601 ducati
2349 3535 2441 3600 III
2483 3536 2677 3616 mille,
2727 3538 2790 3601 et
2836 3537 3049 3602 comiti
3082 3538 3256 3602 Nono

571 3639 795 3770 uenisti
844 3672 1123 3770 xx'vn.
1174 3712 1272 3783 58,
1320 3729 1363 3770 u
1404 3711 1745 3772 mletackom
1780 3714 2011 3772 arkivu.

771 3897 1334 3985 CCCCLVIII.
1412 3900 1617 3984 God.
1674 3901 1899 3986 1356.
1945 3901 2056 3998 22
2103 3900 2465 4004 venalis,
2516 3925 2576 3985 u
2630 3903 3019 3987 Mletcih.

534 4027 694 4099 Daq'e
739 4044 801 4085 se
845 4027 1129 4085 zadarski
1175 4028 1306 4086 otok
1330 4027 1581 4087 Melada
1606 4028 1821 4087 dvama
1842 4029 2236 4088 Mletcanima
2280 4047 2323 4088 u
2367 4030 2574 4102 ncv'am
2609 4048 2685 4090 za
2715 4031 2990 4090 dvadeset
3016 4031 3256 4105 yodina.

744 4144 929 4209 1355.
1002 4146 1100 4210 die
1149 4146 1233 4208 92
1294 4146 1620 4226 februarii,
1685 4150 1897 4230 capta:
1970 4168 2112 4213 cum
2176 4148 2296 4213 alio
2366 4151 2640 4231 tempore
2706 4149 2932 4214 nobilis
2992 4151 3106 4214 viri
3161 4169 3259 4214 ser

533 4232 768 4297 Thome
816 4234 1042 4298 Viadro
1090 4235 1339 4298 comitis
1403 4237 1468 4299 et
1531 4236 1843 4317 capitanei
1896 4236 2083 4302 Jadre
2137 4235 2459 4300 Nicoletus
2507 4239 2571 4300 et
2617 4237 2883 4302 Zaninus
2929 4237 3004 4301 de
3052 4237 3258 4303 Medio

533 4318 697 4382 cives
744 4323 808 4383 et
848 4319 1064 4385 fideles
1112 4322 1326 4400 nostri,
1375 4324 1559 4405 prout
1605 4325 1927 4405 exponunt,
1979 4324 2055 4388 ob
2105 4324 2510 4388 adversitates
2558 4326 2623 4388 et
2669 4324 2960 4404 sinistra,
3003 4344 3121 4407 que
3171 4326 3259 4390 eis

548 4404 957 4471 diversimode
1010 4411 1358 4486 evenerunt,
1407 4412 1477 4474 nt
1522 4413 1771 4492 possent
1835 4430 1900 4476 se
1956 4411 2310 4493 aliqualiter
2369 4413 2735 4489 sustentare,
2794 4412 3140 4495 acceperint
3186 4414 3259 4476 ad

537 4490 811 4590 affictum
859 4512 896 4556 a
933 4496 1247 4559 communi
1284 4499 1493 4561 nostro
1540 4497 1730 4563 Jadre
1777 4498 2043 4562 insulam
2073 4498 2321 4562 Melade
2367 4518 2507 4563 cum
2556 4498 2793 4563 iuribus
2843 4502 2906 4563 et
2950 4499 3262 4582 pertinen-

537 4594 651 4640 ous
692 4579 824 4677 suis
874 4599 1064 4662 usque
1112 4584 1188 4645 ad
1235 4584 1595 4649 decennium
1641 4604 1749 4667 pro
1795 4587 2000 4669 precio
2045 4587 2342 4650 librarum
2390 4586 2448 4649 V
2496 4588 2745 4651 centum
2793 4605 3117 4668 parvorum
3153 4605 3263 4652 an-

534 4665 793 4763 nuatim,
842 4669 906 4731 et
944 4668 1151 4766 ‘ipsam
1199 4687 1236 4733 a
1284 4671 1450 4735 dicto
1497 4674 1773 4755 tempore
1822 4675 1979 4737 citra
2015 4673 2323 4738 tenuerint
2355 4691 2494 4737 cum
2533 4691 2756 4757 magna
2791 4674 3067 4739 utilitate
3094 4693 3264 4739 com-

533 4767 760 4831 mums,
810 4753 1190 4820 mehorando
1239 4774 1376 4822 eam
1419 4759 1483 4824 et
1521 4760 1646 4824 alia
1690 4760 1826 4826 loca
1878 4759 2256 4844 pertinencia
2321 4760 2485 4825 dicte
2547 4760 2781 4839 insule,
2832 4764 2897 4826 et
2941 4765 3264 4845 propterea
