3620 5282
498 348 626 416 298

491 526 770 615 perteret
813 544 1070 611 magnas
1118 545 1438 610 expensaS,
1491 528 1797 604 volumus,
1848 524 2010 611 quod
2060 525 2374 592 informati
2420 527 2697 612 plenarie
2744 528 2990 611 ponatis
3021 527 3226 610 opini-

492 637 639 683 ones
688 616 923 681 vestras
971 616 1031 679 in
1096 615 1366 699 scriptis,
1433 635 1585 698 quas
1660 615 1834 679 nobis
1894 617 2256 695 ostendatiS,
2328 635 2468 680 cum
2533 617 2843 681 redieritis
2907 616 3230 694 Venetiae,

492 707 590 771 vel
638 703 924 770 scribatis
975 704 1198 768 vestris
1242 703 1443 769 literis
1491 705 1792 780 ordinate,
1845 706 1913 766 ut
1961 705 2159 786 possit
2207 724 2389 788 super
2436 706 2576 770 inde
2622 705 2948 788 providere
2997 706 3059 769 in
3109 705 3232 769 hoc

496 794 769 868 consilio,
821 811 927 875 pro
973 796 1044 855 ut
1092 793 1291 857 visum
1344 793 1534 857 fuerit
1579 795 2010 875 opportunum

700 882 859 945 Item
912 881 963 943 si
1009 880 1182 945 vobis
1226 882 1536 945 videretur
1582 899 1757 962 posse
1805 879 1936 945 fieri
1986 899 2127 945 cum
2179 881 2561 963 pautioribus
2631 881 2996 946 ballistariis
3070 881 3230 960 illis,

490 952 592 1054 qui
654 987 815 1033 nunc
878 972 1026 1032 sunt
1070 968 1302 1032 ibidem
1352 968 1430 1032 ad
1499 969 1843 1034 custodiam
1895 972 2230 1045 castorum,
2280 971 2544 1034 turrium
2586 971 2649 1035 et
2695 970 2989 1048 civitatis,
3040 970 3232 1035 dum-

492 1060 669 1123 modo
736 1056 1024 1121 fortilicie
1094 1061 1453 1121 remaneant
1526 1076 1666 1123 cum
1716 1059 2070 1134 securitate
2121 1058 2400 1124 habeatis
2446 1058 2800 1124 libertatem
2839 1058 3126 1124 cassandi
3159 1061 3230 1123 et

491 1145 818 1212 reducendi
866 1147 1151 1209 nostrum
1201 1163 1524 1209 commune
1594 1145 1654 1208 in
1713 1145 1840 1209 illis
1906 1147 2249 1210 minoribus
2319 1146 2621 1227 expensis,
2694 1165 2845 1230 quas
2911 1146 3227 1230 poteritis,

496 1253 635 1299 cum
683 1234 748 1298 in
796 1233 1077 1316 expensis
1124 1235 1371 1298 constet
1417 1235 1808 1315 prerogativa
1856 1237 2068 1298 nostra
2115 1235 2285 1299 illius
2327 1234 2465 1298 loci.

702 1324 861 1387 Item
911 1323 1227 1402 providere
1268 1321 1548 1385 debeatis
1594 1324 1706 1387 aut
1750 1341 1861 1404 per
1936 1321 2237 1400 affictum,
2310 1342 2415 1403 per
2491 1324 2870 1405 emptionem
2941 1327 3051 1388 aut
3113 1343 3226 1406 per

492 1410 675 1477 illum
720 1411 914 1476 alium
965 1410 1239 1486 modum,
1288 1409 1392 1494 qui
1439 1409 1612 1474 vobis
1659 1409 1876 1475 melior
1926 1411 2253 1487 videretur,
2303 1412 2379 1475 de
2429 1413 2608 1475 domo
2655 1412 2785 1476 sive
2813 1411 3223 1490 habitatione,

492 1501 556 1565 in
598 1518 718 1582 qua
756 1501 979 1577 rector,
1029 1517 1211 1583 quem
1258 1500 1602 1575 mittemuS,
1651 1516 1790 1562 cum
1840 1518 1950 1563 sua
1998 1498 2238 1564 familia
2275 1499 2472 1582 possit
2518 1498 2903 1577 descendere,
2954 1502 3018 1564 et
3063 1502 3225 1583 quod

493 1590 579 1654 sit
623 1589 687 1653 in
734 1587 946 1652 ordine
987 1592 1048 1650 et
1098 1589 1158 1650 in
1210 1588 1436 1669 puncto
1486 1586 1595 1650 illa
1642 1587 1862 1651 domus
1905 1592 1969 1652 et
2012 1587 2315 1652 habitatio
2348 1596 2701 1670 competens
2740 1592 2806 1652 et
2834 1587 3225 1667 conveniensi,

494 1696 681 1762 quam
727 1674 1098 1741 ordinabitis
1147 1677 1212 1741 et
1260 1675 1684 1757 providebitis,
1734 1677 1974 1759 quando
2020 1680 2223 1741 rector
2267 1676 2581 1759 predictus
2628 1676 2780 1742 illuc
2827 1674 3221 1760 applicuerit,

490 1769 562 1832 ut
611 1768 707 1831 est
753 1766 1009 1830 iustum.

702 1854 861 1918 Item
927 1872 1108 1934 super
1176 1852 1340 1918 facto
1402 1853 1770 1917 introituum
1835 1855 1899 1916 et
1953 1851 2262 1917 datiorum
2325 1871 2396 1918 ac
2460 1852 2850 1936 gabellarum
2912 1852 3221 1930 nolumuS,

497 1944 657 2027 quod
705 1942 951 2025 aliquod
1003 1941 1326 2005 innovetur
1372 1961 1479 2025 per
1532 1960 1653 2019 vos,
1704 1941 1813 2006 sed
1838 1942 2206 2024 procedatur
2239 1944 2575 2006 secundum
2609 1940 2898 2024 antiquas
2933 1945 2997 2006 et
3027 1941 3224 2006 bonas

496 2031 969 2097 consuetudines
1016 2028 1169 2094 dicti
1216 2029 1377 2104 loci;
1426 2029 1533 2094 sed
1582 2029 1888 2103 volumuS,
1937 2030 2111 2094 vobis
2156 2031 2540 2107 mandantes,
2576 2029 2737 2111 quod
2772 2030 3055 2113 diligenti
3083 2048 3225 2094 exa-

498 2120 834 2184 minatione
882 2122 947 2183 et
993 2118 1384 2200 indagatione
1433 2119 1618 2183 factis
1666 2118 1944 2183 debeatis
1993 2119 2278 2202 regulare
2323 2122 2386 2182 et
2433 2118 2719 2182 ordinare
2768 2119 2857 2182 ita
2899 2121 2963 2183 et
3006 2117 3221 2182 taliter

496 2210 693 2273 dictos
743 2207 1053 2283 introituS,
1126 2207 1298 2272 datia
1362 2210 1426 2271 et
1487 2205 1786 2290 gabellas,
1852 2206 2013 2289 quod
2076 2206 2247 2270 nulla
2312 2207 2477 2271 fraus
2532 2205 2842 2270 committi
2906 2206 3110 2290 possit
3155 2208 3219 2270 in

496 2298 785 2362 damnum
811 2295 1005 2359 nostri
1033 2293 1380 2360 communis
1407 2298 1517 2359 aut
1563 2295 1922 2376 specialium
1958 2313 2379 2377 personarum,
2410 2296 2708 2377 possendo
2731 2295 2904 2359 dicta
2926 2294 3005 2361 de
3037 2313 3228 2359 causa

496 2386 867 2451 constituere
914 2382 1208 2449 officiales
1255 2385 1320 2447 et
1364 2383 1599 2448 scribas
1646 2402 1785 2448 cum
1835 2382 1946 2447 illo
1992 2382 2241 2459 salario,
2294 2384 2452 2466 quod
2502 2383 2669 2449 vobis
2721 2383 3054 2459 videbitur,
3112 2382 3221 2466 qui

497 2473 760 2538 debeant
807 2489 1084 2537 exercere
1131 2475 1195 2537 et
1239 2490 1371 2536 esse
1418 2471 1479 2535 in
1546 2472 1733 2537 dictis
1803 2470 2037 2549 offitiis,
2106 2473 2292 2536 donec
2359 2491 2464 2554 per
2526 2472 2811 2536 nostrum
2876 2471 3224 2537 dominium

497 2562 663 2627 aliud
710 2559 895 2625 fuerit
944 2561 1254 2641 provisum
1303 2563 1366 2624 et
1410 2559 1784 2625 ordinatum.
1835 2560 2094 2644 Insuper
2153 2562 2299 2644 quia
2361 2561 2423 2623 in
2483 2561 2876 2643 pertinentiis
2923 2559 3226 2624 Duracbii

499 2654 597 2717 est
642 2648 948 2732 quoddam
996 2652 1273 2714 castrum
1323 2652 1608 2713 vocatum
1671 2648 1886 2733 Croya,
1958 2648 2120 2733 quod
2184 2651 2381 2715 maior
2440 2667 2614 2714 soror
2666 2649 2899 2714 domini
2962 2649 3229 2713 condam

498 2738 792 2804 Duracbii
842 2738 983 2821 post
1026 2737 1159 2803 eius
1209 2739 1471 2802 mortem
1520 2737 1791 2815 tenebat,
1841 2756 1958 2820 que
2003 2757 2196 2820 nuper
2271 2738 2480 2818 nupsit
2533 2736 2780 2802 cuidam
2840 2756 2940 2801 ser
3006 2738 3224 2802 Marco

500 2826 863 2904 Barbadi00,
912 2826 1016 2909 qui
1066 2826 1186 2891 iam
1258 2826 1442 2909 longo
1512 2828 1790 2907 tempore
1837 2827 2148 2891 habitavit
2206 2826 2274 2890 in
2330 2826 2517 2891 dictis
2565 2825 2866 2908 partibuS,
2914 2828 2978 2890 et
3026 2825 3230 2890 distat

500 2916 735 2980 dietum
785 2915 1054 2979 castrum
1106 2932 1143 2979 a
1190 2915 1443 2979 civitate
1491 2933 1599 2998 per
1644 2914 1918 2980 miliaria
1981 2913 2119 2991 XX,
2183 2915 2247 2979 in
2310 2933 2428 2998 quo
2493 2915 2590 2979 est
2658 2916 3023 2979 consuetum
3085 2914 3224 2978 fieri

506 3005 686 3088 signa
729 3002 884 3068 fumi
933 3003 1009 3067 de
1055 3001 1155 3067 die
1202 3003 1266 3068 et
1310 3002 1473 3086 ignis
1519 3004 1593 3067 de
1641 3006 1839 3079 nocte,
1879 3003 2130 3084 quando
2174 3021 2326 3085 gens
2374 3001 2629 3067 inimica
2688 3002 2935 3067 videtur
2996 3001 3223 3067 deinde

498 3092 657 3158 velle
704 3091 943 3175 ingredi
981 3090 1335 3156 districtum
1414 3092 1544 3155 sive
1606 3091 1990 3156 territorium
2042 3091 2361 3167 Durachii,
2412 3095 2482 3156 ut
2527 3108 2741 3154 omnes
2818 3090 2946 3155 sint
2992 3089 3224 3173 previsi

499 3186 629 3246 tam
678 3180 844 3244 intus
891 3198 1076 3263 quam
1125 3180 1316 3257 extra,
1363 3180 1429 3244 et
1472 3180 1713 3263 possint
1756 3199 1823 3243 se
1869 3178 2155 3244 reducere
2201 3180 2280 3243 ad
2325 3179 2532 3244 locum
2568 3178 2826 3253 salutis3
2874 3179 2940 3243 et
2969 3179 3054 3243 sit
3086 3197 3228 3261 pro-

500 3268 852 3345 videndum,
901 3267 1063 3350 quod
1113 3287 1217 3349 per
1263 3270 1509 3350 tempus
1571 3273 1899 3332 venturum
1968 3286 2089 3332 non
2150 3266 2271 3332 iret
2328 3267 2407 3331 ad
2466 3285 2685 3332 manus
2741 3266 2973 3331 alienas
3037 3285 3224 3349 quam

501 3357 696 3423 nostri
744 3357 1020 3431 dominii,
1086 3355 1452 3421 mandamus
1486 3355 1675 3434 vobis,
1711 3363 2018 3440 quatenus
2065 3354 2340 3420 debeatis
2373 3355 2702 3420 informare
2734 3374 2862 3430 vos,
2897 3354 3036 3438 quis
3071 3354 3227 3419 illud

495 3446 696 3522 tenet,
745 3447 809 3509 et
854 3444 968 3508 sub
1015 3444 1189 3509 cuius
1237 3444 1516 3509 custodia
1559 3448 1674 3521 est,
1714 3448 1776 3509 et
1822 3445 2070 3508 omnino
2116 3445 2312 3509 facere
2360 3446 2423 3509 et
2467 3462 2811 3525 procurare,
2844 3442 3006 3525 quod
3039 3442 3222 3508 detur

503 3533 962 3599 sacramentum
1012 3532 1175 3597 dicte
1223 3534 1467 3597 domine
1514 3535 1576 3598 et
1622 3533 1845 3598 marito
1876 3532 2120 3597 tenendi
2155 3534 2218 3597 et
2248 3532 2635 3597 custodiendi
2680 3531 2916 3597 dictum
2948 3533 3228 3596 castrum

503 3622 620 3687 sub
665 3620 911 3685 nomine
955 3624 1021 3684 et
1066 3620 1142 3685 ad
1192 3621 1485 3686 honorem
1533 3622 1595 3686 et
1640 3621 2003 3686 mandatum
2049 3626 2351 3699 nostrum,
2401 3623 2465 3685 et
2509 3622 2670 3703 quod
2719 3621 2871 3684 fiant
2902 3619 3082 3703 signa
3128 3637 3228 3683 so-

504 3711 638 3783 lita,
678 3710 750 3773 ut
794 3709 1078 3791 superius
1125 3709 1358 3774 dictum
1409 3713 1522 3773 est.

716 3796 878 3861 Item
925 3798 1069 3861 data
1113 3801 1210 3862 est
1254 3799 1430 3862 nobis
1475 3796 1855 3872 informatio,
1902 3798 2062 3880 quod
2124 3796 2403 3862 faciendo
2468 3797 2711 3880 aliquas
2756 3814 2956 3875 cavas,
3005 3794 3226 3860 civitas

506 3885 796 3953 Duraohii
846 3902 988 3949 cum
1034 3884 1245 3968 aliqua
1294 3887 1451 3951 bona
1486 3887 1658 3967 parte
1705 3886 1847 3953 boni
1896 3888 1957 3949 et
2006 3885 2232 3950 fertilis
2279 3886 2507 3950 terreni
2567 3886 2774 3968 potest
2829 3883 2972 3967 poni
3023 3885 3085 3948 in
3132 3883 3228 3948 in-

506 3974 704 4042 sulam
754 3973 885 4039 sive
932 3973 1258 4051 seraleum,
1304 3976 1370 4039 et
1399 3976 1556 4057 quod
1588 3974 1796 4058 aliqua
1828 3974 2032 4056 capita
2064 3973 2314 4040 illorum
2348 3974 2803 4039 Albanensium
2865 3972 3230 4038 obtulerunt

508 4084 574 4130 se
622 4081 762 4128 cum
808 4064 982 4145 parte
1028 4081 1278 4127 suarum
1324 4063 1605 4146 gentium
1654 4062 2062 4144 personaliter
2107 4064 2272 4128 stare
2318 4067 2381 4126 et
2428 4062 2627 4127 facere
2672 4062 2876 4126 cavari
2925 4079 3125 4143 usque
3150 4062 3226 4124 ad

507 4152 1028 4235 complementum
1078 4150 1299 4232 operia,
1349 4153 1412 4215 et
1456 4151 1746 4216 similiter
1789 4150 1881 4214 illi
1929 4150 2006 4215 de
2051 4150 2304 4216 civitate
2351 4171 2416 4216 se
2462 4150 2822 4215 obtulerunt
2877 4148 3113 4214 solvere
3159 4147 3223 4213 in

509 4242 775 4325 quinque
844 4239 1022 4304 annis
1069 4257 1361 4321 expensas
1426 4240 1647 4321 operiS,
1732 4238 2082 4321 incipiendo
2168 4240 2362 4305 dictos
2421 4239 2686 4321 quinque
2746 4255 2939 4302 annos
2999 4236 3231 4320 elapsis

511 4330 689 4394 annis
759 4327 1044 4411 quinque,
1095 4330 1167 4391 ut
1211 4328 1449 4409 possint
1495 4326 1747 4392 interim
1787 4327 2245 4410 aliquantulum
2296 4346 2361 4392 se
2405 4326 2675 4392 reficere.

720 4416 800 4480 Et
845 4415 981 4480 ideo
1029 4415 1393 4480 mandamus
1436 4414 1829 4497 vobis,=quod
1879 4415 2156 4480 debeatis
2203 4415 2529 4499 diligenter
2606 4413 2955 4479 examinare
2995 4414 3230 4480 dictum

511 4504 853 4586 negotium,
896 4506 962 4567 et
1007 4504 1062 4567 si
1095 4502 1331 4567 dictum
1378 4503 1684 4568 selareum
1731 4505 1940 4586 potest
1986 4504 2139 4579 fieri,
2203 4506 2266 4568 et
2326 4506 2390 4567 in
2452 4505 2681 4586 quanto
2741 4508 3019 4584 tempore
3082 4521 3224 4567 cum

514 4590 733 4655 incolis
781 4591 1018 4669 deinde,
1064 4593 1127 4655 et
1171 4610 1311 4655 cum
1358 4595 1589 4673 quanta
1633 4610 1919 4675 expensa,
1973 4596 2035 4657 et
2076 4593 2137 4655 iu
2183 4592 2405 4674 quibus
2445 4591 2619 4669 lociS,
2668 4594 2732 4655 et
2770 4591 2924 4655 scire
2957 4590 3227 4655 firmiter

517 4695 553 4741 a
598 4678 782 4741 dictis
826 4678 1132 4759 capitibus
1179 4677 1655 4756 Albanensium,
1703 4682 1853 4763 quot
1913 4680 2193 4744 homines
2254 4680 2474 4745 volunt
2534 4698 2777 4762 ponere,
2856 4680 2921 4743 et
2982 4679 3036 4743 si
3097 4677 3228 4743 illis

519 4763 701 4827 debet
743 4763 877 4827 fieri
922 4764 1128 4847 aliqua
1165 4766 1390 4832 solutio
1436 4766 1532 4833 vel
1578 4785 1719 4847 non,
1769 4770 1836 4833 et
1879 4767 2173 4833 similiter
2218 4785 2255 4832 a
2301 4767 2540 4833 civibus
2606 4766 2897 4832 Duracbii
2957 4766 3016 4830 si
3085 4771 3233 4831 sunt
