3620 5282
360 1216 407 1233 ——n

408 1234 443 1253 Ἠ

428 1476 462 1547 χ,

545 336 678 406 430

935 555 1197 639 xon.
1250 554 1461 638 eon.
1511 553 1713 639 1292
1766 555 1855 639 17
1909 551 2278 656 venaco,
2330 577 2393 637 u
2447 534 2896 639 sibonum.

647 686 818 744 Knez
866 682 1078 758 (ἥσω
1115 685 1142 743 2·
1181 683 1457 743 „aarum
1499 683 1699 743 Lovro
1743 702 1786 743 u
1833 668 2134 744 scema
2174 682 2367 744 ier-*eu
2407 683 2532 743 aaa
2567 702 2612 743 u
2657 685 2858 758 metm·
2890 684 3160 758 parntes.

757 821 1078 887 Sententia
1124 820 1327 886 civilis
1373 821 1503 885 lata
1547 840 1658 903 per
1701 820 1996 886 comitem
2043 821 2106 885 et
2154 822 2524 903 potestatem
2575 818 2845 887 Sibeuici
2877 821 3041 886 inter
3078 839 3262 904 quos-

538 910 684 974 dam
740 908 1164 990 particulares.
1219 945 1292 955 —
1342 909 1414 974 Iu
1462 907 1692 974 Christi
1738 909 1983 974 nomine
2024 928 2224 989 amen,
2295 927 2452 974 anuo
2498 908 2942 975 incarnationis
2985 908 3261 974 eiusdem

550 996 883 1062 millesimo
954 994 1370 1061 ducentesimo
1430 996 1832 1080 nonagesimo
1911 996 2209 1076 secondo,
2287 997 2623 1063 indictione
2698 999 2869 1063 sexta
2935 995 3180 1082 (quinta
3199 995 3260 1080 P)

537 1103 749 1149 mense
794 1082 1087 1149 februarii
1132 1083 1231 1149 die
1277 1083 1400 1149 XII
1446 1086 1723 1149 exeunte.
1742 1119 1977 1133 ······
1996 1082 2113 1163 Qui
2161 1084 2366 1150 dictus
2413 1083 2762 1168 Stephanus
2807 1084 3103 1167 plebanus
3153 1082 3265 1148 ad-

470 1196 497 1219 s
539 1172 849 1237 vocatorio
893 1172 1143 1237 nomine
1188 1172 1603 1253 predictorum
1651 1173 1951 1238 heredum
1986 1172 2149 1237 dicte
2184 1171 2366 1237 Slave
2398 1174 2581 1255 petiit
2612 1173 2911 1257 litigando
2943 1193 2980 1238 a
3013 1173 3262 1237 domina

540 1259 759 1337 Vlada,
809 1259 1025 1324 relicta
1088 1259 1394 1343 quondam
1465 1260 1784 1325 Radovani
1850 1260 2184 1344 Potayuice
2242 1262 2306 1326 et
2372 1280 2410 1326 a
2470 1259 2723 1326 domina
2783 1260 2989 1326 Frana
3033 1259 3254 1325 relicta

542 1346 677 1412 Elie
725 1346 1062 1430 Potajnice,
1133 1347 1198 1411 et
1255 1346 1332 1412 de
1373 1348 1699 1412 heredibus
1748 1349 1897 1425 suis,
1969 1351 2033 1414 et
2076 1366 2111 1412 a
2156 1348 2407 1413 domina
2452 1348 2641 1412 Plasa
2688 1348 2906 1413 relicta
2941 1346 3138 1426 Petri,
3186 1348 3252 1412 et

543 1437 618 1501 de
662 1436 792 1500 filio
838 1453 947 1499 suo
992 1434 1184 1500 Paulo
1229 1453 1413 1518 super
1457 1438 1700 1519 partem
1747 1435 1920 1500 inille
1948 1435 2253 1501 librarum
2284 1436 2675 1501 denariorum
2705 1453 3039 1519 parvorum
3070 1453 3255 1500 vene-

548 1525 778 1600 torum,
826 1540 975 1604 quas
1019 1522 1213 1587 libras
1263 1522 1434 1587 mille
1470 1524 1603 1608 ipse
1649 1524 1894 1589 domine
1942 1522 2124 1588 Slave
2167 1524 2482 1589 Petrosius
2529 1521 2757 1588 Sruche
2804 1523 3066 1589 maritus
3113 1523 3247 1587 eius

542 1613 916 1691 susceperat,
957 1611 1143 1693 prout
1187 1610 1391 1676 dictus
1440 1611 1789 1694 Stephanus
1838 1611 2173 1688 asserebat,
2224 1614 2287 1677 et
2333 1614 2471 1697 post
2522 1613 2786 1676 mortem
2833 1610 2986 1676 dicti
3033 1610 3252 1675 Petro-

539 1699 614 1763 sii
657 1697 904 1763 dicebat
952 1699 1081 1781 ipse
1144 1717 1244 1763 ser
1298 1698 1663 1781 Stephanae,
1710 1699 1873 1781 quod
1939 1699 2076 1782 ipsa
2137 1699 2334 1765 Vlada
2395 1698 2514 1763 sibi
2573 1698 2910 1783 accepisset
2954 1698 3029 1764 de
3078 1697 3255 1762 bonis

539 1785 1004 1870 ipsinsPetrosii
1047 1786 1290 1869 generis
1325 1786 1453 1851 suis
1501 1789 1564 1851 et
1604 1788 1732 1851 eius
1771 1788 2213 1852 commissariis
2253 1789 2316 1852 et
2359 1788 2880 1869 procuratoribuS,
2928 1805 3081 1869 quas
3110 1785 3244 1851 dic-

534 1875 638 1938 tas
684 1874 860 1938 mille
906 1874 1097 1938 libras
1148 1874 1355 1938 dictus
1398 1873 1745 1959 Stephanus
1815 1875 2044 1939 iterum
2091 1874 2342 1957 petebat
2385 1875 2682 1940 rehabere
2729 1894 2835 1957 pro
2881 1874 3030 1956 ipsis
3076 1874 3247 1938 here-

528 1961 709 2027 dibus
770 1962 936 2026 dicte
1003 1959 1181 2026 Slave
1252 1962 1328 2026 de
1382 1962 1521 2044 ipsa
1565 1963 1769 2026 Vlada
1816 1964 1879 2026 et
1917 1963 1992 2026 de
2040 1963 2171 2027 eius
2204 1962 2551 2039 heredibus,
2600 1962 2704 2045 qui
2747 1961 3065 2047 possident
3095 1962 3256 2026 bona

540 2049 689 2114 dicti
736 2050 1051 2115 Radovani
1098 2049 1449 2133 Potayuice.
1524 2050 1607 2115 Et
1667 2068 1851 2132 super
1894 2051 2009 2115 hoc
2069 2051 2268 2115 dictus
2319 2050 2666 2133 Stephanus
2713 2050 2960 2133 petebat
3005 2048 3252 2113 nomine

440 2128 479 2185 ³<
536 2137 900 2203 hereditatis
933 2138 1095 2201 dicte
1144 2137 1327 2204 Slave
1375 2139 1573 2203 totam
1633 2139 1877 2221 partem
1947 2137 2022 2201 de
2086 2138 2367 2203 omuibus
2426 2138 2602 2203 bonis
2650 2139 2714 2202 et
2760 2135 3248 2220 possessionibus

539 2225 691 2290 dicti
735 2224 1054 2290 Radovani
1100 2228 1163 2289 et
1208 2225 1284 2289 de
1331 2225 1509 2291 bonis
1553 2226 1787 2309 prefate
1835 2225 2051 2302 Vlade,
2115 2226 2414 2310 alegando
2460 2226 2624 2291 idem
2673 2224 3044 2309 StephanuS,
3091 2223 3254 2306 quod

540 2313 677 2396 ipsa
717 2312 966 2377 domina
1013 2312 1213 2377 Vlada
1261 2314 1323 2377 in
1370 2314 1486 2378 tali
1532 2313 1881 2379 conditione
1927 2315 2178 2396 pactum
2222 2317 2285 2377 et
2331 2313 2771 2397 obligationem
2805 2313 3058 2378 fecisset
3087 2311 3255 2377 dicte

446 2416 487 2453 κ
533 2401 721 2468 Slave
757 2401 885 2466 filie
919 2418 1051 2478 sue,
1085 2405 1156 2466 ut
1199 2420 1386 2486 supra
1432 2402 1802 2478 continetur,
1851 2402 1922 2467 ut
1952 2400 2178 2465 habeat
2210 2402 2373 2466 dicta
2412 2400 2598 2469 Slava
2629 2402 2831 2466 dictas
2863 2398 3036 2465 mille
3066 2399 3260 2465 libias

535 2490 1005 2659 {3333312513
1051 2486 3249 2662 2¹31,imi-‚¹2²¹232¹{alitigitis}„it0‘22b3‘3nlssaissfflvli333

536 2666 589 2731 si
636 2667 734 2730 est
779 2667 867 2729 ita
915 2684 1127 2730 verum
1175 2667 1282 2731 aut
1327 2685 1466 2744 non,
1515 2668 1580 2732 et
1627 2684 1734 2749 pro
1782 2666 1918 2747 ipsa
1962 2666 2212 2731 domina
2257 2666 2459 2731 Vlada
2503 2666 2690 2731 Dissa
2734 2663 3047 2730 Amblasii
3100 2665 3247 2729 Tra-

535 2753 839 2839 guriensis
882 2753 1270 2818 advocatorio
1320 2755 1564 2819 nomine
1607 2754 1738 2837 ipse
1786 2753 2000 2829 Vlade,
2072 2773 2252 2836 quem
2302 2753 2437 2836 ipsa
2482 2754 2544 2817 in
2596 2774 2777 2819 suum
2823 2753 3252 2817 advocatorem

537 2843 602 2906 et
643 2843 1104 2924 procuratorem
1151 2842 1491 2918 constituit,
1540 2841 1963 2924 respondebat,
2012 2841 2260 2906 diceus:
2332 2860 2545 2907 verum
2601 2842 2717 2920 est,
2764 2841 2920 2922 quod
2963 2839 3096 2922 ipsa
3140 2838 3252 2904 do-

536 2929 706 2994 mina
748 2928 947 2993 Vlada
993 2928 1228 2993 dictum
1274 2932 1522 3012 pactum
1588 2931 1652 2996 et
1712 2929 2154 3013 obligationem
2203 2929 2368 3002 fecit,
2441 2933 2622 3013 prout
2669 2947 2856 3012 supra
2901 2928 3255 2992 continetur

535 3019 599 3080 et
646 3016 961 3098 alegatum
1008 3018 1105 3080 est
1149 3035 1257 3099 per
1325 3017 1561 3082 dictum
1634 3017 2019 3100 Stephanum
2088 3017 2437 3099 plebanum.
2489 3019 2648 3082 Item
2692 3017 3075 3098 interrogata
3119 3015 3241 3080 fuit

533 3105 669 3187 ipsa
716 3103 917 3167 Vlada
949 3102 1023 3166 de
1071 3103 1237 3168 dicto
1284 3105 1612 3187 Stephano,
1685 3106 1735 3169 si
1785 3106 1918 3188 ipsa
1962 3107 2103 3187 post
2151 3108 2414 3169 mortem
2475 3104 2628 3169 dicti
2689 3103 2956 3171 Petrosii
3003 3104 3247 3186 generis

534 3191 633 3256 sui
679 3210 716 3254 a
761 3192 1263 3273 procuratoribus
1337 3192 1532 3275 ipsius
1603 3194 1926 3275 recipisset
1995 3193 2070 3256 de
2140 3192 2315 3257 bouis
2381 3194 2513 3257 eius
2572 3193 2770 3258 dictas
2816 3193 3010 3256 libras
3058 3190 3250 3271 mille,

541 3297 693 3360 quas
738 3277 1132 3342 desiderabat
1193 3278 1326 3361 ipsa
1360 3280 1572 3344 -Vlada
1631 3298 1815 3363 super
1882 3283 2122 3361 partem
2171 3280 2297 3345 filie
2357 3299 2463 3344 sue
2510 3280 2673 3345 dicte
2719 3280 2911 3344 Elone
2959 3280 3067 3344 aut
3107 3279 3245 3344 nouL

533 3367 632 3430 Ad
679 3368 789 3430 hec
835 3368 1045 3431 autem
1093 3367 1258 3432 dicta
1307 3368 1505 3432 Vlada
1574 3386 1680 3449 per
1748 3369 1953 3449 ipsum
1996 3366 2244 3430 Dissam
2293 3367 2723 3432 advocatorem
2770 3385 2950 3432 suum
2997 3383 3250 3447 respon-

544 3453 729 3517 debat
772 3452 1022 3519 diceus:
1074 3457 1233 3537 quod
1281 3454 1438 3519 nihil
1483 3456 1556 3540 de
1602 3455 1787 3519 dictis
1852 3454 2029 3518 mille
2082 3453 2261 3518 libris
2308 3455 2428 3519 sibi
2478 3455 2829 3538 recepisset,
2877 3452 3249 3520 ostendendo

536 3540 671 3623 ipsa
716 3542 959 3605 domina
1006 3542 1205 3606 Vlada
1246 3542 1562 3625 publicum
1608 3543 2097 3606 instrumentum
2139 3543 2488 3607 confectum
2534 3561 2719 3608 manu
2765 3541 3012 3607 nomine
3056 3541 3251 3604 Fran-

532 3627 678 3693 cisci
729 3630 952 3693 notarii
1003 3629 1385 3712 Spalatensis
1445 3634 1590 3695 tuuc
1639 3631 1954 3712 temporis,
2026 3630 2089 3693 iu
2137 3646 2254 3714 quo
2301 3630 2749 3710 continebatur,
2797 3629 3063 3711 qualiter
3108 3629 3249 3711 ipsa

535 3715 720 3781 Slava
764 3716 892 3781 filia
941 3717 1132 3781 Vlade
1179 3717 1299 3782 sibi
1339 3717 1573 3800 recepit
1624 3719 1697 3782 de
1759 3717 1944 3782 dictis
1991 3716 2161 3781 mille
2208 3716 2386 3781 libris
2435 3718 2768 3798 nonigenta
2812 3718 2877 3781 et
2922 3715 3250 3797 sexaginta

534 3823 638 3867 sex
684 3803 880 3867 libras
928 3805 1315 3869 denariorum
1365 3805 1591 3888 partim
1640 3805 1713 3868 de
1765 3806 1935 3869 bonis
1975 3804 2126 3869 dicti
2180 3804 2445 3869 Petrosii
2493 3807 2605 3870 viri
2656 3807 2769 3884 sui,
2815 3806 2997 3888 prout
3040 3803 3104 3867 iu
3149 3803 3247 3867 in-

544 3893 892 3957 strumento
938 3892 1178 3975 plenius
1225 3894 1576 3957 continetur
1617 3892 1982 3974 receptionis
2031 3894 2094 3957 et
2141 3892 2465 3957 solutionis
2512 3893 2786 3958 eiusdem
2836 3892 3037 3958 Slave.
3085 3892 3247 3956 Item

531 3978 734 4043 dictus
782 3977 1129 4062 Stephanus
1176 3979 1595 4062 interrogabat
1640 3979 1945 4062 prefatam
1991 3979 2299 4044 dominam
2347 3980 2632 4060 Frauam,
2682 3981 2843 4046 filios
2889 3982 2954 4044 et
2996 3978 3258 4045 heredes

536 4064 669 4130 eius
722 4068 785 4131 et
834 4069 1023 4131 etiam
1072 4067 1382 4132 dominam
1434 4067 1682 4131 Plasam
1733 4070 1796 4131 et
1841 4067 2036 4132 filium
2084 4067 2216 4131 eius
2262 4068 2548 4145 Paulum,
2585 4068 2741 4151 quod
2767 4067 3001 4133 debent
3030 4065 3257 4131 habere

535 4153 648 4218 filii
701 4156 764 4219 et
808 4154 1236 4220 filie·heredes
1282 4155 1442 4220 dicte
1513 4152 1693 4219 Slave
1765 4155 2016 4220 tertiam
2086 4156 2326 4237 partem
2401 4155 2476 4220 de
2540 4156 2827 4221 omnibus
2884 4154 3057 4220 bonis
3106 4154 3258 4220 dicti

533 4241 850 4307 Radovani
898 4242 1250 4326 Potaynice,
1321 4244 1385 4308 et
1449 4243 1639 4307 etiam
1687 4241 1763 4306 de
1812 4243 1989 4307 bonis
2038 4242 2200 4306 dicte
2251 4242 2464 4321 Vlade,
2532 4244 2689 4327 quod
2737 4242 3074 4308 secundum
3121 4241 3257 4324 ipsa

533 4327 735 4391 Vlada
782 4328 928 4394 fecit
975 4330 1209 4395 factum
1260 4331 1323 4394 et
1369 4330 1812 4413 obligationem
1872 4330 2036 4394 dicte
2083 4331 2211 4395 filie
2261 4350 2365 4395 sue
2417 4331 2616 4409 Slave,
2669 4335 2736 4395 ut
2783 4330 2899 4413 ipsi
2948 4328 3258 4394 habentur

531 4414 789 4478 heredes
838 4416 1002 4482 dicte
1050 4417 1234 4483 Slave
1282 4420 1534 4484 tertiam
1584 4420 1818 4495 partem
1885 4417 1960 4481 de
2008 4418 2184 4483 bonis
2229 4419 2495 4500 predicti
2546 4419 2859 4483 Radovani
2909 4421 2974 4482 et
3017 4417 3252 4494 Vlade;

532 4500 609 4564 ad
656 4500 771 4564 hoc
822 4505 1030 4568 autem
1078 4505 1247 4570 dicta
1293 4505 1540 4570 domina
1585 4506 1789 4569 Frana
1817 4524 1957 4570 cum
1993 4507 2119 4570 suis
2148 4506 2474 4571 heredibus
2500 4507 2647 4570 filiis
2674 4509 2738 4571 et
2762 4506 3008 4570 filiabus
3034 4506 3096 4570 et
3121 4504 3256 4588 ipsa

532 4587 755 4651 Plassa
796 4607 934 4653 cum
984 4591 1113 4656 filio
1160 4611 1269 4657 suo
1315 4593 1510 4658 Paulo
1558 4594 2015 4676 respondebant
2059 4593 2376 4658 dicentes:
2442 4597 2897 4678 interrogamus
2946 4596 3007 4658 te
3054 4591 3288 4670 domi-‚

424 4707 455 4724 κ-
532 4693 682 4739 num
737 4674 1137 4759 Stephanum,
1209 4680 1368 4760 quod
1436 4682 1681 4762 tempus
1750 4682 1865 4756 est,
1934 4698 2076 4745 cum
2140 4680 2371 4745 tradita
2439 4682 2558 4747 fuit
2601 4684 2800 4765 nuptu
2848 4681 3016 4747 dicta
3066 4678 3254 4746 Slava

533 4762 707 4826 dicto
761 4761 1042 4830 Petrosio
1090 4767 1313 4831 marito
1361 4785 1487 4847 sue,
1561 4768 1721 4849 quod
1790 4767 1998 4832 dictus
2059 4767 2405 4850 Stephanus
2469 4787 2676 4837 coram
2719 4769 2897 4834 nobis
2939 4766 3256 4851 respondit
