<?xml version="1.0" encoding="UTF-8"?>
<!DOCTYPE html PUBLIC "-//W3C//DTD XHTML 1.0 Transitional//EN"
    "http://www.w3.org/TR/xhtml1/DTD/xhtml1-transitional.dtd">
<html xmlns="http://www.w3.org/1999/xhtml" xml:lang="en" lang="en">
 <head>
  <title>
</title>
<meta http-equiv="Content-Type" content="text/html;charset=utf-8" />
  <meta name='ocr-system' content='tesseract 3.04.00' />
  <meta name='ocr-capabilities' content='ocr_page ocr_carea ocr_par ocr_line ocrx_word'/>
</head>
<body>
  <div class='ocr_page' id='page_1' title='image "./monumentaspecta02umjegoog_0257.png"; bbox 0 0 3620 5282; ppageno 0'>
   <div class='ocr_carea' id='block_1_1' title="bbox 3010 378 3142 444">
    <p class='ocr_par' dir='ltr' id='par_1_1' title="bbox 3010 378 3142 444">
     <span class='ocr_line' id='line_1_1' title="bbox 3010 378 3142 444; baseline -0.015 0"><span class='ocrx_word' id='word_1_1' title='bbox 3010 378 3142 444; x_wconf 82' lang='lat'>205</span> 
     </span>
    </p>
   </div>
   <div class='ocr_carea' id='block_1_2' title="bbox 410 552 3143 1249">
    <p class='ocr_par' dir='ltr' id='par_1_2' title="bbox 411 552 3134 724">
     <span class='ocr_line' id='line_1_2' title="bbox 411 552 3134 637; baseline -0.001 -18"><span class='ocrx_word' id='word_1_2' title='bbox 411 555 795 621; x_wconf 87' lang='lat' dir='ltr'>invenctores</span> <span class='ocrx_word' id='word_1_3' title='bbox 846 558 911 621; x_wconf 89' lang='lat' dir='ltr'>et</span> <span class='ocrx_word' id='word_1_4' title='bbox 956 557 1343 621; x_wconf 78' lang='lat' dir='ltr'>accusatores</span> <span class='ocrx_word' id='word_1_5' title='bbox 1391 556 1661 620; x_wconf 81' lang='lat' dir='ltr'>habeant</span> <span class='ocrx_word' id='word_1_6' title='bbox 1706 555 1879 619; x_wconf 84' lang='lat' dir='ltr'>illam</span> <span class='ocrx_word' id='word_1_7' title='bbox 1907 560 2165 636; x_wconf 85' lang='lat' dir='ltr'>partem,</span> <span class='ocrx_word' id='word_1_8' title='bbox 2214 572 2401 637; x_wconf 88' lang='lat' dir='ltr'>quam</span> <span class='ocrx_word' id='word_1_9' title='bbox 2449 554 2512 617; x_wconf 89' lang='lat' dir='ltr'>in</span> <span class='ocrx_word' id='word_1_10' title='bbox 2538 553 2845 618; x_wconf 85' lang='lat' dir='ltr'>similibus</span> <span class='ocrx_word' id='word_1_11' title='bbox 2887 552 3134 619; x_wconf 82' lang='lat' dir='ltr'>casibus</span> 
     </span>
     <span class='ocr_line' id='line_1_3' title="bbox 414 640 2896 724; baseline -0.001 -18"><span class='ocrx_word' id='word_1_12' title='bbox 414 643 645 708; x_wconf 90' lang='lat' dir='ltr'>habent</span> <span class='ocrx_word' id='word_1_13' title='bbox 690 646 960 710; x_wconf 89' lang='lat' dir='ltr'>rectores</span> <span class='ocrx_word' id='word_1_14' title='bbox 1006 646 1071 708; x_wconf 88' lang='lat' dir='ltr'>et</span> <span class='ocrx_word' id='word_1_15' title='bbox 1116 644 1401 709; x_wconf 75' lang='lat' dir='ltr'>custodes</span> <span class='ocrx_word' id='word_1_16' title='bbox 1447 644 1637 708; x_wconf 79' lang='lat' dir='ltr'>nostri</span> <span class='ocrx_word' id='word_1_17' title='bbox 1684 662 1720 707; x_wconf 87' lang='lat' dir='ltr'>a</span> <span class='ocrx_word' id='word_1_18' title='bbox 1765 643 1968 707; x_wconf 81' lang='lat' dir='ltr'>Grado</span> <span class='ocrx_word' id='word_1_19' title='bbox 2019 662 2208 724; x_wconf 89' lang='lat' dir='ltr'>usque</span> <span class='ocrx_word' id='word_1_20' title='bbox 2256 642 2332 706; x_wconf 89' lang='lat' dir='ltr'>ad</span> <span class='ocrx_word' id='word_1_21' title='bbox 2383 640 2588 724; x_wconf 89' lang='lat' dir='ltr'>Caput</span> <span class='ocrx_word' id='word_1_22' title='bbox 2634 643 2896 723; x_wconf 80' lang='lat' dir='ltr'>aggeris.</span> 
     </span>
    </p>

    <p class='ocr_par' dir='ltr' id='par_1_3' title="bbox 410 728 3143 1148">
     <span class='ocr_line' id='line_1_4' title="bbox 622 728 3140 815; baseline -0.001 -20"><span class='ocrx_word' id='word_1_23' title='bbox 622 733 703 796; x_wconf 83' lang='lat' dir='ltr'>Et</span> <span class='ocrx_word' id='word_1_24' title='bbox 749 734 997 815; x_wconf 88' lang='lat' dir='ltr'>insuper</span> <span class='ocrx_word' id='word_1_25' title='bbox 1037 732 1466 796; x_wconf 76' lang='lat' dir='ltr'>committatur</span> <span class='ocrx_word' id='word_1_26' title='bbox 1518 732 1862 796; x_wconf 85' lang='lat' dir='ltr'>rectoribus</span> <span class='ocrx_word' id='word_1_27' title='bbox 1911 731 2094 795; x_wconf 89' lang='lat' dir='ltr'>Istrie</span> <span class='ocrx_word' id='word_1_28' title='bbox 2141 732 2204 794; x_wconf 91' lang='lat' dir='ltr'>et</span> <span class='ocrx_word' id='word_1_29' title='bbox 2253 730 2573 795; x_wconf 77' lang='lat' dir='ltr'>Sclavouie</span> <span class='ocrx_word' id='word_1_30' title='bbox 2621 729 2931 811; x_wconf 77' lang='lat' dir='ltr'>predictiS,</span> <span class='ocrx_word' id='word_1_31' title='bbox 2981 728 3140 811; x_wconf 91' lang='lat' dir='ltr'>quod</span> 
     </span>
     <span class='ocr_line' id='line_1_5' title="bbox 415 816 3135 901; baseline -0.001 -20"><span class='ocrx_word' id='word_1_32' title='bbox 415 817 646 884; x_wconf 82' lang='lat' dir='ltr'>faciant</span> <span class='ocrx_word' id='word_1_33' title='bbox 691 822 755 884; x_wconf 88' lang='lat' dir='ltr'>et</span> <span class='ocrx_word' id='word_1_34' title='bbox 801 821 1083 885; x_wconf 74' lang='lat' dir='ltr'>ordinent</span> <span class='ocrx_word' id='word_1_35' title='bbox 1131 820 1247 884; x_wconf 89' lang='lat' dir='ltr'>sub</span> <span class='ocrx_word' id='word_1_36' title='bbox 1299 819 1426 883; x_wconf 83' lang='lat' dir='ltr'>illis</span> <span class='ocrx_word' id='word_1_37' title='bbox 1474 820 1642 901; x_wconf 87' lang='lat' dir='ltr'>penis</span> <span class='ocrx_word' id='word_1_38' title='bbox 1691 820 1755 883; x_wconf 92' lang='lat' dir='ltr'>et</span> <span class='ocrx_word' id='word_1_39' title='bbox 1799 819 2021 896; x_wconf 81' lang='lat' dir='ltr'>medie,</span> <span class='ocrx_word' id='word_1_40' title='bbox 2070 818 2172 900; x_wconf 90' lang='lat' dir='ltr'>qui</span> <span class='ocrx_word' id='word_1_41' title='bbox 2220 818 2337 882; x_wconf 88' lang='lat' dir='ltr'>sibi</span> <span class='ocrx_word' id='word_1_42' title='bbox 2377 817 2776 894; x_wconf 84' lang='lat' dir='ltr'>videbuntur,</span> <span class='ocrx_word' id='word_1_43' title='bbox 2825 817 2985 899; x_wconf 91' lang='lat' dir='ltr'>quod</span> <span class='ocrx_word' id='word_1_44' title='bbox 3019 816 3135 894; x_wconf 89' lang='lat' dir='ltr'>illi,</span> 
     </span>
     <span class='ocr_line' id='line_1_6' title="bbox 413 905 3143 988; baseline -0.001 -18"><span class='ocrx_word' id='word_1_45' title='bbox 413 906 517 988; x_wconf 89' lang='lat' dir='ltr'>qui</span> <span class='ocrx_word' id='word_1_46' title='bbox 562 907 776 972; x_wconf 83' lang='lat' dir='ltr'>levant</span> <span class='ocrx_word' id='word_1_47' title='bbox 823 908 918 973; x_wconf 87' lang='lat' dir='ltr'>vel</span> <span class='ocrx_word' id='word_1_48' title='bbox 964 909 1152 972; x_wconf 85' lang='lat' dir='ltr'>levari</span> <span class='ocrx_word' id='word_1_49' title='bbox 1200 907 1440 972; x_wconf 88' lang='lat' dir='ltr'>faciunt</span> <span class='ocrx_word' id='word_1_50' title='bbox 1485 906 1678 971; x_wconf 86' lang='lat' dir='ltr'>salem</span> <span class='ocrx_word' id='word_1_51' title='bbox 1726 906 1788 970; x_wconf 88' lang='lat' dir='ltr'>in</span> <span class='ocrx_word' id='word_1_52' title='bbox 1840 907 2023 970; x_wconf 90' lang='lat' dir='ltr'>terris</span> <span class='ocrx_word' id='word_1_53' title='bbox 2071 909 2134 971; x_wconf 90' lang='lat' dir='ltr'>et</span> <span class='ocrx_word' id='word_1_54' title='bbox 2180 905 2587 988; x_wconf 81' lang='lat' dir='ltr'>regiminibus</span> <span class='ocrx_word' id='word_1_55' title='bbox 2613 906 2761 983; x_wconf 80' lang='lat' dir='ltr'>suiS,</span> <span class='ocrx_word' id='word_1_56' title='bbox 2814 906 3143 968; x_wconf 86' lang='lat' dir='ltr'>teneantur</span> 
     </span>
     <span class='ocr_line' id='line_1_7' title="bbox 417 991 3140 1077; baseline -0.001 -20"><span class='ocrx_word' id='word_1_57' title='bbox 417 994 482 1057; x_wconf 92' lang='lat' dir='ltr'>et</span> <span class='ocrx_word' id='word_1_58' title='bbox 527 994 793 1060; x_wconf 89' lang='lat' dir='ltr'>debeant</span> <span class='ocrx_word' id='word_1_59' title='bbox 838 995 958 1060; x_wconf 89' lang='lat' dir='ltr'>sibi</span> <span class='ocrx_word' id='word_1_60' title='bbox 1003 996 1148 1059; x_wconf 88' lang='lat' dir='ltr'>dare</span> <span class='ocrx_word' id='word_1_61' title='bbox 1197 997 1258 1059; x_wconf 89' lang='lat' dir='ltr'>in</span> <span class='ocrx_word' id='word_1_62' title='bbox 1306 995 1555 1077; x_wconf 85' lang='lat' dir='ltr'>scriptis</span> <span class='ocrx_word' id='word_1_63' title='bbox 1605 997 1804 1059; x_wconf 88' lang='lat' dir='ltr'>totam</span> <span class='ocrx_word' id='word_1_64' title='bbox 1854 996 2267 1076; x_wconf 86' lang='lat' dir='ltr'>quantitatem</span> <span class='ocrx_word' id='word_1_65' title='bbox 2318 993 2465 1059; x_wconf 85' lang='lat' dir='ltr'>salis</span> <span class='ocrx_word' id='word_1_66' title='bbox 2513 993 2723 1069; x_wconf 84' lang='lat' dir='ltr'>levati,</span> <span class='ocrx_word' id='word_1_67' title='bbox 2774 994 2838 1057; x_wconf 92' lang='lat' dir='ltr'>et</span> <span class='ocrx_word' id='word_1_68' title='bbox 2883 991 2958 1055; x_wconf 93' lang='lat' dir='ltr'>de</span> <span class='ocrx_word' id='word_1_69' title='bbox 3007 992 3140 1073; x_wconf 88' lang='lat' dir='ltr'>ipso</span> 
     </span>
     <span class='ocr_line' id='line_1_8' title="bbox 410 1083 2087 1148; baseline 0.001 -4"><span class='ocrx_word' id='word_1_70' title='bbox 410 1099 528 1146; x_wconf 92' lang='lat' dir='ltr'>non</span> <span class='ocrx_word' id='word_1_71' title='bbox 574 1085 833 1148; x_wconf 84' lang='lat' dir='ltr'>vendere</span> <span class='ocrx_word' id='word_1_72' title='bbox 880 1084 1012 1148; x_wconf 90' lang='lat' dir='ltr'>sine</span> <span class='ocrx_word' id='word_1_73' title='bbox 1058 1083 1312 1148; x_wconf 89' lang='lat' dir='ltr'>licentia</span> <span class='ocrx_word' id='word_1_74' title='bbox 1356 1083 1668 1147; x_wconf 89' lang='lat' dir='ltr'>rectorum</span> <span class='ocrx_word' id='word_1_75' title='bbox 1716 1086 2087 1147; x_wconf 78' lang='lat' dir='ltr'>nostrorum.</span> 
     </span>
    </p>

    <p class='ocr_par' dir='ltr' id='par_1_4' title="bbox 497 1172 2126 1249">
     <span class='ocr_line' id='line_1_9' title="bbox 497 1172 2126 1249; baseline -0.001 -17"><span class='ocrx_word' id='word_1_76' title='bbox 497 1172 655 1233; x_wconf 86' lang='lat' dir='ltr'>Secr.</span> <span class='ocrx_word' id='word_1_77' title='bbox 702 1191 857 1234; x_wconf 80' lang='lat' dir='ltr'>cons.</span> <span class='ocrx_word' id='word_1_78' title='bbox 904 1179 1090 1249; x_wconf 73' lang='lat' dir='ltr'>royat.</span> <span class='ocrx_word' id='word_1_79' title='bbox 1137 1174 1214 1233; x_wconf 83' lang='lat' dir='ltr'>B.</span> <span class='ocrx_word' id='word_1_80' title='bbox 1264 1176 1365 1244; x_wconf 85' lang='lat'>95,</span> <span class='ocrx_word' id='word_1_81' title='bbox 1413 1191 1455 1232; x_wconf 84' lang='lat' dir='ltr'>u</span> <span class='ocrx_word' id='word_1_82' title='bbox 1501 1174 1845 1233; x_wconf 68' lang='lat' dir='ltr'>mletackom</span> <span class='ocrx_word' id='word_1_83' title='bbox 1892 1174 2126 1232; x_wconf 76' lang='lat' dir='ltr'>arkivu.</span> 
     </span>
    </p>
   </div>
   <div class='ocr_carea' id='block_1_3' title="bbox 803 1359 2781 1463">
    <p class='ocr_par' dir='ltr' id='par_1_5' title="bbox 803 1359 2781 1463">
     <span class='ocr_line' id='line_1_10' title="bbox 803 1359 2781 1463; baseline -0.003 -18"><span class='ocrx_word' id='word_1_84' title='bbox 803 1362 1099 1445; x_wconf 86' lang='lat' dir='ltr'>CCCll.</span> <span class='ocrx_word' id='word_1_85' title='bbox 1168 1363 1375 1445; x_wconf 63' lang='lat' dir='ltr'>(iod.</span> <span class='ocrx_word' id='word_1_86' title='bbox 1429 1362 1649 1446; x_wconf 80' lang='lat'>1351.</span> <span class='ocrx_word' id='word_1_87' title='bbox 1703 1362 1812 1445; x_wconf 77' lang='lat'>20</span> <span class='ocrx_word' id='word_1_88' title='bbox 1868 1359 2222 1463; x_wconf 64' lang='lat' dir='ltr'>Siccnja,</span> <span class='ocrx_word' id='word_1_89' title='bbox 2276 1383 2336 1441; x_wconf 93' lang='lat' dir='ltr'>u</span> <span class='ocrx_word' id='word_1_90' title='bbox 2392 1360 2781 1441; x_wconf 81' lang='lat' dir='ltr'>Mlet-eih.</span> 
     </span>
    </p>
   </div>
   <div class='ocr_carea' id='block_1_4' title="bbox 422 1475 3144 1563">
    <p class='ocr_par' dir='ltr' id='par_1_6' title="bbox 422 1475 3144 1563">
     <span class='ocr_line' id='line_1_11' title="bbox 422 1475 3144 1563; baseline -0 -17"><span class='ocrx_word' id='word_1_91' title='bbox 422 1475 584 1561; x_wconf 76' lang='lat' dir='ltr'>Sazje</span> <span class='ocrx_word' id='word_1_92' title='bbox 629 1504 692 1548; x_wconf 80' lang='lat' dir='ltr'>sc</span> <span class='ocrx_word' id='word_1_93' title='bbox 723 1506 765 1547; x_wconf 79' lang='lat' dir='ltr'><strong><em>u</em></strong></span> <span class='ocrx_word' id='word_1_94' title='bbox 796 1488 1004 1548; x_wconf 84' lang='lat' dir='ltr'>Zadar</span> <span class='ocrx_word' id='word_1_95' title='bbox 1048 1490 1236 1563; x_wconf 62' lang='lat' dir='ltr'>njesto</span> <span class='ocrx_word' id='word_1_96' title='bbox 1283 1491 1450 1563; x_wconf 78' lang='lat' dir='ltr'>bojne</span> <span class='ocrx_word' id='word_1_97' title='bbox 1486 1506 1698 1562; x_wconf 82' lang='lat' dir='ltr'>sprave</span> <span class='ocrx_word' id='word_1_98' title='bbox 1730 1489 1753 1547; x_wconf 84' lang='lat' dir='ltr'>i</span> <span class='ocrx_word' id='word_1_99' title='bbox 1782 1506 2009 1547; x_wconf 68' lang='lat' dir='ltr'>noo-aea</span> <span class='ocrx_word' id='word_1_100' title='bbox 2038 1505 2112 1548; x_wconf 76' lang='lat' dir='ltr'>za</span> <span class='ocrx_word' id='word_1_101' title='bbox 2142 1489 2406 1561; x_wconf 67' lang='lat' dir='ltr'>vojnic‘ke</span> <span class='ocrx_word' id='word_1_102' title='bbox 2424 1487 2606 1560; x_wconf 72' lang='lat' dir='ltr'>place</span> <span class='ocrx_word' id='word_1_103' title='bbox 2643 1488 2666 1544; x_wconf 80' lang='lat' dir='ltr'>i</span> <span class='ocrx_word' id='word_1_104' title='bbox 2699 1487 2881 1561; x_wconf 73' lang='lat' dir='ltr'>druye</span> <span class='ocrx_word' id='word_1_105' title='bbox 2912 1487 3144 1559; x_wconf 76' lang='lat' dir='ltr'>izplate.</span> 
     </span>
    </p>
   </div>
   <div class='ocr_carea' id='block_1_5' title="bbox 408 1606 3218 3970">
    <p class='ocr_par' dir='ltr' id='par_1_7' title="bbox 419 1606 3145 2130">
     <span class='ocr_line' id='line_1_12' title="bbox 639 1606 3145 1692; baseline 0 -21"><span class='ocrx_word' id='word_1_106' title='bbox 639 1608 828 1673; x_wconf 79' lang='lat'>1350.</span> <span class='ocrx_word' id='word_1_107' title='bbox 877 1608 975 1673; x_wconf 89' lang='lat' dir='ltr'>die</span> <span class='ocrx_word' id='word_1_108' title='bbox 1020 1610 1106 1673; x_wconf 81' lang='lat'>20</span> <span class='ocrx_word' id='word_1_109' title='bbox 1152 1609 1436 1687; x_wconf 84' lang='lat' dir='ltr'>ianuarii,</span> <span class='ocrx_word' id='word_1_110' title='bbox 1485 1611 1699 1692; x_wconf 88' lang='lat' dir='ltr'>capta:</span> <span class='ocrx_word' id='word_1_111' title='bbox 1749 1608 1908 1690; x_wconf 89' lang='lat' dir='ltr'>quod</span> <span class='ocrx_word' id='word_1_112' title='bbox 1957 1609 2128 1672; x_wconf 83' lang='lat' dir='ltr'>iuxta</span> <span class='ocrx_word' id='word_1_113' title='bbox 2186 1606 2650 1689; x_wconf 85' lang='lat' dir='ltr'>requisitionem</span> <span class='ocrx_word' id='word_1_114' title='bbox 2715 1607 2960 1671; x_wconf 85' lang='lat' dir='ltr'>comitis</span> <span class='ocrx_word' id='word_1_115' title='bbox 3009 1626 3145 1689; x_wconf 90' lang='lat' dir='ltr'>pre-</span> 
     </span>
     <span class='ocr_line' id='line_1_13' title="bbox 437 1694 3144 1775; baseline -0.001 -16"><span class='ocrx_word' id='word_1_116' title='bbox 437 1695 635 1759; x_wconf 86' lang='lat' dir='ltr'>sentis</span> <span class='ocrx_word' id='word_1_117' title='bbox 682 1696 894 1775; x_wconf 81' lang='lat' dir='ltr'>Jadre,</span> <span class='ocrx_word' id='word_1_118' title='bbox 945 1698 1011 1762; x_wconf 89' lang='lat' dir='ltr'>et</span> <span class='ocrx_word' id='word_1_119' title='bbox 1046 1697 1269 1762; x_wconf 89' lang='lat' dir='ltr'>nobilis</span> <span class='ocrx_word' id='word_1_120' title='bbox 1316 1697 1432 1761; x_wconf 90' lang='lat' dir='ltr'>viri</span> <span class='ocrx_word' id='word_1_121' title='bbox 1487 1715 1585 1760; x_wconf 90' lang='lat' dir='ltr'>ser</span> <span class='ocrx_word' id='word_1_122' title='bbox 1645 1695 1989 1761; x_wconf 67' lang='lat' dir='ltr'>‚Iustiniani</span> <span class='ocrx_word' id='word_1_123' title='bbox 2052 1696 2408 1761; x_wconf 65' lang='lat' dir='ltr'>‚Iustiniano</span> <span class='ocrx_word' id='word_1_124' title='bbox 2470 1695 2619 1758; x_wconf 90' lang='lat' dir='ltr'>ituri</span> <span class='ocrx_word' id='word_1_125' title='bbox 2682 1694 2832 1758; x_wconf 90' lang='lat' dir='ltr'>illuc</span> <span class='ocrx_word' id='word_1_126' title='bbox 2895 1694 3144 1759; x_wconf 83' lang='lat' dir='ltr'>comitis</span> 
     </span>
     <span class='ocr_line' id='line_1_14' title="bbox 426 1782 3144 1867; baseline 0.001 -22"><span class='ocrx_word' id='word_1_127' title='bbox 426 1782 765 1848; x_wconf 87' lang='lat' dir='ltr'>mittantur</span> <span class='ocrx_word' id='word_1_128' title='bbox 809 1784 1069 1849; x_wconf 82' lang='lat' dir='ltr'>Jadram</span> <span class='ocrx_word' id='word_1_129' title='bbox 1117 1803 1226 1867; x_wconf 89' lang='lat' dir='ltr'>pro</span> <span class='ocrx_word' id='word_1_130' title='bbox 1272 1786 1732 1850; x_wconf 86' lang='lat' dir='ltr'>conservatione</span> <span class='ocrx_word' id='word_1_131' title='bbox 1780 1784 2052 1849; x_wconf 80' lang='lat' dir='ltr'>civitatis</span> <span class='ocrx_word' id='word_1_132' title='bbox 2099 1783 2373 1866; x_wconf 87' lang='lat' dir='ltr'>predicte</span> <span class='ocrx_word' id='word_1_133' title='bbox 2436 1802 2534 1847; x_wconf 89' lang='lat' dir='ltr'>res</span> <span class='ocrx_word' id='word_1_134' title='bbox 2597 1782 2986 1865; x_wconf 81' lang='lat' dir='ltr'>infrascripto</span> <span class='ocrx_word' id='word_1_135' title='bbox 3034 1802 3144 1865; x_wconf 90' lang='lat' dir='ltr'>pro</span> 
     </span>
     <span class='ocr_line' id='line_1_15' title="bbox 423 1869 3145 1955; baseline 0 -21"><span class='ocrx_word' id='word_1_136' title='bbox 423 1870 748 1936; x_wconf 86' lang='lat' dir='ltr'>laboreriis</span> <span class='ocrx_word' id='word_1_137' title='bbox 795 1874 1218 1937; x_wconf 88' lang='lat' dir='ltr'>construendis</span> <span class='ocrx_word' id='word_1_138' title='bbox 1267 1874 1330 1936; x_wconf 89' lang='lat' dir='ltr'>et</span> <span class='ocrx_word' id='word_1_139' title='bbox 1375 1872 1516 1937; x_wconf 89' lang='lat' dir='ltr'>aliis</span> <span class='ocrx_word' id='word_1_140' title='bbox 1563 1873 1957 1955; x_wconf 87' lang='lat' dir='ltr'>opportunis;</span> <span class='ocrx_word' id='word_1_141' title='bbox 2022 1874 2085 1935; x_wconf 91' lang='lat' dir='ltr'>et</span> <span class='ocrx_word' id='word_1_142' title='bbox 2132 1874 2202 1934; x_wconf 90' lang='lat' dir='ltr'>ut</span> <span class='ocrx_word' id='word_1_143' title='bbox 2248 1870 2580 1934; x_wconf 85' lang='lat' dir='ltr'>mittantur</span> <span class='ocrx_word' id='word_1_144' title='bbox 2633 1869 2928 1948; x_wconf 87' lang='lat' dir='ltr'>celerius,</span> <span class='ocrx_word' id='word_1_145' title='bbox 2977 1888 3145 1934; x_wconf 91' lang='lat' dir='ltr'>com-</span> 
     </span>
     <span class='ocr_line' id='line_1_16' title="bbox 420 1956 3140 2043; baseline 0 -21"><span class='ocrx_word' id='word_1_146' title='bbox 420 1959 712 2023; x_wconf 84' lang='lat' dir='ltr'>mittatur</span> <span class='ocrx_word' id='word_1_147' title='bbox 754 1961 1134 2043; x_wconf 88' lang='lat' dir='ltr'>sapientibus</span> <span class='ocrx_word' id='word_1_148' title='bbox 1180 1960 1495 2042; x_wconf 87' lang='lat' dir='ltr'>deputatis</span> <span class='ocrx_word' id='word_1_149' title='bbox 1541 1961 1616 2024; x_wconf 87' lang='lat' dir='ltr'>ad</span> <span class='ocrx_word' id='word_1_150' title='bbox 1665 1960 2117 2042; x_wconf 87' lang='lat' dir='ltr'>expeditionem</span> <span class='ocrx_word' id='word_1_151' title='bbox 2156 1961 2393 2022; x_wconf 88' lang='lat' dir='ltr'>armate</span> <span class='ocrx_word' id='word_1_152' title='bbox 2419 1961 2646 2035; x_wconf 87' lang='lat' dir='ltr'>nostre,</span> <span class='ocrx_word' id='word_1_153' title='bbox 2695 1956 2851 2040; x_wconf 91' lang='lat' dir='ltr'>quod</span> <span class='ocrx_word' id='word_1_154' title='bbox 2900 1957 3140 2022; x_wconf 89' lang='lat' dir='ltr'>solicite</span> 
     </span>
     <span class='ocr_line' id='line_1_17' title="bbox 419 2045 3139 2130; baseline 0 -21"><span class='ocrx_word' id='word_1_155' title='bbox 419 2046 484 2110; x_wconf 91' lang='lat' dir='ltr'>et</span> <span class='ocrx_word' id='word_1_156' title='bbox 525 2048 655 2111; x_wconf 89' lang='lat' dir='ltr'>sine</span> <span class='ocrx_word' id='word_1_157' title='bbox 703 2066 875 2113; x_wconf 86' lang='lat' dir='ltr'>mora</span> <span class='ocrx_word' id='word_1_158' title='bbox 898 2048 1263 2130; x_wconf 85' lang='lat' dir='ltr'>provideant</span> <span class='ocrx_word' id='word_1_159' title='bbox 1287 2048 1362 2112; x_wconf 91' lang='lat' dir='ltr'>de</span> <span class='ocrx_word' id='word_1_160' title='bbox 1387 2048 1688 2113; x_wconf 91' lang='lat' dir='ltr'>mittendo</span> <span class='ocrx_word' id='word_1_161' title='bbox 1713 2047 1971 2114; x_wconf 82' lang='lat' dir='ltr'>Jadram</span> <span class='ocrx_word' id='word_1_162' title='bbox 2017 2066 2114 2111; x_wconf 90' lang='lat' dir='ltr'>res</span> <span class='ocrx_word' id='word_1_163' title='bbox 2146 2048 2313 2129; x_wconf 89' lang='lat' dir='ltr'>ipsas</span> <span class='ocrx_word' id='word_1_164' title='bbox 2338 2047 2506 2110; x_wconf 89' lang='lat' dir='ltr'>omni</span> <span class='ocrx_word' id='word_1_165' title='bbox 2540 2045 2854 2110; x_wconf 87' lang='lat' dir='ltr'>occasione</span> <span class='ocrx_word' id='word_1_166' title='bbox 2882 2048 3139 2109; x_wconf 89' lang='lat' dir='ltr'>remota.</span> 
     </span>
    </p>

    <p class='ocr_par' dir='ltr' id='par_1_8' title="bbox 412 2132 3144 2391">
     <span class='ocr_line' id='line_1_18' title="bbox 626 2132 3144 2219; baseline -0.002 -20"><span class='ocrx_word' id='word_1_167' title='bbox 626 2136 696 2199; x_wconf 90' lang='lat' dir='ltr'>In</span> <span class='ocrx_word' id='word_1_168' title='bbox 744 2136 961 2217; x_wconf 84' lang='lat' dir='ltr'>primis</span> <span class='ocrx_word' id='word_1_169' title='bbox 1007 2137 1268 2201; x_wconf 78' lang='lat' dir='ltr'>cathena</span> <span class='ocrx_word' id='word_1_170' title='bbox 1314 2136 1413 2201; x_wconf 93' lang='lat' dir='ltr'>hic</span> <span class='ocrx_word' id='word_1_171' title='bbox 1461 2137 1750 2213; x_wconf 80' lang='lat' dir='ltr'>existens,</span> <span class='ocrx_word' id='word_1_172' title='bbox 1812 2156 1930 2219; x_wconf 90' lang='lat' dir='ltr'>que</span> <span class='ocrx_word' id='word_1_173' title='bbox 1974 2135 2093 2198; x_wconf 87' lang='lat' dir='ltr'>fuit</span> <span class='ocrx_word' id='word_1_174' title='bbox 2137 2132 2625 2211; x_wconf 82' lang='lat' dir='ltr'>Jadratinorum,</span> <span class='ocrx_word' id='word_1_175' title='bbox 2671 2152 2810 2197; x_wconf 92' lang='lat' dir='ltr'>cum</span> <span class='ocrx_word' id='word_1_176' title='bbox 2861 2132 3144 2196; x_wconf 89' lang='lat' dir='ltr'>omnibus</span> 
     </span>
     <span class='ocr_line' id='line_1_19' title="bbox 412 2220 3144 2307; baseline 0 -23"><span class='ocrx_word' id='word_1_177' title='bbox 412 2221 709 2286; x_wconf 84' lang='lat' dir='ltr'>hadibitis</span> <span class='ocrx_word' id='word_1_178' title='bbox 756 2223 834 2286; x_wconf 87' lang='lat' dir='ltr'>ad</span> <span class='ocrx_word' id='word_1_179' title='bbox 881 2225 1079 2305; x_wconf 89' lang='lat' dir='ltr'>ipsam</span> <span class='ocrx_word' id='word_1_180' title='bbox 1126 2224 1454 2288; x_wconf 89' lang='lat' dir='ltr'>cathenam</span> <span class='ocrx_word' id='word_1_181' title='bbox 1502 2224 1891 2306; x_wconf 86' lang='lat' dir='ltr'>presentibus</span> <span class='ocrx_word' id='word_1_182' title='bbox 1936 2224 1999 2288; x_wconf 90' lang='lat' dir='ltr'>et</span> <span class='ocrx_word' id='word_1_183' title='bbox 2039 2222 2395 2301; x_wconf 87' lang='lat' dir='ltr'>feramenta,</span> <span class='ocrx_word' id='word_1_184' title='bbox 2460 2227 2522 2286; x_wconf 88' lang='lat' dir='ltr'>et</span> <span class='ocrx_word' id='word_1_185' title='bbox 2568 2239 2724 2307; x_wconf 87' lang='lat' dir='ltr'>unus</span> <span class='ocrx_word' id='word_1_186' title='bbox 2774 2220 2983 2299; x_wconf 88' lang='lat' dir='ltr'>faber,</span> <span class='ocrx_word' id='word_1_187' title='bbox 3035 2239 3144 2302; x_wconf 90' lang='lat' dir='ltr'>pro</span> 
     </span>
     <span class='ocr_line' id='line_1_20' title="bbox 414 2308 1398 2391; baseline 0.004 -20"><span class='ocrx_word' id='word_1_188' title='bbox 414 2308 610 2391; x_wconf 90' lang='lat' dir='ltr'>ipsius</span> <span class='ocrx_word' id='word_1_189' title='bbox 658 2311 1110 2376; x_wconf 87' lang='lat' dir='ltr'>construetione</span> <span class='ocrx_word' id='word_1_190' title='bbox 1158 2313 1398 2377; x_wconf 85' lang='lat' dir='ltr'>cateno.</span> 
     </span>
    </p>

    <p class='ocr_par' dir='ltr' id='par_1_9' title="bbox 413 2396 3139 2570">
     <span class='ocr_line' id='line_1_21' title="bbox 627 2396 3139 2482; baseline -0.001 -20"><span class='ocrx_word' id='word_1_191' title='bbox 627 2399 787 2463; x_wconf 89' lang='lat' dir='ltr'>Item</span> <span class='ocrx_word' id='word_1_192' title='bbox 833 2398 1057 2463; x_wconf 87' lang='lat' dir='ltr'>baliste</span> <span class='ocrx_word' id='word_1_193' title='bbox 1103 2398 1230 2463; x_wconf 90' lang='lat' dir='ltr'>XII</span> <span class='ocrx_word' id='word_1_194' title='bbox 1276 2419 1313 2464; x_wconf 90' lang='lat' dir='ltr'>a</span> <span class='ocrx_word' id='word_1_195' title='bbox 1347 2400 1656 2482; x_wconf 80' lang='lat' dir='ltr'>pexarola,</span> <span class='ocrx_word' id='word_1_196' title='bbox 1702 2418 1844 2464; x_wconf 92' lang='lat' dir='ltr'>cum</span> <span class='ocrx_word' id='word_1_197' title='bbox 1891 2397 2233 2481; x_wconf 82' lang='lat' dir='ltr'>pexaroliS,</span> <span class='ocrx_word' id='word_1_198' title='bbox 2283 2401 2348 2463; x_wconf 90' lang='lat' dir='ltr'>et</span> <span class='ocrx_word' id='word_1_199' title='bbox 2411 2396 2899 2480; x_wconf 87' lang='lat' dir='ltr'>sagitamentum</span> <span class='ocrx_word' id='word_1_200' title='bbox 2951 2396 3139 2463; x_wconf 87' lang='lat' dir='ltr'>etiam</span> 
     </span>
     <span class='ocr_line' id='line_1_22' title="bbox 413 2486 2510 2570; baseline 0 -21"><span class='ocrx_word' id='word_1_201' title='bbox 413 2504 526 2567; x_wconf 92' lang='lat' dir='ltr'>pro</span> <span class='ocrx_word' id='word_1_202' title='bbox 574 2486 759 2550; x_wconf 89' lang='lat' dir='ltr'>dictis</span> <span class='ocrx_word' id='word_1_203' title='bbox 809 2487 1057 2551; x_wconf 87' lang='lat' dir='ltr'>balistis</span> <span class='ocrx_word' id='word_1_204' title='bbox 1106 2488 1167 2551; x_wconf 92' lang='lat' dir='ltr'>in</span> <span class='ocrx_word' id='word_1_205' title='bbox 1215 2506 1287 2551; x_wconf 87' lang='lat' dir='ltr'>ea</span> <span class='ocrx_word' id='word_1_206' title='bbox 1335 2488 1696 2570; x_wconf 75' lang='lat' dir='ltr'>quantitate,</span> <span class='ocrx_word' id='word_1_207' title='bbox 1747 2506 1866 2569; x_wconf 91' lang='lat' dir='ltr'>que</span> <span class='ocrx_word' id='word_1_208' title='bbox 1910 2486 2101 2551; x_wconf 87' lang='lat' dir='ltr'>fuerit</span> <span class='ocrx_word' id='word_1_209' title='bbox 2147 2488 2510 2568; x_wconf 89' lang='lat' dir='ltr'>opportuna.</span> 
     </span>
    </p>

    <p class='ocr_par' dir='ltr' id='par_1_10' title="bbox 412 2574 3142 2834">
     <span class='ocr_line' id='line_1_23' title="bbox 626 2574 3142 2659; baseline 0 -22"><span class='ocrx_word' id='word_1_210' title='bbox 626 2574 784 2654; x_wconf 85' lang='lat' dir='ltr'>Item</span> <span class='ocrx_word' id='word_1_211' title='bbox 836 2575 1031 2659; x_wconf 88' lang='lat' dir='ltr'>sclopi</span> <span class='ocrx_word' id='word_1_212' title='bbox 1066 2575 1085 2611; x_wconf 96' lang='lat'><strong>¹</strong></span> <span class='ocrx_word' id='word_1_213' title='bbox 1134 2575 1300 2652; x_wconf 84' lang='lat' dir='ltr'>VIII,</span> <span class='ocrx_word' id='word_1_214' title='bbox 1354 2594 1492 2639; x_wconf 91' lang='lat' dir='ltr'>cum</span> <span class='ocrx_word' id='word_1_215' title='bbox 1539 2576 1762 2659; x_wconf 88' lang='lat' dir='ltr'>quibus</span> <span class='ocrx_word' id='word_1_216' title='bbox 1808 2574 2046 2657; x_wconf 91' lang='lat' dir='ltr'>prohici</span> <span class='ocrx_word' id='word_1_217' title='bbox 2092 2575 2328 2657; x_wconf 88' lang='lat' dir='ltr'>possint</span> <span class='ocrx_word' id='word_1_218' title='bbox 2359 2574 2774 2658; x_wconf 87' lang='lat' dir='ltr'>sagitamenta</span> <span class='ocrx_word' id='word_1_219' title='bbox 2823 2576 2886 2638; x_wconf 90' lang='lat' dir='ltr'>et</span> <span class='ocrx_word' id='word_1_220' title='bbox 2934 2574 3142 2638; x_wconf 87' lang='lat' dir='ltr'>balote</span> 
     </span>
     <span class='ocr_line' id='line_1_24' title="bbox 412 2663 3140 2746; baseline 0.001 -22"><span class='ocrx_word' id='word_1_221' title='bbox 412 2679 554 2724; x_wconf 91' lang='lat' dir='ltr'>cum</span> <span class='ocrx_word' id='word_1_222' title='bbox 607 2663 768 2745; x_wconf 89' lang='lat' dir='ltr'>igne,</span> <span class='ocrx_word' id='word_1_223' title='bbox 814 2666 879 2728; x_wconf 89' lang='lat' dir='ltr'>et</span> <span class='ocrx_word' id='word_1_224' title='bbox 925 2683 1065 2728; x_wconf 90' lang='lat' dir='ltr'>cum</span> <span class='ocrx_word' id='word_1_225' title='bbox 1112 2663 1224 2728; x_wconf 89' lang='lat' dir='ltr'>illa</span> <span class='ocrx_word' id='word_1_226' title='bbox 1272 2663 1668 2743; x_wconf 83' lang='lat' dir='ltr'>confectione,</span> <span class='ocrx_word' id='word_1_227' title='bbox 1714 2664 1785 2727; x_wconf 91' lang='lat' dir='ltr'>de</span> <span class='ocrx_word' id='word_1_228' title='bbox 1832 2681 1954 2745; x_wconf 89' lang='lat' dir='ltr'>qua</span> <span class='ocrx_word' id='word_1_229' title='bbox 1999 2663 2072 2727; x_wconf 92' lang='lat' dir='ltr'>fit</span> <span class='ocrx_word' id='word_1_230' title='bbox 2129 2663 2364 2727; x_wconf 91' lang='lat' dir='ltr'>mencio</span> <span class='ocrx_word' id='word_1_231' title='bbox 2412 2664 2473 2727; x_wconf 89' lang='lat' dir='ltr'>in</span> <span class='ocrx_word' id='word_1_232' title='bbox 2521 2663 2824 2746; x_wconf 88' lang='lat' dir='ltr'>peticione</span> <span class='ocrx_word' id='word_1_233' title='bbox 2880 2683 2978 2727; x_wconf 85' lang='lat' dir='ltr'>ser</span> <span class='ocrx_word' id='word_1_234' title='bbox 3025 2663 3140 2728; x_wconf 81' lang='lat' dir='ltr'>Ju-</span> 
     </span>
     <span class='ocr_line' id='line_1_25' title="bbox 415 2749 2089 2834; baseline 0.001 -22"><span class='ocrx_word' id='word_1_235' title='bbox 415 2749 688 2826; x_wconf 85' lang='lat' dir='ltr'>stiniani,</span> <span class='ocrx_word' id='word_1_236' title='bbox 738 2770 852 2833; x_wconf 89' lang='lat' dir='ltr'>que</span> <span class='ocrx_word' id='word_1_237' title='bbox 896 2751 1254 2816; x_wconf 89' lang='lat' dir='ltr'>infundatur</span> <span class='ocrx_word' id='word_1_238' title='bbox 1301 2753 1365 2816; x_wconf 89' lang='lat' dir='ltr'>et</span> <span class='ocrx_word' id='word_1_239' title='bbox 1408 2753 1672 2834; x_wconf 86' lang='lat' dir='ltr'>ponatur</span> <span class='ocrx_word' id='word_1_240' title='bbox 1724 2751 1788 2814; x_wconf 89' lang='lat' dir='ltr'>in</span> <span class='ocrx_word' id='word_1_241' title='bbox 1839 2750 2089 2816; x_wconf 78' lang='lat' dir='ltr'>bosoliS.</span> 
     </span>
    </p>

    <p class='ocr_par' dir='ltr' id='par_1_11' title="bbox 419 2837 3143 3010">
     <span class='ocr_line' id='line_1_26' title="bbox 626 2837 3143 2922; baseline 0 -21"><span class='ocrx_word' id='word_1_242' title='bbox 626 2839 789 2903; x_wconf 88' lang='lat' dir='ltr'>Item</span> <span class='ocrx_word' id='word_1_243' title='bbox 837 2837 1081 2917; x_wconf 89' lang='lat' dir='ltr'>baliste,</span> <span class='ocrx_word' id='word_1_244' title='bbox 1133 2839 1372 2903; x_wconf 90' lang='lat' dir='ltr'>curacie</span> <span class='ocrx_word' id='word_1_245' title='bbox 1420 2842 1484 2904; x_wconf 87' lang='lat' dir='ltr'>et</span> <span class='ocrx_word' id='word_1_246' title='bbox 1530 2839 1802 2905; x_wconf 88' lang='lat' dir='ltr'>veretoni</span> <span class='ocrx_word' id='word_1_247' title='bbox 1853 2838 2006 2903; x_wconf 90' lang='lat' dir='ltr'>bene</span> <span class='ocrx_word' id='word_1_248' title='bbox 2052 2839 2343 2902; x_wconf 86' lang='lat' dir='ltr'>inastatis</span> <span class='ocrx_word' id='word_1_249' title='bbox 2387 2856 2498 2922; x_wconf 92' lang='lat' dir='ltr'>pro</span> <span class='ocrx_word' id='word_1_250' title='bbox 2532 2838 2907 2903; x_wconf 87' lang='lat' dir='ltr'>surnimento</span> <span class='ocrx_word' id='word_1_251' title='bbox 2955 2838 3143 2903; x_wconf 85' lang='lat' dir='ltr'>castri</span> 
     </span>
     <span class='ocr_line' id='line_1_27' title="bbox 419 2924 2210 3010; baseline 0.001 -22"><span class='ocrx_word' id='word_1_252' title='bbox 419 2926 495 2989; x_wconf 91' lang='lat' dir='ltr'>de</span> <span class='ocrx_word' id='word_1_253' title='bbox 540 2924 682 2989; x_wconf 87' lang='lat' dir='ltr'>inde</span> <span class='ocrx_word' id='word_1_254' title='bbox 728 2927 792 2989; x_wconf 91' lang='lat' dir='ltr'>in</span> <span class='ocrx_word' id='word_1_255' title='bbox 839 2945 910 2990; x_wconf 88' lang='lat' dir='ltr'>ea</span> <span class='ocrx_word' id='word_1_256' title='bbox 951 2928 1321 3009; x_wconf 86' lang='lat' dir='ltr'>quantitate,</span> <span class='ocrx_word' id='word_1_257' title='bbox 1369 2946 1488 3010; x_wconf 91' lang='lat' dir='ltr'>que</span> <span class='ocrx_word' id='word_1_258' title='bbox 1534 2926 1721 2991; x_wconf 88' lang='lat' dir='ltr'>fuerit</span> <span class='ocrx_word' id='word_1_259' title='bbox 1775 2930 2210 3009; x_wconf 88' lang='lat' dir='ltr'>opportunum.</span> 
     </span>
    </p>

    <p class='ocr_par' dir='ltr' id='par_1_12' title="bbox 418 3013 3142 3185">
     <span class='ocr_line' id='line_1_28' title="bbox 624 3013 3142 3097; baseline 0.002 -22"><span class='ocrx_word' id='word_1_260' title='bbox 624 3013 787 3077; x_wconf 90' lang='lat' dir='ltr'>Item</span> <span class='ocrx_word' id='word_1_261' title='bbox 836 3014 1049 3080; x_wconf 88' lang='lat' dir='ltr'>tabule</span> <span class='ocrx_word' id='word_1_262' title='bbox 1096 3034 1286 3097; x_wconf 87' lang='lat' dir='ltr'>usque</span> <span class='ocrx_word' id='word_1_263' title='bbox 1334 3015 1412 3078; x_wconf 88' lang='lat' dir='ltr'>ad</span> <span class='ocrx_word' id='word_1_264' title='bbox 1459 3034 1767 3079; x_wconf 90' lang='lat' dir='ltr'>summam</span> <span class='ocrx_word' id='word_1_265' title='bbox 1822 3015 1884 3078; x_wconf 94' lang='lat' dir='ltr'>II</span> <span class='ocrx_word' id='word_1_266' title='bbox 1934 3014 2106 3080; x_wconf 88' lang='lat' dir='ltr'>milia</span> <span class='ocrx_word' id='word_1_267' title='bbox 2168 3034 2277 3097; x_wconf 93' lang='lat' dir='ltr'>pro</span> <span class='ocrx_word' id='word_1_268' title='bbox 2324 3014 2653 3079; x_wconf 89' lang='lat' dir='ltr'>coredoriis</span> <span class='ocrx_word' id='word_1_269' title='bbox 2719 3016 3142 3079; x_wconf 88' lang='lat' dir='ltr'>construendis</span> 
     </span>
     <span class='ocr_line' id='line_1_29' title="bbox 418 3100 1918 3185; baseline 0.001 -19"><span class='ocrx_word' id='word_1_270' title='bbox 418 3107 485 3166; x_wconf 88' lang='lat' dir='ltr'>et</span> <span class='ocrx_word' id='word_1_271' title='bbox 530 3100 671 3164; x_wconf 89' lang='lat' dir='ltr'>aliis</span> <span class='ocrx_word' id='word_1_272' title='bbox 719 3101 1038 3167; x_wconf 88' lang='lat' dir='ltr'>laboreriis</span> <span class='ocrx_word' id='word_1_273' title='bbox 1084 3121 1193 3185; x_wconf 89' lang='lat' dir='ltr'>pro</span> <span class='ocrx_word' id='word_1_274' title='bbox 1239 3104 1442 3166; x_wconf 88' lang='lat' dir='ltr'>castro</span> <span class='ocrx_word' id='word_1_275' title='bbox 1498 3102 1918 3167; x_wconf 88' lang='lat' dir='ltr'>neccessariis.</span> 
     </span>
    </p>

    <p class='ocr_par' dir='ltr' id='par_1_13' title="bbox 411 3189 3143 3446">
     <span class='ocr_line' id='line_1_30' title="bbox 624 3189 3137 3274; baseline 0.002 -22"><span class='ocrx_word' id='word_1_276' title='bbox 624 3190 784 3253; x_wconf 89' lang='lat' dir='ltr'>Item</span> <span class='ocrx_word' id='word_1_277' title='bbox 832 3191 1127 3272; x_wconf 82' lang='lat' dir='ltr'>peccunia</span> <span class='ocrx_word' id='word_1_278' title='bbox 1169 3208 1280 3273; x_wconf 90' lang='lat' dir='ltr'>pro</span> <span class='ocrx_word' id='word_1_279' title='bbox 1324 3189 1502 3272; x_wconf 82' lang='lat' dir='ltr'>pagis</span> <span class='ocrx_word' id='word_1_280' title='bbox 1550 3191 1765 3254; x_wconf 89' lang='lat' dir='ltr'>fiendis</span> <span class='ocrx_word' id='word_1_281' title='bbox 1826 3190 2279 3274; x_wconf 76' lang='lat' dir='ltr'>stipendiarii8‚</span> <span class='ocrx_word' id='word_1_282' title='bbox 2330 3191 2431 3272; x_wconf 91' lang='lat' dir='ltr'>qui</span> <span class='ocrx_word' id='word_1_283' title='bbox 2483 3191 2606 3254; x_wconf 87' lang='lat' dir='ltr'>iam</span> <span class='ocrx_word' id='word_1_284' title='bbox 2655 3191 3137 3273; x_wconf 81' lang='lat' dir='ltr'>compleverunt,</span> 
     </span>
     <span class='ocr_line' id='line_1_31' title="bbox 412 3275 3143 3396; baseline 0.002 -57"><span class='ocrx_word' id='word_1_285' title='bbox 412 3279 479 3339; x_wconf 89' lang='lat' dir='ltr'>et</span> <span class='ocrx_word' id='word_1_286' title='bbox 525 3275 714 3340; x_wconf 86' lang='lat' dir='ltr'>etiam</span> <span class='ocrx_word' id='word_1_287' title='bbox 762 3296 871 3359; x_wconf 92' lang='lat' dir='ltr'>pro</span> <span class='ocrx_word' id='word_1_288' title='bbox 918 3277 1127 3342; x_wconf 84' lang='lat' dir='ltr'>futuro</span> <span class='ocrx_word' id='word_1_289' title='bbox 1168 3279 1442 3360; x_wconf 88' lang='lat' dir='ltr'>tempore</span> <span class='ocrx_word' id='word_1_290' title='bbox 1490 3278 1804 3344; x_wconf 87' lang='lat' dir='ltr'>occasione</span> <span class='ocrx_word' id='word_1_291' title='bbox 1851 3278 2150 3361; x_wconf 84' lang='lat' dir='ltr'>predicta,</span> <span class='ocrx_word' id='word_1_292' title='bbox 2200 3282 2264 3343; x_wconf 89' lang='lat' dir='ltr'>et</span> <span class='ocrx_word' id='word_1_293' title='bbox 2307 3297 2444 3362; x_wconf 90' lang='lat' dir='ltr'>pro</span> <span class='ocrx_word' id='word_1_294' title='bbox 2463 3279 2606 3396; x_wconf 83' lang='lat' dir='ltr'>aliis</span> <span class='ocrx_word' id='word_1_295' title='bbox 2654 3281 2934 3361; x_wconf 86' lang='lat' dir='ltr'>expensis</span> <span class='ocrx_word' id='word_1_296' title='bbox 2982 3280 3043 3344; x_wconf 90' lang='lat' dir='ltr'>in</span> <span class='ocrx_word' id='word_1_297' title='bbox 3069 3299 3143 3345; x_wconf 83' lang='lat' dir='ltr'>ea</span> 
     </span>
     <span class='ocr_line' id='line_1_32' title="bbox 411 3364 1612 3446; baseline 0.002 -18"><span class='ocrx_word' id='word_1_298' title='bbox 411 3364 782 3446; x_wconf 86' lang='lat' dir='ltr'>quantitate,</span> <span class='ocrx_word' id='word_1_299' title='bbox 816 3383 931 3446; x_wconf 92' lang='lat' dir='ltr'>que</span> <span class='ocrx_word' id='word_1_300' title='bbox 979 3365 1168 3430; x_wconf 90' lang='lat' dir='ltr'>fuerit</span> <span class='ocrx_word' id='word_1_301' title='bbox 1213 3366 1612 3431; x_wconf 88' lang='lat' dir='ltr'>neccessaria</span> 
     </span>
    </p>

    <p class='ocr_par' dir='ltr' id='par_1_14' title="bbox 408 3450 3218 3889">
     <span class='ocr_line' id='line_1_33' title="bbox 626 3450 3142 3539; baseline 0.002 -23"><span class='ocrx_word' id='word_1_302' title='bbox 626 3450 857 3534; x_wconf 86' lang='lat' dir='ltr'>Capta.</span> <span class='ocrx_word' id='word_1_303' title='bbox 909 3454 1066 3534; x_wconf 90' lang='lat' dir='ltr'>quod</span> <span class='ocrx_word' id='word_1_304' title='bbox 1100 3453 1436 3517; x_wconf 87' lang='lat' dir='ltr'>mittantur</span> <span class='ocrx_word' id='word_1_305' title='bbox 1478 3454 1737 3519; x_wconf 82' lang='lat' dir='ltr'>Jadram</span> <span class='ocrx_word' id='word_1_306' title='bbox 1771 3453 1879 3519; x_wconf 92' lang='lat' dir='ltr'>ille</span> <span class='ocrx_word' id='word_1_307' title='bbox 1911 3473 2026 3532; x_wconf 80' lang='lat' dir='ltr'>reS,</span> <span class='ocrx_word' id='word_1_308' title='bbox 2077 3454 2153 3518; x_wconf 92' lang='lat' dir='ltr'>de</span> <span class='ocrx_word' id='word_1_309' title='bbox 2184 3453 2408 3536; x_wconf 89' lang='lat' dir='ltr'>quibus</span> <span class='ocrx_word' id='word_1_310' title='bbox 2445 3455 2775 3520; x_wconf 88' lang='lat' dir='ltr'>consulunt</span> <span class='ocrx_word' id='word_1_311' title='bbox 2811 3456 3142 3539; x_wconf 73' lang='lat' dir='ltr'>sapienteS,</span> 
     </span>
     <span class='ocr_line' id='line_1_34' title="bbox 408 3539 3143 3626; baseline 0.002 -24"><span class='ocrx_word' id='word_1_312' title='bbox 408 3541 472 3603; x_wconf 86' lang='lat' dir='ltr'>et</span> <span class='ocrx_word' id='word_1_313' title='bbox 525 3539 636 3603; x_wconf 89' lang='lat' dir='ltr'>fiat</span> <span class='ocrx_word' id='word_1_314' title='bbox 685 3541 749 3603; x_wconf 89' lang='lat' dir='ltr'>in</span> <span class='ocrx_word' id='word_1_315' title='bbox 797 3541 1100 3619; x_wconf 81' lang='lat' dir='ltr'>omnibuS,</span> <span class='ocrx_word' id='word_1_316' title='bbox 1151 3542 1313 3606; x_wconf 88' lang='lat' dir='ltr'>sicut</span> <span class='ocrx_word' id='word_1_317' title='bbox 1357 3542 1706 3620; x_wconf 90' lang='lat' dir='ltr'>consulunt,</span> <span class='ocrx_word' id='word_1_318' title='bbox 1755 3541 1923 3607; x_wconf 88' lang='lat' dir='ltr'>salvo</span> <span class='ocrx_word' id='word_1_319' title='bbox 1971 3542 2045 3606; x_wconf 89' lang='lat' dir='ltr'>de</span> <span class='ocrx_word' id='word_1_320' title='bbox 2092 3544 2342 3607; x_wconf 89' lang='lat' dir='ltr'>centum</span> <span class='ocrx_word' id='word_1_321' title='bbox 2388 3543 2762 3621; x_wconf 80' lang='lat' dir='ltr'>hominibuS,</span> <span class='ocrx_word' id='word_1_322' title='bbox 2813 3563 2964 3626; x_wconf 91' lang='lat' dir='ltr'>quos</span> <span class='ocrx_word' id='word_1_323' title='bbox 3001 3546 3143 3608; x_wconf 89' lang='lat' dir='ltr'>addi</span> 
     </span>
     <span class='ocr_line' id='line_1_35' title="bbox 409 3627 3218 3712; baseline 0.002 -22"><span class='ocrx_word' id='word_1_324' title='bbox 409 3627 760 3706; x_wconf 91' lang='lat' dir='ltr'>consulunt,</span> <span class='ocrx_word' id='word_1_325' title='bbox 811 3647 928 3692; x_wconf 89' lang='lat' dir='ltr'>non</span> <span class='ocrx_word' id='word_1_326' title='bbox 975 3630 1088 3693; x_wconf 88' lang='lat' dir='ltr'>fiat</span> <span class='ocrx_word' id='word_1_327' title='bbox 1134 3629 1374 3695; x_wconf 86' lang='lat' dir='ltr'>novitas</span> <span class='ocrx_word' id='word_1_328' title='bbox 1420 3649 1529 3712; x_wconf 91' lang='lat' dir='ltr'>pro</span> <span class='ocrx_word' id='word_1_329' title='bbox 1577 3629 1776 3708; x_wconf 90' lang='lat' dir='ltr'>mode,</span> <span class='ocrx_word' id='word_1_330' title='bbox 1827 3631 1971 3712; x_wconf 87' lang='lat' dir='ltr'>quia</span> <span class='ocrx_word' id='word_1_331' title='bbox 2015 3630 2294 3695; x_wconf 90' lang='lat' dir='ltr'>habunde</span> <span class='ocrx_word' id='word_1_332' title='bbox 2340 3631 2595 3712; x_wconf 88' lang='lat' dir='ltr'>possunt</span> <span class='ocrx_word' id='word_1_333' title='bbox 2640 3631 2920 3696; x_wconf 84' lang='lat' dir='ltr'>sufficere</span> <span class='ocrx_word' id='word_1_334' title='bbox 2968 3632 3063 3695; x_wconf 89' lang='lat' dir='ltr'>illi</span> <span class='ocrx_word' id='word_1_335' title='bbox 3096 3631 3141 3695; x_wconf 94' lang='lat' dir='ltr'>C</span> <span class='ocrx_word' id='word_1_336' title='bbox 3213 3675 3218 3678; x_wconf 59' lang='lat'>=</span> 
     </span>
     <span class='ocr_line' id='line_1_36' title="bbox 412 3713 3142 3801; baseline 0.002 -23"><span class='ocrx_word' id='word_1_337' title='bbox 412 3713 655 3796; x_wconf 87' lang='lat' dir='ltr'>equites</span> <span class='ocrx_word' id='word_1_338' title='bbox 704 3719 766 3780; x_wconf 89' lang='lat' dir='ltr'>et</span> <span class='ocrx_word' id='word_1_339' title='bbox 815 3714 964 3781; x_wconf 86' lang='lat' dir='ltr'>CCC</span> <span class='ocrx_word' id='word_1_340' title='bbox 1014 3717 1271 3799; x_wconf 89' lang='lat' dir='ltr'>pedites,</span> <span class='ocrx_word' id='word_1_341' title='bbox 1324 3717 1430 3800; x_wconf 89' lang='lat' dir='ltr'>qui</span> <span class='ocrx_word' id='word_1_342' title='bbox 1476 3721 1618 3782; x_wconf 87' lang='lat' dir='ltr'>sunt</span> <span class='ocrx_word' id='word_1_343' title='bbox 1664 3717 1743 3781; x_wconf 91' lang='lat' dir='ltr'>ad</span> <span class='ocrx_word' id='word_1_344' title='bbox 1791 3718 1923 3781; x_wconf 91' lang='lat' dir='ltr'>eius</span> <span class='ocrx_word' id='word_1_345' title='bbox 1956 3719 2298 3782; x_wconf 88' lang='lat' dir='ltr'>custodiam</span> <span class='ocrx_word' id='word_1_346' title='bbox 2323 3719 2622 3801; x_wconf 84' lang='lat' dir='ltr'>deputati,</span> <span class='ocrx_word' id='word_1_347' title='bbox 2673 3719 3142 3784; x_wconf 84' lang='lat' dir='ltr'>commuttando</span> 
     </span>
     <span class='ocr_line' id='line_1_37' title="bbox 415 3802 2493 3889; baseline 0.003 -24"><span class='ocrx_word' id='word_1_348' title='bbox 415 3802 657 3883; x_wconf 90' lang='lat' dir='ltr'>equites</span> <span class='ocrx_word' id='word_1_349' title='bbox 704 3803 1085 3870; x_wconf 84' lang='lat' dir='ltr'>defficientes</span> <span class='ocrx_word' id='word_1_350' title='bbox 1129 3806 1189 3869; x_wconf 92' lang='lat' dir='ltr'>in</span> <span class='ocrx_word' id='word_1_351' title='bbox 1236 3805 1492 3888; x_wconf 87' lang='lat' dir='ltr'>pedites,</span> <span class='ocrx_word' id='word_1_352' title='bbox 1544 3809 1616 3870; x_wconf 91' lang='lat' dir='ltr'>ut</span> <span class='ocrx_word' id='word_1_353' title='bbox 1660 3805 1860 3888; x_wconf 89' lang='lat' dir='ltr'>pridie</span> <span class='ocrx_word' id='word_1_354' title='bbox 1902 3807 2152 3889; x_wconf 90' lang='lat' dir='ltr'>captum</span> <span class='ocrx_word' id='word_1_355' title='bbox 2202 3806 2340 3871; x_wconf 82' lang='lat' dir='ltr'>fuit.</span> <span class='ocrx_word' id='word_1_356' title='bbox 2388 3806 2493 3872; x_wconf 88' lang='lat'>47.</span> 
     </span>
    </p>

    <p class='ocr_par' dir='ltr' id='par_1_15' title="bbox 505 3892 2063 3970">
     <span class='ocr_line' id='line_1_38' title="bbox 505 3892 2063 3970; baseline 0.001 -18"><span class='ocrx_word' id='word_1_357' title='bbox 505 3892 668 3956; x_wconf 67' lang='grc' dir='ltr'><strong>δεον.</strong></span> <span class='ocrx_word' id='word_1_358' title='bbox 717 3912 871 3954; x_wconf 68' lang='lat' dir='ltr'>conc.</span> <span class='ocrx_word' id='word_1_359' title='bbox 917 3913 1038 3970; x_wconf 72' lang='lat' dir='ltr'>roy.</span> <span class='ocrx_word' id='word_1_360' title='bbox 1087 3895 1163 3955; x_wconf 90' lang='lat' dir='ltr'>B.</span> <span class='ocrx_word' id='word_1_361' title='bbox 1214 3898 1315 3966; x_wconf 87' lang='grc'>98,</span> <span class='ocrx_word' id='word_1_362' title='bbox 1362 3913 1406 3956; x_wconf 82' lang='lat' dir='ltr'>u</span> <span class='ocrx_word' id='word_1_363' title='bbox 1445 3897 1785 3956; x_wconf 66' lang='lat' dir='ltr'>mletadkom</span> <span class='ocrx_word' id='word_1_364' title='bbox 1829 3898 2063 3956; x_wconf 82' lang='lat' dir='ltr'>arkivu.</span> 
     </span>
    </p>
   </div>
   <div class='ocr_carea' id='block_1_6' title="bbox 797 4085 2778 4187">
    <p class='ocr_par' dir='ltr' id='par_1_16' title="bbox 797 4085 2778 4187">
     <span class='ocr_line' id='line_1_39' title="bbox 797 4085 2778 4187; baseline 0.001 -21"><span class='ocrx_word' id='word_1_365' title='bbox 797 4085 1150 4169; x_wconf 87' lang='lat' dir='ltr'>CCCIII.</span> <span class='ocrx_word' id='word_1_366' title='bbox 1216 4085 1423 4169; x_wconf 78' lang='lat' dir='ltr'>God.</span> <span class='ocrx_word' id='word_1_367' title='bbox 1481 4086 1699 4171; x_wconf 77' lang='lat'><strong>1351.</strong></span> <span class='ocrx_word' id='word_1_368' title='bbox 1754 4087 1805 4168; x_wconf 83' lang='lat'>8</span> <span class='ocrx_word' id='word_1_369' title='bbox 1860 4085 2221 4187; x_wconf 69' lang='lat' dir='ltr'>veliace,</span> <span class='ocrx_word' id='word_1_370' title='bbox 2277 4110 2334 4169; x_wconf 91' lang='lat' dir='ltr'>u</span> <span class='ocrx_word' id='word_1_371' title='bbox 2388 4087 2778 4170; x_wconf 84' lang='lat' dir='ltr'>Mletcih.</span> 
     </span>
    </p>
   </div>
   <div class='ocr_carea' id='block_1_7' title="bbox 402 4210 3147 4461">
    <p class='ocr_par' dir='ltr' id='par_1_17' title="bbox 402 4210 3147 4461">
     <span class='ocr_line' id='line_1_40' title="bbox 419 4210 3146 4292; baseline 0.002 -22"><span class='ocrx_word' id='word_1_372' title='bbox 419 4210 693 4283; x_wconf 62' lang='lat' dir='ltr'>Upwfuje</span> <span class='ocrx_word' id='word_1_373' title='bbox 741 4227 803 4270; x_wconf 84' lang='lat' dir='ltr'>se</span> <span class='ocrx_word' id='word_1_374' title='bbox 849 4212 1101 4271; x_wconf 62' lang='lat' dir='ltr'>driavni</span> <span class='ocrx_word' id='word_1_375' title='bbox 1147 4212 1422 4284; x_wconf 56' lang='lat' dir='ltr'>biljeknik</span> <span class='ocrx_word' id='word_1_376' title='bbox 1468 4229 1509 4270; x_wconf 80' lang='lat' dir='ltr'>u</span> <span class='ocrx_word' id='word_1_377' title='bbox 1568 4211 1878 4286; x_wconf 72' lang='lat' dir='ltr'>Uyarslcej,</span> <span class='ocrx_word' id='word_1_378' title='bbox 1925 4215 2079 4272; x_wconf 78' lang='lat' dir='ltr'>nelca</span> <span class='ocrx_word' id='word_1_379' title='bbox 2123 4214 2396 4288; x_wconf 74' lang='lat' dir='ltr'>odyovori</span> <span class='ocrx_word' id='word_1_380' title='bbox 2442 4232 2653 4273; x_wconf 73' lang='lat' dir='ltr'>onoma</span> <span class='ocrx_word' id='word_1_381' title='bbox 2699 4216 2919 4292; x_wconf 78' lang='lat' dir='ltr'>kralju,</span> <span class='ocrx_word' id='word_1_382' title='bbox 2963 4216 3045 4274; x_wconf 80' lang='lat' dir='ltr'>da</span> <span class='ocrx_word' id='word_1_383' title='bbox 3085 4215 3146 4275; x_wconf 67' lang='lat' dir='ltr'>de</span> 
     </span>
     <span class='ocr_line' id='line_1_41' title="bbox 402 4297 3147 4375; baseline 0.001 -17"><span class='ocrx_word' id='word_1_384' title='bbox 402 4316 470 4358; x_wconf 83' lang='lat' dir='ltr'>se</span> <span class='ocrx_word' id='word_1_385' title='bbox 520 4299 838 4371; x_wconf 80' lang='lat' dir='ltr'>republilca</span> <span class='ocrx_word' id='word_1_386' title='bbox 883 4304 1038 4358; x_wconf 83' lang='lat' dir='ltr'>sveto</span> <span class='ocrx_word' id='word_1_387' title='bbox 1086 4299 1283 4359; x_wconf 61' lang='lat' dir='ltr'>dria-ti</span> <span class='ocrx_word' id='word_1_388' title='bbox 1316 4301 1625 4375; x_wconf 79' lang='lat' dir='ltr'>primirja,</span> <span class='ocrx_word' id='word_1_389' title='bbox 1676 4297 1692 4358; x_wconf 90' lang='lat' dir='ltr'>i</span> <span class='ocrx_word' id='word_1_390' title='bbox 1743 4301 1824 4358; x_wconf 84' lang='lat' dir='ltr'>da</span> <span class='ocrx_word' id='word_1_391' title='bbox 1867 4301 1982 4359; x_wconf 86' lang='lat' dir='ltr'>isto</span> <span class='ocrx_word' id='word_1_392' title='bbox 2029 4303 2164 4359; x_wconf 76' lang='lat' dir='ltr'>take</span> <span class='ocrx_word' id='word_1_393' title='bbox 2211 4303 2362 4360; x_wconf 83' lang='lat' dir='ltr'>kako</span> <span class='ocrx_word' id='word_1_394' title='bbox 2410 4320 2483 4361; x_wconf 85' lang='lat' dir='ltr'>on</span> <span class='ocrx_word' id='word_1_395' title='bbox 2534 4305 2553 4359; x_wconf 80' lang='grc' dir='ltr'>ι’</span> <span class='ocrx_word' id='word_1_396' title='bbox 2593 4321 2710 4361; x_wconf 81' lang='lat' dir='ltr'>ona</span> <span class='ocrx_word' id='word_1_397' title='bbox 2753 4303 2905 4372; x_wconf 63' lang='lat' dir='ltr'>iezi,</span> <span class='ocrx_word' id='word_1_398' title='bbox 2954 4304 3034 4362; x_wconf 83' lang='lat' dir='ltr'>da</span> <span class='ocrx_word' id='word_1_399' title='bbox 3085 4321 3147 4363; x_wconf 80' lang='lat' dir='ltr'>se</span> 
     </span>
     <span class='ocr_line' id='line_1_42' title="bbox 966 4387 2573 4461; baseline 0.001 -16"><span class='ocrx_word' id='word_1_400' title='bbox 966 4387 1164 4460; x_wconf 79' lang='lat' dir='ltr'>medju</span> <span class='ocrx_word' id='word_1_401' title='bbox 1226 4389 1376 4461; x_wconf 76' lang='lat' dir='ltr'>njim</span> <span class='ocrx_word' id='word_1_402' title='bbox 1420 4389 1444 4446; x_wconf 84' lang='lat' dir='ltr'>i</span> <span class='ocrx_word' id='word_1_403' title='bbox 1487 4389 1855 4460; x_wconf 76' lang='lat' dir='ltr'>republikom</span> <span class='ocrx_word' id='word_1_404' title='bbox 1893 4388 2079 4448; x_wconf 76' lang='lat' dir='ltr'>stalni</span> <span class='ocrx_word' id='word_1_405' title='bbox 2122 4391 2238 4447; x_wconf 73' lang='lat' dir='ltr'>mir</span> <span class='ocrx_word' id='word_1_406' title='bbox 2281 4391 2573 4448; x_wconf 75' lang='lat' dir='ltr'>uslanovi.</span> 
     </span>
    </p>
   </div>
   <div class='ocr_carea' id='block_1_8' title="bbox 402 4493 3146 4683">
    <p class='ocr_par' dir='ltr' id='par_1_18' title="bbox 402 4493 3146 4683">
     <span class='ocr_line' id='line_1_43' title="bbox 630 4493 3146 4591; baseline 0.002 -20"><span class='ocrx_word' id='word_1_407' title='bbox 630 4507 818 4573; x_wconf 81' lang='lat'>1350.</span> <span class='ocrx_word' id='word_1_408' title='bbox 866 4508 966 4573; x_wconf 90' lang='lat' dir='ltr'>die</span> <span class='ocrx_word' id='word_1_409' title='bbox 1013 4508 1051 4572; x_wconf 88' lang='lat'>8</span> <span class='ocrx_word' id='word_1_410' title='bbox 1101 4507 1415 4586; x_wconf 83' lang='lat' dir='ltr'>februarii,</span> <span class='ocrx_word' id='word_1_411' title='bbox 1464 4512 1678 4591; x_wconf 84' lang='lat' dir='ltr'>capta:</span> <span class='ocrx_word' id='word_1_412' title='bbox 1730 4513 1889 4591; x_wconf 92' lang='lat' dir='ltr'>quod</span> <span class='ocrx_word' id='word_1_413' title='bbox 1938 4493 2382 4591; x_wconf 80' lang='lat' dir='ltr'>respondeatur</span> <span class='ocrx_word' id='word_1_414' title='bbox 2423 4510 2739 4575; x_wconf 78' lang='lat' dir='ltr'>Ber-nardo</span> <span class='ocrx_word' id='word_1_415' title='bbox 2789 4512 3031 4578; x_wconf 82' lang='lat' dir='ltr'>notario</span> <span class='ocrx_word' id='word_1_416' title='bbox 3082 4517 3146 4586; x_wconf 87' lang='lat' dir='ltr'>et</span> 
     </span>
     <span class='ocr_line' id='line_1_44' title="bbox 402 4595 3139 4683; baseline 0.001 -21"><span class='ocrx_word' id='word_1_417' title='bbox 402 4595 632 4662; x_wconf 90' lang='lat' dir='ltr'>nuncio</span> <span class='ocrx_word' id='word_1_418' title='bbox 680 4596 889 4660; x_wconf 89' lang='lat' dir='ltr'>nostro</span> <span class='ocrx_word' id='word_1_419' title='bbox 934 4596 1123 4661; x_wconf 88' lang='lat' dir='ltr'>misso</span> <span class='ocrx_word' id='word_1_420' title='bbox 1163 4597 1224 4660; x_wconf 90' lang='lat' dir='ltr'>in</span> <span class='ocrx_word' id='word_1_421' title='bbox 1274 4597 1685 4680; x_wconf 86' lang='lat' dir='ltr'>Hungariam,</span> <span class='ocrx_word' id='word_1_422' title='bbox 1739 4600 1903 4681; x_wconf 91' lang='lat' dir='ltr'>quod</span> <span class='ocrx_word' id='word_1_423' title='bbox 1950 4597 2282 4663; x_wconf 89' lang='lat' dir='ltr'>intellectis</span> <span class='ocrx_word' id='word_1_424' title='bbox 2327 4598 2564 4663; x_wconf 90' lang='lat' dir='ltr'>licteris</span> <span class='ocrx_word' id='word_1_425' title='bbox 2611 4599 2739 4663; x_wconf 90' lang='lat' dir='ltr'>suis</span> <span class='ocrx_word' id='word_1_426' title='bbox 2780 4603 2842 4664; x_wconf 90' lang='lat' dir='ltr'>et</span> <span class='ocrx_word' id='word_1_427' title='bbox 2890 4619 3139 4683; x_wconf 89' lang='lat' dir='ltr'>respon-</span> 
     </span>
    </p>
   </div>
   <div class='ocr_carea' id='block_1_9' title="bbox 399 4721 831 4732">
    <p class='ocr_par' dir='ltr' id='par_1_19' title="bbox 399 4721 831 4732">
     <span class='ocr_line' id='line_1_45' title="bbox 399 4721 831 4732; baseline 0 550"><span class='ocrx_word' id='word_1_428' title='bbox 399 4721 831 4732; x_wconf 95' lang='lat' dir='ltr'> </span> 
     </span>
    </p>
   </div>
   <div class='ocr_carea' id='block_1_10' title="bbox 502 4774 3045 4853">
    <p class='ocr_par' dir='ltr' id='par_1_20' title="bbox 502 4774 3045 4853">
     <span class='ocr_line' id='line_1_46' title="bbox 502 4774 3045 4853; baseline -0 -19"><span class='ocrx_word' id='word_1_429' title='bbox 502 4774 521 4810; x_wconf 89' lang='lat'><strong>¹</strong></span> <span class='ocrx_word' id='word_1_430' title='bbox 549 4777 673 4834; x_wconf 84' lang='lat' dir='ltr'>Ovo</span> <span class='ocrx_word' id='word_1_431' title='bbox 710 4780 775 4851; x_wconf 87' lang='lat' dir='ltr'>je</span> <span class='ocrx_word' id='word_1_432' title='bbox 819 4778 1115 4850; x_wconf 80' lang='lat' dir='ltr'>najstarija</span> <span class='ocrx_word' id='word_1_433' title='bbox 1160 4777 1303 4833; x_wconf 83' lang='lat' dir='ltr'>vicet</span> <span class='ocrx_word' id='word_1_434' title='bbox 1346 4796 1378 4834; x_wconf 96' lang='lat' dir='ltr'>o</span> <span class='ocrx_word' id='word_1_435' title='bbox 1423 4778 1709 4853; x_wconf 84' lang='lat' dir='ltr'>rabljenju</span> <span class='ocrx_word' id='word_1_436' title='bbox 1757 4780 1981 4850; x_wconf 63' lang='lat' dir='ltr'>pusaka</span> <span class='ocrx_word' id='word_1_437' title='bbox 2026 4796 2063 4834; x_wconf 92' lang='lat' dir='ltr'>u</span> <span class='ocrx_word' id='word_1_438' title='bbox 2107 4777 2358 4850; x_wconf 86' lang='lat' dir='ltr'>Mletcih,</span> <span class='ocrx_word' id='word_1_439' title='bbox 2404 4779 2476 4834; x_wconf 92' lang='lat' dir='ltr'>do</span> <span class='ocrx_word' id='word_1_440' title='bbox 2523 4780 2661 4835; x_wconf 82' lang='lat' dir='ltr'>sada</span> <span class='ocrx_word' id='word_1_441' title='bbox 2707 4786 3045 4851; x_wconf 84' lang='lat' dir='ltr'>nepozuata.</span> 
     </span>
    </p>
   </div>
  </div>
 </body>
</html>
