3620 5282
1026 376 1056 426 5
2885 384 2896 391 '
2990 381 3119 447 411

390 571 587 628 orum,
658 553 760 636 qui
832 570 967 617 esse
1009 551 1232 617 debeat
1277 554 1352 617 ad
1399 571 1647 618 omnem
1692 552 2115 619 obedientiam
2165 558 2228 619 et
2300 554 2664 620 mandatum
2736 556 2983 623 comitis
3057 560 3122 623 et

390 641 693 723 capitanei
740 641 937 704 nostri
986 640 1247 717 Scutari‚
1297 641 1532 705 Verum
1578 661 1686 723 pro
1733 642 2100 707 aleviatione
2147 660 2486 726 pauperum
2516 662 2915 725 personarum
2969 647 3123 710 dicti

383 730 501 793 loci
554 728 828 793 Drivasti
870 730 935 791 et
979 728 1265 792 villarum
1311 729 1872 807 circumstantium,
1924 733 1992 793 ut
2041 748 2155 793 non
2204 731 2475 796 habeant
2504 750 2754 796 causam
2792 750 2903 814 pro
2949 736 3122 799 omni

387 817 646 881 minima
689 836 756 880 re
805 814 1083 879 veniendi
1127 815 1476 892 Scutarum,
1525 816 1863 884 ordinetur.
1911 818 2067 900 quod
2118 818 2354 882 iudices
2419 819 2696 883 Drivasti
2764 822 3011 900 possint
3061 823 3125 884 et

386 904 584 968 facere
630 903 893 968 debeant
935 902 1034 967 ius
1080 903 1364 967 omnibus
1415 904 1767 985 petentibus
1815 924 1851 968 a
1899 904 2110 969 decem
2158 904 2454 987 iperperis
2503 905 2681 983 infra,
2734 910 2798 970 et
2844 909 2921 971 ab
2981 908 3123 972 inde

386 1010 573 1071 supra
616 990 705 1054 ire
754 990 1023 1076 debeant
1066 990 1144 1054 ad
1193 992 1482 1055 comitem
1531 994 1594 1056 et
1639 993 2030 1072 capitaneum
2083 993 2369 1067 Scutari;
2441 995 2549 1056 sed
2595 995 2648 1057 si
2702 993 2892 1076 aliqui
2944 1015 3125 1076 repu-

387 1079 610 1143 tabunt
669 1098 734 1141 se
801 1081 1090 1161 gravatos
1138 1080 1211 1142 de
1258 1079 1582 1142 sententiis
1649 1099 1754 1161 per
1808 1081 2007 1144 dictos
2057 1080 2286 1144 iudices
2352 1080 2556 1157 factm,
2601 1088 2839 1164 possint
2891 1082 3125 1147 habere

388 1185 704 1231 recursum
749 1167 824 1229 ad
870 1166 1164 1229 comitem
1210 1167 1275 1230 et
1320 1165 1710 1247 capitaneum
1762 1166 2028 1241 Scutari‚
2079 1168 2185 1249 qui
2236 1167 2470 1232 habeat
2513 1167 2870 1233 libertatem
2922 1170 3125 1235 dictas

389 1255 729 1318 sententias
776 1253 1069 1317 laudandi
1119 1256 1181 1316 et
1228 1253 1552 1328 incidendi,
1601 1256 1785 1335 prout
1833 1255 1886 1317 ei
1936 1255 2266 1318 videbitur
2313 1255 2386 1319 de
2435 1255 2586 1319 iure.
2664 1257 2733 1321 ln
2782 1258 3124 1322 criminali-

391 1342 505 1406 bus
548 1343 759 1405 autem
807 1342 870 1404 in
918 1340 1204 1405 omnibus
1251 1343 1486 1423 spectet
1533 1344 1598 1405 et
1640 1342 1954 1423 pertineat
2009 1341 2226 1405 comiti
2275 1344 2339 1405 et
2384 1343 2704 1424 capitaneo
2754 1341 3015 1408 Scutari.

602 1429 692 1492 De
737 1429 909 1509 parte
956 1464 1043 1474 -—
1094 1427 1177 1491 47
1225 1464 1304 1476 —
1357 1429 1446 1492 De
1491 1448 1607 1492 non
1668 1466 1735 1477 -
1786 1424 1866 1492 21
1921 1466 2004 1475 —
2047 1447 2167 1492 non
2216 1428 2443 1493 sinceri
2495 1465 2579 1475 —-
2627 1431 2691 1494 2.

601 1514 831 1597 Capta:
903 1517 1056 1580 item
1125 1535 1233 1598 pro
1302 1516 1578 1581 utilitate
1644 1519 1837 1580 nostri
1900 1518 2244 1580 communis
2306 1517 2651 1590 ordinetur,
2703 1518 2862 1599 quod
2911 1538 3126 1584 omnes

391 1604 796 1669 conducentes
842 1600 1213 1666 frumentum
1265 1604 1338 1667 de
1388 1604 1664 1684 partibus
1741 1602 2064 1668 Sclavonie
2111 1605 2175 1667 et
2220 1604 2292 1667 de
2342 1605 2510 1667 ultra
2581 1604 2893 1687 Dagnum‚
2966 1608 3128 1672 sicut

393 1690 645 1757 solvunt
689 1690 765 1753 ad
813 1690 1119 1773 dohanam
1172 1691 1373 1772 Dagni
1418 1709 1663 1773 grossos
1710 1692 1862 1755 duos
1908 1711 2018 1773 pro
2067 1709 2300 1765 sauma,
2338 1690 2422 1755 ita
2456 1691 2530 1755 de
2569 1697 2778 1755 cetero
2814 1693 2967 1756 nihil
3003 1695 3128 1757 sol-

394 1796 533 1844 vere
583 1780 921 1841 teneantur.
975 1778 1200 1842 Verum
1281 1779 1333 1842 si
1396 1779 1500 1843 isti
1558 1779 1716 1843 tales
1773 1780 2184 1844 conducent-es
2247 1780 2634 1843 frumentum
2681 1779 2921 1844 dabunt
2971 1782 3127 1845 illud

393 1866 707 1932 communi
751 1884 857 1946 pro
907 1866 1140 1947 grossis
1188 1866 1335 1931 XVI
1384 1866 1587 1930 modio
1637 1869 1709 1930 de
1758 1866 2129 1931 Scutaroet
2179 1866 2484 1946 accipient
2530 1867 2747 1941 salem,
2796 1868 2960 1931 sicut
3005 1868 3129 1931 sol-

393 1957 543 2018 vunt
589 1970 696 2034 pro
743 1952 1022 2034 qualibet
1067 1971 1286 2018 sauma
1332 1954 1481 2018 salis
1527 1955 1603 2018 ad
1653 1956 1984 2018 transitum
2038 1954 2241 2035 Dagni
2304 1955 2563 2035 predIcti
2633 1972 2879 2036 grossos
2949 1956 3126 2032 duoS,

393 2042 484 2105 ita
535 2039 610 2103 de
655 2044 857 2104 cetero
905 2041 1152 2104 solvant
1196 2060 1480 2122 grossum
1525 2061 1739 2120 unum,
1792 2045 1863 2105 ut
1910 2042 2062 2107 dicti
2106 2042 2375 2107 habeant
2421 2060 2671 2108 causam
2743 2044 3118 2107 conducendi

395 2129 780 2193 frumentum
830 2131 893 2190 et
940 2129 1097 2192 illud
1140 2128 1325 2192 dandi
1375 2133 1581 2193 nostro
1630 2131 1962 2205 communi,
2013 2131 2076 2193 et
2122 2147 2327 2194 comes
2371 2133 2432 2193 et
2478 2131 2835 2211 capitaneus
2872 2128 3123 2195 Scutari

393 2219 684 2281 teneatur
730 2214 883 2278 illud
933 2214 1314 2280 frumentum
1363 2217 1642 2298 accipere
1692 2235 1797 2298 pro
1844 2218 2038 2298 pretio
2077 2216 2386 2281 antedicto
2434 2218 2495 2279 et
2542 2218 2683 2281 inde
2730 2216 2894 2281 infra
2939 2237 3126 2301 quam

393 2305 623 2368 melius
670 2303 924 2384 poterit,
973 2307 1036 2366 et
1080 2304 1229 2368 ‘dare
1277 2304 1410 2369 illis
1460 2305 1692 2370 talibus
1740 2304 1936 2368 salem
1985 2323 2094 2387 pro
2138 2305 2353 2385 pretio,
2405 2303 2564 2387 quod
2604 2305 2887 2369 venditur
2921 2306 2985 2368 in
3019 2305 3128 2369 do-

397 2394 558 2457 hana
605 2390 804 2454 sancti
850 2389 1071 2473 Sergii.
2561 2466 2566 2470 ἱ

607 2478 767 2545 Item
815 2496 953 2541 cum
1004 2481 1365 2543 consuetum
1414 2480 1516 2557 sit,
1567 2478 1727 2562 quod
1778 2497 1886 2562 pro
1935 2480 2215 2561 qualibet
2262 2481 2422 2561 petia
2469 2478 2674 2561 panni,
2725 2498 2842 2561 que
2899 2479 3129 2545 condu-

401 2567 562 2630 citur
605 2565 681 2630 ad
728 2568 932 2647 partes
982 2564 1303 2631 Sclavonie
1349 2587 1457 2651 per
1505 2568 1666 2631 viam
1716 2566 1984 2645 Scutari‚
2034 2567 2361 2631 solvuntur
2405 2566 2601 2649 grossi
2654 2566 2915 2650 triginta
2963 2567 3132 2632 illius

399 2655 640 2719 monete
684 2654 758 2717 ad
808 2653 1143 2718 transitum
1187 2655 1468 2720 dohanne
1516 2656 1739 2738 Dagni‚
1789 2654 1952 2737 quod
2026 2659 2122 2719 est
2192 2654 2587 2737 importabile
2660 2656 3129 2731 mercatoribus

399 2742 573 2807 vadit
616 2759 779 2824 pam,
826 2742 983 2823 quod
1033 2743 1195 2807 sicut
1236 2762 1343 2825 pro
1391 2742 1671 2826 qualibet
1719 2743 1892 2824 pecia
1938 2744 2258 2807 solvuntur
2305 2743 2508 2825 grossi
2578 2742 2856 2823 triginta,
2923 2744 3007 2807 ita
3055 2743 3131 2805 de

401 2832 599 2894 cetero
646 2827 804 2893 solvi
849 2829 1111 2893 debeant
1156 2849 1402 2913 grossos
1450 2832 1803 2894 decemocto
1842 2829 2013 2895 illius
2049 2832 2310 2907 monete,
2344 2834 2412 2894 ut
2449 2833 2823 2893 mercatores
2858 2830 3127 2895 habeant

402 2936 650 2983 causam
701 2914 841 2979 inde
888 2917 1224 2981 transitum
1275 2917 1558 2983 faciendi.

612 3003 774 3067 Item
852 3005 1216 3069 comittatur
1291 3006 1500 3070 comiti
1558 3007 1623 3069 et
1669 3005 1993 3087 capitaneo
2041 3004 2304 3082 Scutari‚
2354 3005 2514 3088 quod
2563 3023 2720 3068 anno
2765 3005 2974 3068 futuro
3018 3022 3133 3068 suo

398 3091 531 3155 loco
578 3092 644 3155 et
688 3092 967 3171 tempore
1016 3091 1206 3157 faciat
1250 3095 1314 3156 in
1384 3094 1643 3159 Scutaro
1702 3092 2004 3158 incantari
2077 3093 2378 3157 dohanam
2449 3090 2710 3156 folexelli
2775 3110 2882 3173 pro
2958 3091 3131 3155 utili-

398 3179 529 3330 {ate
575 3177 770 3243 nostri
812 3179 1178 3244 communis.
1228 3180 1426 3245 Facta
1471 3180 1589 3246 fuit
1637 3180 1847 3245 littera
1895 3181 2199 3245 dictarum
2266 3180 2542 3263 partium
2611 3182 2675 3243 et
2734 3180 2924 3243 missa
2975 3176 3134 3243 Scu-

430 3284 630 3330 arum.

487 3373 670 3433 Misti
717 3370 956 3433 XLIV.
992 3375 1098 3445 24,
1145 3393 1187 3433 u
1234 3375 1387 3436 mlet.
1437 3377 1675 3437 arlo-ivn.

795 3562 1102 3643 DLXI.
1159 3563 1366 3646 God.
1421 3563 1649 3647 1398.
1709 3566 1809 3646 14
1864 3564 2205 3665 ozujkaei,
2264 3586 2322 3645 u
2376 3561 2773 3644 Mletcill.

404 3708 572 3767 Knez
619 3706 968 3766 Drivastski
1012 3707 1088 3765 od
1129 3707 1332 3767 sluibe
1379 3709 1675 3782 odpuscfen
1716 3710 1740 3767 i
1803 3709 1958 3767 nelca
2002 3726 2064 3766 se
2111 3726 2152 3765 u
2198 3708 2423 3767 Mletke
2477 3709 2658 3783 vrati,
2707 3725 2746 3766 a
2792 3709 2945 3766 nelca
2991 3709 3137 3766 knez

398 3795 721 3855 skadarski
751 3795 1034 3868 ,γἐἀηορα,
1080 3795 1179 3869 koj
1223 3796 1284 3854 ce
1330 3796 1434 3855 isti
1475 3798 1678 3943 witzin
1690 3798 1910 3958 6212ch
1909 3901 1948 3957 9
1951 3797 2041 3941 ἕο
2102 3796 2354 3855 dolazka
2399 3796 2499 3854 υθέ
2542 3797 2898 3854 imenovana
2942 3795 3136 3853 haste*

614 4002 803 4066 1398.
854 4002 949 4066 die
1006 4001 1081 4063 14
1129 4002 1360 4066 mensis
1409 4004 1646 4068 marcii.
1701 4002 2072 4067 Consiliarii.
2126 4002 2356 4084 Capta:
2407 4002 2565 4083 quod
2618 4000 2845 4065 nobilis
2897 4000 2990 4065 vir
3036 4019 3135 4063 ser

402 4091 637 4155 Paulus
684 4089 848 4155 Nani
904 4091 1176 4170 potestas
1226 4090 1503 4154 Drivasti
1567 4090 1924 4156 absolvatur
1975 4110 2008 4155 a
2073 4091 2374 4171 regimine
2439 4088 2734 4171 predicto,
2802 4090 2867 4152 et
2938 4087 3139 4169 possit

401 4179 598 4242 redire
635 4179 962 4257 Venetias;
1013 4196 1226 4241 verum
1274 4195 1480 4241 comes
1527 4179 1591 4241 et
1645 4180 2004 4261 capitaneus
2067 4181 2273 4241 noster
2332 4176 2578 4241 Scutari
2643 4175 2868 4240 ibidem
2945 4180 3136 4258 ponat

405 4284 617 4341 unum,
665 4267 768 4349 qui
819 4265 936 4328 sibi
979 4266 1244 4346 placeat,
1295 4265 1485 4328 donec
1532 4265 1680 4331 illuc
1724 4267 2099 4348 applicuerit
2123 4265 2500 4330 castellanus
2542 4264 2692 4327 illuc
2726 4263 2946 4338 iturus,
2982 4281 3125 4326 cum

400 4353 530 4417 illis
579 4353 824 4431 salario,
873 4352 1334 4416 conditionibus
1383 4356 1446 4416 et
1493 4352 1714 4430 modis,
1763 4373 1908 4418 cum
1955 4345 2179 4435 quibus
2226 4372 2359 4416 esse
2408 4355 2472 4416 et
2540 4353 2630 4416 ire
2682 4350 2870 4413 debet
2916 4349 3124 4413 dictus

404 4440 779 4505 castellanus
825 4440 1160 4522 populari8‚
1212 4440 1313 4520 qui
1361 4438 1565 4504 factus
1614 4444 1710 4504 est
1756 4460 1865 4524 pro
1912 4442 2111 4505 eundo
2158 4441 2236 4504 ad
2273 4440 2507 4503 dictum
2542 4438 2745 4503 locum
2782 4437 3122 4500 secundum

401 4526 666 4592 formam
713 4528 911 4609 partis
958 4531 1136 4609 capte
1185 4527 1247 4591 in
1299 4526 1416 4591 hoc
1465 4528 1720 4592 consilio
1769 4548 1954 4611 super
1998 4529 2128 4592 hoc.

490 4635 669 4695 Misti
721 4634 961 4697 XLIV.
1008 4636 1111 4706 35,
1160 4652 1202 4693 u
1247 4635 1405 4695 mlet.
1455 4637 1696 4696 arkivu.
