3620 5282
409 350 594 447 ⁴82

508 525 850 589 rialitatem
897 520 987 585 eis
1034 520 1260 586 factam
1311 521 1556 587 nomine
1603 523 1835 601 nostro,
1884 526 1946 586 et
1993 520 2259 605 qualiter
2305 523 2516 587 nostro
2562 518 2791 584 iutuitu
2860 520 3228 586 condescen-

509 611 685 676 derat
748 610 826 673 ad
892 609 1182 692 treuguas
1245 628 1387 674 cum
1440 611 1807 674 adversariis
1869 610 2015 688 suiS,
2086 611 2160 674 de
2206 609 2432 691 quibus
2488 608 2775 673 omnibus
2815 608 3230 691 regratiamur

509 699 628 764 sibi
674 698 974 780 quantum
1022 697 1159 779 plus
1206 715 1551 779 possumne,
1593 699 1658 762 et
1703 697 1855 762 bene
1897 697 2242 761 invenimus
2289 698 2352 761 in
2401 715 2470 760 eo
2518 698 2590 760 de
2637 694 2802 759 facto
2845 696 3019 772 illud,
3068 696 3227 777 quod

507 804 751 868 semper
797 784 1199 866 speravimus,
1248 784 1478 849 Verum
1527 785 1913 849 notificamus
1961 785 2100 861 sibi,
2148 785 2304 866 quod
2352 784 2782 848 ambaxatores
2844 784 3036 848 nostri
3098 782 3231 847 fue⁴

508 873 655 937 runt
709 889 867 936 unus
927 872 1002 934 ad
1066 871 1479 954 patriarcham
1542 873 1606 936 et
1665 871 1963 936 Forlanos
2027 876 2089 936 et
2148 871 2308 935 alter
2368 870 2443 935 ad
2509 870 2823 935 dominum
2882 869 3106 947 Padue,
3168 870 3232 932 et

508 963 804 1041 quantum
851 959 1203 1041 potuerunt,
1251 959 1617 1023 institerunt
1661 977 1770 1040 pro
1817 958 1973 1023 bono
2020 959 2139 1023 fine
2183 957 2367 1021 huius
2414 957 2585 1022 facti.
2636 955 2754 1021 Sed
2801 975 2991 1040 quare
3021 973 3226 1021 comes

506 1046 821 1111 Johannes
866 1046 1126 1110 condam
1173 1045 1420 1110 comitis
1469 1046 1750 1110 Bartholi
1798 1045 1875 1110 de
1923 1044 2107 1110 Senia
2153 1045 2282 1109 illis
2328 1046 2545 1109 diebus
2591 1043 2794 1109 fuerat
2839 1046 2917 1108 ad
2972 1062 3073 1108 eos
3120 1062 3231 1126 pro

507 1136 684 1216 parte
728 1133 959 1198 domini
998 1132 1164 1216 regis
1205 1132 1522 1216 Hungarie
1566 1152 1676 1215 pro
1722 1134 1914 1197 simili
1975 1151 2179 1208 causa,
2228 1135 2292 1196 et
2325 1133 2441 1215 ipsi
2478 1133 2916 1213 responderant
2948 1132 3021 1209 ei,
3070 1133 3230 1213 quod

506 1220 776 1285 libenter
794 1220 1205 1285 'attenderent
1247 1220 1327 1283 ad
1373 1223 1767 1286 tractandum
1816 1220 1889 1284 de
1938 1240 2083 1302 pace
2145 1219 2345 1298 firma,
2393 1220 2498 1283 ubi
2561 1219 2846 1283 dominus
2907 1218 3029 1284 dux
3088 1236 3234 1282 con-

507 1309 874 1385 tentaretur,
918 1309 1025 1371 sed
1072 1307 1231 1389 quod
1279 1309 1539 1391 treugue
1585 1327 1703 1372 non
1752 1308 2062 1372 faciebant
2107 1325 2216 1390 pro
2264 1307 2370 1380 eis,
2422 1326 2531 1371 nec
2577 1308 2908 1371 attendunt
2954 1305 3031 1370 ad
3068 1305 3230 1384 illas,

508 1414 628 1460 non
676 1396 963 1479 poterant
1008 1394 1182 1460 nobis
1226 1394 1409 1459 aliter
1455 1396 1837 1478 respondere,
1886 1414 2072 1477 quam
2117 1394 2232 1477 ipsi
2268 1396 2391 1477 regi
2429 1393 2886 1476 responderant.
2937 1393 3020 1456 Et
3049 1411 3232 1475 prop-

509 1485 683 1547 terea
728 1482 947 1547 statim
993 1482 1154 1547 scita
1200 1482 1320 1547 ista
1366 1500 1576 1546 eornm
1642 1486 2054 1565 responsione,
2106 1480 2487 1565 providimus
2530 1485 2591 1545 te
2639 1481 2890 1545 mittere
2952 1478 3029 1544 ad
3091 1500 3228 1543 eum

508 1571 587 1634 ad
655 1568 1096 1635 notificandum
1168 1569 1284 1633 sibi
1352 1569 1498 1635 facti
1568 1570 2042 1647 conclusionem,
2115 1572 2176 1633 et
2223 1570 2299 1632 ad
2348 1570 2787 1651 reportandum
2831 1567 2950 1632 sibi
2989 1567 3234 1631 litteras

505 1674 651 1723 suas
696 1658 874 1721 datas
920 1656 1422 1722 ambaxatoribus
1470 1656 1714 1732 nostris,
1765 1659 1838 1720 ut
1881 1657 2011 1739 ipse
2059 1656 2448 1731 informatus,
2493 1657 2808 1737 providere
2834 1657 3034 1738 possit
3069 1654 3235 1718 sicut

506 1744 723 1810 honori
764 1746 828 1809 et
872 1744 1067 1809 statui
1107 1761 1219 1807 suo
1266 1743 1490 1808 viderit
1533 1746 1877 1822 convenire,
1926 1764 2110 1826 quem
2156 1744 2269 1807 deo
2318 1746 2479 1807 teste
2526 1744 2616 1807 ita
2660 1742 3021 1807 cordialiter
3075 1742 3238 1806 sicut

506 1832 825 1915 proprium
872 1834 1246 1909 exoctamu8‚
1295 1831 1579 1914 dispositi
1627 1850 1869 1913 semper
1923 1833 1985 1895 in
2048 1831 2356 1903 omnibus,
2404 1849 2519 1913 que
2585 1829 2838 1895 honeste
2900 1847 3238 1912 possemus,

507 1921 583 1984 ad
632 1921 857 1984 cuncta
901 1938 1013 1984 sua
1060 1918 1449 2001 beneplacita
1495 1920 1557 1982 et
1602 1917 1879 1984 honores.
1932 1918 2095 1982 Data
2142 1918 2240 1983 die
2285 1917 2377 1981 111
2410 1917 2622 2000 aprilis
2655 1917 2834 1982 tertie
2865 1916 3232 1982 indictionis.

592 2025 831 2087 Secreta
875 2027 1111 2087 consilii
1153 2030 1510 2101 rogatorum,
1557 2044 1600 2084 u
1644 2027 1798 2087 mlet.
1849 2026 2083 2086 arkivu.

850 2231 1200 2313 CXLII.
1255 2231 1462 2314 God.
1520 2231 1746 2315 1365.
1799 2231 1904 2315 26
1958 2234 2333 2335 travilla,
2383 2254 2443 2313 u
2496 2232 2891 2315 Mletcih.

505 2375 802 2435 Mletdam‘
851 2375 1026 2434 bodre
1044 2376 1359 2449 podkneza
1389 2376 1643 2451 krekoqa
1674 2376 1920 2445 Nikolu,
1964 2377 2117 2435 nelca
2149 2378 2382 2450 untraje
2409 2376 2600 2435 radici
2627 2395 2710 2435 na
2743 2377 2988 2450 njihovu
3032 2375 3236 2437 kerist.

714 2493 976 2559 Nicolao
1027 2495 1378 2560 vicecomiti
1425 2496 1641 2579 Vegle.
1710 2496 1928 2563 Plures
1997 2498 2238 2561 litteras
2310 2499 2548 2562 vestras
2611 2498 2975 2578 recepimus,
3039 2495 3239 2562 conti-

506 2585 725 2651 nentes
772 2581 1099 2647 cousilium
1147 2586 1211 2647 et
1256 2601 1613 2666 apparerem
1661 2588 1940 2650 vestrum
1988 2585 2153 2650 circa
2200 2585 2726 2668 recuperationem
2762 2586 2956 2650 nostri
2988 2584 3237 2658 honoris

507 2674 574 2737 et
637 2673 843 2736 status
890 2673 1107 2736 contra
1154 2674 1396 2736 nostros
1465 2672 1727 2737 rebelles
1769 2672 1973 2738 Crete.
2043 2672 2469 2738 Intelleximus
2538 2673 2727 2738 etiam
2802 2690 2876 2738 ex
2936 2673 3235 2738 relatione

507 2757 894 2844 provisorum
938 2761 1283 2822 nostrorum
1329 2757 1638 2824 laudabile
1686 2763 1750 2825 et
1795 2759 1977 2824 fidele
2029 2762 2485 2843 portamentum
2537 2762 2810 2825 vestrum
2873 2761 2937 2825 in
2997 2761 3237 2825 cunctis

509 2846 938 2931 spectantibus
998 2844 1076 2909 ad
1141 2847 1332 2910 nostri
1391 2847 1597 2911 status
1659 2851 2089 2930 augmentum.
2155 2849 2272 2912 Pro
2317 2848 2543 2930 quibus
2603 2847 2889 2912 omnibus
2956 2849 3239 2930 quamvis

509 2937 695 3000 antea
735 2934 889 2999 satis
930 2951 1205 2997 essemus
1251 2933 1404 2997 certi
1451 2935 1528 2999 de
1573 2936 1732 3000 bona
1780 2934 2176 3017 dispositione
2224 2943 2447 3014 vestra,
2497 2954 2634 3000 eam
2680 2937 2887 3000 tamen
2935 2954 3078 2999 vera
3136 2953 3241 2999 ex-

509 3022 810 3105 perientia
854 3020 1341 3102 comprobanteS,
1391 3024 1609 3088 merito
1655 3025 1927 3086 vestram
1992 3023 2366 3103 probitatem
2436 3026 2498 3086 et
2558 3021 2742 3086 fidem
2804 3040 2877 3086 ac
2936 3021 3234 3087 curiosam

511 3108 969 3174 solicitudinem
1020 3111 1084 3172 et
1130 3107 1539 3191 diligentiam,
1581 3128 1765 3191 quam
1814 3108 1876 3173 in
1924 3111 2155 3173 nostris
2202 3110 2472 3174 servitiis
2521 3109 2809 3174 continue
2859 3109 3048 3174 nullis
3096 3127 3238 3191 par-

510 3198 698 3261 cendo
745 3195 1034 3279 perieulis
1081 3195 1182 3258 vel
1226 3195 1543 3260 laboribus
1589 3196 1794 3278 dignis
1836 3197 2092 3265 laudum
2135 3197 2439 3279 preconiis
2471 3197 2797 3276 adhibetis,
2848 3197 3068 3261 merito
3097 3215 3242 3261 con-

513 3283 897 3360 mendamus,
941 3298 1049 3363 pro
1111 3300 1230 3363 qua
1276 3283 1552 3347 nostram
1614 3286 1679 3347 et
1740 3284 2201 3348 communitatis
2263 3287 2469 3349 nostre
2523 3285 2791 3367 gratiam
2854 3284 3240 3367 amplissime

511 3368 889 3453 quesivistis,
950 3368 1269 3432 hortantes
1336 3388 1463 3447 voa,
1527 3372 1597 3434 ut
1655 3371 1819 3434 sicut
1865 3369 2103 3436 fecistis
2164 3372 2228 3435 et
2288 3372 2512 3450 facitiS,
2578 3373 2668 3435 sic
2729 3389 3119 3453 perseverare
3162 3370 3238 3436 de

514 3456 672 3521 bono
717 3455 782 3519 in
844 3453 1066 3519 melius
1114 3456 1405 3534 debeatis,
1468 3458 1554 3522 ita
1601 3459 1760 3539 quod
1807 3477 1879 3522 ex
1927 3457 2065 3522 inde
2125 3458 2342 3524 honori
2409 3461 2472 3522 et
2531 3457 2693 3523 same
2755 3460 2956 3524 vestre
3019 3476 3241 3522 nomen

515 3544 876 3626 perpetuum
926 3543 990 3606 et
1033 3541 1430 3607 indelebilem
1478 3547 1635 3627 apud
1682 3564 1791 3609 nos
1840 3547 2088 3628 possitis
2136 3546 2499 3611 memoriam
2549 3546 2904 3629 promereri.
2952 3545 3117 3611 Data
3155 3544 3241 3610 26

514 3629 748 3714 apriliS,
795 3630 981 3694 tertie
1027 3629 1400 3695 indictionis

601 3737 846 3799 Secreta
888 3737 1126 3798 consilii
1170 3743 1525 3814 roqatorum,
1572 3758 1615 3800 u
1657 3740 1814 3802 mlet.
1862 3741 2096 3802 arkivu.

859 3925 1227 4010 cnm.
1282 3929 1489 4011 Gon.
1542 3926 1771 4012 1365.
1828 3930 1930 4012 10
1985 3929 2349 4031 svibnjiss
2410 3952 2464 4012 u
2520 3930 2908 4013 Mleteih.

529 4071 798 4146 Upudnje
858 4087 921 4131 se
957 4072 1242 4145 poslanik
1287 4089 1330 4131 u
1375 4071 1580 4146 Sem‘u,
1635 4072 1789 4133 nelca
1835 4073 2028 4146 sklopi
2070 4073 2347 4149 poyodbu
2406 4091 2438 4132 s
2482 4091 2651 4133 onom
2695 4074 2875 4135 ‹ictom
2935 4073 3241 4134 hrvatskih

965 4160 1312 4237 kouy’anika,
1358 4160 1498 4234 koja
1523 4161 1591 4234 ‚ic
1635 4161 1839 4235 voljna
1880 4162 2097 4235 stupui
2141 4178 2183 4221 u
2226 4161 2519 4222 mletadku
2563 4160 2792 4224 sluk'bu.

729 4278 1043 4344 Leonardo
1090 4281 1165 4344 de
1210 4278 1505 4360 Lagnella
1550 4281 1611 4344 in
1657 4281 1938 4364 partibus
1972 4280 2210 4364 Segnie.
2256 4282 2599 4347 Leonarde!
2648 4281 2982 4347 intellectis
3013 4280 3242 4346 litteris

525 4363 646 4429 hiis
693 4365 852 4431 datis
900 4365 1101 4449 Segne
1158 4365 1255 4430 die
1301 4366 1358 4431 V
1415 4368 1645 4432 mensis
1694 4369 1842 4433 maii
1911 4388 2095 4451 super
2154 4367 2317 4433 facto
2377 4369 2824 4452 quinquaginta
2884 4368 3241 4435 Sclavorum

524 4453 819 4532 equitum,
866 4471 1008 4517 cum
1050 4453 1271 4535 quibus
1317 4456 1660 4520 convenisti
1706 4456 2001 4538 placendo
2048 4455 2244 4533 nobis,
2293 4456 2454 4537 quod
2500 4456 2772 4521 habeant
2830 4456 3081 4521 ducatos
3126 4456 3245 4520 VII

523 4555 633 4618 pro
679 4538 975 4618 quolibet,
1023 4544 1087 4604 et
1132 4539 1388 4604 ducatos
1434 4541 1613 4606 XXV
1656 4541 1820 4607 inter
1864 4542 2014 4607 duos
2061 4543 2491 4608 comestabiles
2539 4545 2600 4607 in
2649 4561 2860 4608 mense
2906 4562 3047 4608 cum
3086 4562 3246 4628 paga

526 4627 785 4704 quatuor
831 4627 1134 4690 mensium
1182 4629 1245 4691 et
1290 4627 1469 4693 firma
1513 4630 1585 4694 de
1609 4629 1751 4694 aliis
1797 4633 2063 4712 quatuor
2109 4632 2251 4709 etc.,
2300 4631 2461 4694 sicut
2507 4630 2565 4694 in
2613 4631 2739 4695 tuis
2784 4629 3015 4696 litteris
3055 4632 3247 4696 serio-

526 4710 654 4772 sius
698 4711 1065 4793 continetur,
1113 4714 1567 4797 respondemus,
1615 4716 1769 4799 quod
1820 4736 2033 4783 sumus
2090 4718 2365 4783 contenti
2423 4719 2485 4782 et
2544 4716 2750 4800 placet
2812 4718 2986 4784 valde
3047 4716 3247 4797 nobis,
