3620 5282
475 368 607 436 342

466 546 874 613 sufficientem
924 544 1170 629 galeam
1217 545 1389 609 illius
1436 563 1722 610 mensure
1768 544 1869 609 vel
1914 542 2173 608 alterius
2220 561 2504 608 mensure
2549 560 2690 606 cum
2738 541 3024 607 omnibus
3075 542 3204 607 suis

465 634 703 699 coredis
749 634 878 698 loco
919 633 1112 711 illius,
1161 652 1302 698 cum
1349 631 1478 697 illis
1523 632 1724 697 modis
1765 635 1832 697 et
1878 630 2338 697 condicionibus
2389 630 2708 707 omnibu8‚
2772 648 2912 694 cum
2977 629 3203 712 quibus

464 722 609 787 data
657 725 722 786 et
759 739 1049 786 concessa
1098 720 1217 784 fuit
1259 721 1438 803 galea
1484 720 1778 801 predicta,
1829 738 2014 801 quam
2059 719 2291 784 habent
2339 718 2398 783 in
2444 717 2733 799 presenti.

677 808 839 873 Item
887 808 1051 890 quod
1103 810 1473 872 concedatur
1511 807 1598 872 eis
1648 808 1903 872 licentia
1971 805 2260 888 portandi
2306 804 2479 869 illam
2529 804 2941 888 quantitatem
2992 802 3197 886 ligna-

465 896 727 974 minum,
776 915 960 978 qnam
1009 896 1231 977 petunt
1276 913 1384 978 pro
1432 896 1816 977 reparatione
1863 894 2081 977 palatii
2128 893 2373 958 comitis
2422 892 2632 957 Kersii
2681 894 2745 957 et
2790 891 3046 957 ecclesie
3100 909 3203 955 su-

465 983 767 1067 pradicte.
834 983 926 1047 De
974 1001 1095 1046 nou
1146 981 1204 1060 1,
1245 1001 1364 1047 non
1412 982 1635 1047 sinceri
1689 985 1743 1060 1,
1792 1000 2004 1046 omnes
2051 980 2163 1046 alii
2209 980 2283 1045 de
2330 982 2525 1063 parte.

550 1074 731 1132 Misti
781 1072 1066 1132 XXVII.
1117 1074 1261 1145 112,
1307 1092 1350 1133 u
1397 1074 1613 1133 arkivu
1656 1074 2017 1133 mletackom.

909 1260 1123 1342 Dvl.
1177 1258 1385 1342 God.
1439 1259 1660 1343 1357.
1714 1258 1808 1340 15
1842 1259 2183 1360 oZqua,
2236 1281 2297 1340 u
2354 1257 2746 1341 Mletcih.

368 1462 375 1469 .
480 1387 838 1461 Dozvoljeno
880 1386 1085 1458 fratru
1129 1386 1356 1457 Nikoli,
1412 1386 1490 1444 da
1534 1402 1597 1445 se
1642 1405 1685 1445 u
1729 1385 1960 1445 Mletke
2015 1388 2287 1463 povrati,
2350 1387 2374 1444 i
2420 1386 2500 1444 da
2545 1384 2695 1444 bude
2737 1400 2822 1443 na
2865 1382 3055 1443 slulbi
3090 1401 3200 1455 po-

908 1474 1149 1533 slam‘ka
1178 1474 1515 1549 uyarskoya
1554 1475 1947 1547 nitranskoya
1977 1474 2246 1546 biskupa,
2292 1474 2446 1533 kako
2485 1472 2621 1537 ovai
2649 1472 2779 1532 beli.

696 1592 883 1657 1357.
939 1593 1016 1655 15
1061 1593 1296 1670 marcii,
1348 1595 1564 1675 capta:
1628 1595 1782 1675 quod
1832 1592 2026 1656 frater
2087 1591 2374 1656 Nicolaus
2436 1591 2663 1656 ordinis
2707 1589 3193 1668 Heremitarum,

476 1681 624 1747 olim
671 1680 839 1764 prior
886 1682 1085 1745 sancti
1135 1679 1451 1762 Stephani,
1504 1681 1607 1764 qui
1656 1682 1733 1745 ab
1800 1680 2008 1763 aliquo
2071 1683 2343 1761 tempore
2408 1679 2567 1742 citra
2611 1678 2732 1741 fnit
2784 1681 2955 1742 extra
2999 1678 3201 1742 Vene-

471 1770 599 1833 cias
644 1772 895 1851 propter
938 1769 1148 1850 aliqua
1194 1769 1525 1832 commissa
1571 1788 1678 1850 per
1724 1787 1884 1844 eum,
1933 1768 2131 1850 possit
2176 1785 2316 1830 cum
2366 1766 2570 1848 gratia
2617 1767 2826 1831 nostra
2862 1766 3088 1830 reverti
3132 1768 3196 1828 et

474 1857 640 1921 stare
687 1857 764 1920 ad
811 1858 1180 1920 conventum
1230 1873 1431 1933 suum,
1480 1856 1644 1919 sicut
1689 1858 1874 1919 antea
1920 1856 2179 1936 poterat,
2228 1854 2489 1918 tenendo
2544 1852 2720 1917 illum
2770 1852 3045 1941 modum,
3093 1853 3201 1935 qui

470 1942 785 2008 videbitur
831 1942 1121 2021 dominio,
1171 1942 1245 2006 ut
1288 1944 1552 2023 ponatur
1597 1942 1662 2006 in
1704 1960 1933 2025 magno
1964 1942 2219 2006 servicio
2253 1991 2266 2003 .
2305 1990 2319 2005 .
2357 1990 2371 2005 .
2411 1942 2696 2023 episcopo
2733 1938 3038 2005 Nitrie‘nsi
3062 1958 3200 2004 am-

467 2031 751 2095 baxatori
800 2031 963 2113 regis
1011 2029 1352 2112 Hungarie,
1402 2030 1507 2112 qui
1553 2030 1667 2094 hoc
1699 2031 1880 2112 petit.
1928 2028 2070 2093 Non
2092 2029 2156 2106 O,
2205 2046 2327 2092 non
2375 2029 2682 2106 31000112,
2731 2027 2844 2092 alii
2889 2027 2964 2092 de
2998 2028 3194 2110 parte.

559 2119 732 2181 Cone.
783 2120 861 2182 X.
908 2121 1089 2180 Misti
1134 2122 1173 2179 1
1186 2121 1248 2181 V.
1294 2122 1394 2193 57,
1442 2138 1485 2180 u
1531 2122 1748 2180 arkivu
1792 2120 2150 2179 mletackom.

835 2308 1105 2391 nvn.
1188 2308 1393 2390 Gon.
1450 2308 1669 2392 1357.
1723 2308 1819 2390 27
1871 2307 2251 2407 travam,
2304 2317 2365 2389 11
2419 2306 2811 2388 Mletcih.

472 2434 744 2509 Predloffi
792 2433 872 2492 da
914 2450 975 2492 se
1021 2434 1286 2508 oye-anibi
1344 2435 1469 2493 mcc
1529 2450 1755 2509 novoya
1798 2436 2060 2502 saviata,
2123 2434 2221 2507 koj
2265 2449 2326 2493 se
2377 2433 2633 2492 izabrati
2692 2449 2892 2493 morao
2938 2452 2981 2492 u
3014 2433 3197 2506 postu
3269 2429 3296 2439 “

469 2526 616 2580 rata
661 2522 1060 2596 obstojavseya
1108 2536 1139 2580 s
1183 2523 1490 2596 ηραν-311101
1531 2523 1796 2596 kraljem,
1866 2539 1907 2580 u
1953 2521 2148 2582 koliko
2208 2537 2269 2579 se
2316 2521 2491 2610 ticalo
2537 2520 2858 2593 sklapanja
2907 2518 3198 2599 priminj‘a

1430 2610 1500 2668 ili
1545 2610 1719 2687 mira,
1769 2609 1919 2669 bade
1965 2608 2240 2671 odbacen.

692 2727 882 2792 1357.
931 2728 1263 2795 indictione
1310 2729 1390 2806 X,
1441 2730 1538 2794 die
1583 2729 1666 2794 27
1715 2729 1956 2812 aprilis.
2007 2728 2167 2807 Quia
2212 2727 2397 2806 facta,
2446 2747 2562 2811 que
2595 2729 3047 2810 presentialiter
3083 2727 3194 2792 ha-

480 2816 710 2881 bentur
753 2815 1027 2898 expediri
1076 2818 1138 2880 in
1184 2818 1440 2881 consilio
1487 2818 1860 2899 sapientum,
1922 2821 2069 2881 sunt
2123 2817 2315 2881 ardua
2360 2819 2423 2880 et
2468 2817 2839 2897 ponderosa,
2893 2819 2957 2880 et
2996 2815 3198 2899 requi-

479 2906 630 2968 runt
672 2905 896 2968 bonam
945 2907 1009 2968 et
1054 2910 1367 2969 maturam
1432 2904 1943 2969 deliberationem
2004 2905 2070 2969 et
2129 2903 2550 2979 credenciam3
2619 2904 2683 2967 et
2727 2905 3046 2986 propterea
3089 2921 3199 2986 pro

477 2990 663 3055 nobis
710 2993 774 3054 et
819 2992 988 3055 statu
1035 2995 1244 3057 nostro
1291 2992 1481 3056 faciat
1524 2991 1805 3056 celeriter
1867 2990 2221 3074 providere,
2287 2990 2430 3073 quia
2490 2990 2692 3072 ipsum
2757 2990 3087 3055 consilium
3132 2991 3194 3053 in

475 3078 760 3161 proximo
808 3080 1114 3160 complet;
1161 3078 1335 3143 vadit
1373 3097 1515 3160 pars
1563 3079 1627 3143 in
1673 3078 1892 3143 christi
1939 3079 2219 3154 nomine,
2283 3081 2354 3141 ut
2400 3077 2566 3141 facta
2629 3080 2840 3142 nostra
2903 3078 2979 3142 de
3039 3077 3198 3142 bono

464 3165 529 3228 in
594 3163 824 3227 melius
865 3165 978 3228 deo
1019 3170 1268 3230 auctore
1317 3169 1771 3248 prosperentur,
1820 3166 1980 3248 quod
2023 3164 2350 3229 consilium
2406 3164 2756 3246 sapientum
2804 3165 3201 3230 confirmetur

465 3269 672 3332 usqne
724 3270 826 3314 sex
872 3270 1114 3317 menses
1161 3255 1434 3335 proxime
1496 3254 1754 3331 futuros,
1813 3252 2119 3335 elligendo
2181 3253 2336 3316 alios
2382 3252 2831 3334 quinquaginta
2889 3252 3198 3336 sapientes

470 3337 600 3403 loco
653 3355 867 3402 eorum
915 3337 1030 3403 hoc
1075 3340 1276 3417 modo,
1326 3339 1634 3418 videlicet,
1684 3340 1845 3422 quod
1892 3358 1963 3404 ex
2008 3358 2170 3405 nunc
2217 3339 2554 3423 elligantur
2598 3338 2751 3404 dicti
2795 3340 2845 3403 L
2886 3340 3199 3423 sapientes

468 3444 585 3508 per
644 3426 912 3506 quatuor
967 3444 1187 3491 manus
1248 3426 1641 3493 ellectionum
1701 3428 1763 3491 in
1826 3427 2046 3491 maiori
2093 3427 2382 3505 consilio,
2453 3445 2576 3491 non
2633 3427 2985 3509 accipiendo
3029 3427 3198 3492 ultra

475 3530 679 3590 unum
728 3529 837 3593 pro
880 3512 1091 3589 offitio,
1138 3517 1211 3578 ut
1255 3513 1454 3578 offitia
1501 3534 1618 3580 non
1659 3517 1907 3599 portent
1961 3513 2308 3592 deffectum,
2359 3517 2423 3577 et
2467 3513 2618 3577 duos
2665 3533 2773 3597 pro
2817 3515 3018 3593 domo,
3066 3513 3203 3598 qui-

478 3599 602 3662 bus
654 3598 1035 3678 comittatur,
1084 3602 1241 3683 quod
1289 3602 1476 3665 simul
1520 3620 1660 3667 cum
1706 3601 1953 3667 domino
1999 3603 2168 3679 duce,
2233 3601 2598 3665 consiliariis
2660 3606 2724 3665 et
2769 3602 3075 3684 capitibus
3122 3601 3197 3666 de

478 3687 596 3751 XL
646 3687 1009 3768 provideant
1049 3689 1109 3753 in
1155 3690 1439 3753 omnibus
1484 3690 1666 3753 factis
1710 3689 2177 3754 occurrentibus
2223 3689 2535 3753 occasione
2580 3687 2744 3752 dicte
2791 3707 3009 3771 guerre
3054 3706 3195 3752 cum

486 3773 606 3838 illa
654 3774 960 3852 libertate,
1014 3776 1384 3840 auctoritate
1435 3779 1499 3841 et
1542 3776 2010 3853 conditionibus,
2060 3776 2281 3857 quibus
2326 3777 2425 3841 est
2468 3775 2547 3839 ad
2590 3794 2842 3858 presens
2872 3775 3196 3841 consilium

484 3862 865 3944 sapientum,
916 3863 1087 3927 salvo
1134 3863 1292 3945 quod
1342 3863 1402 3927 in
1451 3882 1595 3927 casn
1644 3863 1815 3946 pacis
1879 3863 1975 3926 vel
2037 3864 2291 3945 treugue
2350 3862 2588 3926 dictum
2634 3864 2960 3929 consilium
3007 3864 3057 3927 L
3099 3879 3198 3927 sa-

489 3950 773 4031 pientum
820 3948 1267 4033 elligendorum
1314 3950 1553 4014 nullam
1601 3951 1827 4015 habeat
1871 3950 2228 4014 libertatem
2283 3949 2570 4014 firmandi
2630 3969 2848 4034 pacem
2888 3951 2987 4017 vel
3033 3953 3200 4016 treu-

496 4054 650 4116 guas
689 4036 821 4099 sine
866 4038 1120 4101 consilio
1166 4039 1557 4120 rogatorum,
1628 4039 1689 4100 in
1737 4055 1855 4119 quo
1911 4036 2228 4113 dominae,
2300 4037 2633 4102 consiliarii
2698 4041 2761 4102 et
2806 4040 3013 4122 capita
3056 4055 3197 4103 cum

490 4123 656 4187 dicto
704 4123 959 4188 consilio
1008 4125 1355 4206 sapientum
1406 4124 1655 4189 omnino
1701 4123 1909 4189 venire
1955 4127 2298 4200 teneantur,
2340 4127 2403 4188 et
2439 4126 2586 4190 tunc
2610 4125 2898 4209 quicquid
2941 4128 3003 4191 in
3038 4126 3200 4190 dicto

482 4209 745 4274 consilio
792 4214 1140 4294 rogatorum
1191 4214 1256 4276 et
1300 4211 1652 4294 sapientum
1700 4211 1955 4276 insimul
2001 4215 2506 4295 congregatorum
2563 4213 2749 4279 fuerit
2795 4214 3198 4279 terminatum

480 4314 591 4376 per
636 4298 943 4362 maiorem
993 4301 1251 4380 partem,
1300 4299 1387 4363 sit
1410 4300 1680 4378 firmum,
1730 4301 1793 4365 et
1827 4300 2185 4364 firmitatem
2214 4300 2524 4375 obtineat3
2573 4301 2997 4385 intelligendo,
3043 4301 3198 4384 quod

479 4381 588 4460 hii,
640 4384 744 4465 qni
795 4388 941 4449 sunt
987 4386 1058 4450 ad
1117 4404 1385 4468 presenS,
1447 4388 1687 4470 possint
1749 4387 1964 4470 reeligi
2011 4387 2085 4451 de
2148 4387 2281 4469 ipso
2327 4389 2584 4453 consilio
2647 4408 2788 4455 cum
2835 4389 3048 4454 ordine
3094 4407 3195 4451 su-

475 4471 779 4550 pradicto.
853 4471 937 4536 Et
997 4474 1140 4554 quia
1203 4475 1516 4556 sapientes
1583 4474 1849 4558 predicti
1913 4492 2032 4539 non
2095 4477 2348 4557 possent
2408 4493 2619 4540 omnes
2667 4476 2840 4558 elligi
2884 4495 3076 4558 usque
3121 4474 3200 4538 ad

477 4555 1002 4639 complementum
1051 4561 1359 4642 presentis
1410 4562 1653 4627 consilii
1700 4562 2071 4646 sapientum,
2137 4562 2298 4643 quod
2345 4563 2407 4626 in
2455 4564 2731 4646 proximo
2778 4564 3053 4646 expirat,
3101 4580 3197 4626 or-

475 4642 722 4708 dinetur
770 4663 842 4709 ex
888 4664 1065 4725 nunc,
1115 4649 1277 4730 qnod
1324 4648 1557 4713 dictum
1606 4649 1798 4714 consil
1812 4650 1940 4713 ium
2004 4649 2392 4732 sapientum,
2441 4650 2602 4733 quod
2650 4653 2745 4714 est
2805 4652 2880 4714 ad
2927 4667 3196 4731 presens,

472 4729 694 4796 durare
741 4732 980 4811 debeat,
1029 4733 1218 4798 donec
1264 4735 1497 4801 fuerint
1541 4736 1760 4802 ellecte
1807 4739 1872 4801 et
1908 4735 2070 4801 facte
2115 4737 2243 4801 tres
2289 4740 2500 4817 partes
2547 4738 2852 4803 dictorum
2887 4736 3190 4819 quinqua-
