3620 5282
3012 362 3144 430 249

637 532 1178 618 CCCLXVII.
1251 534 1458 618 eod.
1513 535 1737 621 1352.
1795 536 1848 618 9
1898 465 2354 638 listopada,
2409 559 2470 618 u
2525 536 2913 620 metelli.

409 661 726 736 Povjereno
771 662 1010 730 odboru,
1054 662 1154 734 koj
1196 678 1259 720 se
1304 662 1439 720 bavi
1480 678 1512 721 s
1524 662 1759 735 poscam·
1789 662 2051 721 tioudimi
2092 679 2154 721 se
2198 666 2340 721 rata
2381 679 2455 722 sa
2506 662 2846 737 Gjenuvezi,
2893 665 2975 723 da
3029 667 3143 726 rie-

948 749 1098 809 §ava
1141 751 1167 807 i
1209 751 1401 808 stvari
1437 750 1713 810 odnosede
1759 767 1823 810 se
1867 768 1951 809 na
1995 750 2168 809 Istru
2212 752 2236 808 i
2280 750 2608 811 Hrvatsku.

630 888 818 955 1352.
864 886 965 951 die
1010 888 1101 952 IX
1145 888 1445 964 octubris,
1492 890 1708 970 capta:
1757 888 1903 971 quia
1949 888 2113 954 facta
2143 888 2330 953 Istrie
2377 890 2441 953 et
2487 887 2806 954 Solavonie
2852 891 3001 954 sunt
3030 909 3139 955 oo-

409 994 562 1040 nexa
606 977 671 1041 et
718 975 1129 1058 dependentia
1173 994 1211 1039 a
1256 975 1437 1041 factis
1484 994 1702 1059 guerre
1748 975 2120 1041 Januensis:
2185 977 2358 1042 vadit
2404 995 2546 1059 pars
2571 1025 2586 1048 ,
2632 977 2793 1060 quod
2841 978 2977 1059 ipsa
3023 997 3131 1043 ue-

412 1065 603 1147 gotia‚
650 1066 714 1128 et
759 1081 851 1141 ea,
898 1082 1019 1146 que
1065 1065 1424 1127 occurerent
1460 1063 1525 1127 in
1570 1066 1884 1145 posterum
1932 1065 2285 1146 spectancia
2315 1064 2501 1129 dictis
2533 1064 2735 1140 factis,
2783 1066 3126 1130 tractentur

410 1154 474 1216 et
518 1151 923 1233 expediantur
969 1150 1032 1213 in
1076 1149 1205 1214 illis
1252 1150 1547 1229 consiliis,
1595 1151 1820 1232 quibus
1844 1151 2253 1234 expediuntur
2293 1153 2544 1236 negotia
2583 1170 2805 1235 guerre
2850 1171 2992 1217 cum
3023 1152 3136 1218 illa

411 1238 722 1317 libertate,
769 1239 1143 1303 auctoritate
1191 1238 1256 1302 et
1300 1238 1518 1317 modis,
1566 1240 1788 1321 quibus
1836 1239 2241 1322 expediuntur
2272 1240 2436 1305 facta.
2478 1258 2716 1324 guerre.
2764 1240 2845 1305 Et
2887 1240 2943 1304 si
2992 1258 3138 1305 con-

409 1325 621 1392 silium
669 1327 786 1391 etc.

496 1417 677 1476 Misti
729 1416 861 1475 XX
869 1416 972 1476 VI.
1017 1418 1162 1486 100,
1208 1433 1252 1475 u
1293 1416 1637 1477 mletadkom
1680 1418 1917 1477 arkivu.

584 1640 1162 1723 ooonxvln.
1238 1640 1445 1723 eoo.
1501 1640 1726 1726 1352.
1778 1640 1881 1727 25
1934 1641 2395 1744 ustopana,
2449 1665 2510 1724 u
2569 1643 2959 1726 metam.

413 1768 781 1841 Dozvoljava
809 1784 872 1826 se
905 1767 1192 1839 jednomu
1234 1766 1611 1835 Zadram'nu,
1653 1768 1971 1827 naeelniku
2014 1770 2212 1843 vojske
2259 1787 2299 1828 u
2350 1769 2617 1839 Trevizu,
2663 1770 2744 1828 da
2772 1772 2977 1844 mJ'esto
3022 1773 3150 1832 sebe

592 1856 783 1914 ostavi
823 1856 1118 1928 sposobnu
1163 1856 1360 1923 osolm,
1395 1855 1562 1914 dolcle
1606 1872 1669 1915 se
1703 1859 1950 1928 povrati
1992 1858 2050 1917 iz
2094 1857 2494 1931 Lombardije,
2528 1859 2699 1916 kamo
2727 1860 2965 1931 putuje.

626 1975 811 2039 1352.
858 1976 957 2040 die
1004 1976 1180 2040 XXV
1208 1976 1500 2041 octubris.
1550 1975 1706 2041 Cum
1751 1976 1910 2041 alias
1952 1977 2115 2043 facta
2148 1978 2338 2043 fuerit
2371 1979 2578 2061 gratia
2610 1976 2905 2042 Saladino
2930 1978 3005 2042 de
3032 1977 3146 2043 Sa-

410 2063 633 2128 ladinis
658 2064 731 2127 de
750 2062 960 2141 Jadra‚
1009 2063 1399 2127 comestabili
1424 2064 1631 2128 nostro
1677 2064 1990 2147 equestri
1973 2085 2037 2129 1n
2061 2066 2358 2143 Tarvisio‚
2407 2067 2562 2148 quod
2597 2065 2795 2148 possit
2829 2065 3149 2130 dimittere

411 2151 541 2215 loco
565 2151 661 2215 sui
687 2152 1016 2233 quemdam
1041 2151 1298 2215 fratrem
1323 2170 1521 2231 sunm,
1551 2150 1744 2217 donec
1770 2152 2003 2217 rediret
2025 2153 2100 2217 de
2127 2153 2410 2234 partibus
2442 2154 2827 2231 Lombardie,
2877 2153 2956 2217 ad
2990 2172 3144 2236 quas

410 2239 543 2303 erat
587 2239 786 2307 iturus
834 2239 998 2303 idem
1046 2238 1393 2317 SaladinuS‚
1444 2241 1507 2303 et
1549 2240 1713 2303 sicut
1758 2241 2006 2321 exponit
2069 2242 2269 2306 dictus
2319 2232 2648 2305 Saladinus
2694 2241 2900 2305 dictus
2947 2239 3140 2305 frater

410 2326 540 2390 eins
586 2326 664 2390 ad
709 2345 961 2408 presens
1024 2326 1322 2391 interesse
1386 2345 1507 2391 non
1569 2327 1769 2409 possit
1829 2326 2016 2393 dictis
2075 2329 2272 2410 postis
2338 2347 2447 2411 pro
2497 2329 2681 2393 certis
2749 2328 2932 2392 factis
2979 2328 3131 2405 sui8‚

318 2474 325 2477 ,
411 2431 560 2497 quas
605 2413 805 2479 facere
851 2413 1042 2478 habet
1086 2413 1152 2478 in
1199 2414 1390 2497 Pago,
1438 2416 1690 2496 propter
1735 2416 1896 2497 quod
1943 2416 2267 2497 supplicet.
2324 2417 2485 2498 quod
2534 2417 2669 2481 loco
2715 2414 2865 2481 dicti
2913 2415 3125 2480 fratris

411 2500 509 2564 sui
553 2500 752 2584 possit
810 2520 1032 2583 ponere
1093 2504 1399 2584 quandam
1463 2519 1790 2583 personam
1852 2502 2264 2568 sufficientem
2327 2522 2519 2587 usque
2581 2505 2909 2569 adventum
2976 2503 3136 2568 dicti

410 2588 623 2654 fratris
669 2588 787 2668 sui,
836 2587 946 2655 fiat
991 2588 1109 2654 sibi
1154 2589 1376 2673 gratia,
1427 2590 1586 2673 quod
1618 2590 1819 2674 possit
1841 2609 2066 2673 ponere
2097 2590 2333 2655 dictum
2367 2591 2698 2671 hominem,
2747 2591 2911 2655 sicut
2956 2592 3133 2673 petit,

410 2678 637 2742 bonum
685 2679 751 2741 et
794 2676 1204 2741 sufficientem
1266 2696 1457 2760 usque
1519 2678 1596 2742 ad
1659 2679 1991 2743 adventum
2054 2679 2208 2743 dicti
2267 2680 2477 2744 fratris
2540 2680 2670 2759 sui,
2719 2679 2980 2744 durante
3027 2680 3144 2743 hac

410 2765 613 2848 gratia
656 2783 765 2846 per
812 2764 1084 2830 medium
1129 2782 1357 2829 annum
1408 2767 1653 2830 tantum
1698 2768 1817 2829 etc.

498 2855 678 2913 Misti
728 2855 969 2914 XXVI.
1019 2857 1164 2924 101,
1211 2874 1254 2914 u
1293 2857 1512 2915 arkivu
1552 2856 1912 2916 mletabkom.

631 3067 1135 3152 CCCLXIX.
1215 3070 1422 3154 (iod.
1479 3071 1702 3156 1352.
1759 3071 1853 3153 27
1909 3071 2363 3173 llstopada,
2417 3094 2478 3153 u
2534 3071 2923 3153 Mleteih.

422 3194 721 3270 Odyodjen
764 3198 872 3255 rok
916 3198 1139 3256 odboru
1182 3214 1259 3257 za
1301 3199 1691 3345 koreulanszdce
1741 3199 1999 3344 {oslova
2074 3198 2398 3270 Dozvoljen
2457 3199 2770 3272 predujam
2815 3199 3004 3258 knezu
3046 3215 3147 3258 za-

1664 3303 1766 3345 ars
1808 3303 1961 3345 omu.

404 3481 415 3492 ,
631 3403 817 3482 1352,
870 3403 1200 3470 indictione
1248 3407 1441 3483 sexta,
1492 3405 1590 3471 die
1630 3406 1873 3472 XXVII
1914 3406 2208 3471 octubris.
2279 3406 2618 3485 Dominu8‚
2695 3405 3030 3470 consiliarii
3077 3408 3143 3469 et

419 3491 641 3574 capita.
691 3490 922 3574 Capta.
971 3493 1131 3575 quod
1178 3493 1500 3577 elongetur
1546 3495 1850 3559 terminus
1896 3494 2249 3577 sapientum
2300 3492 2555 3558 Curzole
2619 3512 2807 3576 usque
2868 3494 3139 3559 medium

415 3579 901 3749 1118118ὶέἔὲἓὲῐί
905 3668 1066 3750 quod
1113 3668 1226 3732 fiat
1272 3669 1491 3734 cedula
1553 3688 1651 3734 ser
1713 3670 1897 3734 Petro
1943 3670 2104 3734 Zane
2162 3669 2323 3734 ituro
2388 3669 2603 3760 comiti
2648 3669 2840 3734 Jadre
2909 3668 2985 3733 de
3034 3667 3146 3732 illa

418 3754 593 3836 parte
639 3753 871 3833 salarii,
920 3774 1101 3838 quam
1148 3775 1259 3839 per
1303 3757 1803 3822 commissionem
1866 3776 2042 3822 suam
2107 3757 2293 3822 debet
2351 3745 2623 3841 recipere
2689 3758 2751 3821 in
2813 3755 3133 3859 principio

492 3844 672 3904 Μέθη·
720 3840 953 3905 XXVI
984 3849 1130 3926 101,
1165 3864 1208 3906 u
1251 3847 1592 3907 mletabkom
1638 3849 1871 3907 arkivu.

678 4062 1146 4144 CCCLXX.
1202 4061 1409 4145 God.
1464 4062 1688 4147 1352.
1739 4066 1795 4146 4
1848 4063 2348 4163 studenoga‚
2399 4084 2459 4144 n
2513 4060 2906 4144 Mletcih.

419 4184 727 4262 Ovlasc‘nje
764 4206 827 4248 se
872 4189 1052 4247 odbor
1095 4206 1171 4248 za
1215 4189 1605 4248 kordulanske
1640 4190 1897 4265 poslove,
1948 4190 2029 4248 da
2073 4189 2230 4249 moia
2274 4208 2316 4247 u
2364 4194 2479 4248 tom
2521 4187 2830 4262 predmetu
2874 4186 3147 4260 svjedoke

1036 4276 1345 4345 ιαεῑαέαίἱ,
1391 4278 1635 4336 stranke
1680 4278 1704 4335 i
1747 4278 2019 4351 szJ'edoke
2057 4277 2352 4350 zapriseaei
2395 4277 2504 4335 itd.

627 4395 810 4460 1352.
858 4398 954 4461 die
997 4394 1087 4461 IV
1135 4398 1504 4461 novembris.
1556 4396 1881 4476 Dominus,
1929 4396 2266 4462 consiliarii
2316 4397 2381 4461 et
2427 4395 2654 4478 capita.
2712 4393 2948 4479 Capta.
2995 4413 3146 4460 cum

413 4499 616 4547 coram
664 4484 1064 4567 sapientibus,
1105 4484 1418 4566 deputatis
1479 4503 1662 4566 super
1724 4484 1908 4549 factis
1954 4483 2249 4563 Curzole,
2320 4502 2525 4550 comes
2571 4484 2636 4548 et
2682 4482 2797 4546 filii
2864 4501 2978 4578 pro
3026 4500 3148 4546 una

414 4571 585 4651 parte
630 4574 693 4635 et
740 4571 977 4655 syndici
1024 4572 1373 4637 communis
1415 4570 1674 4636 Curzole
1741 4591 1850 4654 pro
1912 4590 1979 4635 se
2039 4575 2103 4635 et
2170 4570 2587 4652 singularibus
2634 4569 2912 4652 personis
2979 4568 3144 4633 dicte

294 4713 303 4719 .
414 4657 574 4723 terre
619 4677 692 4723 ex
738 4658 941 4723 altera
999 4658 1235 4725 faciunt
1295 4658 1415 4724 sibi
1479 4657 1755 4724 vicissim
1805 4660 2048 4742 aliquas
2094 4658 2424 4741 petitiones
2471 4656 2872 4740 pecuniarum
2923 4658 2988 4720 et
3026 4654 3146 4718 ali-

413 4761 622 4826 orum,
669 4764 781 4831 pro
846 4764 1107 4831 quorum
1152 4745 1569 4817 declaratione
1643 4746 1962 4830 expediret
2008 4763 2189 4830 posse
2237 4744 2510 4828 accipere
2553 4742 3024 4810 testificationes
3078 4742 3144 4804 et
