3620 5282
479 364 608 431 246

478 508 937 624 postulantibus
982 537 1334 603 nominibus
1376 539 1767 640 supradictis,
1818 556 1892 602 ac
1944 537 2078 621 ipse
2139 537 2410 621 inclytus
2457 537 2742 603 dominus
2796 537 2920 602 dux
2966 538 3032 602 et
3076 537 3210 603 eins

478 628 804 693 consilium
865 626 1113 690 nomine
1174 627 1518 690 communis
1582 625 1987 690 Venetiarum
2051 626 2370 707 promissit
2435 625 2622 690 dictis
2685 625 2970 709 partibus
3042 623 3211 690 dicta

478 718 680 798 pacta,
730 714 1188 791 convencioneS,
1239 714 1614 790 concordiae,
1664 712 2159 796 compositiones,
2227 716 2294 777 et
2339 712 2814 779 submissionem
2878 731 2988 795 per
3033 731 3100 778 se
3147 717 3211 777 et

480 820 863 868 successores
910 819 1052 865 suos
1098 803 1393 884 perpetuo
1439 801 1662 865 habere
1711 802 1775 865 et
1822 804 2032 865 tenere
2080 800 2277 880 firma,
2325 803 2501 878 rata,
2563 802 2748 884 grata
2794 801 2860 864 et
2905 801 3212 866 irrevoca-

486 889 638 954 bilia
684 890 747 953 in
795 889 1080 954 omnibus
1128 890 1192 952 et
1232 908 1342 971 per
1388 890 1597 953 omnia
1634 888 1799 954 sicut
1843 887 2125 971 superius
2172 889 2560 967 continetur,
2608 890 2674 953 et
2718 904 3028 970 nunquam
3070 905 3213 952 con-

484 978 785 1042 trafacere
829 977 929 1041 vel
975 976 1181 1042 venire
1228 977 1290 1039 in
1336 977 1513 1059 parte
1558 975 1656 1041 vel
1703 977 1837 1042 toto
1884 976 1959 1040 de
1988 976 2357 1057 supradictis
2404 996 2512 1058 per
2560 994 2626 1041 se
2670 976 2771 1041 vel
2803 993 2916 1057 per
2938 974 3209 1058 aliquem

480 1065 692 1149 aliqua
739 1064 984 1129 racione
1031 1065 1129 1128 vel
1177 1082 1361 1127 causa
1407 1066 1481 1128 de
1523 1063 1657 1128 iure
1703 1064 1801 1129 vel
1851 1066 1924 1129 de
1971 1064 2171 1140 facto,
2225 1063 2340 1128 sub
2390 1082 2549 1146 pena
2606 1064 2863 1128 centum
2928 1062 3212 1127 marcha-

477 1172 622 1217 rum
667 1153 911 1236 argenti
952 1151 1361 1234 stipulacione
1407 1151 1715 1235 promissa
1761 1151 1906 1216 hinc
1952 1151 2093 1216 inde
2139 1152 2202 1216 in
2250 1151 2515 1234 singulis
2539 1150 2831 1234 capitulis
2857 1149 3043 1214 huius
3068 1168 3211 1215 con—

481 1240 737 1305 tractus.
784 1237 914 1318 Que
960 1258 1123 1322 pena·
1178 1239 1411 1304 tociens
1475 1239 1794 1322 exigatur,
1861 1239 2151 1321 quociens
2214 1238 2404 1304 fuerit
2465 1238 2919 1303 contrafactum
2966 1237 3065 1302 vel
3115 1237 3205 1302 ita

478 1346 598 1392 non
642 1326 830 1392 fuerit
875 1326 1292 1392 observatum.
1362 1324 1496 1405 Qua
1529 1345 1687 1408 pena
1733 1328 1940 1392 soluta
1984 1326 2083 1392 vel
2147 1344 2304 1405 non,
2365 1326 2802 1391 nichilominus
2848 1343 3012 1410 pars,
3062 1342 3208 1389 con-

386 1469 390 1472 .
490 1416 723 1480 tractus
769 1416 834 1479 et
873 1416 1080 1479 omnia
1127 1415 1190 1478 et
1235 1414 1482 1497 singula
1546 1414 1905 1496 supradicta
1949 1416 2014 1479 et
2053 1414 2118 1477 in
2164 1432 2234 1478 eo
2282 1414 2576 1478 contenta
2631 1414 2912 1497 perpetui
2978 1412 3211 1477 roboris

481 1503 802 1568 obtineant
842 1503 1226 1567 firmitatem.
1277 1503 1730 1567 Renunciantes
1777 1502 1939 1566 dicte
1985 1502 2199 1586 partes
2245 1502 2311 1566 et
2356 1502 2631 1584 ipsarum
2677 1500 2952 1585 quelibet
2998 1519 3210 1583 excep-

484 1591 641 1655 tioni
689 1591 832 1668 doli,
881 1590 1030 1654 mali
1078 1591 1142 1654 et
1186 1590 1250 1653 in
1296 1588 1527 1654 factum
1560 1589 1863 1690 generalis
1896 1580 2248 1655 contractus
2289 1589 2704 1668 simulacioni,
2751 1588 2865 1654 fori
2891 1587 3213 1672 privilegio

485 1696 597 1742 nec
642 1696 761 1742 non
807 1680 972 1742 omni
1020 1681 1085 1741 et
1129 1677 1387 1741 cuilibet
1430 1694 1544 1741 suo
1591 1678 1709 1741 iuri
1755 1678 1887 1743 tam
1935 1676 2184 1760 publico
2232 1695 2416 1760 quam
2465 1677 2709 1759 privato
2743 1696 2850 1743 seu
2884 1676 3211 1761 privilegio

483 1766 697 1831 habito
746 1764 844 1830 vel
890 1766 1187 1841 babendO,
1236 1783 1309 1829 ac
1356 1765 1544 1829 etiam
1606 1765 1866 1829 cuilibet
1924 1765 2117 1829 statui
2180 1768 2244 1829 et
2305 1764 2767 1843 consuetudini,
2835 1768 2905 1829 et
2957 1763 3215 1828 cuilibet

482 1853 591 1918 alii
640 1854 759 1917 iuri
806 1854 937 1917 tam
984 1852 1276 1917 canonico
1325 1871 1509 1934 quam
1542 1851 1729 1916 civili.
1778 1853 1864 1917 Et
1887 1852 2233 1935 obligantes
2267 1852 2434 1918 dicte
2466 1855 2676 1934 partes
2704 1871 2814 1935 pro
2864 1852 2988 1917 hiis
3013 1852 3215 1917 atten-

482 1940 701 2005 dendis
749 1942 812 2006 et
862 1939 1257 2005 observandis
1304 1940 1511 2004 omnia
1552 1958 1663 2005 sua
1705 1941 1769 2004 et
1815 1959 2074 2023 quorum
2134 1946 2280 2004 sunt
2341 1939 2579 2023 syndici
2636 1941 2797 2005 bona
2843 1938 3103 2005 mobilia
3148 1942 3212 2004 et

472 2028 833 2093 ‘immobilia
878 2027 1192 2112 presentia
1239 2029 1301 2091 et
1347 2027 1573 2093 sutura.

692 2116 761 2180 L.
812 2114 874 2180 S.
914 2115 1050 2198 Ego
1096 2114 1448 2179 Leonardus
1496 2117 1602 2179 des
1646 2114 1986 2180 Coronellis
2033 2115 2344 2199 imperiali
2391 2115 2759 2181 auctoritate
2806 2114 3135 2179 notarius
3118 2134 3214 2179 111-

482 2203 669 2268 terfui
715 2205 780 2268 et
816 2206 1073 2286 rogatus
1121 2202 1359 2285 scripsi.

571 2295 909 2363 Paetorum,
955 2312 997 2352 u
1039 2295 1255 2353 arkivu
1299 2294 1643 2353 mletackom
1685 2294 1809 2367 knj.
1872 2294 1937 2354 V.
1990 2296 2134 2363 126,
2183 2312 2221 2352 a
2266 2312 2308 2353 u
2354 2294 2584 2354 beckom
2636 2295 2759 2368 knj.
2817 2294 2880 2353 V.
2926 2295 3058 2353 290
3103 2294 3127 2352 i
3170 2310 3214 2351 u

480 2383 668 2455 knjizi
712 2381 893 2441 Misce·
943 2381 1073 2439 XX
1083 2381 1183 2440 VI.
1232 2384 1334 2451 99,
1376 2382 1513 2456 ydje
1538 2382 1604 2455 je
1637 2382 1741 2455 jos
1784 2398 1888 2441 ovo
1923 2382 2330 2455 primctnuto:

689 2551 1046 2619 MCCCLII.
1096 2552 1429 2618 indictione
1475 2554 1582 2633 VI,
1630 2552 1730 2618 die
1773 2572 1931 2618 nono
1996 2554 2256 2619 ianuarii
2320 2554 2709 2638 supradictus
2756 2554 3042 2618 dominus
3109 2570 3213 2618 co-

481 2662 612 2709 mes
661 2641 913 2708 Curzole
959 2660 1167 2707 coram
1210 2641 1456 2708 domino
1502 2643 1656 2708 duce
1701 2644 1764 2707 et
1813 2641 1943 2708 eius
1983 2643 2238 2707 consilio
2280 2643 2510 2708 iuravit
2554 2643 2928 2708 fidelitatem
2958 2641 3212 2706 domino

480 2730 622 2796 duci
670 2732 735 2796 et
780 2730 1091 2796 communi
1138 2731 1571 2812 Veneciarum‚
1621 2732 1685 2795 et
1730 2731 1793 2794 in
1840 2730 2130 2796 omnibus
2185 2733 2252 2840 et
2308 2751 2414 2813 per
2472 2730 2678 2796 omnia
2739 2730 3068 2796 observare
3116 2748 3211 2793 se·

482 2819 754 2884 cundum
799 2819 1061 2884 formam
1102 2819 1456 2884 contractus
1503 2818 1864 2902 supradicti.

748 3009 1247 3092 CCCLXlll.
1301 3011 1508 3093 God.
1563 3009 1785 3095 1352.
1841 3010 2389 3111 411st0pmla,
2437 3032 2495 3091 ιι
2551 3010 2942 3092 Mletcih.

492 3137 835 3211 Primljeno‚
890 3136 971 3195 da
1012 3138 1176 3209 m'eki
1218 3137 1503 3198 zadarski
1537 3140 1884 3213 proynanik
1929 3138 2136 3211 prodje
2181 3155 2221 3195 u
2264 3138 2560 3215 zadqrske
2617 3137 2813 3206 otoke,
2859 3138 2882 3194 i
2926 3137 3008 3195 da
3046 3153 3110 3197 se
3154 3141 3221 3194 tu

1719 3228 1984 3285 nastani.

508 3411 511 3412 ⁷
696 3325 888 3391 1352.
937 3326 1033 3391 die
1079 3324 1124 3389 4
1164 3325 1459 3405 octubriS,
1501 3330 1719 3411 capta:
1766 3327 1929 3411 quod
1974 3331 2226 3411 sumpta
2271 3328 2695 3410 compassione
2727 3326 2883 3391 Vide
2931 3328 3004 3392 de
3051 3325 3212 3391 Nas-

476 3413 573 3478 ‘sis
620 3415 693 3477 de
740 3413 949 3492 Jadra,
999 3413 1282 3480 Veneciis
1330 3415 1621 3480 confinati
1684 3417 1808 3481 iam
1871 3417 2137 3494 dudum,
2187 3415 2310 3498 qui,
2374 3417 2536 3480 sicut
2595 3415 2773 3479 nobis
2832 3414 3099 3496 exponit,
3145 3416 3210 3478 in

487 3503 667 3566 tanta
715 3520 859 3566 cum
905 3500 1039 3566 eius
1085 3501 1325 3567 familia
1369 3504 1466 3568 est
1525 3502 1918 3568 extremitate
1983 3504 2045 3568 et
2102 3503 2508 3568 neccessitate
2572 3502 2987 3582 constitutus,
3052 3502 3212 3585 quod

484 3607 608 3654 non
654 3589 845 3654 habet
892 3588 1051 3654 unde
1098 3591 1306 3654 valeat
1354 3592 1571 3656 ducere
1618 3593 1816 3656 vitam
1863 3608 2059 3669 suam,
2107 3591 2228 3655 nisi
2281 3610 2388 3672 per
2433 3589 2919 3655 dominationem
2967 3589 3212 3655 miseri-

485 3676 759 3743 corditer
803 3679 877 3741 de
924 3677 1130 3759 aliquo
1175 3677 1465 3761 suffragio
1512 3679 1916 3744 subveniatur
1960 3679 2180 3758 eidem,
2230 3678 2341 3743 fiat
2384 3677 2504 3742 sibi
2538 3678 2763 3761 gratia,
2807 3677 2966 3760 quod
3014 3678 3212 3760 possit

489 3769 578 3831 ire
624 3768 701 3831 ad
747 3764 982 3830 insulas
1027 3766 1238 3843 Jadre,
1292 3784 1409 3830 non
1457 3766 1744 3830 intrando
1790 3766 2049 3833 Jadram
2096 3785 2206 3832 nec
2254 3764 2802 3850 appropinquando
2850 3784 2960 3830 nec
3010 3766 3207 3830 eundo

485 3854 743 3937 Signam
792 3871 986 3935 neque
1032 3851 1299 3932 Nonam,
1350 3853 1513 3918 sicut
1557 3854 1700 3919 aliis
1740 3854 1805 3918 in
1853 3873 1999 3920 casu
2047 3854 2237 3919 simili
2273 3854 2370 3919 est
2412 3871 2793 3918 concessum.
2842 3852 2946 3932 68,
2996 3870 3117 3917 ιιοιι
3153 3852 3210 3929 7,

487 3959 609 4006 non
655 3940 876 4005 sinceri
926 3942 986 4004 3.

568 4032 766 4102 nisti,
818 4030 1060 4091 XXVI.
1105 4034 1207 4100 99,
1254 4049 1296 4092 u
1340 4032 1681 4094 mletackom
1725 4033 1958 4092 arkivu.
2539 4067 2558 4102 ,
2591 4057 2600 4074 ¹

748 4219 1247 4301 CCCLle.
1304 4220 1511 4303 God.
1567 4218 1785 4305 1352.
1843 4221 1898 4301 4
1948 4219 2415 4320 listopada‚
2465 4240 2524 4300 u
2580 4217 2971 4300 Mletclh.

486 4345 746 4419 Povelja‚
789 4347 979 4419 kojom
1010 4345 1403 4417 Aleksandro,
1452 4349 1736 4423 bayarski
1779 4365 1902 4417 car,
1953 4347 2182 4421 podioli
2226 4347 2535 4419 mlecackoj
2580 4345 2867 4419 republica·
2909 4345 3089 4416 m‘eka
3134 4347 3218 4402 tr-

1295 4436 1559 4510 yovacka
1596 4453 1798 4508 prava
1843 4454 1886 4495 u
1929 4435 2117 4508 svoqoj
2164 4433 2390 4493 driavi.

699 4534 1095 4600 Sacramento
1143 4555 1174 4600 e
1223 4538 1397 4617 patto
1443 4536 1587 4600 dell'
1636 4537 2009 4620 imperatore
2036 4535 2413 4600 Alessandro
2461 4535 2563 4599 del
2611 4535 2918 4618 Zagora.
2881 4535 2898 4570 ¹
2969 4534 3057 4598 Lo
3090 4532 3218 4598 mio

487 4621 743 4703 imperio
790 4622 869 4686 da
915 4626 1488 4689 commendamento
1534 4625 1642 4689 alli
1688 4626 1832 4689 miei
1896 4624 2075 4689 amici
2147 4643 2179 4686 e
2241 4621 2503 4688 frattelli
2564 4621 2804 4686 franchi
2851 4619 3205 4699 Veneziani,

637 4758 801 4816 'Cim
839 4760 953 4815 ima
978 4760 1113 4826 jos:
1170 4759 1313 4814 colla
1349 4759 1597 4827 signoria
1633 4761 1689 4815 di
1731 4759 1983 4816 venezia.
