3620 5282
581 367 708 434 174

580 558 907 625 ficaciones
952 561 1016 623 et
1063 558 1418 639 scripturas,
1459 557 1523 621 in
1565 556 1787 640 quibus
1836 555 2264 620 continebatur
2325 556 2398 619 de
2446 556 2763 638 questione
2824 556 3060 622 iamdiu
3104 557 3302 622 venti-

576 646 707 711 lata
757 649 815 711 in
866 648 1037 712 curia
1087 646 1354 712 Sibenici
1404 646 1562 709 iuter
1607 645 1837 709 dictam
1886 643 2194 708 dominam
2244 643 2509 707 Mariam
2559 663 2667 708 seu
2702 645 2836 708 eius
2879 647 3310 727 procuratores

573 754 645 798 ex
697 754 818 799 una
867 738 1042 818 parte
1094 737 1157 798 et
1202 732 1457 798 heredes
1505 733 1655 796 dicti
1704 731 1963 796 condam
2015 731 2269 813 Georgii
2317 751 2425 796 seu
2457 750 2668 795 eorum
2713 733 2953 796 tutores
2989 753 3060 797 ex
3093 732 3307 811 altera,

572 824 637 886 et
684 825 843 904 quod
891 842 999 905 per
1047 823 1341 886 maiorem
1394 823 1634 903 partem
1683 816 2030 884 vestroruin
2095 820 2412 898 iudicum,
2475 819 2657 884 vobis
2721 821 3022 885 existente
3070 821 3132 885 in
3181 822 3313 922 opi-

571 912 776 989 nione,
827 913 985 993 quod
1035 910 1203 975 dicta
1248 910 1497 974 domina
1542 908 1745 971 Maria
1783 907 2010 971 habere
2054 907 2309 971 deberet
2355 909 2428 971 de
2475 907 2649 973 bonis
2697 907 2850 972 dicti
2896 907 3156 973 condam
3190 909 3308 973 viri

569 1000 667 1062 sui
711 998 904 1063 libras
953 999 1081 1063 MV
1127 999 1373 1062 centum
1424 997 1631 1078 vigore
1697 996 2248 1060 instrumentorum
2313 998 2429 1059 etc.
2481 995 2887 1060 terminatum
2935 996 3093 1073 fuit,
3143 998 3306 1079 quod

570 1088 778 1168 partes
826 1087 904 1150 ad
950 1090 1224 1150 nostram
1277 1084 1653 1166 presentiam
1701 1084 2112 1165 pe1·veni1·.ent
2161 1083 2244 1147 Et
2275 1084 2600 1165 propterea
2635 1085 2810 1149 vobis
2843 1085 3304 1166 presentialiter

567 1174 1024 1255 respondemnS,
1076 1172 1232 1256 quod
1281 1172 1531 1254 quidam
1577 1172 1877 1253 magister
1905 1171 2182 1253 Angelus
2231 1172 2309 1235 ad
2355 1190 2463 1235 nos
2511 1172 2698 1236 etiam
2750 1173 2917 1237 venit
2962 1167 3307 1255 producens

567 1261 870 1344 quoddam
919 1264 1014 1326 ins
988 1262 1398 1325 strumentum
1440 1259 1774 1337 continens,
1827 1259 2095 1340 qualiter
2143 1258 2357 1341 Scipsa
2405 1260 2568 1323 filius
2617 1260 2874 1324 condam
2918 1260 3165 1342 Georgii
3202 1279 3306 1324 su-

569 1350 829 1429 pradicti
880 1351 1128 1415 nomine
1173 1367 1281 1412 suo
1303 1335 1395 1411 et
1442 1346 1738 1429 Stephani
1786 1346 1997 1410 fratris
2046 1347 2177 1411 eius
2227 1346 2470 1429 aliquod
2503 1346 2889 1429 legittimum
2938 1348 3298 1412 mandatum

567 1456 684 1501 non
736 1438 968 1502 habens
1016 1457 1053 1501 a
1103 1436 1413 1518 Stephano
1456 1435 1765 1498 antedicto
1814 1435 2139 1499 constituit
2201 1453 2381 1499 suum
2444 1439 2902 1518 procuratorem
2952 1436 3300 1536 predictum

571 1524 907 1609 Angelum,
958 1524 1114 1609 quod
1163 1525 1545 1588 autenticum
1598 1543 1712 1588 non
1751 1522 2082 1587 habuimus
2132 1523 2450 1587 occasione
2503 1522 2804 1606 prefacta.
2878 1521 3080 1601 Quare
3128 1525 3301 1606 cupi-

574 1616 765 1691 enteS,
820 1619 889 1677 ut
937 1613 1182 1677 iusticia
1229 1612 1485 1676 cuilibet
1530 1611 1859 1688 tribuatur,
1924 1610 2253 1693 prudencie
2318 1612 2522 1676 vestre
2580 1611 2947 1688 scribimuS,
3009 1611 3304 1675 fidelitati

570 1702 775 1766 vestre
826 1702 1187 1765 mandantes
1234 1720 1343 1782 per
1387 1719 1491 1763 nos
1538 1700 1859 1762 et·nostra
1927 1699 2179 1763 consilia
2226 1698 2463 1775 minus,
2530 1703 2887 1781 rogatorum
2939 1702 3003 1763 et
3047 1699 3121 1761 de
3169 1699 3299 1777 XL,

568 1791 885 1870 quatenuS,
934 1789 1205 1870 receptis
1243 1786 1651 1870 presentibuS,
1702 1787 1979 1850 debeatis
2030 1787 2149 1850 dici
2193 1786 2391 1851 facere
2439 1787 2766 1852 heredibus
2830 1788 2982 1851 dicti
3043 1787 3304 1851 condam

568 1876 837 1961 Georgii,
888 1876 985 1940 vel
1033 1895 1136 1941 eos
1180 1876 1364 1940 citari
1412 1875 1610 1939 facere
1660 1873 1734 1938 ad
1784 1873 2057 1953 domum,
2109 1875 2270 1938 sicut
2318 1875 2489 1939 vobis
2538 1875 2760 1939 melius
2828 1874 3168 1953 videbitur,
3229 1893 3300 1939 ac

568 1964 633 2028 in
679 1964 828 2029 locis
876 1964 1145 2029 Sibenici
1195 1964 1396 2027 solitis
1438 1962 1688 2045 publice
1734 1961 1934 2026 facere
1960 1962 2348 2045 proclamari,
2397 1965 2552 2045 quod
2584 1964 2950 2045 quicumque
2994 1962 3296 2026 habentes

566 2070 672 2117 seu
719 2054 1036 2117 credentes
1082 2054 1307 2117 habere
1357 2053 1449 2115 ius
1498 2050 1560 2113 in
1608 2049 1957 2115 hereditate
2001 2050 2152 2116 dicti
2202 2051 2458 2115 condam
2509 2051 2777 2133 Georgii,
2837 2052 2943 2115 aut
2990 2051 3117 2127 alii,
3163 2051 3299 2131 qui-

566 2141 678 2204 bus
744 2140 1173 2224 quoquomodo
1236 2140 1519 2223 tangeret
1582 2137 1857 2214 factum,
1908 2139 2170 2203 debeant
2235 2140 2398 2203 intra
2458 2139 2588 2203 dies
2652 2139 2805 2202 VIII
2853 2158 3060 2204 coram
3127 2137 3301 2201 vobis

566 2229 919 2293 omnimode
966 2247 1341 2310 comparere,
1392 2230 1456 2291 et
1498 2226 1550 2290 si
1599 2227 2016 2307 comparuerit
2064 2227 2288 2308 aliquiS
2340 2226 2438 2291 vel
2482 2227 2675 2309 aliqui
2720 2226 2997 2291 valentes
3048 2226 3120 2290 de
3167 2227 3301 2289 iure

562 2315 623 2379 in
666 2316 894 2381 iudicio
939 2315 1324 2398 respondere,
1377 2334 1515 2379 eum
1556 2314 1894 2378 terminum
1945 2314 2300 2397 assignetiS,
2369 2315 2528 2396 quod
2582 2314 2743 2378 infra
2789 2315 2920 2377 dies
2964 2314 3145 2377 XXII
3194 2314 3299 2377 de-

565 2403 753 2469 beant
795 2422 1004 2468 coram
1071 2404 1244 2468 nobis
1310 2423 1374 2468 se
1439 2402 1535 2467 vel
1600 2404 2020 2483 procuratores
2087 2422 2226 2466 suos
2291 2403 2639 2486 legittimos
2702 2421 2840 2466 cum
2890 2402 3018 2466 suis
3067 2402 3303 2466 iuribus

563 2495 977 2573 presentasse,
1024 2492 1331 2574 recepturi
1378 2490 1621 2554 iusticie
1669 2489 2215 2572 complementum.
2284 2487 2416 2567 Quo
2481 2491 2744 2554 termino
2793 2489 3044 2571 elapso,
3092 2507 3306 2572 proce-

561 2580 775 2645 demus
823 2580 884 2644 in
937 2580 1257 2663 questione
1304 2579 1597 2663 prefacta,
1649 2597 1857 2643 eorum
1905 2577 2287 2641 contumacia
2320 2595 2438 2640 non
2482 2579 2790 2656 obstante,
2841 2578 3006 2641 sicut
3051 2577 3299 2641 iusticia

561 2668 878 2744 svadebit;
930 2669 1334 2733 rescribentes
1380 2667 1552 2732 nobis
1601 2667 1676 2731 de
1726 2666 2073 2748 receptione
2138 2665 2473 2748 presentiS‚
2521 2685 2591 2730 ac
2636 2665 2926 2748 quicquid
2972 2665 3033 2728 in
3085 2666 3289 2747 predi-

559 2757 678 2821 ctis
727 2756 1028 2821 duxeritis
1077 2756 1445 2821 faciendum.
1495 2756 1729 2819 Datum
1777 2754 1903 2818 XII
1947 2753 2183 2837 aprilis,

645 2848 825 2908 Misti
875 2847 1004 2906 XX
1014 2848 1115 2908 VI.
1154 2849 1256 2917 15,
1301 2865 1344 2906 u
1389 2847 1727 2907 mletadlcom
1773 2846 2004 2905 arkivu.

987 3056 1215 3137 CCL.
1267 3052 1475 3136 God.
1529 3052 1760 3135 1350.
1814 3052 1910 3135 13
1964 3051 2342 3152 trax‘nja,
2398 3074 2458 3132 u
2513 3050 2905 3133 Mletcih.

941 3181 1194 3255 PitanJ‘a
1237 3181 1575 3253 podnesena
1619 3179 1695 3238 od
1730 3179 2053 3252 poslanika
2098 3179 2380 3253 srbskoya
2424 3177 2575 3237 mlet.
2622 3179 2924 3251 republici.

772 3318 1108 3382 Millesimo
1156 3318 1591 3382 trecentesimo
1632 3317 2161 3400 quinquagesim0‚
2221 3317 2318 3379 die
2368 3316 2604 3380 decimo
2653 3316 2839 3379 tercio
2886 3314 3136 3397 aprilis,
3189 3314 3282 3376 in-

561 3407 831 3471 dictione
878 3405 1091 3470 tercia.
1141 3406 1544 3487 Infrascripta
1581 3408 1679 3469 est
1724 3405 2077 3469 ambaxiata
2138 3403 2345 3468 ducali
2394 3403 2660 3467 dominio
2708 3404 2981 3484 exposita
3025 3421 3134 3484 per
3180 3418 3294 3465 no-

560 3492 753 3559 bilem
799 3493 999 3560 virum
1046 3492 1360 3558 dominum
1412 3492 1781 3557 Michaelem
1836 3495 1907 3557 de
1953 3493 2191 3556 Buchia
2238 3491 2696 3556 ambaxatorem
2759 3490 3136 3554 serenissimi
3178 3489 3289 3554 do-

559 3582 714 3647 mini
760 3581 1155 3665 imperatoris
1202 3581 1395 3644 Raxie
1444 3582 1507 3645 et
1553 3581 1876 3660 Romania,
1925 3581 2149 3662 dispoti
2197 3580 2381 3642 Larte
2429 3582 2491 3643 et
2539 3578 2788 3641 Blachie
2836 3578 3068 3642 comiti.

785 3691 839 3751 1.
888 3687 958 3752 In
998 3687 1218 3771 primis
1265 3687 1640 3751 salutatione
1687 3687 2011 3769 premissa,
2061 3685 2221 3768 quod
2268 3686 2544 3767 placeat,
2594 3683 2835 3766 quando
2883 3703 3016 3748 esse
3070 3685 3290 3766 possit,

559 3778 809 3842 domino
857 3776 993 3840 duci
1041 3776 1199 3840 velle
1247 3775 1653 3858 personaliter
1718 3776 2012 3839 interesse
2075 3776 2150 3838 ad
2216 3772 2590 3855 colloquium
2652 3790 2795 3836 cum
2865 3774 2997 3854 ipso
3044 3774 3290 3837 domino

560 3866 928 3949 imperatore
974 3864 1037 3927 in
1084 3864 1366 3946 partibus
1414 3862 1674 3946 Ragusii
1722 3864 1785 3926 et
1831 3862 2165 3946 aRagusio
2208 3861 2364 3925 citra
2409 3861 2472 3924 in
2498 3858 2776 3926 Narenta
2822 3880 2931 3945 pro
2977 3861 3287 3944 aliquibus

556 3955 798 4037 magnis
844 3954 909 4017 et
953 3951 1160 4016 arduis
1206 3951 1678 4033 pertractandis.

769 4060 830 4123 2.
878 4058 1038 4121 Item
1108 4057 1268 4139 petit
1327 4057 1608 4121 dominus
1672 4058 2038 4138 imperator,
2098 4057 2259 4138 quod
2322 4055 2567 4156 placeat
2629 4056 2829 4121 ducali
2879 4025 3283 4120 dominationi

555 4146 758 4228 ipsum
808 4147 1125 4210 dominum
1175 4145 1615 4226 imperatorem
1664 4146 1727 4208 et
1774 4144 1906 4208 eius
1957 4143 2160 4208 filium
2206 4145 2671 4209 serenissimum
2706 4145 3021 4210 dominum
3070 4162 3279 4243 regem

559 4234 719 4297 Vros
767 4238 830 4297 et
878 4232 1184 4297 dominam
1233 4232 1694 4314 imperatricem
1743 4250 1884 4296 cnm
1934 4249 2146 4295 eorum
2179 4232 2504 4297 heredibus
2537 4230 2734 4297 facere
2769 4235 2834 4296 et
2863 4251 3068 4296 creare
3115 4233 3278 4295 cives

556 4322 827 4399 venetOS,
876 4339 949 4385 ac
995 4321 1047 4383 si
1094 4320 1294 4383 forent
1340 4320 1581 4384 oriundi
1628 4321 1701 4382 de
1749 4319 2000 4383 civitate
2045 4320 2472 4384 Venetiarum.

768 4427 827 4489 3.
876 4425 1040 4488 Item
1087 4424 1247 4506 quod
1302 4425 1530 4508 prefati
1589 4425 1931 4489 habeantur
1995 4427 2074 4488 et‘
2120 4424 2249 4488 sint
2298 4425 2514 4503 liberi,
2565 4426 2764 4490 securi
2831 4426 2895 4488 et
2938 4423 3176 4488 franchi
3220 4423 3283 4486 in

555 4510 808 4575 civitate
858 4513 1281 4590 venetiarum,
1330 4515 1394 4577 et
1437 4514 1596 4596 quod
1644 4531 1759 4576 non
1810 4513 2010 4594 possit
2053 4512 2179 4594 peti
2223 4515 2334 4576 aut
2381 4513 2514 4576 dari
2563 4513 2675 4594 ipsi
2727 4512 2825 4576 vel
2849 4511 3074 4595 aliquis
3119 4512 3285 4593 ipso-

552 4617 691 4661 rum
740 4599 923 4663 alicui
971 4618 1226 4680 persone
1270 4602 1341 4664 de
1390 4601 1652 4677 mundo,
1702 4599 1798 4663 vel
1845 4599 2190 4682 computari
2237 4600 2576 4664 auttraddi
2625 4619 2733 4682 pro
2759 4601 3033 4674 civitate,
3080 4600 3282 4662 castro

555 4704 663 4751 seu
710 4686 949 4765 castris,
1000 4704 1105 4750 seu
1143 4687 1312 4764 lociS,
1362 4705 1528 4766 auro,
1581 4687 1677 4752 vel
1723 4687 2028 4752 thesauris
2076 4688 2151 4751 de
2182 4687 2410 4752 mundo
2453 4688 2640 4752 alicui
2681 4705 2956 4770 persone,
3006 4688 3070 4750 et
3116 4685 3279 4767 quod

552 4775 795 4858 possint
841 4792 1044 4840 emere
1089 4775 1506 4857 possessiones
1550 4775 1617 4840 in
1661 4775 1920 4840 civitate
1967 4774 2363 4840 Venetiarum
2409 4778 2474 4840 et
2518 4775 2669 4840 alibi
2715 4776 2944 4840 cazalia
2987 4778 3051 4839 et
3095 4774 3281 4839 villas

2453 4865 2466 4888 Χ
3317 4875 3324 4888 ι
