3620 5282
499 335 625 408 106

494 522 764 587 duanos:
811 518 1057 585 Nobilis
1105 519 1200 586 vir
1244 536 1345 584 ser
1384 519 1608 586 Petrus
1634 518 1923 587 Grimani
1969 519 2330 603 capitaneus
2360 519 2822 605 ganzarolarum
2848 516 3227 599 presentavit

497 609 594 674 die
637 610 678 672 4
726 608 896 673 iulii:
946 606 1021 671 D.
1068 607 1358 691 Vayvoda
1415 610 1773 689 capitaneus
1835 607 2225 691 Ungarorum
2291 608 2355 673 et
2411 606 2522 673 alii
2582 625 2690 671 sex
2750 605 2988 671 milites
3046 606 3226 670 Hun-

495 698 652 781 gari.
698 694 946 760 Nobilis
994 694 1089 760 vir
1134 713 1232 760 ser
1278 695 1642 761 Franciscus
1688 715 1724 761 a
1773 695 2010 761 Bocolis
2044 696 2459 777 presentavit:
2509 694 2794 760 dominus
2826 711 3031 759 comes
3062 693 3225 758 Ubol

495 788 560 848 et
603 784 711 850 alii
759 782 995 847 milites
1041 782 1302 866 Ungari‚
1351 784 1501 847 item
1547 782 1607 847 d.
1656 782 1855 866 Niger
1900 782 1976 849 de
2022 782 2239 865 Nigris
2286 782 2608 866 paduanus
2654 779 2854 845 miles.
2900 779 3009 845 Ser
3054 780 3225 846 Mar-

493 889 604 936 cus
649 869 823 936 Peldi
876 871 1297 952 presentavit:
1344 870 1453 934 alii
1501 871 1780 954 hongari.
1828 870 2072 934 Nobilis
2120 870 2213 936 vir
2259 889 2358 934 ser
2386 869 2658 935 Joannes
2707 867 3051 933 Barbadico
3085 886 3223 950 pre-

493 957 800 1025 sentavit:
847 957 1152 1040 Hungari.
1203 956 1313 1022 Ser
1359 958 1628 1023 Zaninus
1676 957 1938 1023 Alberto
1978 961 2043 1023 et
2086 976 2185 1022 ser
2255 958 2478 1022 Paieus
2538 957 2907 1022 Mauroceno
2975 974 3225 1037 presen-

495 1046 683 1111 tavit:
734 1046 868 1110 Bon
913 1045 1206 1109 Zanelum
1251 1047 1326 1110 de
1378 1044 1653 1128 Vigonza
1698 1047 1772 1110 de
1821 1044 2055 1110 Padua.
2103 1046 2262 1109 Item
2309 1043 2494 1110 multi
2535 1044 2644 1108 alii
2712 1044 3227 1126 presentaverunt

497 1132 685 1197 multi
729 1132 992 1216 hongari
1041 1133 1228 1215 capti.
1278 1133 1440 1198 Item
1489 1132 1737 1197 fuerunt
1781 1133 2063 1215 deputati
2111 1152 2218 1197 sex
2270 1131 2504 1203 nobiles
2544 1131 2622 1195 ad
2678 1129 3023 1196 custodiam
3086 1150 3226 1213 pre-

496 1219 649 1285 dicti
695 1218 930 1285 domini
978 1221 1266 1305 vayvode‚
1317 1219 1605 1286 videlicet
1649 1239 1755 1285 sex
1804 1220 1970 1286 omni
2014 1220 2130 1297 die,
2180 1220 2250 1284 ut
2297 1239 2351 1302 p.
2401 1220 2465 1284 in
2511 1218 2676 1284 dicto
2722 1217 2984 1283 notario.

582 1326 850 1389 Estratti
890 1328 987 1389 dei
1030 1328 1313 1388 notator-ii
1357 1327 1452 1388 dcl
1492 1328 1730 1404 colleqio
1775 1328 2233 1405 1292—1393,
2278 1327 2381 1388 liet
2423 1328 2512 1387 28
2555 1344 2598 1387 u
2641 1326 2858 1387 arkivu
2900 1326 3056 1388 ναοί.

1008 1517 1236 1600 CCV.
1290 1516 1498 1600 6041.
1552 1516 1768 1601 1373.
1821 1517 2149 1619 srpnja‚
2203 1538 2263 1598 u
2310 1515 2698 1598 Mletclh.

712 1657 1102 1725 Describitur
1163 1656 1441 1735 victoria,
1504 1674 1692 1739 quam
1760 1657 1981 1724 Veneti
2044 1659 2436 1739 reportarunt
2495 1675 2679 1738 snper
2739 1654 3077 1722 exercitum
3119 1654 3227 1721 do·

501 1747 651 1811 mini
718 1745 965 1810 Paduae
1012 1745 1324 1810 Francisci
1388 1746 1462 1808 de
1508 1743 1766 1809 Carrara
1831 1746 1890 1810 in
1954 1746 2231 1828 partibus
2292 1746 2503 1828 Lupae
2565 1744 2861 1809 territorii
2926 1744 3225 1821 Paduani,

502 1835 563 1897 in
609 1851 729 1915 quo
777 1833 1045 1897 exercitu
1097 1834 1311 1911 „erant
1350 1832 1636 1915 Hungari
1705 1833 1795 1897 III
1866 1832 2039 1898 mille
2109 1834 2173 1897 et
2213 1835 2332 1897 etc.
2398 1831 2629 1898 Gentes
2675 1830 2882 1895 Padue
2937 1831 3226 1896 resistere

499 1939 620 1985 non
669 1919 967 1996 valente8‚
1016 1920 1314 1984 vilissime
1347 1920 1548 2003 posite
1572 1922 1717 1983 sunt
1765 1920 1828 1984 in
1876 1921 2104 2005 fugam,
2156 1919 2436 2003 captivos
2478 1918 2897 2002 relinquentes
2936 1937 3009 1983 ac
3055 1919 3225 1984 vinc-

500 2010 596 2073 tos
644 2008 1038 2091 magnificum
1088 2010 1152 2072 et
1215 2008 1531 2088 potentem
1600 2006 1918 2072 dominum
1952 2058 1967 2072 .
2006 2057 2021 2072 .
2057 2055 2073 2071 .
2107 2008 2447 2092 voyvodam
2516 2007 2988 2072 Transilvannm
3061 2007 3229 2087 capi·

499 2096 749 2160 taneum
811 2095 1268 2179 Hungarorum‚
1325 2096 1429 2178 qui
1491 2095 1627 2158 erat
1665 2094 1991 2167 secundus
2052 2097 2213 2177 apud
2261 2113 2490 2179 regem,
2553 2111 2698 2159 cum
2761 2092 3118 2159 banderario
3161 2098 3228 2157 et

499 2182 791 2247 banderia
856 2182 1089 2248 domini
1155 2183 1321 2266 regis
1367 2231 1383 2247 .
1436 2230 1451 2247 .
1502 2233 1515 2248 .
1563 2201 1674 2247 nec
1742 2201 1866 2248 non
1934 2183 2080 2249 aliis
2147 2183 2327 2248 XXX
2395 2181 2703 2247 notabiles
2771 2180 3005 2246 milites
3051 2181 3229 2246 Hun-

497 2273 715 2353 garos“
767 2270 883 2334 etc.

586 2378 913 2439 Paetorum
971 2379 1026 2440 V
1063 2380 1123 2449 8,
1166 2395 1210 2437 u
1256 2378 1410 2440 mlet.
1454 2378 1691 2440 arkivu.

933 2566 1206 2649 CCV!-
1259 2565 1469 2649 6041.
1523 2566 1742 2649 1374.
1793 2567 1847 2650 9
1894 2566 2232 2669 omnim,
2284 2588 2343 2648 u
2399 2564 2792 2649 Mletcih.

716 2709 1029 2792 Scriptum
1079 2707 1296 2773 Carolo
1344 2709 1420 2774 de
1465 2709 1658 2792 Topia
1703 2709 1952 2775 domino
1996 2708 2257 2785 Ouratii‚
2306 2708 2466 2791 quod
2527 2708 2847 2789 provideat
2904 2705 2981 2771 de
3043 2707 3231 2772 satis-

503 2797 734 2862 fatione
785 2798 849 2861 et
894 2796 1152 2860 emenda
1197 2795 1349 2861 civis
1413 2798 1613 2861 veneti
1661 2797 1933 2880 Philippi
1999 2796 2250 2872 Bateni,
2314 2797 2413 2860 cui
2476 2795 2779 2860 violenter
2840 2794 3053 2860 ablata
3113 2795 3234 2859 fnit

505 2903 624 2949 una
672 2884 839 2950 balla
885 2902 1224 2965 pannorum
1268 2887 1333 2950 et
1380 2884 1599 2949 barilia
1643 2905 1747 2949 sex
1794 2885 2255 2968 compostarum
2319 2903 2425 2965 per
2487 2885 2815 2966 quemdam
2882 2900 3065 2946 snum
3129 2900 3234 2946 ca-

501 2972 814 3054 pitaneum
863 2971 925 3036 in
974 2974 1152 3054 postu
1197 2991 1247 3036 s,
1296 2971 1688 3049 Anastasiae‚
1737 2976 1802 3037 et
1848 2972 2141 3037 similiter
2182 2971 2506 3053 capitaneo
2551 2970 2780 3054 calphi,
2834 2971 2905 3033 ut
2949 2977 3235 3050 procuret

500 3078 642 3124 cum
691 3059 857 3123 omni
908 3059 1206 3125 instantia
1252 3061 1412 3140 apud
1457 3061 1664 3143 ipsum
1713 3059 2044 3138 Karolum‚
2090 3057 2250 3142 quod
2297 3059 2416 3126 civi
2460 3061 2677 3124 veneto
2722 3059 2833 3123 fiat
2864 3058 3124 3122 emenda
3167 3058 3234 3121 et

501 3146 843 3211 satisfactio
890 3148 963 3212 de
1009 3166 1118 3212 sno
1156 3147 1397 3211 damno.

590 3254 772 3315 misti
822 3254 1123 3316 XXXIV
1157 3255 1261 3324 88,
1305 3271 1349 3313 u
1392 3254 1550 3315 mlet.
1597 3254 1832 3314 arkivu.

894 3442 1212 3524 ccvll.
1266 3442 1472 3526 6041.
1528 3443 1750 3526 1374.
1807 3444 1896 3525 17
1948 3444 2290 3545 ciuilia,
2342 3465 2401 3524 u
2457 3441 2854 3525 Mletcih.

502 3587 720 3647 Knezu
764 3586 973 3646 Nikon
1018 3587 1314 3657 krekomu,
1351 3588 1451 3661 koj
1483 3589 1551 3660 je:
1604 3605 1647 3646 u
1697 3587 1880 3647 Trstu
1938 3584 2206 3648 οὸηαὲαο
2265 3588 2546 3661 vojnicku
2603 3587 2830 3656 stubba,
2890 3587 3236 3657 dozvoljava

1150 3690 1231 3744 se,
1276 3676 1358 3734 da
1400 3676 1572 3749 dodje
1612 3694 1655 3735 u
1699 3676 1931 3735 Mletkc
1972 3692 2049 3735 za
2080 3680 2359 3749 petuam
2400 3676 2587 3734 dana.

722 3793 916 3858 1374.
964 3793 1061 3858 die
1115 3792 1191 3856 17
1238 3797 1473 3872 marcii,
1521 3798 1737 3879 capta:
1786 3796 1945 3879 quod
1992 3795 2207 3860 comiti
2252 3795 2509 3861 Nicolao
2568 3795 2759 3878 Vegle
2819 3793 3235 3876 provisionato

506 3883 716 3947 nostro
762 3881 824 3945 in
871 3882 1189 3966 Tergesto‚
1256 3885 1649 3959 concedatur,
1699 3883 1859 3965 quod
1922 3902 2032 3967 pro
2093 3882 2461 3968 quibusdam
2517 3882 2646 3947 suis
2708 3881 2981 3966 negociis
3042 3882 3237 3964 possit

504 3969 714 4036 venire
759 3970 825 4033 et
869 3972 1037 4035 stare
1086 3969 1363 4035 Venetiis
1409 3990 1520 4054 per
1562 3970 1682 4036 XV
1727 3972 1877 4035 dies.

590 4078 772 4138 mista·
826 4077 1126 4138 XXXIV
1165 4079 1267 4148 91,
1314 4095 1357 4138 u
1400 4078 1553 4139 αἰεί.
1600 4079 1835 4139 arkivu.

903 4283 1270 4365 ccvm.
1326 4283 1534 4368 6041.
1588 4283 1804 4367 1374.
1861 4282 1965 4366 26
2017 4284 2389 4385 travma,
2441 4306 2500 4365 u
2558 4283 2845 4384 Senju.

508 4427 678 4486 Knez
724 4427 892 4486 krcki
936 4426 1188 4501 Stjepan
1232 4426 1543 4502 izviesouje
1587 4428 1878 4488 mletacku
1922 4428 2256 4506 republilou,
2304 4429 2385 4487 da
2417 4431 2485 4502 je
2538 4430 2873 4501 m‘eoivwmu
2911 4427 3240 4500 poslam‘ku

512 4513 792 4581 donvolio,
838 4515 991 4573 nelca
1034 4532 1097 4575 se
1142 4516 1317 4589 omijc
1361 4518 1609 4576 nustani
1653 4517 1927 4576 mletacki
1966 4510 2200 4579 konzul,
2246 4517 2271 4573 i
2315 4516 2397 4573 da
2441 4516 2612 4576 isloii
2650 4515 2944 4575 mletacku
2971 4518 3240 4585 nastavu,

724 4630 1136 4699 Serenissimo
1182 4635 1441 4719 principi
1490 4638 1552 4701 et
1596 4635 1845 4702 domino
1893 4638 2138 4701 domino
2183 4634 2433 4701 Andree
2479 4635 2825 4702 Contareno
2880 4635 2979 4701 dei
3041 4633 3245 4718 gratia

515 4717 747 4784 inclito
790 4717 932 4784 duci
980 4721 1377 4789 Venetiamm
1424 4725 1541 4790 etc.
1591 4725 1799 4791 nostro
1846 4724 2048 4791 amico
2099 4722 2475 4790 honorando.
2523 4723 2927 4792 Serenissime
2959 4722 3244 4808 princeps
