<?xml version="1.0" encoding="UTF-8"?>
<!DOCTYPE html PUBLIC "-//W3C//DTD XHTML 1.0 Transitional//EN"
    "http://www.w3.org/TR/xhtml1/DTD/xhtml1-transitional.dtd">
<html xmlns="http://www.w3.org/1999/xhtml" xml:lang="en" lang="en">
 <head>
  <title>
</title>
<meta http-equiv="Content-Type" content="text/html;charset=utf-8" />
  <meta name='ocr-system' content='tesseract 3.04.00' />
  <meta name='ocr-capabilities' content='ocr_page ocr_carea ocr_par ocr_line ocrx_word'/>
</head>
<body>
  <div class='ocr_page' id='page_1' title='image "./monumentaspecta02umjegoog_0739.png"; bbox 0 0 3620 5282; ppageno 0'>
   <div class='ocr_carea' id='block_1_1' title="bbox 2968 380 3086 444">
    <p class='ocr_par' dir='ltr' id='par_1_1' title="bbox 2968 380 3086 444">
     <span class='ocr_line' id='line_1_1' title="bbox 2968 380 3086 444; baseline 0.008 -1"><span class='ocrx_word' id='word_1_1' title='bbox 2968 380 3086 444; x_wconf 77' lang='lat'>187</span> 
     </span>
    </p>
   </div>
   <div class='ocr_carea' id='block_1_2' title="bbox 361 554 3091 1866">
    <p class='ocr_par' dir='ltr' id='par_1_2' title="bbox 361 554 3091 1866">
     <span class='ocr_line' id='line_1_2' title="bbox 362 554 3089 642; baseline -0.001 -20"><span class='ocrx_word' id='word_1_2' title='bbox 362 556 675 642; x_wconf 76' lang='lat' dir='ltr'>rogaverit,</span> <span class='ocrx_word' id='word_1_3' title='bbox 718 556 876 620; x_wconf 87' lang='lat' dir='ltr'>alias</span> <span class='ocrx_word' id='word_1_4' title='bbox 926 558 1166 621; x_wconf 82' lang='lat' dir='ltr'>nostros</span> <span class='ocrx_word' id='word_1_5' title='bbox 1223 557 1669 633; x_wconf 75' lang='lat' dir='ltr'>ambaxatoreS‚</span> <span class='ocrx_word' id='word_1_6' title='bbox 1717 557 1821 637; x_wconf 92' lang='lat' dir='ltr'>qui</span> <span class='ocrx_word' id='word_1_7' title='bbox 1870 554 2119 620; x_wconf 87' lang='lat' dir='ltr'>fuerunt</span> <span class='ocrx_word' id='word_1_8' title='bbox 2179 559 2258 620; x_wconf 82' lang='lat' dir='ltr'>ad</span> <span class='ocrx_word' id='word_1_9' title='bbox 2306 559 2513 637; x_wconf 87' lang='lat' dir='ltr'>partes</span> <span class='ocrx_word' id='word_1_10' title='bbox 2559 555 2894 637; x_wconf 87' lang='lat' dir='ltr'>Hungarie‚</span> <span class='ocrx_word' id='word_1_11' title='bbox 2929 556 3089 637; x_wconf 90' lang='lat' dir='ltr'>quod</span> 
     </span>
     <span class='ocr_line' id='line_1_3' title="bbox 365 641 3089 726; baseline -0.001 -17"><span class='ocrx_word' id='word_1_12' title='bbox 365 646 637 710; x_wconf 79' lang='lat' dir='ltr'>dicerent</span> <span class='ocrx_word' id='word_1_13' title='bbox 683 646 889 709; x_wconf 90' lang='lat' dir='ltr'>nostro</span> <span class='ocrx_word' id='word_1_14' title='bbox 935 644 1229 722; x_wconf 89' lang='lat' dir='ltr'>dominio,</span> <span class='ocrx_word' id='word_1_15' title='bbox 1278 644 1439 726; x_wconf 90' lang='lat' dir='ltr'>quod</span> <span class='ocrx_word' id='word_1_16' title='bbox 1488 643 1618 725; x_wconf 89' lang='lat' dir='ltr'>ipse</span> <span class='ocrx_word' id='word_1_17' title='bbox 1666 645 1874 725; x_wconf 86' lang='lat' dir='ltr'>posset</span> <span class='ocrx_word' id='word_1_18' title='bbox 1923 661 2164 708; x_wconf 85' lang='lat' dir='ltr'>armare</span> <span class='ocrx_word' id='word_1_19' title='bbox 2204 643 2270 707; x_wconf 91' lang='lat' dir='ltr'>iu</span> <span class='ocrx_word' id='word_1_20' title='bbox 2304 641 2572 708; x_wconf 88' lang='lat' dir='ltr'>Venecia</span> <span class='ocrx_word' id='word_1_21' title='bbox 2622 661 2805 707; x_wconf 91' lang='lat' dir='ltr'>unam</span> <span class='ocrx_word' id='word_1_22' title='bbox 2850 642 3089 725; x_wconf 89' lang='lat' dir='ltr'>galeam</span> 
     </span>
     <span class='ocr_line' id='line_1_4' title="bbox 364 730 3091 815; baseline -0.002 -17"><span class='ocrx_word' id='word_1_23' title='bbox 364 733 440 798; x_wconf 92' lang='lat' dir='ltr'>ad</span> <span class='ocrx_word' id='word_1_24' title='bbox 486 751 629 797; x_wconf 89' lang='lat' dir='ltr'>suas</span> <span class='ocrx_word' id='word_1_25' title='bbox 690 751 986 814; x_wconf 84' lang='lat' dir='ltr'>expensas</span> <span class='ocrx_word' id='word_1_26' title='bbox 1048 750 1157 815; x_wconf 89' lang='lat' dir='ltr'>pro</span> <span class='ocrx_word' id='word_1_27' title='bbox 1205 731 1401 796; x_wconf 87' lang='lat' dir='ltr'>eundo</span> <span class='ocrx_word' id='word_1_28' title='bbox 1462 733 1535 796; x_wconf 89' lang='lat' dir='ltr'>ad</span> <span class='ocrx_word' id='word_1_29' title='bbox 1585 733 1868 795; x_wconf 90' lang='lat' dir='ltr'>sanctum</span> <span class='ocrx_word' id='word_1_30' title='bbox 1936 732 2291 812; x_wconf 88' lang='lat' dir='ltr'>sepulcrum</span> <span class='ocrx_word' id='word_1_31' title='bbox 2359 748 2467 812; x_wconf 92' lang='lat' dir='ltr'>pro</span> <span class='ocrx_word' id='word_1_32' title='bbox 2512 749 2625 795; x_wconf 89' lang='lat' dir='ltr'>sua</span> <span class='ocrx_word' id='word_1_33' title='bbox 2664 730 2937 794; x_wconf 80' lang='lat' dir='ltr'>maxima</span> <span class='ocrx_word' id='word_1_34' title='bbox 2986 732 3091 793; x_wconf 88' lang='lat' dir='ltr'>de-</span> 
     </span>
     <span class='ocr_line' id='line_1_5' title="bbox 365 817 3090 900; baseline -0.002 -14"><span class='ocrx_word' id='word_1_35' title='bbox 365 821 632 896; x_wconf 82' lang='lat' dir='ltr'>vocione,</span> <span class='ocrx_word' id='word_1_36' title='bbox 681 822 1020 884; x_wconf 88' lang='lat' dir='ltr'>mutuando</span> <span class='ocrx_word' id='word_1_37' title='bbox 1067 821 1123 883; x_wconf 89' lang='lat' dir='ltr'>ei</span> <span class='ocrx_word' id='word_1_38' title='bbox 1172 821 1369 884; x_wconf 88' lang='lat' dir='ltr'>solum</span> <span class='ocrx_word' id='word_1_39' title='bbox 1418 837 1637 900; x_wconf 90' lang='lat' dir='ltr'>corpus</span> <span class='ocrx_word' id='word_1_40' title='bbox 1683 819 1860 900; x_wconf 83' lang='lat' dir='ltr'>galee</span> <span class='ocrx_word' id='word_1_41' title='bbox 1907 837 2049 882; x_wconf 92' lang='lat' dir='ltr'>cum</span> <span class='ocrx_word' id='word_1_42' title='bbox 2100 817 2520 896; x_wconf 77' lang='lat' dir='ltr'>furnimentiS,</span> <span class='ocrx_word' id='word_1_43' title='bbox 2580 819 2754 883; x_wconf 90' lang='lat' dir='ltr'>vadit</span> <span class='ocrx_word' id='word_1_44' title='bbox 2788 835 2932 900; x_wconf 88' lang='lat' dir='ltr'>pars</span> <span class='ocrx_word' id='word_1_45' title='bbox 2981 836 3090 898; x_wconf 90' lang='lat' dir='ltr'>pro</span> 
     </span>
     <span class='ocr_line' id='line_1_6' title="bbox 364 905 3089 990; baseline -0.001 -18"><span class='ocrx_word' id='word_1_46' title='bbox 364 908 532 972; x_wconf 90' lang='lat' dir='ltr'>omni</span> <span class='ocrx_word' id='word_1_47' title='bbox 583 909 737 971; x_wconf 90' lang='lat' dir='ltr'>bono</span> <span class='ocrx_word' id='word_1_48' title='bbox 792 908 1093 990; x_wconf 81' lang='lat' dir='ltr'>respectu,</span> <span class='ocrx_word' id='word_1_49' title='bbox 1140 907 1480 971; x_wconf 85' lang='lat' dir='ltr'>cosiderata</span> <span class='ocrx_word' id='word_1_50' title='bbox 1537 905 1773 986; x_wconf 87' lang='lat' dir='ltr'>optima</span> <span class='ocrx_word' id='word_1_51' title='bbox 1812 905 2212 987; x_wconf 79' lang='lat' dir='ltr'>dispositione</span> <span class='ocrx_word' id='word_1_52' title='bbox 2258 923 2369 970; x_wconf 92' lang='lat' dir='ltr'>sua</span> <span class='ocrx_word' id='word_1_53' title='bbox 2414 907 2493 970; x_wconf 89' lang='lat' dir='ltr'>ad</span> <span class='ocrx_word' id='word_1_54' title='bbox 2538 905 2830 970; x_wconf 86' lang='lat' dir='ltr'>honorem</span> <span class='ocrx_word' id='word_1_55' title='bbox 2893 906 3089 969; x_wconf 88' lang='lat' dir='ltr'>nostri</span> 
     </span>
     <span class='ocr_line' id='line_1_7' title="bbox 363 992 3087 1076; baseline -0.001 -17"><span class='ocrx_word' id='word_1_56' title='bbox 363 995 644 1072; x_wconf 89' lang='lat' dir='ltr'>dominii,</span> <span class='ocrx_word' id='word_1_57' title='bbox 693 996 850 1076; x_wconf 89' lang='lat' dir='ltr'>quod</span> <span class='ocrx_word' id='word_1_58' title='bbox 895 995 1263 1059; x_wconf 89' lang='lat' dir='ltr'>concedatur</span> <span class='ocrx_word' id='word_1_59' title='bbox 1308 994 1448 1071; x_wconf 86' lang='lat' dir='ltr'>sibi,</span> <span class='ocrx_word' id='word_1_60' title='bbox 1497 992 1655 1076; x_wconf 89' lang='lat' dir='ltr'>quod</span> <span class='ocrx_word' id='word_1_61' title='bbox 1704 994 1903 1075; x_wconf 80' lang='lat' dir='ltr'>possit</span> <span class='ocrx_word' id='word_1_62' title='bbox 1947 994 2024 1056; x_wconf 89' lang='lat' dir='ltr'>ad</span> <span class='ocrx_word' id='word_1_63' title='bbox 2072 1012 2217 1058; x_wconf 88' lang='lat' dir='ltr'>suas</span> <span class='ocrx_word' id='word_1_64' title='bbox 2264 1011 2560 1075; x_wconf 85' lang='lat' dir='ltr'>expensas</span> <span class='ocrx_word' id='word_1_65' title='bbox 2606 1011 2848 1057; x_wconf 87' lang='lat' dir='ltr'>armare</span> <span class='ocrx_word' id='word_1_66' title='bbox 2901 1011 3087 1057; x_wconf 88' lang='lat' dir='ltr'>unam</span> 
     </span>
     <span class='ocr_line' id='line_1_8' title="bbox 361 1079 3089 1166; baseline -0 -20"><span class='ocrx_word' id='word_1_67' title='bbox 361 1082 608 1166; x_wconf 88' lang='lat' dir='ltr'>galeam</span> <span class='ocrx_word' id='word_1_68' title='bbox 653 1081 717 1146; x_wconf 92' lang='lat' dir='ltr'>in</span> <span class='ocrx_word' id='word_1_69' title='bbox 765 1082 1049 1147; x_wconf 89' lang='lat' dir='ltr'>Veneciis</span> <span class='ocrx_word' id='word_1_70' title='bbox 1097 1081 1431 1145; x_wconf 88' lang='lat' dir='ltr'>secundum</span> <span class='ocrx_word' id='word_1_71' title='bbox 1479 1100 1656 1145; x_wconf 87' lang='lat' dir='ltr'>suam</span> <span class='ocrx_word' id='word_1_72' title='bbox 1702 1079 2185 1162; x_wconf 79' lang='lat' dir='ltr'>requisitionem,</span> <span class='ocrx_word' id='word_1_73' title='bbox 2235 1081 2287 1144; x_wconf 91' lang='lat' dir='ltr'>si</span> <span class='ocrx_word' id='word_1_74' title='bbox 2334 1080 2608 1163; x_wconf 89' lang='lat' dir='ltr'>placebit</span> <span class='ocrx_word' id='word_1_75' title='bbox 2663 1099 2770 1145; x_wconf 90' lang='lat' dir='ltr'>sue</span> <span class='ocrx_word' id='word_1_76' title='bbox 2815 1082 3089 1162; x_wconf 86' lang='lat' dir='ltr'>paterni-</span> 
     </span>
     <span class='ocr_line' id='line_1_9' title="bbox 361 1168 3089 1251; baseline -0.001 -16"><span class='ocrx_word' id='word_1_77' title='bbox 361 1171 500 1249; x_wconf 86' lang='lat' dir='ltr'>tati,</span> <span class='ocrx_word' id='word_1_78' title='bbox 539 1173 601 1235; x_wconf 89' lang='lat' dir='ltr'>et</span> <span class='ocrx_word' id='word_1_79' title='bbox 649 1171 814 1235; x_wconf 88' lang='lat' dir='ltr'>ultra</span> <span class='ocrx_word' id='word_1_80' title='bbox 874 1170 985 1234; x_wconf 91' lang='lat' dir='ltr'>hoc</span> <span class='ocrx_word' id='word_1_81' title='bbox 1030 1169 1350 1233; x_wconf 83' lang='lat' dir='ltr'>ordinetur</span> <span class='ocrx_word' id='word_1_82' title='bbox 1402 1188 1473 1232; x_wconf 85' lang='lat' dir='ltr'>ex</span> <span class='ocrx_word' id='word_1_83' title='bbox 1537 1186 1697 1232; x_wconf 90' lang='lat' dir='ltr'>nunc</span> <span class='ocrx_word' id='word_1_84' title='bbox 1743 1168 1806 1232; x_wconf 90' lang='lat' dir='ltr'>iu</span> <span class='ocrx_word' id='word_1_85' title='bbox 1854 1186 2000 1232; x_wconf 87' lang='lat' dir='ltr'>casu</span> <span class='ocrx_word' id='word_1_86' title='bbox 2045 1187 2165 1250; x_wconf 92' lang='lat' dir='ltr'>quo</span> <span class='ocrx_word' id='word_1_87' title='bbox 2210 1168 2401 1234; x_wconf 87' lang='lat' dir='ltr'>vellet</span> <span class='ocrx_word' id='word_1_88' title='bbox 2443 1186 2684 1231; x_wconf 88' lang='lat' dir='ltr'>armare</span> <span class='ocrx_word' id='word_1_89' title='bbox 2731 1168 2928 1250; x_wconf 82' lang='lat' dir='ltr'>ipsam</span> <span class='ocrx_word' id='word_1_90' title='bbox 2976 1187 3089 1251; x_wconf 87' lang='lat' dir='ltr'>ga-</span> 
     </span>
     <span class='ocr_line' id='line_1_10' title="bbox 362 1255 3088 1339; baseline -0.001 -18"><span class='ocrx_word' id='word_1_91' title='bbox 362 1258 523 1322; x_wconf 87' lang='lat' dir='ltr'>leam</span> <span class='ocrx_word' id='word_1_92' title='bbox 572 1258 637 1320; x_wconf 90' lang='lat' dir='ltr'>et</span> <span class='ocrx_word' id='word_1_93' title='bbox 682 1258 872 1322; x_wconf 90' lang='lat' dir='ltr'>nollet</span> <span class='ocrx_word' id='word_1_94' title='bbox 910 1256 999 1320; x_wconf 89' lang='lat' dir='ltr'>ire</span> <span class='ocrx_word' id='word_1_95' title='bbox 1047 1275 1189 1321; x_wconf 91' lang='lat' dir='ltr'>cum</span> <span class='ocrx_word' id='word_1_96' title='bbox 1235 1256 1377 1320; x_wconf 91' lang='lat' dir='ltr'>aliis</span> <span class='ocrx_word' id='word_1_97' title='bbox 1441 1256 1705 1339; x_wconf 89' lang='lat' dir='ltr'>navigiis</span> <span class='ocrx_word' id='word_1_98' title='bbox 1776 1256 2149 1334; x_wconf 78' lang='lat' dir='ltr'>disarmati8‚</span> <span class='ocrx_word' id='word_1_99' title='bbox 2219 1255 2380 1337; x_wconf 90' lang='lat' dir='ltr'>quod</span> <span class='ocrx_word' id='word_1_100' title='bbox 2449 1256 2625 1338; x_wconf 82' lang='lat' dir='ltr'>galee</span> <span class='ocrx_word' id='word_1_101' title='bbox 2696 1256 2922 1330; x_wconf 86' lang='lat' dir='ltr'>nostre,</span> <span class='ocrx_word' id='word_1_102' title='bbox 2970 1274 3088 1337; x_wconf 91' lang='lat' dir='ltr'>que</span> 
     </span>
     <span class='ocr_line' id='line_1_11' title="bbox 366 1342 3087 1426; baseline -0.001 -17"><span class='ocrx_word' id='word_1_103' title='bbox 366 1347 696 1410; x_wconf 72' lang='lat' dir='ltr'>mittentur</span> <span class='ocrx_word' id='word_1_104' title='bbox 743 1345 856 1409; x_wconf 87' lang='lat' dir='ltr'>hoc</span> <span class='ocrx_word' id='word_1_105' title='bbox 903 1362 1061 1408; x_wconf 90' lang='lat' dir='ltr'>auno</span> <span class='ocrx_word' id='word_1_106' title='bbox 1099 1343 1176 1407; x_wconf 90' lang='lat' dir='ltr'>ad</span> <span class='ocrx_word' id='word_1_107' title='bbox 1224 1343 1497 1426; x_wconf 86' lang='lat' dir='ltr'>viagium</span> <span class='ocrx_word' id='word_1_108' title='bbox 1549 1342 1940 1420; x_wconf 83' lang='lat' dir='ltr'>Alexandrie‚</span> <span class='ocrx_word' id='word_1_109' title='bbox 1992 1344 2211 1407; x_wconf 86' lang='lat' dir='ltr'>Baruti</span> <span class='ocrx_word' id='word_1_110' title='bbox 2256 1343 2356 1407; x_wconf 88' lang='lat' dir='ltr'>vel</span> <span class='ocrx_word' id='word_1_111' title='bbox 2404 1342 2662 1406; x_wconf 89' lang='lat' dir='ltr'>illarum</span> <span class='ocrx_word' id='word_1_112' title='bbox 2711 1342 2981 1424; x_wconf 87' lang='lat' dir='ltr'>partium</span> <span class='ocrx_word' id='word_1_113' title='bbox 3026 1343 3087 1405; x_wconf 90' lang='lat' dir='ltr'>in</span> 
     </span>
     <span class='ocr_line' id='line_1_12' title="bbox 365 1429 3091 1512; baseline -0.001 -16"><span class='ocrx_word' id='word_1_114' title='bbox 365 1451 477 1496; x_wconf 89' lang='lat' dir='ltr'>suo</span> <span class='ocrx_word' id='word_1_115' title='bbox 527 1431 769 1496; x_wconf 91' lang='lat' dir='ltr'>redditu</span> <span class='ocrx_word' id='word_1_116' title='bbox 816 1451 1028 1496; x_wconf 90' lang='lat' dir='ltr'>versus</span> <span class='ocrx_word' id='word_1_117' title='bbox 1076 1432 1390 1509; x_wconf 88' lang='lat' dir='ltr'>Venetias‚</span> <span class='ocrx_word' id='word_1_118' title='bbox 1441 1431 1782 1512; x_wconf 76' lang='lat' dir='ltr'>reperiente</span> <span class='ocrx_word' id='word_1_119' title='bbox 1810 1451 1876 1494; x_wconf 89' lang='lat' dir='ltr'>se</span> <span class='ocrx_word' id='word_1_120' title='bbox 1913 1430 2162 1495; x_wconf 88' lang='lat' dir='ltr'>domino</span> <span class='ocrx_word' id='word_1_121' title='bbox 2208 1431 2493 1511; x_wconf 90' lang='lat' dir='ltr'>episcopo</span> <span class='ocrx_word' id='word_1_122' title='bbox 2545 1429 2824 1510; x_wconf 86' lang='lat' dir='ltr'>predicto</span> <span class='ocrx_word' id='word_1_123' title='bbox 2858 1431 2918 1493; x_wconf 90' lang='lat' dir='ltr'>in</span> <span class='ocrx_word' id='word_1_124' title='bbox 2952 1448 3091 1512; x_wconf 87' lang='lat' dir='ltr'>par-</span> 
     </span>
     <span class='ocr_line' id='line_1_13' title="bbox 365 1517 3090 1596; baseline -0.002 -12"><span class='ocrx_word' id='word_1_125' title='bbox 365 1521 532 1584; x_wconf 89' lang='lat' dir='ltr'>tibus</span> <span class='ocrx_word' id='word_1_126' title='bbox 608 1519 759 1595; x_wconf 82' lang='lat' dir='ltr'>illis,</span> <span class='ocrx_word' id='word_1_127' title='bbox 831 1519 1096 1584; x_wconf 88' lang='lat' dir='ltr'>debeant</span> <span class='ocrx_word' id='word_1_128' title='bbox 1155 1519 1335 1583; x_wconf 90' lang='lat' dir='ltr'>illum</span> <span class='ocrx_word' id='word_1_129' title='bbox 1404 1519 1610 1582; x_wconf 88' lang='lat' dir='ltr'>levare</span> <span class='ocrx_word' id='word_1_130' title='bbox 1681 1538 1820 1582; x_wconf 91' lang='lat' dir='ltr'>cnm</span> <span class='ocrx_word' id='word_1_131' title='bbox 1894 1518 2133 1582; x_wconf 84' lang='lat' dir='ltr'>familia</span> <span class='ocrx_word' id='word_1_132' title='bbox 2202 1535 2333 1596; x_wconf 87' lang='lat' dir='ltr'>sua,</span> <span class='ocrx_word' id='word_1_133' title='bbox 2381 1522 2444 1581; x_wconf 92' lang='lat' dir='ltr'>et</span> <span class='ocrx_word' id='word_1_134' title='bbox 2494 1517 2831 1581; x_wconf 83' lang='lat' dir='ltr'>conducere</span> <span class='ocrx_word' id='word_1_135' title='bbox 2878 1536 3090 1581; x_wconf 88' lang='lat' dir='ltr'>versus</span> 
     </span>
     <span class='ocr_line' id='line_1_14' title="bbox 367 1603 3090 1688; baseline -0.002 -16"><span class='ocrx_word' id='word_1_136' title='bbox 367 1608 667 1672; x_wconf 87' lang='lat' dir='ltr'>Venecias</span> <span class='ocrx_word' id='word_1_137' title='bbox 733 1607 810 1670; x_wconf 90' lang='lat' dir='ltr'>ad</span> <span class='ocrx_word' id='word_1_138' title='bbox 873 1609 1081 1688; x_wconf 88' lang='lat' dir='ltr'>partes</span> <span class='ocrx_word' id='word_1_139' title='bbox 1146 1606 1468 1670; x_wconf 85' lang='lat' dir='ltr'>Sclavouie</span> <span class='ocrx_word' id='word_1_140' title='bbox 1530 1605 1626 1670; x_wconf 90' lang='lat' dir='ltr'>vel</span> <span class='ocrx_word' id='word_1_141' title='bbox 1690 1607 1752 1669; x_wconf 91' lang='lat' dir='ltr'>in</span> <span class='ocrx_word' id='word_1_142' title='bbox 1801 1605 1929 1669; x_wconf 90' lang='lat' dir='ltr'>illis</span> <span class='ocrx_word' id='word_1_143' title='bbox 1967 1605 2145 1687; x_wconf 88' lang='lat' dir='ltr'>aquis</span> <span class='ocrx_word' id='word_1_144' title='bbox 2193 1605 2292 1669; x_wconf 88' lang='lat' dir='ltr'>vel</span> <span class='ocrx_word' id='word_1_145' title='bbox 2332 1605 2611 1688; x_wconf 89' lang='lat' dir='ltr'>partibus</span> <span class='ocrx_word' id='word_1_146' title='bbox 2658 1604 2790 1668; x_wconf 90' lang='lat' dir='ltr'>siue</span> <span class='ocrx_word' id='word_1_147' title='bbox 2836 1603 3090 1668; x_wconf 90' lang='lat' dir='ltr'>sinistro</span> 
     </span>
     <span class='ocr_line' id='line_1_15' title="bbox 366 1691 3090 1776; baseline -0.001 -18"><span class='ocrx_word' id='word_1_148' title='bbox 366 1697 687 1776; x_wconf 87' lang='lat' dir='ltr'>galearum</span> <span class='ocrx_word' id='word_1_149' title='bbox 766 1699 1115 1758; x_wconf 87' lang='lat' dir='ltr'>nostrarum</span> <span class='ocrx_word' id='word_1_150' title='bbox 1180 1694 1372 1758; x_wconf 89' lang='lat' dir='ltr'>libere</span> <span class='ocrx_word' id='word_1_151' title='bbox 1407 1701 1471 1758; x_wconf 86' lang='lat' dir='ltr'>et</span> <span class='ocrx_word' id='word_1_152' title='bbox 1517 1693 1648 1756; x_wconf 90' lang='lat' dir='ltr'>sine</span> <span class='ocrx_word' id='word_1_153' title='bbox 1695 1692 1901 1775; x_wconf 89' lang='lat' dir='ltr'>aliquo</span> <span class='ocrx_word' id='word_1_154' title='bbox 1951 1692 2191 1758; x_wconf 90' lang='lat' dir='ltr'>nabulo.</span> <span class='ocrx_word' id='word_1_155' title='bbox 2241 1695 2322 1757; x_wconf 87' lang='lat' dir='ltr'>Et</span> <span class='ocrx_word' id='word_1_156' title='bbox 2366 1711 2507 1757; x_wconf 90' lang='lat' dir='ltr'>cum</span> <span class='ocrx_word' id='word_1_157' title='bbox 2577 1692 2700 1757; x_wconf 86' lang='lat' dir='ltr'>ista</span> <span class='ocrx_word' id='word_1_158' title='bbox 2744 1691 3090 1756; x_wconf 88' lang='lat' dir='ltr'>conditione</span> 
     </span>
     <span class='ocr_line' id='line_1_16' title="bbox 364 1779 2824 1866; baseline -0.002 -20"><span class='ocrx_word' id='word_1_159' title='bbox 364 1784 663 1847; x_wconf 81' lang='lat' dir='ltr'>incantari</span> <span class='ocrx_word' id='word_1_160' title='bbox 723 1782 986 1846; x_wconf 88' lang='lat' dir='ltr'>debeant</span> <span class='ocrx_word' id='word_1_161' title='bbox 1029 1782 1203 1866; x_wconf 83' lang='lat' dir='ltr'>galee</span> <span class='ocrx_word' id='word_1_162' title='bbox 1249 1781 1595 1864; x_wconf 87' lang='lat' dir='ltr'>viagiorum</span> <span class='ocrx_word' id='word_1_163' title='bbox 1647 1781 2080 1862; x_wconf 76' lang='lat' dir='ltr'>predictorum.</span> <span class='ocrx_word' id='word_1_164' title='bbox 2122 1781 2203 1844; x_wconf 84' lang='lat' dir='ltr'>Et</span> <span class='ocrx_word' id='word_1_165' title='bbox 2247 1780 2302 1845; x_wconf 89' lang='lat' dir='ltr'>si</span> <span class='ocrx_word' id='word_1_166' title='bbox 2334 1779 2663 1845; x_wconf 88' lang='lat' dir='ltr'>consilium</span> <span class='ocrx_word' id='word_1_167' title='bbox 2708 1781 2824 1843; x_wconf 88' lang='lat' dir='ltr'>etc.</span> 
     </span>
    </p>
   </div>
   <div class='ocr_carea' id='block_1_3' title="bbox 446 1890 1734 1959">
    <p class='ocr_par' dir='ltr' id='par_1_3' title="bbox 446 1890 1734 1959">
     <span class='ocr_line' id='line_1_17' title="bbox 446 1890 1734 1959; baseline 0 -8"><span class='ocrx_word' id='word_1_168' title='bbox 446 1892 628 1951; x_wconf 61' lang='lat' dir='ltr'>Misce·</span> <span class='ocrx_word' id='word_1_169' title='bbox 677 1890 1025 1950; x_wconf 85' lang='lat' dir='ltr'><strong><em>XXXVII.</em></strong></span> <span class='ocrx_word' id='word_1_170' title='bbox 1076 1893 1178 1959; x_wconf 85' lang='lat'>67,</span> <span class='ocrx_word' id='word_1_171' title='bbox 1216 1909 1258 1948; x_wconf 80' lang='lat' dir='ltr'>u</span> <span class='ocrx_word' id='word_1_172' title='bbox 1298 1890 1453 1949; x_wconf 79' lang='lat' dir='ltr'>mlet.</span> <span class='ocrx_word' id='word_1_173' title='bbox 1498 1890 1734 1951; x_wconf 80' lang='lat' dir='ltr'>arkivu.</span> 
     </span>
    </p>
   </div>
   <div class='ocr_carea' id='block_1_4' title="bbox 707 2077 2749 2179">
    <p class='ocr_par' dir='ltr' id='par_1_4' title="bbox 707 2077 2749 2179">
     <span class='ocr_line' id='line_1_18' title="bbox 707 2077 2749 2179; baseline -0.002 -18"><span class='ocrx_word' id='word_1_174' title='bbox 707 2077 1066 2161; x_wconf 83' lang='lat' dir='ltr'><strong><em>CCLIX.</em></strong></span> <span class='ocrx_word' id='word_1_175' title='bbox 1121 2078 1329 2159; x_wconf 75' lang='lat' dir='ltr'>Gon.</span> <span class='ocrx_word' id='word_1_176' title='bbox 1382 2077 1607 2160; x_wconf 75' lang='lat'>1382.</span> <span class='ocrx_word' id='word_1_177' title='bbox 1658 2077 1760 2160; x_wconf 75' lang='lat'>29</span> <span class='ocrx_word' id='word_1_178' title='bbox 1816 2077 2190 2179; x_wconf 56' lang='lat' dir='ltr'>travan</span> <span class='ocrx_word' id='word_1_179' title='bbox 2228 2085 2303 2158; x_wconf 79' lang='lat' dir='ltr'>‘u</span> <span class='ocrx_word' id='word_1_180' title='bbox 2358 2077 2749 2159; x_wconf 81' lang='lat' dir='ltr'>Mleteih.</span> 
     </span>
    </p>
   </div>
   <div class='ocr_carea' id='block_1_5' title="bbox 370 2218 3091 2385">
    <p class='ocr_par' dir='ltr' id='par_1_5' title="bbox 370 2218 3091 2385">
     <span class='ocr_line' id='line_1_19' title="bbox 370 2218 3091 2295; baseline -0.001 -13"><span class='ocrx_word' id='word_1_181' title='bbox 370 2220 708 2295; x_wconf 73' lang='lat' dir='ltr'>Repubzika</span> <span class='ocrx_word' id='word_1_182' title='bbox 765 2240 828 2280; x_wconf 80' lang='lat' dir='ltr'>se</span> <span class='ocrx_word' id='word_1_183' title='bbox 886 2222 1225 2295; x_wconf 67' lang='lat' dir='ltr'>zahvaljije</span> <span class='ocrx_word' id='word_1_184' title='bbox 1286 2222 1490 2295; x_wconf 78' lang='lat' dir='ltr'>kralju</span> <span class='ocrx_word' id='word_1_185' title='bbox 1530 2222 1920 2280; x_wconf 79' lang='lat' dir='ltr'>bosanskomu</span> <span class='ocrx_word' id='word_1_186' title='bbox 1966 2239 2050 2279; x_wconf 79' lang='lat' dir='ltr'>na</span> <span class='ocrx_word' id='word_1_187' title='bbox 2084 2222 2295 2294; x_wconf 66' lang='lat' dir='ltr'>pomo&amp;</span> <span class='ocrx_word' id='word_1_188' title='bbox 2339 2218 2609 2294; x_wconf 66' lang='lat' dir='ltr'>pruienu</span> <span class='ocrx_word' id='word_1_189' title='bbox 2653 2221 2947 2292; x_wconf 52' lang='lat' dir='ltr'>rijezinom</span> <span class='ocrx_word' id='word_1_190' title='bbox 2990 2237 3091 2279; x_wconf 75' lang='lat' dir='ltr'>za-</span> 
     </span>
     <span class='ocr_line' id='line_1_20' title="bbox 479 2308 2980 2385; baseline -0.001 -17"><span class='ocrx_word' id='word_1_191' title='bbox 479 2311 843 2382; x_wconf 75' lang='lat' dir='ltr'>pov-iedniku</span> <span class='ocrx_word' id='word_1_192' title='bbox 885 2312 1132 2385; x_wconf 78' lang='lat' dir='ltr'>Kotom,</span> <span class='ocrx_word' id='word_1_193' title='bbox 1181 2311 1317 2368; x_wconf 71' lang='lat' dir='ltr'>taho</span> <span class='ocrx_word' id='word_1_194' title='bbox 1363 2310 1444 2367; x_wconf 82' lang='lat' dir='ltr'>da</span> <span class='ocrx_word' id='word_1_195' title='bbox 1477 2311 1545 2382; x_wconf 80' lang='lat' dir='ltr'>je</span> <span class='ocrx_word' id='word_1_196' title='bbox 1590 2326 1791 2383; x_wconf 76' lang='lat' dir='ltr'>moyao</span> <span class='ocrx_word' id='word_1_197' title='bbox 1839 2327 1915 2368; x_wconf 76' lang='lat' dir='ltr'>on</span> <span class='ocrx_word' id='word_1_198' title='bbox 1955 2309 2111 2384; x_wconf 75' lang='lat' dir='ltr'>yrad</span> <span class='ocrx_word' id='word_1_199' title='bbox 2155 2309 2231 2368; x_wconf 83' lang='lat' dir='ltr'>od</span> <span class='ocrx_word' id='word_1_200' title='bbox 2273 2308 2656 2383; x_wconf 57' lang='lat' dir='ltr'>neprffutclia</span> <span class='ocrx_word' id='word_1_201' title='bbox 2700 2309 2980 2366; x_wconf 76' lang='lat' dir='ltr'>ebraniti.</span> 
     </span>
    </p>
   </div>
   <div class='ocr_carea' id='block_1_6' title="bbox 358 2427 3093 3038">
    <p class='ocr_par' dir='ltr' id='par_1_6' title="bbox 358 2427 3093 3038">
     <span class='ocr_line' id='line_1_21' title="bbox 590 2427 3091 2512; baseline -0.001 -21"><span class='ocrx_word' id='word_1_202' title='bbox 590 2429 770 2493; x_wconf 82' lang='lat'>1382.</span> <span class='ocrx_word' id='word_1_203' title='bbox 814 2432 911 2494; x_wconf 90' lang='lat' dir='ltr'>die</span> <span class='ocrx_word' id='word_1_204' title='bbox 959 2429 1042 2493; x_wconf 77' lang='lat'>29</span> <span class='ocrx_word' id='word_1_205' title='bbox 1114 2430 1349 2512; x_wconf 79' lang='lat' dir='ltr'>aprilis,</span> <span class='ocrx_word' id='word_1_206' title='bbox 1399 2429 1629 2511; x_wconf 84' lang='lat' dir='ltr'>Capta:</span> <span class='ocrx_word' id='word_1_207' title='bbox 1680 2449 1819 2493; x_wconf 92' lang='lat' dir='ltr'>cum</span> <span class='ocrx_word' id='word_1_208' title='bbox 1883 2427 2108 2493; x_wconf 90' lang='lat' dir='ltr'>nobilis</span> <span class='ocrx_word' id='word_1_209' title='bbox 2159 2429 2250 2492; x_wconf 87' lang='lat' dir='ltr'>vir</span> <span class='ocrx_word' id='word_1_210' title='bbox 2310 2449 2409 2493; x_wconf 91' lang='lat' dir='ltr'>ser</span> <span class='ocrx_word' id='word_1_211' title='bbox 2450 2428 2723 2494; x_wconf 86' lang='lat' dir='ltr'>Jacobus</span> <span class='ocrx_word' id='word_1_212' title='bbox 2768 2427 2844 2490; x_wconf 93' lang='lat' dir='ltr'>de</span> <span class='ocrx_word' id='word_1_213' title='bbox 2892 2427 3091 2507; x_wconf 86' lang='lat' dir='ltr'>Rippa</span> 
     </span>
     <span class='ocr_line' id='line_1_22' title="bbox 370 2514 3086 2602; baseline -0.002 -21"><span class='ocrx_word' id='word_1_214' title='bbox 370 2518 715 2599; x_wconf 86' lang='lat' dir='ltr'>exposuerit</span> <span class='ocrx_word' id='word_1_215' title='bbox 780 2519 1070 2595; x_wconf 81' lang='lat' dir='ltr'>domini0,</span> <span class='ocrx_word' id='word_1_216' title='bbox 1132 2517 1293 2599; x_wconf 88' lang='lat' dir='ltr'>quod</span> <span class='ocrx_word' id='word_1_217' title='bbox 1341 2517 1622 2582; x_wconf 65' lang='lat' dir='ltr'>&#39;existens</span> <span class='ocrx_word' id='word_1_218' title='bbox 1669 2516 1746 2579; x_wconf 91' lang='lat' dir='ltr'>de</span> <span class='ocrx_word' id='word_1_219' title='bbox 1807 2523 2017 2602; x_wconf 80' lang='lat' dir='ltr'>nostro</span> <span class='ocrx_word' id='word_1_220' title='bbox 2080 2516 2372 2580; x_wconf 87' lang='lat' dir='ltr'>mandato</span> <span class='ocrx_word' id='word_1_221' title='bbox 2435 2516 2813 2579; x_wconf 87' lang='lat' dir='ltr'>castellanus</span> <span class='ocrx_word' id='word_1_222' title='bbox 2859 2514 3086 2591; x_wconf 86' lang='lat' dir='ltr'>Catari,</span> 
     </span>
     <span class='ocr_line' id='line_1_23' title="bbox 365 2601 3092 2689; baseline -0.002 -20"><span class='ocrx_word' id='word_1_223' title='bbox 365 2605 597 2689; x_wconf 90' lang='lat' dir='ltr'>recepit</span> <span class='ocrx_word' id='word_1_224' title='bbox 643 2623 932 2689; x_wconf 89' lang='lat' dir='ltr'>magnam</span> <span class='ocrx_word' id='word_1_225' title='bbox 965 2607 1030 2670; x_wconf 90' lang='lat' dir='ltr'>et</span> <span class='ocrx_word' id='word_1_226' title='bbox 1074 2606 1410 2671; x_wconf 83' lang='lat' dir='ltr'>notabilem</span> <span class='ocrx_word' id='word_1_227' title='bbox 1457 2604 1923 2670; x_wconf 87' lang='lat' dir='ltr'>subventionem</span> <span class='ocrx_word' id='word_1_228' title='bbox 1972 2621 2009 2668; x_wconf 89' lang='lat' dir='ltr'>a</span> <span class='ocrx_word' id='word_1_229' title='bbox 2052 2603 2296 2669; x_wconf 90' lang='lat' dir='ltr'>domino</span> <span class='ocrx_word' id='word_1_230' title='bbox 2358 2621 2502 2686; x_wconf 89' lang='lat' dir='ltr'>rege</span> <span class='ocrx_word' id='word_1_231' title='bbox 2548 2603 2766 2668; x_wconf 87' lang='lat' dir='ltr'>Rascie</span> <span class='ocrx_word' id='word_1_232' title='bbox 2823 2606 2953 2667; x_wconf 88' lang='lat' dir='ltr'>tam</span> <span class='ocrx_word' id='word_1_233' title='bbox 3017 2601 3092 2665; x_wconf 90' lang='lat' dir='ltr'>de</span> 
     </span>
     <span class='ocr_line' id='line_1_24' title="bbox 361 2690 3091 2777; baseline -0.001 -22"><span class='ocrx_word' id='word_1_234' title='bbox 361 2694 650 2777; x_wconf 90' lang='lat' dir='ltr'>gentibus</span> <span class='ocrx_word' id='word_1_235' title='bbox 691 2712 877 2777; x_wconf 90' lang='lat' dir='ltr'>quam</span> <span class='ocrx_word' id='word_1_236' title='bbox 926 2693 1293 2758; x_wconf 86' lang='lat' dir='ltr'>victualibus</span> <span class='ocrx_word' id='word_1_237' title='bbox 1341 2695 1404 2757; x_wconf 87' lang='lat' dir='ltr'>et</span> <span class='ocrx_word' id='word_1_238' title='bbox 1447 2693 1587 2757; x_wconf 90' lang='lat' dir='ltr'>aliis</span> <span class='ocrx_word' id='word_1_239' title='bbox 1634 2695 1817 2757; x_wconf 88' lang='lat' dir='ltr'>rebus</span> <span class='ocrx_word' id='word_1_240' title='bbox 1864 2692 2097 2769; x_wconf 88' lang='lat' dir='ltr'>taliter,</span> <span class='ocrx_word' id='word_1_241' title='bbox 2160 2695 2315 2774; x_wconf 86' lang='lat' dir='ltr'>quod</span> <span class='ocrx_word' id='word_1_242' title='bbox 2360 2693 2665 2756; x_wconf 86' lang='lat' dir='ltr'>mediante</span> <span class='ocrx_word' id='word_1_243' title='bbox 2691 2690 3091 2755; x_wconf 88' lang='lat' dir='ltr'>subventione</span> 
     </span>
     <span class='ocr_line' id='line_1_25' title="bbox 362 2777 3090 2862; baseline -0.001 -18"><span class='ocrx_word' id='word_1_244' title='bbox 362 2799 475 2844; x_wconf 88' lang='lat' dir='ltr'>sua</span> <span class='ocrx_word' id='word_1_245' title='bbox 520 2782 818 2846; x_wconf 88' lang='lat' dir='ltr'>sustinuit</span> <span class='ocrx_word' id='word_1_246' title='bbox 884 2782 1086 2845; x_wconf 91' lang='lat' dir='ltr'>locum</span> <span class='ocrx_word' id='word_1_247' title='bbox 1156 2783 1231 2845; x_wconf 89' lang='lat' dir='ltr'>ad</span> <span class='ocrx_word' id='word_1_248' title='bbox 1283 2782 1571 2845; x_wconf 88' lang='lat' dir='ltr'>bonorem</span> <span class='ocrx_word' id='word_1_249' title='bbox 1619 2779 1898 2856; x_wconf 77' lang='lat' dir='ltr'>dominii,</span> <span class='ocrx_word' id='word_1_250' title='bbox 1960 2780 2134 2843; x_wconf 89' lang='lat' dir='ltr'>vadit</span> <span class='ocrx_word' id='word_1_251' title='bbox 2180 2798 2343 2862; x_wconf 79' lang='lat' dir='ltr'>parS,</span> <span class='ocrx_word' id='word_1_252' title='bbox 2393 2779 2548 2862; x_wconf 91' lang='lat' dir='ltr'>quod</span> <span class='ocrx_word' id='word_1_253' title='bbox 2620 2778 2863 2860; x_wconf 90' lang='lat' dir='ltr'>possint</span> <span class='ocrx_word' id='word_1_254' title='bbox 2906 2777 3090 2842; x_wconf 85' lang='lat' dir='ltr'>scribi</span> 
     </span>
     <span class='ocr_line' id='line_1_26' title="bbox 364 2865 3093 2951; baseline -0.001 -20"><span class='ocrx_word' id='word_1_255' title='bbox 364 2870 574 2933; x_wconf 87' lang='lat' dir='ltr'>littere</span> <span class='ocrx_word' id='word_1_256' title='bbox 623 2870 858 2951; x_wconf 82' lang='lat' dir='ltr'>prefato</span> <span class='ocrx_word' id='word_1_257' title='bbox 907 2869 1151 2933; x_wconf 90' lang='lat' dir='ltr'>domino</span> <span class='ocrx_word' id='word_1_258' title='bbox 1197 2869 1347 2951; x_wconf 89' lang='lat' dir='ltr'>regi,</span> <span class='ocrx_word' id='word_1_259' title='bbox 1414 2868 1830 2933; x_wconf 87' lang='lat' dir='ltr'>hostendendo</span> <span class='ocrx_word' id='word_1_260' title='bbox 1891 2868 2118 2932; x_wconf 87' lang='lat' dir='ltr'>habere</span> <span class='ocrx_word' id='word_1_261' title='bbox 2177 2867 2255 2930; x_wconf 88' lang='lat' dir='ltr'>ad</span> <span class='ocrx_word' id='word_1_262' title='bbox 2305 2869 2528 2931; x_wconf 90' lang='lat' dir='ltr'>bonum</span> <span class='ocrx_word' id='word_1_263' title='bbox 2593 2871 2657 2931; x_wconf 86' lang='lat' dir='ltr'>et</span> <span class='ocrx_word' id='word_1_264' title='bbox 2700 2866 2773 2929; x_wconf 88' lang='lat' dir='ltr'>ad</span> <span class='ocrx_word' id='word_1_265' title='bbox 2822 2865 3093 2947; x_wconf 89' lang='lat' dir='ltr'>compla-</span> 
     </span>
     <span class='ocr_line' id='line_1_27' title="bbox 358 2951 2963 3038; baseline -0.002 -19"><span class='ocrx_word' id='word_1_266' title='bbox 358 2956 626 3020; x_wconf 88' lang='lat' dir='ltr'>centiam</span> <span class='ocrx_word' id='word_1_267' title='bbox 674 2956 1147 3021; x_wconf 83' lang='lat' dir='ltr'>subventionem</span> <span class='ocrx_word' id='word_1_268' title='bbox 1193 2956 1561 3038; x_wconf 84' lang='lat' dir='ltr'>predictam,</span> <span class='ocrx_word' id='word_1_269' title='bbox 1611 2957 1673 3020; x_wconf 90' lang='lat' dir='ltr'>in</span> <span class='ocrx_word' id='word_1_270' title='bbox 1721 2956 1834 3020; x_wconf 91' lang='lat' dir='ltr'>illa</span> <span class='ocrx_word' id='word_1_271' title='bbox 1879 2955 2099 3028; x_wconf 82' lang='lat' dir='ltr'>forma,</span> <span class='ocrx_word' id='word_1_272' title='bbox 2144 2975 2260 3037; x_wconf 91' lang='lat' dir='ltr'>que</span> <span class='ocrx_word' id='word_1_273' title='bbox 2307 2954 2617 3020; x_wconf 88' lang='lat' dir='ltr'>videbitur</span> <span class='ocrx_word' id='word_1_274' title='bbox 2663 2951 2963 3017; x_wconf 89' lang='lat' dir='ltr'>dominio.</span> 
     </span>
    </p>
   </div>
   <div class='ocr_carea' id='block_1_7' title="bbox 449 3063 1730 3134">
    <p class='ocr_par' dir='ltr' id='par_1_7' title="bbox 449 3063 1730 3134">
     <span class='ocr_line' id='line_1_28' title="bbox 449 3063 1730 3134; baseline 0.005 -12"><span class='ocrx_word' id='word_1_275' title='bbox 449 3064 630 3124; x_wconf 72' lang='lat' dir='ltr'>Misti</span> <span class='ocrx_word' id='word_1_276' title='bbox 678 3063 1021 3124; x_wconf 88' lang='lat' dir='ltr'><strong><em>XXXVII</em></strong></span> <span class='ocrx_word' id='word_1_277' title='bbox 1062 3066 1163 3134; x_wconf 82' lang='lat'>72,</span> <span class='ocrx_word' id='word_1_278' title='bbox 1206 3082 1250 3123; x_wconf 81' lang='lat' dir='ltr'>u</span> <span class='ocrx_word' id='word_1_279' title='bbox 1295 3065 1449 3126; x_wconf 77' lang='lat' dir='ltr'>mzet.</span> <span class='ocrx_word' id='word_1_280' title='bbox 1493 3064 1730 3128; x_wconf 79' lang='lat' dir='ltr'>arkivu.</span> 
     </span>
    </p>
   </div>
   <div class='ocr_carea' id='block_1_8' title="bbox 745 3250 2724 3353">
    <p class='ocr_par' dir='ltr' id='par_1_8' title="bbox 745 3250 2724 3353">
     <span class='ocr_line' id='line_1_29' title="bbox 745 3250 2724 3353; baseline -0.001 -19"><span class='ocrx_word' id='word_1_281' title='bbox 745 3251 1056 3334; x_wconf 88' lang='lat' dir='ltr'><strong><em>CCLX.</em></strong></span> <span class='ocrx_word' id='word_1_282' title='bbox 1112 3251 1318 3334; x_wconf 78' lang='lat' dir='ltr'>God.</span> <span class='ocrx_word' id='word_1_283' title='bbox 1373 3251 1595 3335; x_wconf 76' lang='lat'>1382.</span> <span class='ocrx_word' id='word_1_284' title='bbox 1651 3252 1747 3335; x_wconf 82' lang='lat'>13</span> <span class='ocrx_word' id='word_1_285' title='bbox 1801 3252 2167 3353; x_wconf 82' lang='lat' dir='ltr'>svibnja‚</span> <span class='ocrx_word' id='word_1_286' title='bbox 2218 3273 2278 3332; x_wconf 90' lang='lat' dir='ltr'>u</span> <span class='ocrx_word' id='word_1_287' title='bbox 2330 3250 2724 3332; x_wconf 82' lang='lat' dir='ltr'>Mlctcih.</span> 
     </span>
    </p>
   </div>
   <div class='ocr_carea' id='block_1_9' title="bbox 366 3394 3089 3557">
    <p class='ocr_par' dir='ltr' id='par_1_9' title="bbox 366 3394 3089 3557">
     <span class='ocr_line' id='line_1_30' title="bbox 366 3394 3089 3472; baseline -0.003 -14"><span class='ocrx_word' id='word_1_288' title='bbox 366 3400 701 3472; x_wconf 75' lang='lat' dir='ltr'>Republika</span> <span class='ocrx_word' id='word_1_289' title='bbox 735 3397 997 3471; x_wconf 68' lang='lat' dir='ltr'>pristcv&#39;c</span> <span class='ocrx_word' id='word_1_290' title='bbox 1041 3415 1125 3456; x_wconf 82' lang='lat' dir='ltr'>na</span> <span class='ocrx_word' id='word_1_291' title='bbox 1167 3397 1429 3470; x_wconf 78' lang='lat' dir='ltr'>zahtjevc</span> <span class='ocrx_word' id='word_1_292' title='bbox 1466 3398 1796 3471; x_wconf 58' lang='lat' dir='ltr'>uffan-hri).</span> <span class='ocrx_word' id='word_1_293' title='bbox 1854 3396 2056 3469; x_wconf 77' lang='lat' dir='ltr'>kralja</span> <span class='ocrx_word' id='word_1_294' title='bbox 2100 3415 2142 3454; x_wconf 83' lang='lat' dir='ltr'>u</span> <span class='ocrx_word' id='word_1_295' title='bbox 2182 3395 2441 3470; x_wconf 74' lang='lat' dir='ltr'>poylcdu</span> <span class='ocrx_word' id='word_1_296' title='bbox 2481 3394 2949 3468; x_wconf 70' lang='lat' dir='ltr'>padovanskoya</span> <span class='ocrx_word' id='word_1_297' title='bbox 2990 3412 3089 3467; x_wconf 77' lang='lat' dir='ltr'>qo-</span> 
     </span>
     <span class='ocr_line' id='line_1_31' title="bbox 1591 3486 1872 3557; baseline -0.004 -14"><span class='ocrx_word' id='word_1_298' title='bbox 1591 3486 1872 3557; x_wconf 79' lang='lat' dir='ltr'>spodara.</span> 
     </span>
    </p>
   </div>
   <div class='ocr_carea' id='block_1_10' title="bbox 361 3602 3096 4721">
    <p class='ocr_par' dir='ltr' id='par_1_10' title="bbox 361 3602 3096 4301">
     <span class='ocr_line' id='line_1_32' title="bbox 589 3602 3093 3687; baseline -0.002 -17"><span class='ocrx_word' id='word_1_299' title='bbox 589 3607 777 3672; x_wconf 82' lang='lat'><strong>1382.</strong></span> <span class='ocrx_word' id='word_1_300' title='bbox 828 3607 924 3671; x_wconf 89' lang='lat' dir='ltr'>die</span> <span class='ocrx_word' id='word_1_301' title='bbox 977 3605 1034 3669; x_wconf 91' lang='lat' dir='ltr'><strong><em>X</em></strong></span> <span class='ocrx_word' id='word_1_302' title='bbox 1085 3604 1250 3668; x_wconf 85' lang='lat' dir='ltr'>maii.</span> <span class='ocrx_word' id='word_1_303' title='bbox 1302 3604 1675 3681; x_wconf 85' lang='lat' dir='ltr'>Consiliarii,</span> <span class='ocrx_word' id='word_1_304' title='bbox 1703 3606 1911 3687; x_wconf 87' lang='lat' dir='ltr'>capita</span> <span class='ocrx_word' id='word_1_305' title='bbox 1935 3608 1999 3668; x_wconf 90' lang='lat' dir='ltr'>et</span> <span class='ocrx_word' id='word_1_306' title='bbox 2023 3604 2329 3685; x_wconf 86' lang='lat' dir='ltr'>sapientes</span> <span class='ocrx_word' id='word_1_307' title='bbox 2363 3603 2623 3668; x_wconf 89' lang='lat' dir='ltr'>consilii.</span> <span class='ocrx_word' id='word_1_308' title='bbox 2673 3602 2900 3684; x_wconf 87' lang='lat' dir='ltr'>Capta:</span> <span class='ocrx_word' id='word_1_309' title='bbox 2934 3604 3093 3683; x_wconf 89' lang='lat' dir='ltr'>quod</span> 
     </span>
     <span class='ocr_line' id='line_1_33' title="bbox 365 3689 3096 3777; baseline -0.004 -16"><span class='ocrx_word' id='word_1_310' title='bbox 365 3697 809 3777; x_wconf 86' lang='lat' dir='ltr'>respondeatur</span> <span class='ocrx_word' id='word_1_311' title='bbox 871 3694 973 3757; x_wconf 88' lang='lat' dir='ltr'>isti</span> <span class='ocrx_word' id='word_1_312' title='bbox 1022 3693 1234 3756; x_wconf 88' lang='lat' dir='ltr'>nuntio</span> <span class='ocrx_word' id='word_1_313' title='bbox 1283 3693 1658 3756; x_wconf 84' lang='lat' dir='ltr'>serenissimi</span> <span class='ocrx_word' id='word_1_314' title='bbox 1708 3693 1941 3758; x_wconf 86' lang='lat' dir='ltr'>domini</span> <span class='ocrx_word' id='word_1_315' title='bbox 1991 3694 2151 3773; x_wconf 85' lang='lat' dir='ltr'>regis</span> <span class='ocrx_word' id='word_1_316' title='bbox 2200 3691 2535 3774; x_wconf 83' lang='lat' dir='ltr'>Huugarie,</span> <span class='ocrx_word' id='word_1_317' title='bbox 2584 3690 2739 3773; x_wconf 88' lang='lat' dir='ltr'>quod</span> <span class='ocrx_word' id='word_1_318' title='bbox 2776 3689 3096 3754; x_wconf 87' lang='lat' dir='ltr'>intellecta</span> 
     </span>
     <span class='ocr_line' id='line_1_34' title="bbox 369 3778 3094 3861; baseline -0.003 -14"><span class='ocrx_word' id='word_1_319' title='bbox 369 3785 697 3847; x_wconf 84' lang='lat' dir='ltr'>ambaxata</span> <span class='ocrx_word' id='word_1_320' title='bbox 744 3802 856 3846; x_wconf 83' lang='lat' dir='ltr'>sua</span> <span class='ocrx_word' id='word_1_321' title='bbox 902 3782 1077 3845; x_wconf 88' lang='lat' dir='ltr'>nobis</span> <span class='ocrx_word' id='word_1_322' title='bbox 1124 3780 1432 3859; x_wconf 82' lang='lat' dir='ltr'>sapienter</span> <span class='ocrx_word' id='word_1_323' title='bbox 1478 3783 1757 3861; x_wconf 80' lang='lat' dir='ltr'>exposita</span> <span class='ocrx_word' id='word_1_324' title='bbox 1798 3785 1862 3844; x_wconf 90' lang='lat' dir='ltr'>et</span> <span class='ocrx_word' id='word_1_325' title='bbox 1911 3781 1971 3844; x_wconf 88' lang='lat' dir='ltr'>iu</span> <span class='ocrx_word' id='word_1_326' title='bbox 2020 3780 2268 3861; x_wconf 87' lang='lat' dir='ltr'>scriptis</span> <span class='ocrx_word' id='word_1_327' title='bbox 2315 3779 2588 3842; x_wconf 81' lang='lat' dir='ltr'>exhibita</span> <span class='ocrx_word' id='word_1_328' title='bbox 2635 3797 2741 3857; x_wconf 90' lang='lat' dir='ltr'>pro</span> <span class='ocrx_word' id='word_1_329' title='bbox 2777 3778 2950 3858; x_wconf 88' lang='lat' dir='ltr'>parte</span> <span class='ocrx_word' id='word_1_330' title='bbox 2997 3796 3094 3838; x_wconf 85' lang='lat' dir='ltr'>se-</span> 
     </span>
     <span class='ocr_line' id='line_1_35' title="bbox 361 3862 3095 3953; baseline -0.004 -17"><span class='ocrx_word' id='word_1_331' title='bbox 361 3872 686 3936; x_wconf 87' lang='lat' dir='ltr'>renissime</span> <span class='ocrx_word' id='word_1_332' title='bbox 712 3870 876 3953; x_wconf 85' lang='lat' dir='ltr'>regie</span> <span class='ocrx_word' id='word_1_333' title='bbox 901 3868 1244 3932; x_wconf 85' lang='lat' dir='ltr'>maiestatis</span> <span class='ocrx_word' id='word_1_334' title='bbox 1261 3870 1379 3931; x_wconf 90' lang='lat' dir='ltr'>etc.</span> <span class='ocrx_word' id='word_1_335' title='bbox 1405 3887 1539 3932; x_wconf 75' lang='lat' dir='ltr'>suin</span> <span class='ocrx_word' id='word_1_336' title='bbox 1551 3888 1618 3931; x_wconf 85' lang='lat' dir='ltr'>us</span> <span class='ocrx_word' id='word_1_337' title='bbox 1644 3869 1910 3932; x_wconf 86' lang='lat' dir='ltr'>contenti</span> <span class='ocrx_word' id='word_1_338' title='bbox 1930 3872 1992 3929; x_wconf 85' lang='lat' dir='ltr'>et</span> <span class='ocrx_word' id='word_1_339' title='bbox 2018 3866 2215 3949; x_wconf 88' lang='lat' dir='ltr'>parati</span> <span class='ocrx_word' id='word_1_340' title='bbox 2241 3867 2439 3931; x_wconf 88' lang='lat' dir='ltr'>eidem</span> <span class='ocrx_word' id='word_1_341' title='bbox 2466 3866 2631 3948; x_wconf 87' lang='lat' dir='ltr'>regie</span> <span class='ocrx_word' id='word_1_342' title='bbox 2657 3862 2973 3928; x_wconf 84' lang='lat' dir='ltr'>maiestati</span> <span class='ocrx_word' id='word_1_343' title='bbox 2999 3882 3095 3926; x_wconf 84' lang='lat' dir='ltr'>sc-</span> 
     </span>
     <span class='ocr_line' id='line_1_36' title="bbox 366 3950 3092 4039; baseline -0.002 -15"><span class='ocrx_word' id='word_1_344' title='bbox 366 3959 634 4024; x_wconf 89' lang='lat' dir='ltr'>cundum</span> <span class='ocrx_word' id='word_1_345' title='bbox 684 3957 1147 4039; x_wconf 90' lang='lat' dir='ltr'>requisitionem</span> <span class='ocrx_word' id='word_1_346' title='bbox 1184 3975 1357 4019; x_wconf 83' lang='lat' dir='ltr'>suam</span> <span class='ocrx_word' id='word_1_347' title='bbox 1395 3954 1737 4018; x_wconf 85' lang='lat' dir='ltr'>liberaliter</span> <span class='ocrx_word' id='word_1_348' title='bbox 1766 3954 2180 4036; x_wconf 77' lang='lat' dir='ltr'>complacere3</span> <span class='ocrx_word' id='word_1_349' title='bbox 2209 3953 2433 4018; x_wconf 88' lang='lat' dir='ltr'>utendo</span> <span class='ocrx_word' id='word_1_350' title='bbox 2458 3954 2580 4017; x_wconf 87' lang='lat' dir='ltr'>hiis</span> <span class='ocrx_word' id='word_1_351' title='bbox 2606 3954 2670 4017; x_wconf 90' lang='lat' dir='ltr'>et</span> <span class='ocrx_word' id='word_1_352' title='bbox 2692 3952 2834 4016; x_wconf 87' lang='lat' dir='ltr'>aliis</span> <span class='ocrx_word' id='word_1_353' title='bbox 2866 3950 3092 4018; x_wconf 76' lang='lat' dir='ltr'>verbis,</span> 
     </span>
     <span class='ocr_line' id='line_1_37' title="bbox 365 4037 3093 4129; baseline -0.004 -19"><span class='ocrx_word' id='word_1_354' title='bbox 365 4066 482 4129; x_wconf 92' lang='lat' dir='ltr'>que</span> <span class='ocrx_word' id='word_1_355' title='bbox 529 4064 637 4128; x_wconf 90' lang='lat' dir='ltr'>pro</span> <span class='ocrx_word' id='word_1_356' title='bbox 698 4046 918 4109; x_wconf 90' lang='lat' dir='ltr'>honore</span> <span class='ocrx_word' id='word_1_357' title='bbox 976 4044 1170 4108; x_wconf 88' lang='lat' dir='ltr'>nostri</span> <span class='ocrx_word' id='word_1_358' title='bbox 1231 4043 1486 4106; x_wconf 87' lang='lat' dir='ltr'>dominii</span> <span class='ocrx_word' id='word_1_359' title='bbox 1552 4043 1728 4106; x_wconf 84' lang='lat' dir='ltr'>utilia</span> <span class='ocrx_word' id='word_1_360' title='bbox 1771 4043 2177 4118; x_wconf 57' lang='lat' dir='ltr'>videbuntur,</span> <span class='ocrx_word' id='word_1_361' title='bbox 2232 4042 2313 4105; x_wconf 80' lang='lat' dir='ltr'>Et</span> <span class='ocrx_word' id='word_1_362' title='bbox 2358 4060 2467 4123; x_wconf 90' lang='lat' dir='ltr'>pro</span> <span class='ocrx_word' id='word_1_363' title='bbox 2537 4042 2659 4104; x_wconf 88' lang='lat' dir='ltr'>ista</span> <span class='ocrx_word' id='word_1_364' title='bbox 2719 4058 2905 4103; x_wconf 87' lang='lat' dir='ltr'>causa</span> <span class='ocrx_word' id='word_1_365' title='bbox 2951 4037 3093 4102; x_wconf 87' lang='lat' dir='ltr'>fieri</span> 
     </span>
     <span class='ocr_line' id='line_1_38' title="bbox 369 4125 3094 4215; baseline -0.004 -17"><span class='ocrx_word' id='word_1_366' title='bbox 369 4133 608 4215; x_wconf 88' lang='lat' dir='ltr'>possint</span> <span class='ocrx_word' id='word_1_367' title='bbox 650 4133 1060 4197; x_wconf 88' lang='lat' dir='ltr'>instrumenta</span> <span class='ocrx_word' id='word_1_368' title='bbox 1102 4129 1448 4195; x_wconf 87' lang='lat' dir='ltr'>necessaria</span> <span class='ocrx_word' id='word_1_369' title='bbox 1495 4132 1623 4192; x_wconf 89' lang='lat' dir='ltr'>tam</span> <span class='ocrx_word' id='word_1_370' title='bbox 1674 4131 1919 4193; x_wconf 89' lang='lat' dir='ltr'>nomine</span> <span class='ocrx_word' id='word_1_371' title='bbox 1945 4129 2181 4193; x_wconf 86' lang='lat' dir='ltr'>domini</span> <span class='ocrx_word' id='word_1_372' title='bbox 2207 4130 2371 4211; x_wconf 88' lang='lat' dir='ltr'>regis</span> <span class='ocrx_word' id='word_1_373' title='bbox 2402 4148 2584 4211; x_wconf 89' lang='lat' dir='ltr'>quam</span> <span class='ocrx_word' id='word_1_374' title='bbox 2620 4126 2852 4191; x_wconf 90' lang='lat' dir='ltr'>domini</span> <span class='ocrx_word' id='word_1_375' title='bbox 2882 4125 3094 4190; x_wconf 87' lang='lat' dir='ltr'>Padue</span> 
     </span>
     <span class='ocr_line' id='line_1_39' title="bbox 365 4217 2343 4301; baseline -0.003 -17"><span class='ocrx_word' id='word_1_376' title='bbox 365 4225 432 4284; x_wconf 90' lang='lat' dir='ltr'>et</span> <span class='ocrx_word' id='word_1_377' title='bbox 479 4222 670 4285; x_wconf 88' lang='lat' dir='ltr'>nostri</span> <span class='ocrx_word' id='word_1_378' title='bbox 718 4219 1065 4286; x_wconf 90' lang='lat' dir='ltr'>communis</span> <span class='ocrx_word' id='word_1_379' title='bbox 1113 4219 1187 4282; x_wconf 88' lang='lat' dir='ltr'>ad</span> <span class='ocrx_word' id='word_1_380' title='bbox 1235 4218 1511 4301; x_wconf 86' lang='lat' dir='ltr'>plenum,</span> <span class='ocrx_word' id='word_1_381' title='bbox 1561 4218 1631 4280; x_wconf 89' lang='lat' dir='ltr'>ut</span> <span class='ocrx_word' id='word_1_382' title='bbox 1677 4217 1864 4280; x_wconf 88' lang='lat' dir='ltr'>fuerit</span> <span class='ocrx_word' id='word_1_383' title='bbox 1909 4218 2343 4281; x_wconf 86' lang='lat' dir='ltr'>necessarium.</span> 
     </span>
    </p>

    <p class='ocr_par' dir='ltr' id='par_1_11' title="bbox 363 4302 3093 4721">
     <span class='ocr_line' id='line_1_40' title="bbox 576 4302 3093 4388; baseline -0.003 -17"><span class='ocrx_word' id='word_1_384' title='bbox 576 4308 802 4372; x_wconf 85' lang='lat' dir='ltr'>Factus</span> <span class='ocrx_word' id='word_1_385' title='bbox 851 4306 970 4371; x_wconf 90' lang='lat' dir='ltr'>fuit</span> <span class='ocrx_word' id='word_1_386' title='bbox 1015 4305 1287 4370; x_wconf 89' lang='lat' dir='ltr'>sindicus</span> <span class='ocrx_word' id='word_1_387' title='bbox 1335 4305 1413 4368; x_wconf 91' lang='lat' dir='ltr'>ad</span> <span class='ocrx_word' id='word_1_388' title='bbox 1461 4304 1739 4388; x_wconf 89' lang='lat' dir='ltr'>predicta</span> <span class='ocrx_word' id='word_1_389' title='bbox 1785 4304 2153 4385; x_wconf 89' lang='lat' dir='ltr'>complenda</span> <span class='ocrx_word' id='word_1_390' title='bbox 2201 4308 2265 4368; x_wconf 90' lang='lat' dir='ltr'>et</span> <span class='ocrx_word' id='word_1_391' title='bbox 2310 4303 2510 4367; x_wconf 87' lang='lat' dir='ltr'>fienda</span> <span class='ocrx_word' id='word_1_392' title='bbox 2556 4302 2843 4365; x_wconf 89' lang='lat' dir='ltr'>dominus</span> <span class='ocrx_word' id='word_1_393' title='bbox 2877 4320 3093 4365; x_wconf 88' lang='lat' dir='ltr'>cance-</span> 
     </span>
     <span class='ocr_line' id='line_1_41' title="bbox 365 4389 3092 4477; baseline -0.001 -20"><span class='ocrx_word' id='word_1_394' title='bbox 365 4394 576 4467; x_wconf 84' lang='lat' dir='ltr'>larius‚</span> <span class='ocrx_word' id='word_1_395' title='bbox 629 4397 692 4459; x_wconf 90' lang='lat' dir='ltr'>et</span> <span class='ocrx_word' id='word_1_396' title='bbox 738 4396 992 4477; x_wconf 88' lang='lat' dir='ltr'>rogatus</span> <span class='ocrx_word' id='word_1_397' title='bbox 1040 4392 1161 4457; x_wconf 87' lang='lat' dir='ltr'>fuit</span> <span class='ocrx_word' id='word_1_398' title='bbox 1204 4395 1278 4458; x_wconf 88' lang='lat' dir='ltr'>de</span> <span class='ocrx_word' id='word_1_399' title='bbox 1328 4392 1726 4473; x_wconf 88' lang='lat' dir='ltr'>inscriptione</span> <span class='ocrx_word' id='word_1_400' title='bbox 1774 4410 1877 4455; x_wconf 89' lang='lat' dir='ltr'>ser</span> <span class='ocrx_word' id='word_1_401' title='bbox 1921 4391 2196 4457; x_wconf 86' lang='lat' dir='ltr'>Johanes</span> <span class='ocrx_word' id='word_1_402' title='bbox 2241 4390 2398 4454; x_wconf 90' lang='lat' dir='ltr'>Vido</span> <span class='ocrx_word' id='word_1_403' title='bbox 2446 4389 2722 4453; x_wconf 85' lang='lat' dir='ltr'>notarius</span> <span class='ocrx_word' id='word_1_404' title='bbox 2759 4389 2924 4452; x_wconf 89' lang='lat' dir='ltr'>curie</span> <span class='ocrx_word' id='word_1_405' title='bbox 2960 4409 3092 4453; x_wconf 84' lang='lat' dir='ltr'>ma-</span> 
     </span>
     <span class='ocr_line' id='line_1_42' title="bbox 363 4475 3088 4564; baseline -0.002 -18"><span class='ocrx_word' id='word_1_406' title='bbox 363 4482 532 4559; x_wconf 89' lang='lat' dir='ltr'>ioris,</span> <span class='ocrx_word' id='word_1_407' title='bbox 603 4482 992 4564; x_wconf 88' lang='lat' dir='ltr'>presentibus</span> <span class='ocrx_word' id='word_1_408' title='bbox 1061 4480 1332 4562; x_wconf 88' lang='lat' dir='ltr'>providis</span> <span class='ocrx_word' id='word_1_409' title='bbox 1401 4479 1558 4544; x_wconf 87' lang='lat' dir='ltr'>vivis</span> <span class='ocrx_word' id='word_1_410' title='bbox 1604 4499 1704 4543; x_wconf 90' lang='lat' dir='ltr'>ser</span> <span class='ocrx_word' id='word_1_411' title='bbox 1753 4478 2047 4552; x_wconf 80' lang='lat' dir='ltr'>Amade0,</span> <span class='ocrx_word' id='word_1_412' title='bbox 2095 4478 2378 4543; x_wconf 85' lang='lat' dir='ltr'>Johanue</span> <span class='ocrx_word' id='word_1_413' title='bbox 2428 4475 2743 4541; x_wconf 89' lang='lat' dir='ltr'>Plumatio</span> <span class='ocrx_word' id='word_1_414' title='bbox 2790 4480 2854 4540; x_wconf 90' lang='lat' dir='ltr'>et</span> <span class='ocrx_word' id='word_1_415' title='bbox 2902 4477 3088 4540; x_wconf 84' lang='lat' dir='ltr'>Petro</span> 
     </span>
     <span class='ocr_line' id='line_1_43' title="bbox 364 4563 3092 4648; baseline -0.003 -15"><span class='ocrx_word' id='word_1_416' title='bbox 364 4570 498 4633; x_wconf 87' lang='lat' dir='ltr'>dela</span> <span class='ocrx_word' id='word_1_417' title='bbox 543 4568 751 4648; x_wconf 87' lang='lat' dir='ltr'>Costa,</span> <span class='ocrx_word' id='word_1_418' title='bbox 806 4568 1029 4633; x_wconf 88' lang='lat' dir='ltr'>notarii</span> <span class='ocrx_word' id='word_1_419' title='bbox 1094 4572 1261 4632; x_wconf 88' lang='lat' dir='ltr'>curie</span> <span class='ocrx_word' id='word_1_420' title='bbox 1323 4566 1598 4646; x_wconf 59' lang='lat' dir='ltr'>maiorm,</span> <span class='ocrx_word' id='word_1_421' title='bbox 1646 4566 1914 4630; x_wconf 87' lang='lat' dir='ltr'>testibus</span> <span class='ocrx_word' id='word_1_422' title='bbox 1977 4567 2055 4629; x_wconf 87' lang='lat' dir='ltr'>ad</span> <span class='ocrx_word' id='word_1_423' title='bbox 2104 4565 2404 4647; x_wconf 89' lang='lat' dir='ltr'>premissa</span> <span class='ocrx_word' id='word_1_424' title='bbox 2452 4566 2688 4629; x_wconf 88' lang='lat' dir='ltr'>vocatis</span> <span class='ocrx_word' id='word_1_425' title='bbox 2735 4564 2799 4626; x_wconf 90' lang='lat' dir='ltr'>et</span> <span class='ocrx_word' id='word_1_426' title='bbox 2844 4563 3092 4646; x_wconf 87' lang='lat' dir='ltr'>rogatis,</span> 
     </span>
     <span class='ocr_line' id='line_1_44' title="bbox 363 4656 629 4721; baseline 0.004 -1"><span class='ocrx_word' id='word_1_427' title='bbox 363 4661 425 4720; x_wconf 90' lang='lat' dir='ltr'>et</span> <span class='ocrx_word' id='word_1_428' title='bbox 472 4656 629 4721; x_wconf 78' lang='lat' dir='ltr'>aliis·</span> 
     </span>
    </p>
   </div>
   <div class='ocr_carea' id='block_1_11' title="bbox 450 4763 1750 4841">
    <p class='ocr_par' dir='ltr' id='par_1_12' title="bbox 450 4763 1750 4841">
     <span class='ocr_line' id='line_1_45' title="bbox 450 4763 1750 4841; baseline -0.001 -19"><span class='ocrx_word' id='word_1_429' title='bbox 450 4764 629 4824; x_wconf 77' lang='lat' dir='ltr'>Misti</span> <span class='ocrx_word' id='word_1_430' title='bbox 677 4764 1026 4825; x_wconf 88' lang='lat' dir='ltr'><strong><em>XXXVII.</em></strong></span> <span class='ocrx_word' id='word_1_431' title='bbox 1076 4766 1178 4841; x_wconf 79' lang='lat'>77,</span> <span class='ocrx_word' id='word_1_432' title='bbox 1226 4780 1268 4823; x_wconf 78' lang='lat' dir='ltr'>u</span> <span class='ocrx_word' id='word_1_433' title='bbox 1310 4764 1467 4824; x_wconf 81' lang='lat' dir='ltr'>mlet.</span> <span class='ocrx_word' id='word_1_434' title='bbox 1515 4763 1750 4821; x_wconf 76' lang='lat' dir='ltr'>arkivu.</span> 
     </span>
    </p>
   </div>
  </div>
 </body>
</html>
