3620 5282
476 342 608 409 304

477 520 540 619 et
584 518 736 583 alios
777 536 1024 617 quoquo
1064 520 1265 596 modo,
1315 517 1470 600 quod
1525 515 1867 580 dominatio
1914 515 1998 578 sit
2046 515 2098 577 ei
2144 512 2411 596 propitia
2468 515 2533 576 et
2593 512 2954 578 favorabilis
3000 513 3063 576 in
3112 515 3208 577 iu·

474 606 1140 756 Υὼέξηῗηιυὲῗῆονὶαῖίωη
1198 696 1261 757 V.
1308 697 1411 764 42,
1457 713 1499 753 u
1546 690 1696 752 mlet.
1743 694 1981 754 arkivu.

664 881 1262 967 CCCCXLVII.
1342 883 1549 966 God.
1604 881 1832 965 1356.
1892 881 1994 962 10
2047 881 2398 985 siecnja,
2456 904 2514 963 u
2570 880 3032 964 Skradinu.

1318 1008 1593 1083 Poyodba
1638 1008 1707 1066 ob
1753 1007 2012 1079 adst-upa
2065 1006 2391 1066 saradim».

691 1131 1181 1194 Instrumentum
1228 1128 1651 1213 promissionis
1693 1127 1855 1191 facte
1902 1128 2242 1192 castellano
2288 1128 2478 1193 castri
2538 1127 2847 1193 Scardona
2916 1147 3026 1211 pro
3073 1129 3204 1192 tra-

476 1219 709 1283 ditione
758 1217 954 1300 ipsius
997 1217 1219 1283 Castri.
1269 1218 1339 1282 In
1386 1214 1619 1281 Christi
1667 1216 1912 1278 nomine
1962 1233 2119 1279 anno
2167 1216 2517 1281 nativitatis
2564 1216 2840 1280 eiusdem
2871 1216 3206 1281 millesimo

479 1306 924 1372 trecentesimo
973 1304 1483 1389 quinquagesimo
1530 1305 1721 1379 sexto,
1771 1303 2106 1367 indictione
2155 1323 2330 1380 nona,
2403 1304 2501 1368 die
2550 1303 2789 1368 decimo
2839 1304 3071 1369 mensis
3116 1304 3207 1368 ia-

481 1394 700 1471 nuarii,
750 1393 813 1457 in
862 1391 1181 1457 Scardona
1231 1394 1290 1456 in
1338 1392 1597 1457 ecclesia
1644 1394 1856 1455 sancte
1907 1391 2105 1455 Marie
2154 1391 2228 1456 de
2276 1392 2444 1455 dicto
2491 1391 2622 1457 loco
2671 1390 3012 1469 Scardone,
3068 1410 3208 1473 pre-

479 1481 761 1545 sentibus
809 1480 1141 1545 venerabili
1214 1481 1345 1545 viro
1393 1480 1638 1545 domino
1686 1477 1950 1561 Georgio
1997 1479 2422 1544 archidiacono
2468 1479 2633 1543 dicte
2681 1480 2958 1556 ecclesie,
3008 1481 3072 1543 et
3102 1497 3211 1543 no-

480 1570 589 1634 bili
638 1570 768 1633 viro
817 1569 1063 1632 domino
1113 1568 1377 1633 Nicolao
1424 1566 1780 1633 Justiniano
1828 1566 1903 1629 de
1950 1568 2235 1630 contrata
2281 1567 2479 1631 sancti
2525 1567 2917 1631 Pantaleonis
2966 1566 3040 1631 de
3088 1566 3213 1632 Ve-

482 1657 684 1734 netiiS,
728 1656 978 1722 Matheo
1026 1657 1301 1720 Faxuolo
1349 1657 1424 1720 de
1470 1653 1711 1736 Clugia,
1760 1656 2105 1736 presbitaro
2153 1654 2336 1718 Petro
2383 1655 2647 1719 Venerio
2703 1655 2960 1719 ecclesie
3008 1654 3209 1718 sancti

480 1744 814 1827 Raphaelis
858 1744 930 1807 de
978 1744 1275 1819 VenetiiS,
1327 1742 1758 1808 Bartholomeo
1807 1741 2124 1805 Thomasii
2173 1742 2247 1806 de
2296 1741 2556 1817 Sacillo,
2625 1762 2723 1806 ser
2772 1742 3038 1825 Mapheo
3089 1742 3212 1806 Ar-

480 1833 699 1898 dizono
745 1832 820 1897 de
864 1832 1139 1896 Venetiis
1186 1831 1536 1895 habitatore
1580 1827 1860 1894 Sebenici
1912 1834 1975 1892 et
2020 1829 2184 1893 aliis.
2251 1830 2497 1894 Nobilis
2544 1834 2605 1894 et
2653 1830 2900 1913 sapiens
2951 1831 3044 1893 vir
3090 1830 3202 1895 do-

482 1920 680 1984 minus
729 1920 1076 1985 Bernardus
1122 1918 1505 1991 Justiniano
1538 1917 1899 1999 procurator
1959 1919 2156 1981 sancti
2208 1918 2402 1982 Marci
2470 1920 2534 1982 et
2595 1919 2784 1982 maris
2849 1917 3208 2000 capitaneus

479 2008 789 2092 generalis
836 2026 943 2090 pro
991 2007 1412 2072 dominatione
1460 2006 1883 2081 Venetiarum‚
1934 2023 2044 2069 nec
2091 2023 2209 2069 uon
2267 2006 2606 2070 nobiliset
2651 2006 2902 2089 sapiens
2950 2006 3045 2071 vir
3092 2005 3200 2069 do·
3289 2024 3304 2037 ²

410 2112 431 2161 ί
478 2097 682 2160 minus
730 2095 1100 2159 Laurentius
1149 2093 1312 2159 Celsi
1356 2093 1673 2159 Sclavonie
1720 2092 2078 2176 capitaneus
2125 2094 2429 2176 generalis
2467 2112 2570 2174 pro
2595 2093 3016 2158 dominatione
3065 2112 3205 2176 pre-

478 2184 666 2259 dicta,
714 2202 784 2247 ac
832 2183 1022 2246 etiam
1071 2182 1311 2246 nobiles
1370 2184 1431 2245 et
1494 2182 1800 2263 sapientes
1870 2180 1987 2245 viri
2051 2180 2283 2244 domini
2350 2182 2652 2245 Fantinus
2718 2182 3093 2246 Mauroceno
3131 2187 3203 2244 *et

478 2271 753 2336 ‚Ioannes
796 2270 1101 2346 Dandulo,
1145 2269 1477 2334 consiliarii
1513 2269 1744 2332 domini
1792 2268 2094 2350 capitanei
2138 2269 2347 2346 maris,
2399 2288 2506 2350 pro
2551 2269 2718 2333 dicta
2765 2269 3207 2345 dominatione,

479 2377 550 2423 ac
593 2357 817 2423 nobilis
865 2357 958 2421 vir
1003 2356 1290 2421 dominus
1340 2357 1586 2420 Marcus
1636 2356 1994 2420 Justiniano
2040 2355 2306 2420 Sibenici
2355 2374 2579 2421 comes.
2630 2356 2763 2420 Hec
2809 2376 2918 2421 nos
2967 2356 3203 2421 nobiles

480 2449 545 2511 et
590 2446 903 2529 sapientes
952 2444 1066 2509 viri
1115 2445 1343 2509 domini
1393 2444 1756 2509 Dominicus
1790 2443 2059 2507 Michael
2110 2444 2173 2508 et
2221 2445 2518 2525 Mapheus
2552 2442 2916 2523 Contareno‚
2966 2444 3028 2508 in
3062 2463 3204 2527 par-

480 2534 649 2597 tibus
694 2532 1015 2598 Sclavenie
1061 2533 1402 2614 provisores
1447 2550 1557 2615 pro
1604 2531 1770 2615 dicta
1817 2531 2254 2609 dominatione,
2306 2532 2757 2596 considerantes
2803 2532 3065 2596 liberam
3109 2550 3207 2595 re-

480 2622 999 2705 assignationem,
1050 2639 1234 2703 quam
1282 2622 1370 2686 eis
1435 2619 1678 2685 nomine
1741 2618 1904 2683 dicte
1968 2619 2206 2683 ducalis
2265 2618 2704 2685 dominationis
2766 2619 3206 2703 recipientibus

479 2709 627 2775 fecit
667 2709 950 2774 dominus
998 2709 1273 2788 Jurases‚
1320 2709 1486 2773 filius
1533 2706 1839 2791 quondam
1870 2706 2046 2771 Helie
2092 2707 2168 2770 de
2201 2708 2412 2785 Raxia,
2462 2708 2832 2772 castellanus
2892 2710 2956 2772 in
3005 2710 3208 2772 castro

482 2796 790 2862 Scardone
837 2816 944 2879 pro
991 2798 1237 2863 domino
1291 2799 1662 2880 imperatore
1711 2795 1920 2872 Raxie,
1969 2794 2044 2858 de
2108 2795 2273 2858 dicto
2339 2799 2542 2860 castro
2591 2795 2898 2860 Scardone
2956 2796 3200 2860 nomine

479 2885 632 2949 dicti
678 2885 910 2950 domini
958 2885 1370 2968 imperatoriS,
1422 2885 1840 2966 promiserunt
1904 2883 2100 2947 eidem
2164 2883 2408 2947 domino
2476 2884 2813 2948 castellano
2879 2882 3202 2966 recipienti

481 2992 589 3056 pro
635 2992 699 3037 se
750 2974 813 3037 et
860 2973 993 3037 eius
1040 2974 1206 3037 filius
1254 2974 1319 3038 et
1364 2972 1603 3037 familia
1650 2990 1721 3035 ac
1769 2970 1898 3035 vice
1946 2971 2010 3035 et
2059 2969 2302 3034 nomine
2350 2970 2591 3035 Nicolai
2638 2974 2701 3035 et
2745 2970 3038 3035 Blandini
3070 2971 3204 3034 eius

481 3061 746 3125 fratrum
793 3064 855 3124 et
900 3060 1172 3124 filiorum
1239 3061 1548 3143 ipsorum,
1615 3057 1778 3142 quod
1842 3059 1892 3120 si
1947 3077 2124 3123 casus
2196 3061 2546 3123 occurrere-t
2607 3058 3200 3141 quomodocumque,

483 3147 641 3231 quod
689 3148 853 3212 idem
900 3148 1185 3212 dominus
1229 3148 1580 3229 imperator,
1630 3146 1684 3210 si
1730 3145 1907 3212 vivus
1934 3148 2115 3220 esset,
2166 3165 2271 3210 seu
2320 3146 2450 3210 eius
2493 3146 2680 3223 filius,
2732 3148 2784 3210 si
2832 3147 3206 3230 reperiretur

484 3236 779 3305 mortuus,
831 3234 1033 3298 dictus
1093 3235 1373 3299 dominus
1439 3236 1772 3318 imperator
1834 3236 2194 3315 gravaretur
2258 3235 2321 3297 et
2369 3234 2796 3317 indignaretur
2850 3235 3066 3299 contra
3111 3234 3206 3298 di-

483 3326 654 3387 ctum
701 3321 1021 3385 dominum
1056 3322 1298 3388 Iurases
1349 3341 1457 3405 pro
1505 3324 1671 3386 dicta
1719 3320 2202 3404 reassignatione
2251 3321 2400 3385 dicti
2466 3323 2686 3400 castri,
2754 3321 2843 3386 sic
2889 3323 3093 3386 facere
3140 3323 3206 3385 et

486 3427 717 3484 curare,
782 3410 941 3492 quod
1007 3410 1173 3474 dicta
1231 3411 1570 3475 dominatio
1633 3409 2036 3473 Venetiarum
2096 3410 2351 3474 eundem
2418 3409 2731 3473 dominum
2797 3409 3207 3475 castellanum

482 3516 623 3560 cum
670 3496 818 3561 filiis
861 3498 924 3561 et
968 3495 1208 3562 familia
1255 3500 1383 3562 eius
1431 3516 1504 3562 ac
1549 3498 1745 3561 dictos
1792 3497 1924 3560 eius
1966 3496 2188 3560 fratres
2212 3515 2354 3560 cum
2399 3495 2544 3560 filiis
2590 3499 2651 3561 et
2697 3495 2952 3562 familiis
2985 3515 3197 3561 eorum

488 3584 741 3667 recipiet
788 3585 851 3649 in
902 3585 1167 3649 barchiis
1215 3588 1359 3664 suiS,
1407 3605 1478 3650 ac
1524 3586 1612 3648 eis
1659 3587 1723 3648 et
1765 3584 2024 3648 cuilibet
2070 3603 2279 3649 eorum
2327 3585 2415 3648 sic
2463 3587 2527 3648 et
2570 3585 2786 3649 taliter
2834 3584 3196 3666 providebit,

485 3673 647 3755 quod
693 3692 761 3736 ex
810 3672 946 3757 ipsa
993 3674 1333 3755 provisione
1399 3676 1600 3737 vivere
1666 3673 1951 3754 poterunt
2011 3691 2151 3736 cum
2207 3671 2355 3736 filiis
2403 3675 2466 3736 et
2514 3673 2770 3737 familiis
2820 3672 3192 3751 eorumdem,

487 3763 551 3825 et
599 3762 819 3826 merito
867 3763 1157 3846 poterunt
1202 3781 1308 3826 seu
1355 3760 1807 3825 rationabiliter
1853 3760 2197 3824 contentari
2260 3760 2589 3825 debebunt.
2637 3760 2717 3824 Et
2766 3762 2841 3824 ad
2907 3760 3208 3824 maiorem

482 3848 848 3913 firmitatem
897 3848 1173 3913 omnium
1215 3849 1626 3931 predictorum
1677 3847 1934 3930 predicti
1966 3847 2199 3911 domini
2234 3848 2554 3930 capitanei,
2598 3848 2954 3927 consiliarii,
3002 3866 3208 3913 comes

485 3940 549 4001 et
594 3936 938 4019 provisores
986 3939 1050 4000 et
1095 3937 1358 4019 quilibet
1402 3936 1676 4018 ipsorum
1727 3937 2114 3999 sacramento
2164 3935 2241 3999 ad
2267 3938 2482 4000 sancta
2528 3936 2622 3998 dei
2671 3937 2990 4020 evangelia
3021 3936 3204 4000 tactis

484 4024 896 4089 sacrosanctis
943 4023 1271 4107 scripturis
1317 4023 1578 4107 prestito
1622 4042 1728 4104 per
1773 4021 2020 4086 eosdem
2077 4024 2478 4088 firmaverunt
2523 4023 2754 4087 dictam
2801 4042 3011 4087 eorum
3060 4041 3203 4107 pro-

484 4112 881 4190 missionem,
951 4113 1014 4175 et
1078 4111 1242 4175 dicto
1306 4111 1552 4175 domino
1615 4110 1952 4174 castellano
2014 4110 2340 4192 stipulanti
2405 4114 2466 4174 et
2528 4111 2849 4193 recipienti
2900 4113 2970 4175 ut
3017 4129 3204 4194 supra

486 4199 916 4282 obligaverunt
961 4199 1127 4263 omni
1175 4200 1354 4263 modo
1403 4201 1466 4264 et
1512 4199 1660 4275 iure,
1711 4197 1936 4282 quibus
1984 4198 2208 4261 melius
2251 4199 2603 4280 potuerunt,
2652 4200 2859 4263 omnia
2907 4199 3062 4263 bona
3099 4199 3207 4263 do-

489 4284 850 4350 minationis
897 4285 1131 4350 ducalis
1172 4304 1243 4350 ac
1290 4287 1477 4350 etiam
1527 4287 1800 4369 ipsorum
1849 4286 1914 4349 et
1966 4285 2296 4349 cuiuslibet
2357 4303 2566 4350 eorum
2634 4305 2744 4368 pro
2807 4286 3093 4351 omnibus
3141 4287 3205 4350 et

488 4372 750 4454 singulis
796 4374 1091 4454 predictis
1132 4374 1523 4438 attendendis
1568 4375 1632 4438 et
1673 4372 2088 4438 observandis,

696 4459 830 4542 Ego
876 4461 1253 4524 Lanzarotus
1302 4463 1373 4525 de
1416 4461 1750 4526 Contrariis
1812 4462 1886 4525 de
1935 4460 2234 4537 Ferraria,
2294 4459 2576 4541 publicus
2637 4459 2950 4544 imperiali
2996 4462 3207 4525 ancto-

488 4545 676 4609 ritate
725 4547 1022 4626 notarius‚
1070 4566 1180 4612 nec
1227 4566 1345 4612 non
1393 4549 1669 4612 notarius
1708 4549 1772 4612 et
1814 4547 2214 4614 cancellarius
2238 4546 2389 4610 dicti
2434 4546 2668 4611 domini
2693 4549 2999 4632 capitanei
3026 4546 3200 4612 Scla-

487 4632 684 4712 vouie,
731 4633 1025 4715 predictis
1072 4635 1355 4700 omnibus
1402 4639 1467 4701 et
1508 4635 1770 4718 singulis
1819 4633 2070 4700 interfui
2118 4639 2181 4699 et
2228 4634 2478 4717 rogatus
2512 4634 2731 4718 scripsi
2765 4640 2828 4702 et
2860 4634 3195 4719 publicavi.

580 4720 1147 4783 Commemorialium
1187 4725 1254 4786 V.
1303 4727 1405 4796 48,
1450 4743 1493 4784 u
1531 4726 1873 4786 mletadkom
1917 4726 2148 4785 arkivu.
