3620 5282
3008 334 3133 402 103

399 505 547 571 stris
592 505 810 589 galeis,
857 507 923 570 et
978 504 1168 571 fuerit
1227 506 1576 570 extractum
1621 504 1698 570 de
1767 505 1933 569 intra
2001 505 2256 584 culfum,
2305 507 2539 572 solvere
2605 506 2826 572 debeat
2884 509 3127 576 dacium

401 594 613 658 nostro
655 592 967 659 communi
1011 596 1074 657 et
1120 592 1420 657 nabulum
1465 592 1684 675 galeis,
1756 594 1920 658 sicut
1964 593 2016 657 si
2063 596 2229 659 esset
2273 593 2644 659 conductum
2692 594 3010 674 venecias,
3067 603 3129 662 et

403 681 738 745 caricatum
798 679 863 744 in
925 679 1210 745 Veneciis
1270 698 1454 762 super
1516 680 1731 764 galeis.
1805 680 1889 745 Et
1948 680 2216 746 addatur
2275 681 2339 746 in
2401 681 2834 747 commissione
2894 686 3130 767 capita-

404 786 654 833 neorum
729 767 1045 850 galearum
1114 786 1152 833 a
1220 770 1509 846 mercato,
1582 766 1742 849 quod
1804 769 2058 850 exigant
2104 769 2336 833 dictum
2406 769 2649 835 dacium
2697 771 2761 833 et
2806 772 3127 850 nabulum,

401 854 601 921 dando
649 856 924 937 patronis
965 854 1286 938 galearum
1335 855 1507 920 illam
1558 856 1801 938 partem
1851 855 2084 933 nahmi,
2133 875 2251 938 qne
2297 875 2402 921 eos
2436 858 2672 938 tanget,
2722 861 2785 922 et
2815 859 3126 924 residuum

402 943 614 1009 nabuli
662 961 802 1007 cum
848 943 1022 1008 dacio
1068 946 1380 1007 reservent
1411 946 1474 1008 et
1497 942 1819 1027 assignent
1859 944 2071 1008 nostro
2106 945 2440 1011 communi.
2488 944 2581 1010 De
2619 947 2798 1027 parte
2832 945 2962 1024 alii,
3013 965 3132 1010 non

401 1030 462 1108 4,
511 1049 632 1096 non
676 1032 902 1096 sinceri
949 1030 1009 1094 2.

490 1138 672 1198 Misti
719 1137 1014 1198 XXXIV
1056 1138 1160 1207 26,
1198 1155 1241 1198 u
1288 1137 1442 1198 mlct.
1491 1138 1726 1199 arkivu.

719 1325 1078 1408 CXCVI.
1131 1324 1339 1408 6041.
1393 1326 1608 1410 1372.
1662 1327 1760 1409 19
1817 1326 2271 1428 listopsda,
2325 1352 2384 1411 u
2438 1329 2827 1414 Mletcih.

613 1465 712 1530 Ad
777 1466 1141 1532 instantiam
1193 1466 1660 1531 ambasciatoris
1716 1464 1951 1545 Catari,
2013 1468 2079 1531 et
2137 1486 2280 1532 cum
2342 1487 2462 1534 non
2524 1469 2902 1548 inveniatur,
2966 1471 3128 1554 quod

403 1556 699 1621 damnum
747 1553 1034 1639 Phylippi
1083 1554 1291 1618 Bareli
1360 1553 1484 1634 „sit
1531 1552 1780 1619 illatum
1823 1573 1934 1637 per
1997 1554 2139 1619 illos
2202 1557 2273 1619 de
2320 1554 2560 1634 cataro,
2622 1556 2928 1622 scribetur
2988 1577 3132 1623 con-

404 1643 526 1708 suli
568 1642 632 1706 in
678 1640 922 1721 cataro,
967 1644 1127 1723 quod
1175 1644 1551 1707 mercatores
1601 1642 1824 1719 veneti,
1872 1643 1926 1706 si
1968 1647 2324 1709 remaneant
2369 1643 2457 1708 ibi
2518 1644 2616 1709 vel
2680 1651 2897 1710 exeant
2958 1647 3131 1711 iuxta

402 1730 673 1811 ipsorum
722 1730 898 1794 velle.
965 1728 1107 1794 Non
1176 1732 1376 1811 capta,
1446 1728 1569 1793 nisi
1634 1730 1793 1812 quod
1855 1728 2203 1794 inducietur
2265 1749 2374 1813 pro
2437 1751 2597 1797 nunc
2660 1732 2720 1797 in
2783 1731 3129 1798 definiendo

403 1817 570 1882 istud
616 1815 846 1881 factum
897 1835 1088 1900 usque
1136 1818 1215 1882 ad
1261 1815 1595 1881 adventum
1642 1817 2050 1898 prenominati
2100 1817 2415 1903 Phylippi.

490 1907 671 1968 Misco·
720 1907 1013 1968 XXXIV
1053 1909 1157 1977 31,
1202 1925 1244 1967 u
1289 1908 1446 1977 vilet,
1490 1908 1728 1967 arkivu.

671 2095 1076 2178 CXCVII.
1130 2094 1337 2177 God.
1391 2095 1609 2178 1372.
1664 2097 1753 2177 11
1808 2094 2306 2195 studenoga,
2358 2119 2417 2178 u
2474 2096 2867 2184 Mlctcih.

413 2241 727 2315 Odyovara
770 2257 833 2299 se
883 2240 1206 2314 poslaniku
1253 2237 1504 2315 &jeraia
1548 2240 1816 2310 Balsica,
1878 2242 2033 2301 nelca
2091 2242 2354 2315 nqq'prije
2416 2243 2640 2302 namiri
2697 2244 2975 2304 mletaeke
3021 2264 3130 2319 po-

413 2329 630 2389 dam‘kc
673 2344 750 2389 za
794 2328 939 2389 §tete
982 2329 1007 2387 i
1049 2328 1290 2404 duqove,
1333 2345 1373 2387 a
1414 2329 1596 2389 uatim
1642 2324 1937 2475 ggsgcusc
1986 2328 2180 2389 riesiti
2236 2333 2403 2389 atvar
2464 2329 2661 2391 είόαόα
2719 2347 2783 2392 sc
2842 2333 2983 2392 onih
3050 2349 3133 2393 na

620 2517 807 2582 1372.
861 2516 1197 2603 indictione
1244 2517 1358 2594 ΧΙ,
1409 2516 1510 2581 die
1555 2517 1646 2582 XI
1693 2516 2066 2581 novembris.
2132 2516 2243 2583 Ser
2290 2516 2569 2583 Marinus
2616 2520 2809 2598 Bono,
2871 2539 2971 2586 ser
3015 2522 3132 2587 Pe-

408 2609 542 2671 trus
582 2602 888 2683 Grimani‚
937 2604 1245 2688 sapientes
1310 2605 1617 2670 ordinum.
1666 2603 1898 2688 Capta:
1946 2605 2106 2689 quod
2171 2604 2610 2689 respondeatur
2671 2607 2776 2672 isti
2840 2609 3134 2675 ambaza-

408 2695 527 2759 tori
572 2693 724 2759 Jure
770 2696 844 2759 de
886 2694 1126 2772 Balsce,
1176 2695 1337 2775 quod
1385 2693 1634 2758 omnino
1680 2695 1889 2757 nostre
1935 2693 2301 2758 intencionis
2348 2696 2462 2773 est,
2522 2697 2683 2778 quod
2746 2716 2852 2778 per
2906 2696 3131 2763 Juram

407 2781 750 2865 predictum
801 2781 911 2845 fiat
957 2782 1217 2846 emenda
1264 2783 1328 2844 et
1373 2780 1719 2844 satisfactio
1766 2780 2006 2845 civibus
2053 2784 2117 2845 et
2158 2781 2441 2846 fidelibus
2490 2782 2715 2846 nostris
2762 2783 2836 2847 de
2890 2784 3131 2849 damnis

410 2872 475 2935 et
511 2869 757 2943 debitis,
812 2869 874 2932 in
921 2869 1145 2951 quibus
1192 2868 1321 2950 ipse
1368 2867 1524 2933 Jura
1570 2869 1820 2932 tenetur
1866 2870 2199 2933 secundum
2246 2869 2403 2951 quod
2457 2871 2709 2950 captum
2757 2873 2857 2934 est
2913 2872 2974 2935 in
3023 2890 3133 2937 no-

405 2957 551 3021 stris
599 2955 870 3022 consiliis
918 2958 983 3019 et
1025 2956 1205 3037 prout
1251 2956 1495 3019 nomine
1543 2974 1652 3019 suo
1699 2955 1989 3038 promisit
2033 2956 2398 3020 ambaxator
2458 2974 2629 3034 sune,
2692 2956 2796 3038 qui
2843 2956 2963 3022 fuit
3009 2957 3129 3024 hic.

405 3044 599 3108 Facta
647 3061 788 3107 vero
843 3044 1100 3108 emenda
1145 3044 1210 3107 et
1254 3042 1679 3108 satisfactione
1725 3043 2021 3125 predicta,
2071 3046 2282 3125 postea
2325 3042 2613 3108 dabimus
2672 3045 3133 3126 responsionem

406 3131 485 3196 ad
533 3131 765 3195 factum
812 3129 1059 3194 illorum
1104 3132 1178 3195 de
1222 3130 1436 3209 Sasno‚
1485 3132 1668 3213 prout
1712 3130 1927 3196 honori
1975 3131 2185 3195 nostro
2250 3130 2560 3198 videbitur
2624 3132 2968 3198 convenire.
3043 3134 3134 3198 De

407 3219 581 3302 parte
627 3217 754 3294 alii,
802 3218 876 3282 de
924 3236 1038 3281 non
1087 3218 1146 3295 2,
1197 3237 1314 3282 non
1364 3217 1587 3282 sinceri
1636 3216 1695 3281 7.

495 3309 678 3369 Misti
721 3307 953 3368 XXXI
966 3309 1015 3368 V
1057 3310 1160 3378 32,
1207 3325 1248 3367 u
1292 3308 1449 3369 mlet.
1495 3309 1731 3369 arkivu.

682 3495 1124 3579 CXCVIII.
1182 3495 1390 3578 God.
1442 3496 1660 3579 1372.
1715 3496 1817 3578 23
1870 3496 2302 3600 prosince,
2358 3519 2414 3578 u
2470 3497 2862 3580 Mletclh.

627 3638 808 3702 1372.
866 3636 1202 3702 indictione
1261 3638 1380 3715 XI,
1448 3637 1544 3701 die
1601 3638 1817 3702 XXIII
1876 3638 2239 3702 decembris,
2307 3637 2419 3702 Ser
2480 3637 2704 3703 Petrus
2766 3638 3137 3706 Mauroceno

408 3726 682 3808 sapiens*
713 3725 1016 3789 ordinum.
1081 3723 1251 3803 Quod
1317 3743 1498 3807 super
1556 3724 1670 3788 hoc
1731 3725 1893 3789 facto
1940 3725 2364 3807 Raguxeorum
2429 3743 2540 3806 pro
2594 3727 2761 3790 omni
2835 3726 2992 3791 bono
3038 3746 3136 3792 re-

408 3815 620 3896 spectu
667 3811 1142 3896 supersedeatur
1191 3830 1378 3894 usque
1427 3832 1533 3894 per
1581 3813 1780 3876 totum
1834 3830 2106 3875 mensem
2154 3811 2415 3876 ianuarii
2485 3814 2852 3893 proximum,
2925 3813 3138 3877 habita

406 3899 890 3966 consideratione
935 3900 1013 3964 ad
1059 3902 1308 3982 tempus
1356 3918 1625 3981 presenS,
1699 3904 1760 3963 et
1807 3898 2137 3975 videbitur,
2200 3899 2362 3981 quod
2423 3900 2732 3982 sequetur,
2798 3901 2863 3964 et
2923 3900 3138 3981 postea

408 3988 619 4070 elapso
666 3987 827 4052 dicto
874 3987 1144 4052 termino
1192 3986 1475 4052 veniatur
1522 3987 1661 4063 huc,
1710 3989 1774 4051 et
1822 3986 1947 4064 fiet,
1997 3985 2163 4051 sicut
2207 3986 2519 4051 videbitur
2572 3985 2671 4051 15.

495 4078 677 4138 Misti
726 4073 1021 4138 XXXIV
1064 4078 1168 4148 34,
1215 4095 1258 4137 u
1303 4076 1456 4137 mlet.
1504 4075 1745 4138 arkivu.

719 4265 1090 4348 CXCIX.
1143 4264 1350 4348 God.
1406 4263 1624 4349 1372.
1678 4263 1780 4348 23
1832 4264 2266 4366 prosince,
2317 4286 2376 4345 u
2432 4263 2820 4346 Mlctcih.

418 4411 579 4472 Rada·
624 4411 792 4485 njckc
837 4411 1093 4470 nav-eabe
1136 4410 1349 4469 izdane
1387 4426 1428 4467 u
1478 4404 1879 4468 Dubrovniku
1923 4409 2082 4482 proti
2121 4408 2450 4468 mlctadkim
2492 4411 2793 4481 tryovcem‚
2839 4408 3144 4483 odredjuje

613 4515 692 4570 se,
740 4499 820 4557 da
866 4498 1251 4558 Dubrovcani
1295 4497 1549 4574 nesqu‘u
1593 4496 1755 4556 nista
1800 4497 1870 4556 m·
1913 4497 2135 4556 dovcsti
2178 4497 2246 4555 m·
2288 4495 2495 4555 investi
2537 4496 2596 4555 iz
2639 4494 2936 4555 Mlctaka.

634 4619 822 4685 1372.
893 4619 1011 4686 Die
1071 4618 1288 4684 XXIII
1351 4617 1719 4683 decembris.
1790 4617 1901 4683 Ser
1968 4615 2248 4681 Andreas
2310 4614 2650 4691 Trivisano‚
2712 4633 2810 4680 ser
2870 4615 3148 4680 Marinus

425 4708 615 4787 Bono,
661 4726 761 4773 ser
807 4708 1034 4774 Petrus
1077 4705 1367 4772 Grimani
1413 4705 1723 4788 sapientes
1769 4702 2078 4771 ordinum.
2125 4703 2356 4787 Capta:
2396 4719 2539 4766 cum
2583 4702 2855 4786 Bagusei
2914 4703 3152 4768 noviter
