3620 5282
3012 372 3136 439 113

410 549 536 614 rius
582 548 870 614 iniuriam
906 547 1007 615 vel
1042 548 1333 615 offensam
1383 568 1454 614 s.
1490 599 1505 614 .
1531 547 1781 614 illarum
1824 549 2145 634 capitaneo
2177 549 2295 614 sub
2326 547 2618 631 gravibus
2643 545 2818 631 penis
2865 546 3133 614 realibus

414 639 475 701 et
519 637 947 720 personalibus
994 655 1275 719 expresse
1316 636 1603 702 duximus
1665 636 2128 720 iniungendum.
2201 634 2568 700 Amiciciam
2624 638 2900 701 vestram
2943 634 3130 701 affec-

412 726 586 788 tuose
631 743 975 807 precamur,
1025 726 1327 807 quatenus
1369 724 1728 807 capitaneus
1775 727 1838 789 et
1882 722 2244 808 navigantes
2285 723 2349 787 in
2396 721 2592 806 galeis
2648 720 2884 787 eisdem
2925 722 3134 788 velitis

412 828 616 876 amore
662 813 857 876 nostri
903 812 1363 876 commendatos
1410 812 1740 894 suscipere,
1789 812 1854 876 et
1896 811 1961 875 in
2005 810 2155 876 locis
2200 814 2266 875 et
2309 809 2596 893 partibus
2643 809 2832 876 vestri
2878 809 3136 876 dominii

412 898 700 964 mandare
771 919 880 982 per
927 901 1162 964 vestros
1210 898 1422 964 fideles
1470 900 1535 963 et
1579 898 1859 963 subditos
1904 895 2315 964 amicabiliter
2380 898 2744 981 pertractari
2806 915 2876 962 ac
2921 897 2997 962 de
3043 897 3135 964 vi·

415 988 722 1051 ctualibus
769 988 833 1052 et
879 987 1241 1052 necessariis
1287 986 1448 1065 aliis,
1498 1004 1615 1068 que
1646 986 2102 1069 requisiverint,
2145 985 2475 1063 subveniri,
2524 983 2813 1050 videlicet
2843 985 2916 1049 ut
2937 984 3137 1050 maior

411 1074 582 1139 vobis
629 1076 695 1139 et
743 1075 963 1139 vestris
1007 1075 1079 1138 de
1126 1072 1322 1157 galeis
1366 1074 1516 1157 ipsis
1561 1075 1853 1156 suppetat
1895 1072 2219 1151 certitudo,
2268 1073 2699 1138 contentamur
2743 1074 2808 1137 et
2852 1072 3135 1138 volumus

412 1163 561 1226 stari
607 1162 827 1227 debere
878 1162 999 1227 ista
1043 1162 1173 1226 vice
1221 1162 1528 1244 processui
1577 1163 1797 1237 vestro,
1845 1160 2122 1225 habendo
2169 1161 2232 1224 in
2277 1178 2423 1225 casu
2479 1159 2796 1237 soisitam,
2845 1178 2963 1243 quo
3014 1159 3133 1225 ali-

413 1267 562 1331 quas
609 1249 709 1314 vel
753 1248 1028 1332 aliquam
1075 1268 1147 1313 ex
1194 1249 1379 1312 dictis
1427 1248 1624 1332 galeis
1669 1252 1882 1313 contra
1927 1267 2031 1312 vos
2078 1250 2141 1312 et
2171 1248 2409 1313 vostros
2437 1266 2510 1312 ex
2546 1248 2862 1330 inopinato
2892 1246 3133 1313 contin-

413 1338 573 1418 gerit
601 1339 936 1415 actentare,
985 1337 1145 1419 quod
1178 1335 1347 1401 nullo
1379 1336 1559 1400 modo
1584 1335 1891 1400 credimus
1923 1336 2127 1400 locum
2152 1335 2398 1413 habere,
2444 1354 2581 1400 cum
2617 1334 2694 1399 de
2739 1335 2853 1399 hoc
2899 1334 3137 1418 specia-

410 1422 556 1487 liter
600 1442 783 1506 supra
822 1424 1096 1488 habeant
1137 1441 1279 1488 cum
1323 1422 1492 1487 omni
1538 1423 1863 1505 diligencie
1899 1423 2248 1489 actencione
2293 1440 2507 1488 cavere
2552 1421 2691 1504 ipsi,
2739 1423 2804 1487 et
2847 1421 2923 1487 de
2954 1420 3138 1488 affec-

412 1510 648 1576 tatione
682 1529 788 1593 pro
822 1511 1046 1577 honore
1080 1514 1291 1576 nostro
1324 1513 1386 1575 et
1418 1511 1804 1593 complacent
1829 1529 1863 1575 a
1894 1528 2133 1593 quoque
2165 1511 2372 1576 vestra
2395 1509 2760 1587 concessuri,
2805 1509 2859 1574 si
2907 1510 3133 1592 placet,

411 1598 610 1663 eidem
645 1599 965 1682 capitaneo
1013 1599 1363 1664 securitatis
1411 1600 1612 1663 vestre
1655 1597 1901 1662 litteras
1947 1601 2279 1681 oportunas
2310 1647 2326 1662 .
2365 1646 2380 1662 .
2416 1645 2432 1661 .
2481 1596 2657 1661 nobis
2716 1595 2858 1661 inde
2918 1598 3137 1662 rescri-

416 1687 605 1769 pturi.
641 1687 872 1751 Datum
897 1686 1162 1771 Neapoli
1208 1685 1321 1751 sub
1368 1685 1572 1750 anulis
1618 1686 1846 1750 nostris
1892 1685 2143 1751 secretis
2188 1684 2287 1749 die
2317 1683 2474 1751 XIII
2507 1683 2819 1764 februarii,
2868 1683 3131 1750 secunde

416 1773 787 1839 indictionis.

503 1861 1070 1925 Commemorialium
1112 1865 1152 1924 1
1164 1864 1230 1925 V.
1277 1865 1421 1934 136,
1464 1881 1509 1923 u
1552 1864 1704 1924 mlet.
1749 1863 1985 1925 arkivu.

743 2050 1150 2134 chxv.
1204 2051 1412 2135 eon.
1465 2051 1697 2135 1349.
1747 2051 1839 2133 17
1891 2049 2256 2154 venaco,
2308 2072 2368 2133 u
2420 2050 2812 2134 anetem.
2863 2008 2882 2015 ”

777 2177 1089 2238 Odobrava
1131 2196 1195 2239 se
1238 2179 1401 2240 izbor
1443 2178 1675 2238 Morka
1716 2178 2080 2238 «Iustiniana
2122 2195 2198 2238 za
2240 2179 2533 2254 rabskoqa
2575 2180 2781 2239 Ionem.

628 2297 817 2375 1348,
865 2297 963 2363 die
1009 2298 1188 2363 XVII
1233 2298 1545 2363 februarii.
1596 2297 1939 2363 Consilium
1982 2299 2267 2363 vocatum
2314 2295 2438 2361 fuit
2477 2315 2584 2379 pro
2639 2313 2865 2381 arengo
2928 2296 3129 2361 fiendo

411 2384 486 2448 ad
532 2385 1063 2450 confirmationem
1112 2385 1338 2450 nobilis
1384 2386 1499 2451 viri
1547 2385 1783 2450 domini
1824 2384 2021 2450 Marci
2080 2384 2123 2450 J
2129 2384 2439 2450 ustiniano
2501 2385 2749 2450 comitis
2812 2383 3133 2463 Arbensis,

413 2470 480 2535 in
527 2489 647 2555 quo
686 2473 933 2555 quidem
982 2490 1209 2557 arengo
1257 2474 1634 2556 approbatus
1695 2475 1760 2538 et
1822 2471 2114 2538 laudatus
2175 2473 2292 2537 fuit
2351 2474 2484 2555 ipse
2544 2473 2823 2538 dominus
2867 2472 3135 2552 Marcus,

415 2560 480 2623 et
526 2560 580 2624 ei
627 2559 845 2625 datum
892 2560 1187 2627 vexillum
1231 2579 1343 2645 per
1388 2559 1693 2625 illustrem
1741 2562 1807 2625 et
1852 2558 2249 2646 magnificum
2292 2558 2609 2625 dominum
2659 2559 2977 2625 dominum
3008 2556 3140 2623 An-

415 2646 626 2712 dream
678 2649 963 2714 Dandulo
1008 2648 1292 2714 inclitum
1340 2651 1559 2713 ducem
1604 2648 2042 2726 Venetiarum3
2089 2650 2231 2732 post
2275 2667 2389 2731 que
2435 2647 2637 2713 dictus
2662 2647 2944 2714 dominus
2968 2646 3139 2712 Mar-

412 2752 519 2799 cus
564 2735 743 2800 misit
785 2735 1034 2801 domino
1078 2736 1219 2801 duci
1264 2755 1454 2801 unum
1502 2736 1782 2819 sciphum
1822 2738 2191 2820 argenteum
2220 2736 2585 2802 deauratum
2621 2753 2765 2801 cum
2808 2733 2964 2819 pede
2995 2752 3136 2802 cum

411 2826 697 2905 cooperto
744 2822 1102 2889 honorabile
1150 2825 1438 2889 multum.
2389 2827 2395 2833 ’

498 2913 781 2990 Mayyior
820 2914 1118 2990 consiqlio.
1163 2914 1449 2988 Spiritus,
1488 2918 1595 2976 str.
1632 2917 1776 2974 160.

612 3089 615 3090 ’
704 3102 1161 3185 CLXXVI.
1240 3102 1446 3186 God.
1502 3102 1730 3186 1349.
1789 3104 1895 3187 26
1950 3100 2314 3204 venece,
2368 3124 2429 3184 u
2481 3101 2874 3185 Mletcih.

647 3226 696 3288 ο
743 3234 896 3304 tryu,
927 3230 1027 3302 ιω]
1069 3246 1132 3288 se
1163 3230 1232 3303 je
1271 3231 1429 3290 imao
1474 3247 1518 3288 u
1546 3229 1760 3289 *Zoara
1796 3229 2052 3289 manici
2094 3230 2392 3304 rusenjem
2434 3229 2697 3304 mekojih
2741 3227 2911 3288 kaeu.

631 3348 819 3413 1348.
867 3348 966 3413 die
1011 3349 1222 3414 XXVI
1268 3349 1499 3414 mensis
1539 3349 1852 3428 februarii,
1903 3351 2116 3433 capta:
2164 3369 2305 3415 cum
2352 3349 2505 3415 alias
2550 3347 2712 3414 foret
2754 3344 3008 3431 captum
3030 3368 3141 3432 per

416 3435 583 3500 istud
630 3435 957 3502 consilium
1006 3438 1071 3501 et
1111 3436 1472 3502 mandatum
1518 3437 1733 3502 comiti
1783 3439 1849 3502 et
1891 3437 2258 3502 consiliariis
2301 3437 2527 3516 Jadre',
2590 3437 2752 3519 quod
2810 3453 2922 3520 pro
2985 3437 3138 3502 saci-

418 3523 574 3589 enda
634 3524 841 3607 platea
887 3525 1266 3589 neccessarie.
1318 3530 1521 3589 castro
1584 3527 1793 3590 nostro
1855 3525 2236 3607 accipientur
2296 3526 2369 3590 de
2429 3524 2713 3589 domibus
2773 3523 3139 3607 specialium

417 3629 816 3695 personarum
866 3610 1031 3676 circa
1078 3615 1374 3692 castrum,
1424 3615 1487 3677 et
1532 3612 1922 3678 diruerentur
1967 3614 2032 3677 et
2073 3612 2507 3677 satisfacentur
2536 3631 2645 3695 per
2668 3611 3137 3677 extimacionem

420 3699 570 3778 illis,
614 3717 873 3783 quorum
922 3701 1141 3776 erant3
1189 3703 1255 3765 et
1289 3718 1491 3765 comes
1537 3703 1600 3766 et
1638 3700 1972 3765 consiliarii
2016 3700 2225 3778 Jadre,
2266 3700 2371 3783 qui
2415 3700 2661 3765 fuerunt
2707 3701 2771 3765 et
2815 3702 2998 3779 sunt,
3044 3699 3142 3764 di-

420 3789 584 3866 cant,
633 3788 792 3869 quod
839 3787 1065 3851 bonum
1117 3789 1281 3852 esset
1316 3806 1427 3871 pro
1469 3789 1800 3871 avantagio
1857 3790 1921 3852 et
1969 3806 2270 3872 sparagno
2313 3787 2658 3853 communis
2705 3787 2769 3852 et
2823 3787 2896 3851 de
2941 3786 3139 3852 domi-

421 3875 537 3939 bus
584 3877 649 3939 et
692 3874 833 3939 aliis
864 3875 1354 3957 possessionibus
1401 3876 1749 3955 rebellium,
1798 3895 1913 3959 que
1938 3876 2262 3942 confiscate
2286 3877 2431 3942 sunt
2465 3875 2530 3941 in
2571 3892 2917 3953 commune,
2964 3875 3143 3940 fieret

413 3962 789 4046 permutatio
837 3966 904 4027 et
949 3963 1259 4027 cambium
1305 3982 1414 4046 pro
1458 3964 1744 4028 domibus
1768 3964 2058 4046 predictis
2090 3964 2265 4030 nobis
2297 3963 2722 4029 neccessariis:
2771 3960 2946 4028 vadit
2973 3980 3138 4045 pars,

415 4051 574 4131 quod
618 4050 925 4115 scribatur
970 4050 1184 4115 comiti
1230 4052 1294 4115 et
1339 4051 1708 4116 consiliariis
1753 4051 1979 4131 Jadre,
2031 4053 2192 4136 quod
2253 4071 2466 4118 sumus
2511 4050 2783 4116 contenti
2829 4050 2894 4114 et
2936 4050 3142 4133 placet

413 4137 613 4218 nobis,
661 4139 821 4222 quod
868 4139 942 4202 de
984 4138 1167 4203 dictis
1222 4138 1708 4221 possessionibus
1754 4140 2082 4205 rebellium
2145 4140 2574 4223 permutentur
2634 4140 2697 4202 et
2764 4137 2987 4203 dentur
3031 4158 3140 4222 per

414 4244 805 4291 communem
846 4225 1314 4290 extimationem
1365 4244 1474 4310 pro
1522 4225 1804 4293 domibus
1851 4228 2145 4309 predictis
2206 4228 2382 4293 nobis
2443 4223 2876 4303 neccessariiS,
2927 4224 2981 4290 si
3027 4226 3137 4307 hii,

414 4330 679 4396 quorum
726 4316 909 4378 erunt
948 4312 1190 4392 domus,
1234 4323 1416 4378 erunt
1462 4314 1767 4392 contenti,
1832 4317 1897 4379 et
1958 4315 2011 4379 si
2066 4334 2183 4380 non
2247 4315 2783 4391 contentarentur,
2832 4312 3137 4394 volumus,

415 4399 578 4483 quod
627 4400 717 4465 eis
764 4401 1034 4465 satisfiat
1080 4401 1414 4466 secundum
1441 4403 1598 4485 quod
1629 4401 1927 4466 extimate
1954 4401 2202 4468 fuerint.
2250 4403 2481 4466 Verum
2528 4419 2670 4465 cum
2695 4400 3137 4480 intelleximus,

409 4486 575 4571 quod
621 4487 740 4554 due
787 4488 1026 4564 domus
1070 4488 1178 4553 ubi
1223 4492 1396 4554 stant
1439 4488 1794 4567 consiliarii,
1844 4492 1991 4555 sunt
2034 4489 2213 4556 valde
2261 4488 2446 4555 utiles
2493 4491 2558 4552 et
2605 4489 2949 4567 accomode,
2997 4490 3140 4571 quia

408 4577 559 4640 sunt
603 4595 789 4659 prope
838 4576 1169 4659 palacium,
1214 4576 1502 4642 volumus
1549 4578 1693 4641 ante
1741 4577 1968 4656 omnia,
2017 4580 2176 4660 quod
2227 4576 2506 4653 debeant,
2557 4575 2612 4639 si
2652 4577 2945 4659 possunt,
2996 4592 3139 4658 ope-

406 4662 537 4728 rari
585 4666 648 4727 et
694 4663 980 4729 inducere
1026 4664 1191 4742 illos,
1238 4682 1496 4748 quorum
1542 4668 1709 4742 sunt,
1757 4663 1836 4728 ad
1869 4663 2289 4746 recipiendum
2322 4665 2395 4726 de
2426 4662 2607 4727 dictis
2651 4661 3138 4745 possessionibus

408 4749 744 4817 rebellium
790 4749 855 4815 in
900 4751 1216 4817 cambium
1277 4769 1389 4834 pro
1439 4752 1527 4816 eis
1573 4770 1682 4834 per
1726 4769 2117 4817 communem
2183 4749 2624 4817 extinationem
2685 4748 2952 4814 fiendam
2996 4748 3138 4812 hinc

479 4869 680 4921 spon.
726 4871 826 4920 111.
1512 4897 1519 4904 -
2802 4850 2846 4916 8
