3620 5282
3013 417 3097 484 83

367 588 530 672 quod
575 585 780 653 subito
825 588 890 651 et
935 605 1117 669 quam
1167 588 1353 652 citius
1401 588 1532 653 fieri
1580 588 1805 671 poterit
1852 589 2062 654 firmes
2131 588 2330 654 dictas
2392 590 2609 672 gentes
2670 589 2746 654 ad
2814 592 3093 657 nostrum

369 675 664 741 senitium
710 693 856 739 cum
903 673 1098 750 soldo,
1149 678 1346 740 modis
1395 677 1459 740 et
1501 676 1954 741 conditionibus
2001 678 2306 741 contentis
2353 678 2414 741 in
2485 677 2603 742 hiis
2673 678 2901 743 litteris
2956 698 3098 761 pre-

371 763 574 841 dictis,
619 760 898 826 faciendo
943 781 1017 827 ex
1061 763 1176 826 hoc
1221 762 1351 827 fieri
1413 764 1894 827 instrumentum
1960 764 2341 828 autenticum
2400 783 2541 829 cum
2605 765 2979 848 obligatione
3036 768 3100 830 et

371 849 664 915 clausulis
711 851 1090 931 opportunis,
1146 850 1228 913 Et
1274 851 1416 933 quia
1458 852 1517 913 in
1568 852 1692 914 tuis
1740 850 1971 914 litteris
2017 852 2385 929 continetur,
2462 853 2622 934 quod
2687 853 2837 917 dicti
2885 851 3094 917 Sclavi
3157 856 3213 933 γ’

371 935 636 1003 libenter
684 936 893 1001 volent
937 935 1137 1002 facere
1193 940 1530 1002 monstram
1580 938 1642 1001 in
1706 938 1987 1020 partibus
2036 937 2252 1021 Segne,
2319 941 2383 1003 et
2444 939 2604 1022 quod
2670 938 2822 1004 illuc
2884 942 3099 1004 mitte-

372 1026 543 1088 retur
588 1042 747 1088 unus
793 1025 1064 1089 usserius
1111 1043 1219 1106 pro
1265 1024 1523 1088 levando
1585 1043 1685 1088 eos
1733 1043 1874 1088 curn
1921 1025 2057 1088 feno
2117 1027 2181 1089 et
2235 1025 2412 1090 blado
2474 1030 2614 1104 etc.,
2679 1045 2893 1091 sumus
2955 1045 3100 1092 con·

370 1112 530 1176 tenti
575 1112 927 1192 conplacere
976 1113 1049 1176 de
1095 1112 1209 1175 hoc
1256 1115 1363 1187 eie,
1411 1113 1475 1175 et
1520 1112 1720 1193 ipsum
1766 1112 2073 1176 usserium
2122 1112 2271 1176 illuc
2322 1113 2664 1192 mittemuS,
2722 1116 2786 1178 et
2845 1115 2919 1178 de
2980 1113 3100 1177 mi-

376 1199 570 1262 nistro
615 1199 1038 1264 ordinabimus
1086 1199 1417 1263 secuudum
1468 1199 1932 1281 requisitionem
1980 1218 2176 1263 suam.
2225 1200 2482 1282 Insuper
2533 1202 2676 1282 quia
2736 1203 2942 1266 nostre
3003 1201 3104 1264 in-

377 1286 674 1350 tentionis
737 1289 850 1364 est,
922 1287 1077 1368 quod
1140 1286 1213 1349 ad
1281 1289 1620 1350 monstram
1683 1285 1947 1349 fiendam
2009 1285 2085 1349 de
2153 1287 2337 1351 dictis
2384 1288 2672 1369 gentibus
2719 1289 2804 1352 sit
2849 1307 3103 1372 presens

377 1372 744 1438 Gnidolinus
790 1373 1205 1438 comestabilis
1252 1376 1461 1438 noster
1510 1375 1569 1437 in
1621 1376 1833 1436 sancto
1868 1374 2217 1451 Laurenti0,
2267 1375 2370 1461 quvi
2437 1375 2620 1438 modo
2683 1378 2779 1439 est
2838 1377 2900 1441 in
2964 1394 3076 1458 par

378 1460 546 1524 tibus
595 1458 835 1542 Segnie,
884 1458 1051 1524 dicas
1098 1462 1213 1524 sibi
1262 1462 1436 1543 parte
1485 1464 1711 1538 nostra,
1764 1461 1924 1543 quod
1975 1461 2190 1525 deinde
2236 1479 2355 1524 non
2404 1462 2652 1525 recedat
2699 1463 2829 1527 sine
2892 1465 3105 1535 nostro

376 1547 628 1629 speciali
675 1547 982 1612 mandato.
1033 1547 1229 1630 Super
1277 1546 1484 1612 omnia
1531 1568 1672 1614 vero
1720 1549 1806 1612 sis
1856 1549 2009 1613 bene
2058 1547 2336 1613 solicitus
2384 1567 2710 1629 procurare
2765 1550 3106 1632 expeditio·

376 1654 517 1699 nem
571 1634 877 1698 dictarum
924 1636 1224 1717 gentium,
1273 1637 1360 1700 ita
1406 1636 1722 1718 quodrsiut
1754 1635 1958 1700 subito
1991 1636 2214 1718 parati,
2262 1638 2325 1699 et
2361 1635 2640 1701 veniente
2673 1637 2823 1701 illuc
2848 1636 3106 1716 usserin,

378 1722 662 1787 celeriter
709 1722 940 1787 vadant
984 1723 1059 1787 ad
1107 1723 1432 1788 servitium
1480 1726 1781 1789 nostrum.
1830 1721 1997 1788 Data
2038 1722 2137 1786 die
2179 1723 2237 1787 X
2285 1722 2454 1787 maii.

466 1829 703 1893 Secreta
747 1832 982 1891 consilii
1019 1835 1375 1906 royatorum,
1421 1849 1464 1890 u
1510 1831 1663 1893 mzet.
1712 1832 1949 1891 arkivu.

774 2017 1130 2102 cxmv.
1187 2020 1395 2103 God.
1447 2020 1675 2104 1365.
1730 2021 1820 2103 17
1872 2019 2187 2121 lipnja,
2238 2042 2298 2101 u
2349 2020 2740 2103 Mletcih.

379 2164 565 2224 Ηυαῑὶ
608 2180 669 2223 se
715 2166 1053 2238 nastojam‘e
1096 2166 1417 2238 poslanika
1460 2183 1503 2223 u
1547 2163 1736 2238 Senju
1781 2182 1822 2223 u
1865 2163 2251 2236 nabavzjenju
2295 2164 2494 2236 homa,
2535 2168 2588 2222 te
2633 2183 2733 2223 mu
2778 2182 2840 2224 se
2880 2160 3108 2233 ηαῑαὶε,

381 2252 462 2311 da
506 2252 776 2312 obustavi
820 2253 994 2311 svaki
1038 2247 1291 2327 doyovor
1350 2269 1380 2312 s
1425 2253 1610 2311 onimi
1653 2253 1893 2330 Hrvati,
1938 2252 2065 2323 koji
2108 2268 2181 2309 su
2246 2252 2433 2323 vol-jni
2500 2252 2605 2309 bila·
2659 2252 2900 2324 primiti
2968 2251 3106 2310 mle-

381 2340 558 2399 tabku
602 2338 831 2399 sluibu.
879 2339 1204 2399 Podkuezu
1249 2340 1528 2400 krekomu
1573 2341 1844 2412 iskaque
1888 2355 1950 2397 se
1994 2338 2248 2398 zahvala
2292 2355 2376 2397 na
2419 2342 2493 2408 to,
2531 2339 2619 2398 sto
2650 2342 2928 2413 uztrcv‘no
2966 2338 3107 2397 radi

1400 2446 1484 2486 na
1529 2428 1715 2486 korist
1758 2427 2080 2499 republike.

588 2547 906 2612 Leonardo
956 2548 1029 2613 de
1075 2548 1348 2629 Lagnela
1396 2547 1460 2610 in
1511 2546 1754 2630 Segnia.
1803 2545 2152 2609 Leonarde!
2217 2544 2423 2626 plures
2474 2546 2719 2610 litteras
2777 2546 2918 2611 tuas
2980 2545 3101 2611 hiis

371 2631 596 2720 diebus
643 2637 987 2719 recepimus
1033 2638 1419 2700 continentes
1468 2636 1540 2698 de
1588 2634 1759 2717 equis
1813 2654 1919 2715 per
1966 2636 2026 2696 te
2072 2633 2298 2713 emptis
2345 2634 2411 2696 et
2447 2634 2723 2698 emendis
2758 2652 2864 2715 pro
2897 2637 3106 2699 nostro

382 2724 718 2800 communi,
764 2743 835 2788 ex
869 2723 1091 2805 quibus
1136 2727 1306 2787 tuam
1357 2723 1718 2787 fidelitatem
1769 2729 1832 2784 et
1870 2720 2323 2785 solicitudinem
2371 2722 2875 2796 conmendamuS,
2933 2740 3108 2785 man-

379 2806 598 2874 dantes
644 2811 782 2887 tibi,
830 2813 1152 2892 quatenus,
1195 2811 1342 2889 ipsis
1391 2811 1638 2891 emptiS,
1689 2808 1941 2873 studeas
1992 2809 2237 2871 mittere
2284 2807 2423 2870 illos
2459 2808 2678 2872 Polam
2711 2812 2896 2889 quam
2924 2809 3108 2872 citius

334 2913 513 2959 -esse
558 2898 808 2979 potest.
844 2946 860 2972 ,
897 2946 911 2962 .
961 2902 1024 2962 et
1071 2898 1230 2979 quod
1276 2898 1351 2961 de
1399 2896 1524 2961 illis
1573 2896 1831 2974 Sclavis,
1891 2896 1993 2978 qui
2040 2895 2115 2958 ad
2181 2897 2461 2958 nostrum
2516 2895 2837 2959 servitium
2899 2895 3106 2959 venire

379 2981 707 3063 debebant,
755 2984 993 3049 nullam
1042 2986 1263 3050 debeas
1311 2985 1570 3048 ulterius
1617 2983 1816 3047 facere
1863 2982 2261 3056 mentionem,
2328 3000 2440 3044 nec
2501 2987 2564 3045 te
2629 2981 2846 3046 ulteris
2912 2982 3107 3063 impe-

377 3068 531 3134 dire.
582 3071 922 3136 Scribimus
969 3072 1168 3136 amico
1227 3076 1454 3147 nostre,
1523 3070 1912 3154 regratiando
1959 3071 2075 3134 sibi
2125 3071 2198 3133 de
2259 3067 2401 3146 hiis,
2459 3088 2581 3149 que
2640 3088 2749 3149 per
2809 3087 2953 3132 suas
3006 3069 3110 3133 lit-

377 3158 546 3221 teras
592 3159 769 3224 nobis
814 3159 1209 3242 significavit,
1257 3163 1319 3223 et
1365 3160 1662 3223 habemus
1706 3159 1884 3223 valde
1927 3159 2177 3239 gratum
2248 3174 2354 3236 per
2415 3156 2657 3219 litteras
2719 3155 3107 3236 presentibus

376 3244 666 3328 aligata8‚
715 3265 865 3328 quas
911 3246 968 3310 ei
1013 3248 1230 3310 debeas
1277 3250 1648 3329 presentare.
1699 3246 1864 3308 Data
1911 3244 2088 3308 XVlI
2136 3242 2306 3318 iunii,
2357 3242 2538 3306 tertie
2585 3243 2957 3307 indictionis

590 3335 848 3398 Frisono
893 3333 1243 3398 vicecomiti
1290 3336 1350 3397 in
1399 3331 1620 3415 Segna.
1670 3333 1889 3395 Plures
1937 3332 2181 3395 litteras
2228 3332 2468 3393 vestras
2514 3330 2634 3395 hiis
2682 3331 2896 3395 diebus
2938 3349 3108 3397 rece-

379 3420 605 3502 pimus,
655 3421 719 3484 et
763 3421 1051 3484 contenta
1097 3421 1158 3484 in
1207 3421 1334 3485 illis
1381 3419 1799 3484 intelleximus
1847 3419 2195 3500 diligenter,
2261 3425 2351 3480 ex*
2391 3417 2611 3499 quibus
2673 3422 2944 3483 vestram
3007 3438 3108 3483 so-

380 3507 776 3572 licitudinem
843 3510 1337 3584 conmendantes,
1401 3507 1820 3584 rescribimuS,
1878 3506 2037 3588 quod
2102 3505 2351 3585 gratum
2414 3504 2592 3568 valde
2654 3505 2984 3569 habuimus
3045 3508 3109 3571 et

341 3593 678 3659 'habemus
755 3593 838 3674 id,
909 3593 1062 3676 quod
1136 3596 1310 3660 nobis
1373 3593 1707 3676 scripsistis
1756 3596 1819 3656 et
1858 3592 2148 3667 scribitiS,
2216 3591 2524 3673 roganteS,
2574 3594 2879 3673 quatenns
2927 3594 3109 3673 prout

379 3680 691 3760 incoastiS,
742 3690 1130 3764 perseverare
1175 3682 1428 3761 vellitis,
1477 3681 1640 3745 sicut
1686 3680 1762 3746 de
1808 3679 2228 3745 benivolentia
2275 3680 2480 3743 vestra
2548 3696 2889 3759 speramus.
2947 3679 3112 3745 Data

381 3771 456 3834 ut
500 3788 707 3853 supra.

469 3877 709 3938 Secreta
753 3879 990 3938 consilii
1033 3883 1392 3953 romeon-um,
1440 3895 1483 3937 u
1528 3876 1680 3936 mlet.
1728 3876 1961 3935 arkivu.

761 4065 1071 4148 CXLV.
1126 4064 1332 4148 God.
1389 4063 1611 4147 1366.
1665 4064 1769 4146 28
1820 4059 2172 4163 venece,
2231 4082 2289 4142 u
2339 4060 2730 4143 Mletcih.

384 4209 695 4285 oolaseuje
739 4226 801 4270 se
836 4209 1120 4283 poslanik
1159 4208 1418 4270 odlazebi
1460 4225 1503 4266 u
1562 4207 1855 4282 Uyarsku,
1903 4205 1999 4305 fia,
2046 4205 2158 4264 ako
2203 4221 2304 4264 mu
2348 4204 2497 4264 buda
2527 4204 2603 4264 od
2618 4205 2902 4277 potr-sebe,
2945 4221 3111 4265 uzme

1461 4312 1688 4355 novaca
1733 4311 1772 4352 u
1816 4310 2032 4367 zayam.

599 4416 767 4484 1365
811 4418 909 4482 die
956 4418 1176 4484 ultimo
1223 4414 1537 4493 februarii,
1583 4416 1798 4496 capta:
1849 4412 2007 4494 quod
2058 4410 2297 4494 possint
2341 4409 2473 4474 fieri
2535 4407 2742 4473 littere
2805 4403 3106 4492 patentes,

380 4525 488 4589 per
533 4526 684 4590 quas
731 4505 956 4572 nobilis
1001 4505 1095 4569 vir
1138 4505 1490 4570 Leonardus
1533 4500 1818 4567 Dandulo
1861 4500 2060 4570 miles,
2128 4498 2230 4580 qui
2272 4497 2388 4561 ivit
2433 4495 2794 4560 ambaxator
2858 4496 2935 4560 ad
3007 4500 3111 4563 do-

379 4592 621 4658 minum
665 4611 874 4676 regem
921 4592 1261 4675 Hungarie,
1310 4592 1508 4674 possit
1554 4590 1830 4671 accipere
1877 4586 2196 4668 pecuniam
2245 4589 2476 4663 mutue,
2541 4583 2592 4646 si
2641 4583 2760 4647 erit
2821 4582 2941 4647 sibi
3005 4603 3111 4649 ne-

382 4681 669 4760 cessaria,
708 4700 818 4763 pro
863 4680 1146 4763 expensis
1191 4679 1519 4744 ambaxate
1567 4694 1694 4740 sue.

468 4787 647 4848 Misti
696 4786 929 4850 XXXI
977 4787 1123 4865 134,
1167 4803 1210 4846 u
1253 4785 1407 4845 mlet.
1445 4783 1679 4844 arkivu.
2654 4877 2693 4918 *
