<?xml version="1.0" encoding="UTF-8"?>
<!DOCTYPE html PUBLIC "-//W3C//DTD XHTML 1.0 Transitional//EN"
    "http://www.w3.org/TR/xhtml1/DTD/xhtml1-transitional.dtd">
<html xmlns="http://www.w3.org/1999/xhtml" xml:lang="en" lang="en">
 <head>
  <title>
</title>
<meta http-equiv="Content-Type" content="text/html;charset=utf-8" />
  <meta name='ocr-system' content='tesseract 3.04.00' />
  <meta name='ocr-capabilities' content='ocr_page ocr_carea ocr_par ocr_line ocrx_word'/>
</head>
<body>
  <div class='ocr_page' id='page_1' title='image "./monumentaspecta02umjegoog_0662.png"; bbox 0 0 3620 5282; ppageno 0'>
   <div class='ocr_carea' id='block_1_1' title="bbox 449 368 580 438">
    <p class='ocr_par' dir='ltr' id='par_1_1' title="bbox 449 368 580 438">
     <span class='ocr_line' id='line_1_1' title="bbox 449 368 580 438; baseline 0.008 -1"><span class='ocrx_word' id='word_1_1' title='bbox 449 368 580 438; x_wconf 89' lang='lat'>110</span> 
     </span>
    </p>
   </div>
   <div class='ocr_carea' id='block_1_2' title="bbox 385 542 3184 2978">
    <p class='ocr_par' dir='ltr' id='par_1_2' title="bbox 443 542 3184 2377">
     <span class='ocr_line' id='line_1_2' title="bbox 443 542 3184 630; baseline -0 -20"><span class='ocrx_word' id='word_1_2' title='bbox 443 545 924 630; x_wconf 87' lang='lat' dir='ltr'>gravaminibus</span> <span class='ocrx_word' id='word_1_3' title='bbox 986 542 1526 610; x_wconf 88' lang='lat' dir='ltr'>vehementissime</span> <span class='ocrx_word' id='word_1_4' title='bbox 1585 542 1913 608; x_wconf 79' lang='lat' dir='ltr'><strong>turbamur</strong></span> <span class='ocrx_word' id='word_1_5' title='bbox 1972 543 2038 607; x_wconf 90' lang='lat' dir='ltr'>et</span> <span class='ocrx_word' id='word_1_6' title='bbox 2095 560 2445 626; x_wconf 78' lang='lat' dir='ltr'>gravamur,</span> <span class='ocrx_word' id='word_1_7' title='bbox 2506 542 2963 609; x_wconf 76' lang='lat' dir='ltr'><strong>considerantes</strong></span> <span class='ocrx_word' id='word_1_8' title='bbox 3024 542 3184 609; x_wconf 90' lang='lat' dir='ltr'>libe-</span> 
     </span>
     <span class='ocr_line' id='line_1_3' title="bbox 454 630 3180 716; baseline -0.001 -18"><span class='ocrx_word' id='word_1_9' title='bbox 454 633 614 698; x_wconf 88' lang='lat' dir='ltr'>rales</span> <span class='ocrx_word' id='word_1_10' title='bbox 657 632 1094 716; x_wconf 83' lang='lat' dir='ltr'>promissiones</span> <span class='ocrx_word' id='word_1_11' title='bbox 1140 649 1248 712; x_wconf 90' lang='lat' dir='ltr'>per</span> <span class='ocrx_word' id='word_1_12' title='bbox 1288 648 1395 696; x_wconf 89' lang='lat' dir='ltr'>vos</span> <span class='ocrx_word' id='word_1_13' title='bbox 1434 632 1498 694; x_wconf 91' lang='lat' dir='ltr'>et</span> <span class='ocrx_word' id='word_1_14' title='bbox 1546 630 1799 696; x_wconf 86' lang='lat' dir='ltr'>nuncios</span> <span class='ocrx_word' id='word_1_15' title='bbox 1847 648 1919 695; x_wconf 92' lang='lat' dir='ltr'>ac</span> <span class='ocrx_word' id='word_1_16' title='bbox 1963 632 2389 696; x_wconf 86' lang='lat' dir='ltr'>ambaxatores</span> <span class='ocrx_word' id='word_1_17' title='bbox 2435 633 2674 696; x_wconf 88' lang='lat' dir='ltr'>vestros</span> <span class='ocrx_word' id='word_1_18' title='bbox 2720 631 2898 696; x_wconf 91' lang='lat' dir='ltr'>nobis</span> <span class='ocrx_word' id='word_1_19' title='bbox 2966 650 3039 696; x_wconf 87' lang='lat' dir='ltr'>ac</span> <span class='ocrx_word' id='word_1_20' title='bbox 3077 649 3180 696; x_wconf 91' lang='lat' dir='ltr'>ca-</span> 
     </span>
     <span class='ocr_line' id='line_1_4' title="bbox 449 717 3177 804; baseline -0 -21"><span class='ocrx_word' id='word_1_21' title='bbox 449 721 719 804; x_wconf 88' lang='lat' dir='ltr'>pitaneis</span> <span class='ocrx_word' id='word_1_22' title='bbox 766 724 829 785; x_wconf 90' lang='lat' dir='ltr'>et</span> <span class='ocrx_word' id='word_1_23' title='bbox 868 718 1368 784; x_wconf 86' lang='lat' dir='ltr'>ambaxatoribus</span> <span class='ocrx_word' id='word_1_24' title='bbox 1414 718 1643 782; x_wconf 90' lang='lat' dir='ltr'>nostris</span> <span class='ocrx_word' id='word_1_25' title='bbox 1686 717 1905 796; x_wconf 89' lang='lat' dir='ltr'>factas,</span> <span class='ocrx_word' id='word_1_26' title='bbox 1954 736 2066 782; x_wconf 91' lang='lat' dir='ltr'>nec</span> <span class='ocrx_word' id='word_1_27' title='bbox 2115 737 2382 801; x_wconf 89' lang='lat' dir='ltr'>uuquam</span> <span class='ocrx_word' id='word_1_28' title='bbox 2428 719 2676 783; x_wconf 90' lang='lat' dir='ltr'>credere</span> <span class='ocrx_word' id='word_1_29' title='bbox 2745 719 3177 800; x_wconf 88' lang='lat' dir='ltr'>potuissemus,</span> 
     </span>
     <span class='ocr_line' id='line_1_5' title="bbox 449 804 3180 891; baseline 0 -20"><span class='ocrx_word' id='word_1_30' title='bbox 449 809 610 891; x_wconf 89' lang='lat' dir='ltr'>quod</span> <span class='ocrx_word' id='word_1_31' title='bbox 657 826 693 872; x_wconf 89' lang='lat' dir='ltr'>a</span> <span class='ocrx_word' id='word_1_32' title='bbox 739 806 1202 890; x_wconf 90' lang='lat' dir='ltr'>magnificentia</span> <span class='ocrx_word' id='word_1_33' title='bbox 1240 809 1446 870; x_wconf 89' lang='lat' dir='ltr'>vestra</span> <span class='ocrx_word' id='word_1_34' title='bbox 1494 804 1648 869; x_wconf 91' lang='lat' dir='ltr'>talia</span> <span class='ocrx_word' id='word_1_35' title='bbox 1688 807 2154 888; x_wconf 82' lang='lat' dir='ltr'>processissent,</span> <span class='ocrx_word' id='word_1_36' title='bbox 2199 806 2326 870; x_wconf 93' lang='lat' dir='ltr'>imo</span> <span class='ocrx_word' id='word_1_37' title='bbox 2372 824 2621 870; x_wconf 86' lang='lat' dir='ltr'>eramus</span> <span class='ocrx_word' id='word_1_38' title='bbox 2684 808 2857 879; x_wconf 90' lang='lat' dir='ltr'>certi,</span> <span class='ocrx_word' id='word_1_39' title='bbox 2919 806 3078 889; x_wconf 92' lang='lat' dir='ltr'>quod</span> <span class='ocrx_word' id='word_1_40' title='bbox 3124 808 3180 871; x_wconf 91' lang='lat' dir='ltr'>si</span> 
     </span>
     <span class='ocr_line' id='line_1_6' title="bbox 449 893 3180 979; baseline -0.001 -20"><span class='ocrx_word' id='word_1_41' title='bbox 449 912 560 979; x_wconf 90' lang='lat' dir='ltr'>per</span> <span class='ocrx_word' id='word_1_42' title='bbox 608 894 765 960; x_wconf 91' lang='lat' dir='ltr'>alios</span> <span class='ocrx_word' id='word_1_43' title='bbox 810 895 966 960; x_wconf 87' lang='lat' dir='ltr'>talia</span> <span class='ocrx_word' id='word_1_44' title='bbox 1005 895 1216 960; x_wconf 87' lang='lat' dir='ltr'>contra</span> <span class='ocrx_word' id='word_1_45' title='bbox 1261 894 1568 958; x_wconf 77' lang='lat' dir='ltr'>nostrates</span> <span class='ocrx_word' id='word_1_46' title='bbox 1614 893 1778 958; x_wconf 86' lang='lat' dir='ltr'>facta</span> <span class='ocrx_word' id='word_1_47' title='bbox 1822 894 2044 971; x_wconf 86' lang='lat' dir='ltr'>forent,</span> <span class='ocrx_word' id='word_1_48' title='bbox 2110 911 2217 957; x_wconf 93' lang='lat' dir='ltr'>vos</span> <span class='ocrx_word' id='word_1_49' title='bbox 2281 895 2416 976; x_wconf 90' lang='lat' dir='ltr'>ipsa</span> <span class='ocrx_word' id='word_1_50' title='bbox 2480 894 2734 959; x_wconf 88' lang='lat' dir='ltr'>turbare</span> <span class='ocrx_word' id='word_1_51' title='bbox 2804 896 2868 959; x_wconf 92' lang='lat' dir='ltr'>et</span> <span class='ocrx_word' id='word_1_52' title='bbox 2934 896 3180 959; x_wconf 89' lang='lat' dir='ltr'>nostros</span> 
     </span>
     <span class='ocr_line' id='line_1_7' title="bbox 450 980 3181 1065; baseline -0.001 -18"><span class='ocrx_word' id='word_1_53' title='bbox 450 985 657 1048; x_wconf 91' lang='lat' dir='ltr'>iuvare</span> <span class='ocrx_word' id='word_1_54' title='bbox 699 986 762 1046; x_wconf 90' lang='lat' dir='ltr'>et</span> <span class='ocrx_word' id='word_1_55' title='bbox 810 981 1136 1048; x_wconf 87' lang='lat' dir='ltr'>defendere</span> <span class='ocrx_word' id='word_1_56' title='bbox 1182 982 1397 1046; x_wconf 90' lang='lat' dir='ltr'>contra</span> <span class='ocrx_word' id='word_1_57' title='bbox 1447 998 1837 1064; x_wconf 86' lang='lat' dir='ltr'>quoscunque</span> <span class='ocrx_word' id='word_1_58' title='bbox 1884 980 2276 1057; x_wconf 86' lang='lat' dir='ltr'>debuissetis,</span> <span class='ocrx_word' id='word_1_59' title='bbox 2321 983 2385 1046; x_wconf 88' lang='lat' dir='ltr'>et</span> <span class='ocrx_word' id='word_1_60' title='bbox 2408 980 2828 1063; x_wconf 80' lang='lat' dir='ltr'>sperabamus,</span> <span class='ocrx_word' id='word_1_61' title='bbox 2876 999 2984 1046; x_wconf 92' lang='lat' dir='ltr'>vos</span> <span class='ocrx_word' id='word_1_62' title='bbox 3016 983 3181 1065; x_wconf 90' lang='lat' dir='ltr'>ipsos</span> 
     </span>
     <span class='ocr_line' id='line_1_8' title="bbox 449 1067 3179 1153; baseline -0.001 -17"><span class='ocrx_word' id='word_1_63' title='bbox 449 1070 739 1136; x_wconf 89' lang='lat' dir='ltr'>continue</span> <span class='ocrx_word' id='word_1_64' title='bbox 786 1070 1089 1153; x_wconf 87' lang='lat' dir='ltr'>prosequi,</span> <span class='ocrx_word' id='word_1_65' title='bbox 1137 1070 1200 1133; x_wconf 92' lang='lat' dir='ltr'>et</span> <span class='ocrx_word' id='word_1_66' title='bbox 1238 1067 1479 1151; x_wconf 89' lang='lat' dir='ltr'>agenda</span> <span class='ocrx_word' id='word_1_67' title='bbox 1521 1085 1634 1133; x_wconf 90' lang='lat' dir='ltr'>sua</span> <span class='ocrx_word' id='word_1_68' title='bbox 1676 1068 1988 1133; x_wconf 87' lang='lat' dir='ltr'>favoribus</span> <span class='ocrx_word' id='word_1_69' title='bbox 2021 1069 2086 1132; x_wconf 88' lang='lat' dir='ltr'>et</span> <span class='ocrx_word' id='word_1_70' title='bbox 2116 1068 2430 1134; x_wconf 89' lang='lat' dir='ltr'>beneficiis</span> <span class='ocrx_word' id='word_1_71' title='bbox 2462 1068 2885 1150; x_wconf 85' lang='lat' dir='ltr'>amplioribus,</span> <span class='ocrx_word' id='word_1_72' title='bbox 2934 1068 3179 1134; x_wconf 89' lang='lat' dir='ltr'>attento</span> 
     </span>
     <span class='ocr_line' id='line_1_9' title="bbox 452 1154 3181 1240; baseline -0 -18"><span class='ocrx_word' id='word_1_73' title='bbox 452 1157 821 1239; x_wconf 85' lang='lat' dir='ltr'>specialiter,</span> <span class='ocrx_word' id='word_1_74' title='bbox 869 1158 1031 1240; x_wconf 89' lang='lat' dir='ltr'>quod</span> <span class='ocrx_word' id='word_1_75' title='bbox 1070 1154 1221 1220; x_wconf 91' lang='lat' dir='ltr'>civis</span> <span class='ocrx_word' id='word_1_76' title='bbox 1267 1158 1477 1220; x_wconf 90' lang='lat' dir='ltr'>noster</span> <span class='ocrx_word' id='word_1_77' title='bbox 1520 1158 1689 1227; x_wconf 85' lang='lat' dir='ltr'>estis,</span> <span class='ocrx_word' id='word_1_78' title='bbox 1736 1158 1800 1221; x_wconf 93' lang='lat' dir='ltr'>et</span> <span class='ocrx_word' id='word_1_79' title='bbox 1848 1174 1951 1221; x_wconf 93' lang='lat' dir='ltr'>vos</span> <span class='ocrx_word' id='word_1_80' title='bbox 2007 1158 2072 1221; x_wconf 93' lang='lat' dir='ltr'>et</span> <span class='ocrx_word' id='word_1_81' title='bbox 2132 1157 2379 1239; x_wconf 90' lang='lat' dir='ltr'>negotia</span> <span class='ocrx_word' id='word_1_82' title='bbox 2434 1160 2645 1221; x_wconf 91' lang='lat' dir='ltr'>vestra</span> <span class='ocrx_word' id='word_1_83' title='bbox 2706 1175 2951 1240; x_wconf 89' lang='lat' dir='ltr'>semper</span> <span class='ocrx_word' id='word_1_84' title='bbox 3011 1155 3181 1221; x_wconf 90' lang='lat' dir='ltr'>favo-</span> 
     </span>
     <span class='ocr_line' id='line_1_10' title="bbox 451 1242 3181 1326; baseline 0 -17"><span class='ocrx_word' id='word_1_85' title='bbox 451 1243 735 1310; x_wconf 88' lang='lat' dir='ltr'>rabiliter</span> <span class='ocrx_word' id='word_1_86' title='bbox 781 1246 845 1309; x_wconf 88' lang='lat' dir='ltr'>et</span> <span class='ocrx_word' id='word_1_87' title='bbox 891 1244 1151 1325; x_wconf 90' lang='lat' dir='ltr'>benigne</span> <span class='ocrx_word' id='word_1_88' title='bbox 1197 1242 1600 1308; x_wconf 86' lang='lat' dir='ltr'>tractavimus</span> <span class='ocrx_word' id='word_1_89' title='bbox 1645 1245 1713 1308; x_wconf 90' lang='lat' dir='ltr'>et</span> <span class='ocrx_word' id='word_1_90' title='bbox 1759 1246 2123 1320; x_wconf 77' lang='lat' dir='ltr'>tractamu3‚</span> <span class='ocrx_word' id='word_1_91' title='bbox 2173 1245 2237 1308; x_wconf 89' lang='lat' dir='ltr'>et</span> <span class='ocrx_word' id='word_1_92' title='bbox 2282 1244 2470 1308; x_wconf 90' lang='lat' dir='ltr'>etiam</span> <span class='ocrx_word' id='word_1_93' title='bbox 2517 1247 2813 1326; x_wconf 87' lang='lat' dir='ltr'>quantum</span> <span class='ocrx_word' id='word_1_94' title='bbox 2858 1243 3181 1309; x_wconf 91' lang='lat' dir='ltr'>commoda</span> 
     </span>
     <span class='ocr_line' id='line_1_11' title="bbox 451 1330 3180 1415; baseline 0 -18"><span class='ocrx_word' id='word_1_95' title='bbox 451 1333 517 1397; x_wconf 88' lang='lat' dir='ltr'>et</span> <span class='ocrx_word' id='word_1_96' title='bbox 560 1332 734 1396; x_wconf 90' lang='lat' dir='ltr'>utilis</span> <span class='ocrx_word' id='word_1_97' title='bbox 782 1334 879 1397; x_wconf 88' lang='lat' dir='ltr'>est</span> <span class='ocrx_word' id='word_1_98' title='bbox 922 1330 1300 1396; x_wconf 89' lang='lat' dir='ltr'>conversatio</span> <span class='ocrx_word' id='word_1_99' title='bbox 1345 1333 1696 1395; x_wconf 77' lang='lat' dir='ltr'>nostrorum</span> <span class='ocrx_word' id='word_1_100' title='bbox 1747 1331 1807 1394; x_wconf 90' lang='lat' dir='ltr'>in</span> <span class='ocrx_word' id='word_1_101' title='bbox 1856 1330 2041 1395; x_wconf 89' lang='lat' dir='ltr'>terris</span> <span class='ocrx_word' id='word_1_102' title='bbox 2097 1333 2161 1394; x_wconf 92' lang='lat' dir='ltr'>et</span> <span class='ocrx_word' id='word_1_103' title='bbox 2229 1331 2379 1396; x_wconf 90' lang='lat' dir='ltr'>locis</span> <span class='ocrx_word' id='word_1_104' title='bbox 2439 1332 2665 1396; x_wconf 89' lang='lat' dir='ltr'>vestris</span> <span class='ocrx_word' id='word_1_105' title='bbox 2726 1332 2931 1414; x_wconf 90' lang='lat' dir='ltr'>magis</span> <span class='ocrx_word' id='word_1_106' title='bbox 2992 1350 3180 1415; x_wconf 86' lang='lat' dir='ltr'>quam</span> 
     </span>
     <span class='ocr_line' id='line_1_12' title="bbox 455 1416 3182 1501; baseline -0.001 -16"><span class='ocrx_word' id='word_1_107' title='bbox 455 1418 717 1485; x_wconf 89' lang='lat' dir='ltr'>alicuius</span> <span class='ocrx_word' id='word_1_108' title='bbox 765 1420 1023 1483; x_wconf 88' lang='lat' dir='ltr'>alterius</span> <span class='ocrx_word' id='word_1_109' title='bbox 1069 1419 1510 1501; x_wconf 77' lang='lat' dir='ltr'>generationis,</span> <span class='ocrx_word' id='word_1_110' title='bbox 1558 1416 1760 1496; x_wconf 82' lang='lat' dir='ltr'>Quare</span> <span class='ocrx_word' id='word_1_111' title='bbox 1806 1418 2302 1501; x_wconf 85' lang='lat' dir='ltr'>magnitudinem</span> <span class='ocrx_word' id='word_1_112' title='bbox 2348 1419 2621 1483; x_wconf 87' lang='lat' dir='ltr'>vestram</span> <span class='ocrx_word' id='word_1_113' title='bbox 2670 1420 2909 1483; x_wconf 87' lang='lat' dir='ltr'>attente</span> <span class='ocrx_word' id='word_1_114' title='bbox 2979 1419 3182 1501; x_wconf 89' lang='lat' dir='ltr'>requi-</span> 
     </span>
     <span class='ocr_line' id='line_1_13' title="bbox 451 1504 3181 1590; baseline -0.001 -19"><span class='ocrx_word' id='word_1_115' title='bbox 451 1507 647 1571; x_wconf 88' lang='lat' dir='ltr'>rimus</span> <span class='ocrx_word' id='word_1_116' title='bbox 694 1507 760 1570; x_wconf 95' lang='lat' dir='ltr'>et</span> <span class='ocrx_word' id='word_1_117' title='bbox 804 1525 1111 1590; x_wconf 78' lang='lat' dir='ltr'>rogamuS,</span> <span class='ocrx_word' id='word_1_118' title='bbox 1162 1507 1468 1587; x_wconf 90' lang='lat' dir='ltr'>quatenus</span> <span class='ocrx_word' id='word_1_119' title='bbox 1516 1506 1819 1569; x_wconf 87' lang='lat' dir='ltr'>novitates</span> <span class='ocrx_word' id='word_1_120' title='bbox 1864 1504 2198 1587; x_wconf 76' lang='lat' dir='ltr'>predictae,</span> <span class='ocrx_word' id='word_1_121' title='bbox 2247 1505 2299 1569; x_wconf 91' lang='lat' dir='ltr'>si</span> <span class='ocrx_word' id='word_1_122' title='bbox 2345 1505 2506 1570; x_wconf 87' lang='lat' dir='ltr'>facte</span> <span class='ocrx_word' id='word_1_123' title='bbox 2554 1509 2718 1585; x_wconf 89' lang='lat' dir='ltr'>sunt,</span> <span class='ocrx_word' id='word_1_124' title='bbox 2770 1523 3058 1571; x_wconf 90' lang='lat' dir='ltr'>revocare</span> <span class='ocrx_word' id='word_1_125' title='bbox 3117 1509 3181 1570; x_wconf 90' lang='lat' dir='ltr'>et</span> 
     </span>
     <span class='ocr_line' id='line_1_14' title="bbox 453 1592 3181 1677; baseline 0 -18"><span class='ocrx_word' id='word_1_126' title='bbox 453 1594 789 1659; x_wconf 88' lang='lat' dir='ltr'>reformare</span> <span class='ocrx_word' id='word_1_127' title='bbox 832 1594 1073 1677; x_wconf 86' lang='lat' dir='ltr'>placeat</span> <span class='ocrx_word' id='word_1_128' title='bbox 1117 1594 1184 1657; x_wconf 90' lang='lat' dir='ltr'>et</span> <span class='ocrx_word' id='word_1_129' title='bbox 1231 1592 1457 1670; x_wconf 89' lang='lat' dir='ltr'>velitis,</span> <span class='ocrx_word' id='word_1_130' title='bbox 1506 1593 1569 1656; x_wconf 93' lang='lat' dir='ltr'>et</span> <span class='ocrx_word' id='word_1_131' title='bbox 1613 1593 1689 1657; x_wconf 93' lang='lat' dir='ltr'>ab</span> <span class='ocrx_word' id='word_1_132' title='bbox 1738 1593 1891 1674; x_wconf 89' lang='lat' dir='ltr'>ipsis</span> <span class='ocrx_word' id='word_1_133' title='bbox 1940 1592 2039 1657; x_wconf 90' lang='lat' dir='ltr'>vel</span> <span class='ocrx_word' id='word_1_134' title='bbox 2084 1592 2395 1657; x_wconf 87' lang='lat' dir='ltr'>similibus</span> <span class='ocrx_word' id='word_1_135' title='bbox 2441 1592 2517 1657; x_wconf 93' lang='lat' dir='ltr'>de</span> <span class='ocrx_word' id='word_1_136' title='bbox 2563 1596 2766 1659; x_wconf 89' lang='lat' dir='ltr'>cetero</span> <span class='ocrx_word' id='word_1_137' title='bbox 2813 1611 2922 1658; x_wconf 91' lang='lat' dir='ltr'>vos</span> <span class='ocrx_word' id='word_1_138' title='bbox 2985 1593 3181 1659; x_wconf 89' lang='lat' dir='ltr'>absti-</span> 
     </span>
     <span class='ocr_line' id='line_1_15' title="bbox 447 1680 3179 1763; baseline -0 -17"><span class='ocrx_word' id='word_1_139' title='bbox 447 1700 610 1758; x_wconf 90' lang='lat' dir='ltr'>nere,</span> <span class='ocrx_word' id='word_1_140' title='bbox 658 1681 1091 1763; x_wconf 87' lang='lat' dir='ltr'>permittentes</span> <span class='ocrx_word' id='word_1_141' title='bbox 1137 1680 1303 1744; x_wconf 91' lang='lat' dir='ltr'>cives</span> <span class='ocrx_word' id='word_1_142' title='bbox 1350 1681 1413 1743; x_wconf 92' lang='lat' dir='ltr'>et</span> <span class='ocrx_word' id='word_1_143' title='bbox 1453 1681 1826 1744; x_wconf 88' lang='lat' dir='ltr'>mercatores</span> <span class='ocrx_word' id='word_1_144' title='bbox 1874 1683 2115 1745; x_wconf 90' lang='lat' dir='ltr'>nostros</span> <span class='ocrx_word' id='word_1_145' title='bbox 2160 1680 2389 1744; x_wconf 90' lang='lat' dir='ltr'>morari</span> <span class='ocrx_word' id='word_1_146' title='bbox 2435 1682 2499 1745; x_wconf 92' lang='lat' dir='ltr'>et</span> <span class='ocrx_word' id='word_1_147' title='bbox 2543 1680 2804 1747; x_wconf 89' lang='lat' dir='ltr'>mercari</span> <span class='ocrx_word' id='word_1_148' title='bbox 2865 1682 2928 1746; x_wconf 93' lang='lat' dir='ltr'>in</span> <span class='ocrx_word' id='word_1_149' title='bbox 2995 1681 3179 1745; x_wconf 90' lang='lat' dir='ltr'>terris</span> 
     </span>
     <span class='ocr_line' id='line_1_16' title="bbox 449 1765 3180 1844; baseline -0 -10"><span class='ocrx_word' id='word_1_150' title='bbox 449 1770 514 1834; x_wconf 89' lang='lat' dir='ltr'>et</span> <span class='ocrx_word' id='word_1_151' title='bbox 556 1767 708 1833; x_wconf 90' lang='lat' dir='ltr'>locis</span> <span class='ocrx_word' id='word_1_152' title='bbox 752 1768 928 1834; x_wconf 91' lang='lat' dir='ltr'>vobis</span> <span class='ocrx_word' id='word_1_153' title='bbox 972 1765 1240 1832; x_wconf 89' lang='lat' dir='ltr'>subditis</span> <span class='ocrx_word' id='word_1_154' title='bbox 1287 1766 1494 1831; x_wconf 90' lang='lat' dir='ltr'>salvos</span> <span class='ocrx_word' id='word_1_155' title='bbox 1540 1768 1606 1831; x_wconf 91' lang='lat' dir='ltr'>et</span> <span class='ocrx_word' id='word_1_156' title='bbox 1649 1784 1916 1844; x_wconf 90' lang='lat' dir='ltr'>securos,</span> <span class='ocrx_word' id='word_1_157' title='bbox 1965 1773 2028 1832; x_wconf 87' lang='lat' dir='ltr'>et</span> <span class='ocrx_word' id='word_1_158' title='bbox 2073 1768 2412 1832; x_wconf 81' lang='lat' dir='ltr'>tractantes</span> <span class='ocrx_word' id='word_1_159' title='bbox 2490 1770 2554 1833; x_wconf 95' lang='lat' dir='ltr'>et</span> <span class='ocrx_word' id='word_1_160' title='bbox 2606 1770 3041 1834; x_wconf 83' lang='lat' dir='ltr'>conservantes</span> <span class='ocrx_word' id='word_1_161' title='bbox 3108 1785 3180 1833; x_wconf 91' lang='lat' dir='ltr'>ac</span> 
     </span>
     <span class='ocr_line' id='line_1_17' title="bbox 448 1852 3177 1937; baseline -0.001 -16"><span class='ocrx_word' id='word_1_162' title='bbox 448 1856 706 1921; x_wconf 89' lang='lat' dir='ltr'>tractari</span> <span class='ocrx_word' id='word_1_163' title='bbox 762 1858 825 1921; x_wconf 90' lang='lat' dir='ltr'>et</span> <span class='ocrx_word' id='word_1_164' title='bbox 882 1854 1229 1921; x_wconf 85' lang='lat' dir='ltr'>conservari</span> <span class='ocrx_word' id='word_1_165' title='bbox 1292 1852 1587 1919; x_wconf 88' lang='lat' dir='ltr'>facientes</span> <span class='ocrx_word' id='word_1_166' title='bbox 1649 1855 1815 1937; x_wconf 89' lang='lat' dir='ltr'>ipsos</span> <span class='ocrx_word' id='word_1_167' title='bbox 1876 1873 2013 1919; x_wconf 91' lang='lat' dir='ltr'>cum</span> <span class='ocrx_word' id='word_1_168' title='bbox 2078 1872 2290 1920; x_wconf 91' lang='lat' dir='ltr'>eorum</span> <span class='ocrx_word' id='word_1_169' title='bbox 2352 1854 2527 1920; x_wconf 93' lang='lat' dir='ltr'>bonis</span> <span class='ocrx_word' id='word_1_170' title='bbox 2585 1859 2649 1920; x_wconf 88' lang='lat' dir='ltr'>et</span> <span class='ocrx_word' id='word_1_171' title='bbox 2695 1855 3177 1921; x_wconf 89' lang='lat' dir='ltr'>mercationibus</span> 
     </span>
     <span class='ocr_line' id='line_1_18' title="bbox 448 1940 3180 2025; baseline -0 -18"><span class='ocrx_word' id='word_1_172' title='bbox 448 1942 872 2009; x_wconf 89' lang='lat' dir='ltr'>favorabiliter</span> <span class='ocrx_word' id='word_1_173' title='bbox 917 1944 981 2008; x_wconf 92' lang='lat' dir='ltr'>et</span> <span class='ocrx_word' id='word_1_174' title='bbox 1030 1943 1284 2025; x_wconf 92' lang='lat' dir='ltr'>benigee</span> <span class='ocrx_word' id='word_1_175' title='bbox 1328 1940 1665 2006; x_wconf 89' lang='lat' dir='ltr'>secundum</span> <span class='ocrx_word' id='word_1_176' title='bbox 1714 1942 1903 2007; x_wconf 92' lang='lat' dir='ltr'>bonas</span> <span class='ocrx_word' id='word_1_177' title='bbox 1965 1942 2460 2020; x_wconf 75' lang='lat' dir='ltr'>consuetudineS,</span> <span class='ocrx_word' id='word_1_178' title='bbox 2533 1941 2900 2008; x_wconf 90' lang='lat' dir='ltr'>franchisias</span> <span class='ocrx_word' id='word_1_179' title='bbox 2976 1947 3040 2008; x_wconf 92' lang='lat' dir='ltr'>et</span> <span class='ocrx_word' id='word_1_180' title='bbox 3103 1943 3180 2006; x_wconf 90' lang='lat' dir='ltr'>li·</span> 
     </span>
     <span class='ocr_line' id='line_1_19' title="bbox 448 2028 3179 2113; baseline -0.001 -17"><span class='ocrx_word' id='word_1_181' title='bbox 448 2031 722 2096; x_wconf 89' lang='lat' dir='ltr'>bertates</span> <span class='ocrx_word' id='word_1_182' title='bbox 770 2030 1005 2109; x_wconf 91' lang='lat' dir='ltr'>solitas,</span> <span class='ocrx_word' id='word_1_183' title='bbox 1054 2029 1243 2113; x_wconf 87' lang='lat' dir='ltr'>prout</span> <span class='ocrx_word' id='word_1_184' title='bbox 1286 2028 1363 2093; x_wconf 92' lang='lat' dir='ltr'>de</span> <span class='ocrx_word' id='word_1_185' title='bbox 1410 2028 1874 2111; x_wconf 85' lang='lat' dir='ltr'>magnificentia</span> <span class='ocrx_word' id='word_1_186' title='bbox 1920 2032 2127 2095; x_wconf 84' lang='lat' dir='ltr'>vestra</span> <span class='ocrx_word' id='word_1_187' title='bbox 2171 2030 2351 2113; x_wconf 90' lang='lat' dir='ltr'>plene</span> <span class='ocrx_word' id='word_1_188' title='bbox 2398 2048 2738 2111; x_wconf 68' lang='lat' dir='ltr'>speramus</span> <span class='ocrx_word' id='word_1_189' title='bbox 2801 2030 2997 2113; x_wconf 89' lang='lat' dir='ltr'>Super</span> <span class='ocrx_word' id='word_1_190' title='bbox 3041 2030 3179 2113; x_wconf 90' lang='lat' dir='ltr'>qui·</span> 
     </span>
     <span class='ocr_line' id='line_1_20' title="bbox 450 2116 3178 2201; baseline 0 -19"><span class='ocrx_word' id='word_1_191' title='bbox 450 2118 568 2183; x_wconf 89' lang='lat' dir='ltr'>bus</span> <span class='ocrx_word' id='word_1_192' title='bbox 615 2117 865 2201; x_wconf 89' lang='lat' dir='ltr'>quidem</span> <span class='ocrx_word' id='word_1_193' title='bbox 911 2117 1195 2183; x_wconf 90' lang='lat' dir='ltr'>omnibus</span> <span class='ocrx_word' id='word_1_194' title='bbox 1245 2116 1419 2181; x_wconf 90' lang='lat' dir='ltr'>nobis</span> <span class='ocrx_word' id='word_1_195' title='bbox 1465 2134 1574 2199; x_wconf 89' lang='lat' dir='ltr'>per</span> <span class='ocrx_word' id='word_1_196' title='bbox 1618 2119 1857 2180; x_wconf 87' lang='lat' dir='ltr'>vestras</span> <span class='ocrx_word' id='word_1_197' title='bbox 1918 2117 2165 2181; x_wconf 87' lang='lat' dir='ltr'>litteras</span> <span class='ocrx_word' id='word_1_198' title='bbox 2228 2117 2641 2183; x_wconf 85' lang='lat' dir='ltr'>intencionem</span> <span class='ocrx_word' id='word_1_199' title='bbox 2703 2122 2974 2183; x_wconf 90' lang='lat' dir='ltr'>vestram</span> <span class='ocrx_word' id='word_1_200' title='bbox 3044 2118 3178 2201; x_wconf 89' lang='lat' dir='ltr'>pla-</span> 
     </span>
     <span class='ocr_line' id='line_1_21' title="bbox 448 2202 3174 2289; baseline -0 -19"><span class='ocrx_word' id='word_1_201' title='bbox 448 2208 590 2270; x_wconf 90' lang='lat' dir='ltr'>ceat</span> <span class='ocrx_word' id='word_1_202' title='bbox 635 2222 949 2271; x_wconf 89' lang='lat' dir='ltr'>reservare</span> <span class='ocrx_word' id='word_1_203' title='bbox 995 2222 1180 2286; x_wconf 91' lang='lat' dir='ltr'>quam</span> <span class='ocrx_word' id='word_1_204' title='bbox 1229 2202 1421 2268; x_wconf 91' lang='lat' dir='ltr'>cicius</span> <span class='ocrx_word' id='word_1_205' title='bbox 1470 2221 1602 2271; x_wconf 88' lang='lat' dir='ltr'>esse</span> <span class='ocrx_word' id='word_1_206' title='bbox 1649 2205 1872 2286; x_wconf 87' lang='lat' dir='ltr'>potest,</span> <span class='ocrx_word' id='word_1_207' title='bbox 1921 2222 2075 2286; x_wconf 90' lang='lat' dir='ltr'>quas</span> <span class='ocrx_word' id='word_1_208' title='bbox 2123 2205 2361 2269; x_wconf 90' lang='lat' dir='ltr'>consuli</span> <span class='ocrx_word' id='word_1_209' title='bbox 2411 2209 2619 2270; x_wconf 91' lang='lat' dir='ltr'>nostro</span> <span class='ocrx_word' id='word_1_210' title='bbox 2680 2206 2957 2289; x_wconf 88' lang='lat' dir='ltr'>predicto</span> <span class='ocrx_word' id='word_1_211' title='bbox 3018 2204 3174 2271; x_wconf 87' lang='lat' dir='ltr'>assi·</span> 
     </span>
     <span class='ocr_line' id='line_1_22' title="bbox 446 2289 2355 2377; baseline 0.001 -22"><span class='ocrx_word' id='word_1_212' title='bbox 446 2310 640 2377; x_wconf 89' lang='lat' dir='ltr'>gnare</span> <span class='ocrx_word' id='word_1_213' title='bbox 687 2291 913 2358; x_wconf 89' lang='lat' dir='ltr'>velitis.</span> <span class='ocrx_word' id='word_1_214' title='bbox 961 2291 1054 2355; x_wconf 93' lang='lat' dir='ltr'>De</span> <span class='ocrx_word' id='word_1_215' title='bbox 1101 2292 1277 2374; x_wconf 88' lang='lat' dir='ltr'>parte</span> <span class='ocrx_word' id='word_1_216' title='bbox 1323 2289 1428 2367; x_wconf 87' lang='lat'>93,</span> <span class='ocrx_word' id='word_1_217' title='bbox 1478 2291 1551 2355; x_wconf 91' lang='lat' dir='ltr'>de</span> <span class='ocrx_word' id='word_1_218' title='bbox 1596 2309 1716 2355; x_wconf 92' lang='lat' dir='ltr'>non</span> <span class='ocrx_word' id='word_1_219' title='bbox 1759 2291 1825 2368; x_wconf 89' lang='lat' dir='ltr'>O,</span> <span class='ocrx_word' id='word_1_220' title='bbox 1870 2309 1990 2357; x_wconf 93' lang='lat' dir='ltr'>non</span> <span class='ocrx_word' id='word_1_221' title='bbox 2028 2292 2248 2357; x_wconf 89' lang='lat' dir='ltr'>sinceri</span> <span class='ocrx_word' id='word_1_222' title='bbox 2292 2292 2355 2356; x_wconf 93' lang='grc' dir='ltr'>Ο.</span> 
     </span>
    </p>

    <p class='ocr_par' dir='ltr' id='par_1_3' title="bbox 385 2377 3181 2902">
     <span class='ocr_line' id='line_1_23' title="bbox 664 2377 3179 2462; baseline -0 -18"><span class='ocrx_word' id='word_1_223' title='bbox 664 2380 855 2445; x_wconf 88' lang='lat' dir='ltr'>Facta</span> <span class='ocrx_word' id='word_1_224' title='bbox 921 2378 1139 2443; x_wconf 89' lang='lat' dir='ltr'>littera</span> <span class='ocrx_word' id='word_1_225' title='bbox 1200 2380 1265 2443; x_wconf 92' lang='lat' dir='ltr'>et</span> <span class='ocrx_word' id='word_1_226' title='bbox 1333 2377 1544 2442; x_wconf 90' lang='lat' dir='ltr'>missa.</span> <span class='ocrx_word' id='word_1_227' title='bbox 1631 2378 1747 2442; x_wconf 93' lang='lat' dir='ltr'>Die</span> <span class='ocrx_word' id='word_1_228' title='bbox 1816 2378 2277 2462; x_wconf 90' lang='lat' dir='ltr'>suprascripto:</span> <span class='ocrx_word' id='word_1_229' title='bbox 2340 2380 2501 2461; x_wconf 91' lang='lat' dir='ltr'>quod</span> <span class='ocrx_word' id='word_1_230' title='bbox 2572 2379 2878 2445; x_wconf 88' lang='lat' dir='ltr'>scribatur</span> <span class='ocrx_word' id='word_1_231' title='bbox 2942 2379 3179 2445; x_wconf 89' lang='lat' dir='ltr'>consuli</span> 
     </span>
     <span class='ocr_line' id='line_1_24' title="bbox 448 2462 3181 2550; baseline 0 -19"><span class='ocrx_word' id='word_1_232' title='bbox 448 2462 653 2531; x_wconf 77' lang='lat' dir='ltr'>nostro</span> <span class='ocrx_word' id='word_1_233' title='bbox 698 2467 761 2532; x_wconf 92' lang='lat' dir='ltr'>in</span> <span class='ocrx_word' id='word_1_234' title='bbox 807 2466 1113 2549; x_wconf 90' lang='lat' dir='ltr'>Dulcigno</span> <span class='ocrx_word' id='word_1_235' title='bbox 1153 2466 1217 2530; x_wconf 90' lang='lat' dir='ltr'>et</span> <span class='ocrx_word' id='word_1_236' title='bbox 1259 2465 1703 2530; x_wconf 89' lang='lat' dir='ltr'>mercatoribus</span> <span class='ocrx_word' id='word_1_237' title='bbox 1750 2467 1980 2531; x_wconf 91' lang='lat' dir='ltr'>nostris</span> <span class='ocrx_word' id='word_1_238' title='bbox 2027 2466 2257 2531; x_wconf 89' lang='lat' dir='ltr'>ibidem</span> <span class='ocrx_word' id='word_1_239' title='bbox 2325 2466 2752 2546; x_wconf 79' lang='lat' dir='ltr'>existentibuS,</span> <span class='ocrx_word' id='word_1_240' title='bbox 2818 2467 2980 2550; x_wconf 91' lang='lat' dir='ltr'>quod</span> <span class='ocrx_word' id='word_1_241' title='bbox 3041 2487 3181 2549; x_wconf 89' lang='lat' dir='ltr'>pre-</span> 
     </span>
     <span class='ocr_line' id='line_1_25' title="bbox 449 2553 3179 2637; baseline 0 -19"><span class='ocrx_word' id='word_1_242' title='bbox 449 2556 694 2619; x_wconf 89' lang='lat' dir='ltr'>sentare</span> <span class='ocrx_word' id='word_1_243' title='bbox 742 2555 1003 2619; x_wconf 88' lang='lat' dir='ltr'>debeant</span> <span class='ocrx_word' id='word_1_244' title='bbox 1049 2556 1114 2617; x_wconf 92' lang='lat' dir='ltr'>et</span> <span class='ocrx_word' id='word_1_245' title='bbox 1157 2570 1480 2634; x_wconf 89' lang='lat' dir='ltr'>procurare</span> <span class='ocrx_word' id='word_1_246' title='bbox 1550 2553 1836 2617; x_wconf 89' lang='lat' dir='ltr'>effectum</span> <span class='ocrx_word' id='word_1_247' title='bbox 1898 2553 2240 2633; x_wconf 86' lang='lat' dir='ltr'>literarum,</span> <span class='ocrx_word' id='word_1_248' title='bbox 2308 2572 2461 2637; x_wconf 89' lang='lat' dir='ltr'>quas</span> <span class='ocrx_word' id='word_1_249' title='bbox 2532 2554 2860 2619; x_wconf 90' lang='lat' dir='ltr'>scribimus</span> <span class='ocrx_word' id='word_1_250' title='bbox 2929 2553 3179 2619; x_wconf 90' lang='lat' dir='ltr'>domino</span> 
     </span>
     <span class='ocr_line' id='line_1_26' title="bbox 446 2639 3173 2726; baseline 0 -19"><span class='ocrx_word' id='word_1_251' title='bbox 446 2639 602 2707; x_wconf 83' lang='lat' dir='ltr'>Jure</span> <span class='ocrx_word' id='word_1_252' title='bbox 649 2643 723 2706; x_wconf 91' lang='lat' dir='ltr'>de</span> <span class='ocrx_word' id='word_1_253' title='bbox 771 2640 989 2706; x_wconf 90' lang='lat' dir='ltr'>Balsce</span> <span class='ocrx_word' id='word_1_254' title='bbox 1035 2640 1099 2704; x_wconf 91' lang='lat' dir='ltr'>in</span> <span class='ocrx_word' id='word_1_255' title='bbox 1141 2639 1342 2705; x_wconf 88' lang='lat' dir='ltr'>forma</span> <span class='ocrx_word' id='word_1_256' title='bbox 1386 2641 1667 2724; x_wconf 89' lang='lat' dir='ltr'>superius</span> <span class='ocrx_word' id='word_1_257' title='bbox 1708 2643 2027 2722; x_wconf 90' lang='lat' dir='ltr'>annotata,</span> <span class='ocrx_word' id='word_1_258' title='bbox 2079 2661 2341 2726; x_wconf 89' lang='lat' dir='ltr'>quarum</span> <span class='ocrx_word' id='word_1_259' title='bbox 2403 2643 2643 2725; x_wconf 90' lang='lat' dir='ltr'>copiam</span> <span class='ocrx_word' id='word_1_260' title='bbox 2705 2643 2824 2709; x_wconf 89' lang='lat' dir='ltr'>sibi</span> <span class='ocrx_word' id='word_1_261' title='bbox 2886 2643 3173 2708; x_wconf 87' lang='lat' dir='ltr'>misimus</span> 
     </span>
     <span class='ocr_line' id='line_1_27' title="bbox 448 2728 3180 2813; baseline 0.001 -20"><span class='ocrx_word' id='word_1_262' title='bbox 448 2729 514 2793; x_wconf 91' lang='lat' dir='ltr'>in</span> <span class='ocrx_word' id='word_1_263' title='bbox 559 2732 800 2795; x_wconf 88' lang='lat' dir='ltr'>nostras</span> <span class='ocrx_word' id='word_1_264' title='bbox 843 2728 1088 2794; x_wconf 89' lang='lat' dir='ltr'>litteras</span> <span class='ocrx_word' id='word_1_265' title='bbox 1134 2728 1552 2807; x_wconf 86' lang='lat' dir='ltr'>interclusam,</span> <span class='ocrx_word' id='word_1_266' title='bbox 1601 2730 1975 2794; x_wconf 88' lang='lat' dir='ltr'>remittendo</span> <span class='ocrx_word' id='word_1_267' title='bbox 2022 2730 2199 2795; x_wconf 92' lang='lat' dir='ltr'>nobis</span> <span class='ocrx_word' id='word_1_268' title='bbox 2245 2730 2320 2796; x_wconf 89' lang='lat' dir='ltr'>ad</span> <span class='ocrx_word' id='word_1_269' title='bbox 2367 2749 2549 2812; x_wconf 91' lang='lat' dir='ltr'>quam</span> <span class='ocrx_word' id='word_1_270' title='bbox 2577 2732 2765 2797; x_wconf 89' lang='lat' dir='ltr'>cicius</span> <span class='ocrx_word' id='word_1_271' title='bbox 2812 2730 3040 2813; x_wconf 86' lang='lat' dir='ltr'>poterit</span> <span class='ocrx_word' id='word_1_272' title='bbox 3082 2748 3180 2797; x_wconf 90' lang='lat' dir='ltr'>re·</span> 
     </span>
     <span class='ocr_line' id='line_1_28' title="bbox 385 2813 2016 2902; baseline -0.001 -18"><span class='ocrx_word' id='word_1_273' title='bbox 385 2861 388 2864; x_wconf 95' lang='lat'>-</span> <span class='ocrx_word' id='word_1_274' title='bbox 447 2816 860 2902; x_wconf 83' lang='lat' dir='ltr'>sponsionem,</span> <span class='ocrx_word' id='word_1_275' title='bbox 902 2835 1087 2900; x_wconf 90' lang='lat' dir='ltr'>quam</span> <span class='ocrx_word' id='word_1_276' title='bbox 1133 2816 1311 2881; x_wconf 90' lang='lat' dir='ltr'>nobis</span> <span class='ocrx_word' id='word_1_277' title='bbox 1357 2813 1546 2881; x_wconf 89' lang='lat' dir='ltr'>faciet</span> <span class='ocrx_word' id='word_1_278' title='bbox 1592 2816 1794 2882; x_wconf 90' lang='lat' dir='ltr'>dictus</span> <span class='ocrx_word' id='word_1_279' title='bbox 1840 2817 2016 2883; x_wconf 79' lang='lat' dir='ltr'>Jura.</span> 
     </span>
    </p>

    <p class='ocr_par' dir='ltr' id='par_1_4' title="bbox 534 2906 1730 2978">
     <span class='ocr_line' id='line_1_29' title="bbox 534 2906 1730 2978; baseline 0.002 -12"><span class='ocrx_word' id='word_1_280' title='bbox 534 2907 716 2968; x_wconf 68' lang='lat' dir='ltr'>Misit·</span> <span class='ocrx_word' id='word_1_281' title='bbox 763 2907 1021 2968; x_wconf 86' lang='lat' dir='ltr'><strong><em>XXXV</em></strong></span> <span class='ocrx_word' id='word_1_282' title='bbox 1060 2906 1164 2978; x_wconf 83' lang='lat'>32,</span> <span class='ocrx_word' id='word_1_283' title='bbox 1210 2924 1253 2966; x_wconf 80' lang='lat' dir='ltr'>u</span> <span class='ocrx_word' id='word_1_284' title='bbox 1295 2906 1449 2968; x_wconf 72' lang='lat' dir='ltr'>meet.</span> <span class='ocrx_word' id='word_1_285' title='bbox 1496 2907 1730 2968; x_wconf 78' lang='lat' dir='ltr'>arkivu.</span> 
     </span>
    </p>
   </div>
   <div class='ocr_carea' id='block_1_3' title="bbox 782 3072 2852 3179">
    <p class='ocr_par' dir='ltr' id='par_1_5' title="bbox 782 3072 2852 3179">
     <span class='ocr_line' id='line_1_30' title="bbox 782 3072 2852 3179; baseline -0.002 -20"><span class='ocrx_word' id='word_1_286' title='bbox 782 3075 1228 3159; x_wconf 79' lang='lat' dir='ltr'>CCXVIII.</span> <span class='ocrx_word' id='word_1_287' title='bbox 1282 3074 1491 3161; x_wconf 75' lang='lat' dir='ltr'>God.</span> <span class='ocrx_word' id='word_1_288' title='bbox 1542 3072 1758 3159; x_wconf 80' lang='lat'><strong>1375.</strong></span> <span class='ocrx_word' id='word_1_289' title='bbox 1814 3077 1913 3160; x_wconf 83' lang='grc'>16</span> <span class='ocrx_word' id='word_1_290' title='bbox 1970 3078 2294 3179; x_wconf 78' lang='lat' dir='ltr'>srpnja‚</span> <span class='ocrx_word' id='word_1_291' title='bbox 2348 3099 2408 3159; x_wconf 90' lang='lat' dir='ltr'>u</span> <span class='ocrx_word' id='word_1_292' title='bbox 2462 3077 2852 3160; x_wconf 84' lang='lat' dir='ltr'>Mletcih.</span> 
     </span>
    </p>
   </div>
   <div class='ocr_carea' id='block_1_4' title="bbox 449 3197 3177 3620">
    <p class='ocr_par' dir='ltr' id='par_1_6' title="bbox 449 3197 3177 3545">
     <span class='ocr_line' id='line_1_31' title="bbox 660 3197 3175 3283; baseline 0.001 -19"><span class='ocrx_word' id='word_1_293' title='bbox 660 3198 1030 3265; x_wconf 86' lang='lat' dir='ltr'>Conceditur</span> <span class='ocrx_word' id='word_1_294' title='bbox 1079 3197 1285 3262; x_wconf 89' lang='lat' dir='ltr'>Primo</span> <span class='ocrx_word' id='word_1_295' title='bbox 1330 3199 1405 3263; x_wconf 91' lang='lat' dir='ltr'>de</span> <span class='ocrx_word' id='word_1_296' title='bbox 1450 3198 1746 3280; x_wconf 88' lang='lat' dir='ltr'>Ragusio,</span> <span class='ocrx_word' id='word_1_297' title='bbox 1784 3197 1892 3281; x_wconf 92' lang='lat' dir='ltr'>qui</span> <span class='ocrx_word' id='word_1_298' title='bbox 1937 3216 1994 3262; x_wconf 88' lang='lat' dir='ltr'>a.</span> <span class='ocrx_word' id='word_1_299' title='bbox 2054 3198 2219 3262; x_wconf 79' lang='lat'>1354</span> <span class='ocrx_word' id='word_1_300' title='bbox 2264 3199 2328 3264; x_wconf 91' lang='lat' dir='ltr'>in</span> <span class='ocrx_word' id='word_1_301' title='bbox 2376 3199 2597 3283; x_wconf 90' lang='lat' dir='ltr'>puerili</span> <span class='ocrx_word' id='word_1_302' title='bbox 2642 3203 2807 3265; x_wconf 88' lang='lat' dir='ltr'>etate</span> <span class='ocrx_word' id='word_1_303' title='bbox 2848 3201 3019 3266; x_wconf 92' lang='lat' dir='ltr'>venit</span> <span class='ocrx_word' id='word_1_304' title='bbox 3063 3201 3175 3267; x_wconf 91' lang='lat' dir='ltr'>ha-</span> 
     </span>
     <span class='ocr_line' id='line_1_32' title="bbox 451 3285 3175 3370; baseline 0 -18"><span class='ocrx_word' id='word_1_305' title='bbox 451 3288 720 3352; x_wconf 90' lang='lat' dir='ltr'>bitatum</span> <span class='ocrx_word' id='word_1_306' title='bbox 766 3286 1084 3363; x_wconf 77' lang='lat' dir='ltr'>veneciae,</span> <span class='ocrx_word' id='word_1_307' title='bbox 1131 3286 1195 3348; x_wconf 93' lang='lat' dir='ltr'>et</span> <span class='ocrx_word' id='word_1_308' title='bbox 1253 3302 1498 3367; x_wconf 90' lang='lat' dir='ltr'>semper</span> <span class='ocrx_word' id='word_1_309' title='bbox 1552 3304 1617 3349; x_wconf 90' lang='lat' dir='ltr'>se</span> <span class='ocrx_word' id='word_1_310' title='bbox 1664 3285 1960 3351; x_wconf 88' lang='lat' dir='ltr'>tractavit</span> <span class='ocrx_word' id='word_1_311' title='bbox 2013 3304 2123 3368; x_wconf 90' lang='lat' dir='ltr'>pro</span> <span class='ocrx_word' id='word_1_312' title='bbox 2193 3288 2447 3365; x_wconf 90' lang='lat' dir='ltr'>Veneto,</span> <span class='ocrx_word' id='word_1_313' title='bbox 2511 3289 2672 3369; x_wconf 91' lang='lat' dir='ltr'>quod</span> <span class='ocrx_word' id='word_1_314' title='bbox 2742 3287 2939 3370; x_wconf 88' lang='lat' dir='ltr'>possit</span> <span class='ocrx_word' id='word_1_315' title='bbox 2990 3307 3175 3353; x_wconf 91' lang='lat' dir='ltr'>suum</span> 
     </span>
     <span class='ocr_line' id='line_1_33' title="bbox 449 3367 3177 3458; baseline 0.001 -20"><span class='ocrx_word' id='word_1_316' title='bbox 449 3374 673 3440; x_wconf 88' lang='lat' dir='ltr'>havere</span> <span class='ocrx_word' id='word_1_317' title='bbox 718 3391 909 3456; x_wconf 91' lang='lat' dir='ltr'>usque</span> <span class='ocrx_word' id='word_1_318' title='bbox 951 3389 1260 3437; x_wconf 89' lang='lat' dir='ltr'>summam</span> <span class='ocrx_word' id='word_1_319' title='bbox 1303 3370 1667 3436; x_wconf 88' lang='lat' dir='ltr'>ducatorum</span> <span class='ocrx_word' id='word_1_320' title='bbox 1696 3373 1888 3437; x_wconf 87' lang='lat' dir='ltr'>trium</span> <span class='ocrx_word' id='word_1_321' title='bbox 1936 3373 2208 3438; x_wconf 87' lang='lat' dir='ltr'>millium</span> <span class='ocrx_word' id='word_1_322' title='bbox 2257 3374 2589 3439; x_wconf 89' lang='lat' dir='ltr'>conducere</span> <span class='ocrx_word' id='word_1_323' title='bbox 2633 3367 2926 3440; x_wconf 88' lang='lat' dir='ltr'>Venetias</span> <span class='ocrx_word' id='word_1_324' title='bbox 2972 3374 3177 3458; x_wconf 91' lang='lat' dir='ltr'>ibique</span> 
     </span>
     <span class='ocr_line' id='line_1_34' title="bbox 449 3458 3173 3545; baseline 0.002 -21"><span class='ocrx_word' id='word_1_325' title='bbox 449 3459 743 3526; x_wconf 87' lang='lat' dir='ltr'>investire</span> <span class='ocrx_word' id='word_1_326' title='bbox 802 3458 1092 3524; x_wconf 90' lang='lat' dir='ltr'>solvendo</span> <span class='ocrx_word' id='word_1_327' title='bbox 1151 3477 1272 3523; x_wconf 91' lang='lat' dir='ltr'>una</span> <span class='ocrx_word' id='word_1_328' title='bbox 1332 3477 1440 3542; x_wconf 93' lang='lat' dir='ltr'>pro</span> <span class='ocrx_word' id='word_1_329' title='bbox 1486 3461 1837 3525; x_wconf 90' lang='lat' dir='ltr'>centenario</span> <span class='ocrx_word' id='word_1_330' title='bbox 1883 3461 2051 3526; x_wconf 90' lang='lat' dir='ltr'>ultra</span> <span class='ocrx_word' id='word_1_331' title='bbox 2093 3462 2175 3541; x_wconf 90' lang='lat' dir='ltr'>id,</span> <span class='ocrx_word' id='word_1_332' title='bbox 2223 3461 2382 3545; x_wconf 89' lang='lat' dir='ltr'>quod</span> <span class='ocrx_word' id='word_1_333' title='bbox 2428 3462 2678 3528; x_wconf 89' lang='lat' dir='ltr'>solvunt</span> <span class='ocrx_word' id='word_1_334' title='bbox 2722 3463 2886 3528; x_wconf 91' lang='lat' dir='ltr'>cives</span> <span class='ocrx_word' id='word_1_335' title='bbox 2932 3461 3173 3530; x_wconf 87' lang='lat' dir='ltr'>Veneti.</span> 
     </span>
    </p>

    <p class='ocr_par' dir='ltr' id='par_1_7' title="bbox 535 3549 1730 3620">
     <span class='ocr_line' id='line_1_35' title="bbox 535 3549 1730 3620; baseline 0.002 -9"><span class='ocrx_word' id='word_1_336' title='bbox 535 3551 718 3611; x_wconf 74' lang='lat' dir='ltr'>Misti</span> <span class='ocrx_word' id='word_1_337' title='bbox 760 3549 1015 3609; x_wconf 89' lang='lat' dir='ltr'><strong><em>XXXV</em></strong></span> <span class='ocrx_word' id='word_1_338' title='bbox 1058 3550 1162 3620; x_wconf 79' lang='lat'>34,</span> <span class='ocrx_word' id='word_1_339' title='bbox 1205 3566 1248 3608; x_wconf 81' lang='lat' dir='ltr'>u</span> <span class='ocrx_word' id='word_1_340' title='bbox 1290 3549 1446 3611; x_wconf 80' lang='lat' dir='ltr'>mlet.</span> <span class='ocrx_word' id='word_1_341' title='bbox 1494 3551 1730 3613; x_wconf 78' lang='lat' dir='ltr'>arkivu.</span> 
     </span>
    </p>
   </div>
   <div class='ocr_carea' id='block_1_5' title="bbox 782 3673 2859 3826">
    <p class='ocr_par' dir='ltr' id='par_1_8' title="bbox 782 3673 2859 3826">
     <span class='ocr_line' id='line_1_36' title="bbox 782 3673 2859 3826; baseline 0 -20"><span class='ocrx_word' id='word_1_342' title='bbox 782 3721 1737 3806; x_wconf 71' lang='lat' dir='ltr'>ccxle.eoe.1376.</span> <span class='ocrx_word' id='word_1_343' title='bbox 1790 3724 1896 3807; x_wconf 77' lang='lat'>29</span> <span class='ocrx_word' id='word_1_344' title='bbox 1950 3723 2301 3826; x_wconf 72' lang='lat' dir='ltr'>steenja,</span> <span class='ocrx_word' id='word_1_345' title='bbox 2356 3673 2429 3807; x_wconf 63' lang='lat' dir='ltr'>u⁴</span> <span class='ocrx_word' id='word_1_346' title='bbox 2463 3726 2859 3810; x_wconf 67' lang='lat' dir='ltr'>metam.</span> 
     </span>
    </p>
   </div>
   <div class='ocr_carea' id='block_1_6' title="bbox 447 3844 3176 4280">
    <p class='ocr_par' dir='ltr' id='par_1_9' title="bbox 447 3844 3176 4280">
     <span class='ocr_line' id='line_1_37' title="bbox 661 3844 3171 3933; baseline 0 -19"><span class='ocrx_word' id='word_1_347' title='bbox 661 3847 1042 3914; x_wconf 88' lang='lat' dir='ltr'>Permissum</span> <span class='ocrx_word' id='word_1_348' title='bbox 1089 3844 1327 3911; x_wconf 88' lang='lat' dir='ltr'>Karulo</span> <span class='ocrx_word' id='word_1_349' title='bbox 1373 3846 1661 3931; x_wconf 83' lang='lat' dir='ltr'>Thopiae,</span> <span class='ocrx_word' id='word_1_350' title='bbox 1703 3849 1865 3930; x_wconf 91' lang='lat' dir='ltr'>quod</span> <span class='ocrx_word' id='word_1_351' title='bbox 1911 3849 2107 3931; x_wconf 89' lang='lat' dir='ltr'>possit</span> <span class='ocrx_word' id='word_1_352' title='bbox 2152 3849 2241 3914; x_wconf 92' lang='lat' dir='ltr'>ire</span> <span class='ocrx_word' id='word_1_353' title='bbox 2289 3868 2431 3914; x_wconf 92' lang='lat' dir='ltr'>cum</span> <span class='ocrx_word' id='word_1_354' title='bbox 2477 3868 2599 3915; x_wconf 92' lang='lat' dir='ltr'>una</span> <span class='ocrx_word' id='word_1_355' title='bbox 2657 3869 2769 3916; x_wconf 91' lang='lat' dir='ltr'>sua</span> <span class='ocrx_word' id='word_1_356' title='bbox 2827 3851 3004 3933; x_wconf 83' lang='lat' dir='ltr'>galea</span> <span class='ocrx_word' id='word_1_357' title='bbox 3067 3869 3171 3915; x_wconf 89' lang='lat' dir='ltr'>ar-</span> 
     </span>
     <span class='ocr_line' id='line_1_38' title="bbox 447 3932 3172 4018; baseline 0 -15"><span class='ocrx_word' id='word_1_358' title='bbox 447 3943 621 4003; x_wconf 89' lang='lat' dir='ltr'>mata</span> <span class='ocrx_word' id='word_1_359' title='bbox 666 3944 728 4002; x_wconf 86' lang='lat' dir='ltr'>et</span> <span class='ocrx_word' id='word_1_360' title='bbox 770 3954 911 4001; x_wconf 91' lang='lat' dir='ltr'>cum</span> <span class='ocrx_word' id='word_1_361' title='bbox 957 3934 1080 3999; x_wconf 91' lang='lat' dir='ltr'>alio</span> <span class='ocrx_word' id='word_1_362' title='bbox 1120 3932 1292 4016; x_wconf 86' lang='lat' dir='ltr'>ligno</span> <span class='ocrx_word' id='word_1_363' title='bbox 1338 3939 1578 4000; x_wconf 91' lang='lat' dir='ltr'>armato</span> <span class='ocrx_word' id='word_1_364' title='bbox 1624 3934 1702 3999; x_wconf 89' lang='lat' dir='ltr'>ad</span> <span class='ocrx_word' id='word_1_365' title='bbox 1774 3935 2316 4018; x_wconf 89' lang='lat' dir='ltr'>percomplendum</span> <span class='ocrx_word' id='word_1_366' title='bbox 2379 3939 2523 4002; x_wconf 85' lang='lat' dir='ltr'>vota</span> <span class='ocrx_word' id='word_1_367' title='bbox 2584 3956 2715 4016; x_wconf 92' lang='lat' dir='ltr'>sua,</span> <span class='ocrx_word' id='word_1_368' title='bbox 2779 3938 2897 4002; x_wconf 92' lang='lat' dir='ltr'>sub</span> <span class='ocrx_word' id='word_1_369' title='bbox 2959 3938 3172 4004; x_wconf 88' lang='lat' dir='ltr'>condi-</span> 
     </span>
     <span class='ocr_line' id='line_1_39' title="bbox 448 4019 3176 4108; baseline 0 -18"><span class='ocrx_word' id='word_1_370' title='bbox 448 4026 636 4104; x_wconf 87' lang='lat' dir='ltr'>tione,</span> <span class='ocrx_word' id='word_1_371' title='bbox 686 4025 843 4108; x_wconf 90' lang='lat' dir='ltr'>quod</span> <span class='ocrx_word' id='word_1_372' title='bbox 889 4040 1007 4087; x_wconf 90' lang='lat' dir='ltr'>non</span> <span class='ocrx_word' id='word_1_373' title='bbox 1050 4019 1275 4086; x_wconf 90' lang='lat' dir='ltr'>audeat</span> <span class='ocrx_word' id='word_1_374' title='bbox 1318 4020 1506 4087; x_wconf 89' lang='lat' dir='ltr'>alicui</span> <span class='ocrx_word' id='word_1_375' title='bbox 1552 4021 1847 4086; x_wconf 91' lang='lat' dir='ltr'>damnum</span> <span class='ocrx_word' id='word_1_376' title='bbox 1911 4024 2134 4089; x_wconf 91' lang='lat' dir='ltr'>inferre</span> <span class='ocrx_word' id='word_1_377' title='bbox 2197 4042 2308 4088; x_wconf 90' lang='lat' dir='ltr'>uec</span> <span class='ocrx_word' id='word_1_378' title='bbox 2367 4025 2774 4090; x_wconf 89' lang='lat' dir='ltr'>mercationes</span> <span class='ocrx_word' id='word_1_379' title='bbox 2821 4024 3041 4104; x_wconf 87' lang='lat' dir='ltr'>facere,</span> <span class='ocrx_word' id='word_1_380' title='bbox 3110 4029 3176 4091; x_wconf 90' lang='lat' dir='ltr'>et</span> 
     </span>
     <span class='ocr_line' id='line_1_40' title="bbox 448 4109 3173 4197; baseline -0.001 -18"><span class='ocrx_word' id='word_1_381' title='bbox 448 4112 607 4197; x_wconf 89' lang='lat' dir='ltr'>quod</span> <span class='ocrx_word' id='word_1_382' title='bbox 654 4112 823 4194; x_wconf 89' lang='lat' dir='ltr'>prius</span> <span class='ocrx_word' id='word_1_383' title='bbox 869 4128 936 4175; x_wconf 89' lang='lat' dir='ltr'>se</span> <span class='ocrx_word' id='word_1_384' title='bbox 978 4109 1302 4174; x_wconf 91' lang='lat' dir='ltr'>concordet</span> <span class='ocrx_word' id='word_1_385' title='bbox 1348 4128 1491 4174; x_wconf 91' lang='lat' dir='ltr'>cum</span> <span class='ocrx_word' id='word_1_386' title='bbox 1537 4110 1786 4174; x_wconf 86' lang='lat' dir='ltr'>Andrea</span> <span class='ocrx_word' id='word_1_387' title='bbox 1838 4112 1903 4175; x_wconf 88' lang='lat' dir='ltr'>et</span> <span class='ocrx_word' id='word_1_388' title='bbox 1947 4109 2220 4176; x_wconf 86' lang='lat' dir='ltr'>Gratono</span> <span class='ocrx_word' id='word_1_389' title='bbox 2266 4111 2552 4176; x_wconf 91' lang='lat' dir='ltr'>Daudulo</span> <span class='ocrx_word' id='word_1_390' title='bbox 2613 4115 2678 4177; x_wconf 93' lang='lat' dir='ltr'>et</span> <span class='ocrx_word' id='word_1_391' title='bbox 2722 4112 3011 4194; x_wconf 90' lang='lat' dir='ltr'>Philippo</span> <span class='ocrx_word' id='word_1_392' title='bbox 3060 4112 3173 4177; x_wconf 89' lang='lat' dir='ltr'>Sa·</span> 
     </span>
     <span class='ocr_line' id='line_1_41' title="bbox 449 4195 3174 4280; baseline 0.001 -17"><span class='ocrx_word' id='word_1_393' title='bbox 449 4203 600 4265; x_wconf 89' lang='lat' dir='ltr'>nuto</span> <span class='ocrx_word' id='word_1_394' title='bbox 644 4201 718 4262; x_wconf 89' lang='lat' dir='ltr'>de</span> <span class='ocrx_word' id='word_1_395' title='bbox 764 4199 905 4277; x_wconf 86' lang='lat' dir='ltr'>hiis,</span> <span class='ocrx_word' id='word_1_396' title='bbox 953 4215 1108 4279; x_wconf 87' lang='lat' dir='ltr'>quae</span> <span class='ocrx_word' id='word_1_397' title='bbox 1153 4196 1261 4260; x_wconf 89' lang='lat' dir='ltr'>isti</span> <span class='ocrx_word' id='word_1_398' title='bbox 1307 4195 1386 4260; x_wconf 89' lang='lat' dir='ltr'>ab</span> <span class='ocrx_word' id='word_1_399' title='bbox 1427 4214 1498 4262; x_wconf 96' lang='lat' dir='ltr'>eo</span> <span class='ocrx_word' id='word_1_400' title='bbox 1546 4198 1787 4279; x_wconf 87' lang='lat' dir='ltr'>petunt,</span> <span class='ocrx_word' id='word_1_401' title='bbox 1851 4197 2121 4280; x_wconf 88' lang='lat' dir='ltr'>alioquin</span> <span class='ocrx_word' id='word_1_402' title='bbox 2186 4199 2354 4263; x_wconf 89' lang='lat' dir='ltr'>dicta</span> <span class='ocrx_word' id='word_1_403' title='bbox 2415 4200 2727 4264; x_wconf 90' lang='lat' dir='ltr'>concessio</span> <span class='ocrx_word' id='word_1_404' title='bbox 2791 4199 2877 4264; x_wconf 89' lang='lat' dir='ltr'>sit</span> <span class='ocrx_word' id='word_1_405' title='bbox 2935 4199 3174 4265; x_wconf 89' lang='lat' dir='ltr'>nullius</span> 
     </span>
    </p>
   </div>
   <div class='ocr_carea' id='block_1_7' title="bbox 448 4286 1732 4445">
    <p class='ocr_par' dir='ltr' id='par_1_10' title="bbox 448 4286 1732 4445">
     <span class='ocr_line' id='line_1_42' title="bbox 448 4286 698 4352; baseline -0.008 0"><span class='ocrx_word' id='word_1_406' title='bbox 448 4286 698 4352; x_wconf 78' lang='lat' dir='ltr'>valoriS.</span> 
     </span>
     <span class='ocr_line' id='line_1_43' title="bbox 534 4373 1732 4445; baseline 0.002 -11"><span class='ocrx_word' id='word_1_407' title='bbox 534 4376 716 4436; x_wconf 74' lang='lat' dir='ltr'>Misti</span> <span class='ocrx_word' id='word_1_408' title='bbox 763 4374 1023 4435; x_wconf 88' lang='lat' dir='ltr'><strong><em>XXXV</em></strong></span> <span class='ocrx_word' id='word_1_409' title='bbox 1062 4376 1167 4445; x_wconf 85' lang='lat'>80,</span> <span class='ocrx_word' id='word_1_410' title='bbox 1212 4391 1253 4434; x_wconf 80' lang='lat' dir='ltr'>u</span> <span class='ocrx_word' id='word_1_411' title='bbox 1291 4373 1447 4434; x_wconf 76' lang='lat' dir='ltr'>mlct.</span> <span class='ocrx_word' id='word_1_412' title='bbox 1497 4373 1732 4436; x_wconf 82' lang='lat' dir='ltr'>arkivu.</span> 
     </span>
    </p>
   </div>
   <div class='ocr_carea' id='block_1_8' title="bbox 835 4526 2792 4630">
    <p class='ocr_par' dir='ltr' id='par_1_11' title="bbox 835 4526 2792 4630">
     <span class='ocr_line' id='line_1_44' title="bbox 835 4526 2792 4630; baseline 0.001 -21"><span class='ocrx_word' id='word_1_413' title='bbox 835 4528 1157 4610; x_wconf 79' lang='lat' dir='ltr'><strong><em>CCXX.</em></strong></span> <span class='ocrx_word' id='word_1_414' title='bbox 1214 4526 1417 4610; x_wconf 61' lang='lat'><strong>(3011.</strong></span> <span class='ocrx_word' id='word_1_415' title='bbox 1473 4527 1689 4612; x_wconf 78' lang='lat'><strong>1376.</strong></span> <span class='ocrx_word' id='word_1_416' title='bbox 1742 4528 1837 4611; x_wconf 82' lang='lat'>13</span> <span class='ocrx_word' id='word_1_417' title='bbox 1890 4528 2234 4630; x_wconf 62' lang='lat' dir='ltr'>offiujka,</span> <span class='ocrx_word' id='word_1_418' title='bbox 2287 4551 2347 4611; x_wconf 90' lang='lat' dir='ltr'>u</span> <span class='ocrx_word' id='word_1_419' title='bbox 2400 4530 2792 4620; x_wconf 79' lang='lat' dir='ltr'>Mleteih.</span> 
     </span>
    </p>
   </div>
   <div class='ocr_carea' id='block_1_9' title="bbox 452 4648 3189 4822">
    <p class='ocr_par' dir='ltr' id='par_1_12' title="bbox 452 4648 3189 4822">
     <span class='ocr_line' id='line_1_45' title="bbox 667 4648 3179 4737; baseline 0.004 -25"><span class='ocrx_word' id='word_1_420' title='bbox 667 4648 854 4729; x_wconf 76' lang='lat'>1376,</span> <span class='ocrx_word' id='word_1_421' title='bbox 902 4648 1114 4716; x_wconf 91' lang='lat' dir='ltr'>indict.</span> <span class='ocrx_word' id='word_1_422' title='bbox 1163 4651 1335 4730; x_wconf 87' lang='lat' dir='ltr'>XIV,</span> <span class='ocrx_word' id='word_1_423' title='bbox 1384 4651 1481 4716; x_wconf 91' lang='lat' dir='ltr'>die</span> <span class='ocrx_word' id='word_1_424' title='bbox 1531 4653 1610 4716; x_wconf 85' lang='lat'>13</span> <span class='ocrx_word' id='word_1_425' title='bbox 1659 4652 1894 4718; x_wconf 90' lang='lat' dir='ltr'>marcii.</span> <span class='ocrx_word' id='word_1_426' title='bbox 1943 4650 2267 4737; x_wconf 87' lang='lat' dir='ltr'>Sapientes</span> <span class='ocrx_word' id='word_1_427' title='bbox 2310 4654 2618 4720; x_wconf 89' lang='lat' dir='ltr'>ordinum.</span> <span class='ocrx_word' id='word_1_428' title='bbox 2680 4651 2916 4735; x_wconf 85' lang='lat' dir='ltr'>Capta:</span> <span class='ocrx_word' id='word_1_429' title='bbox 2989 4651 3179 4721; x_wconf 84' lang='lat' dir='ltr'>Com·</span> 
     </span>
     <span class='ocr_line' id='line_1_46' title="bbox 452 4737 3189 4822; baseline 0 -17"><span class='ocrx_word' id='word_1_430' title='bbox 452 4737 743 4805; x_wconf 88' lang='lat' dir='ltr'>mittatur</span> <span class='ocrx_word' id='word_1_431' title='bbox 785 4738 1103 4822; x_wconf 85' lang='lat' dir='ltr'>capitaneo</span> <span class='ocrx_word' id='word_1_432' title='bbox 1164 4739 1460 4822; x_wconf 87' lang='lat' dir='ltr'>generali,</span> <span class='ocrx_word' id='word_1_433' title='bbox 1523 4741 1595 4805; x_wconf 89' lang='lat' dir='ltr'>ut</span> <span class='ocrx_word' id='word_1_434' title='bbox 1654 4758 1692 4804; x_wconf 92' lang='lat' dir='ltr'>a</span> <span class='ocrx_word' id='word_1_435' title='bbox 1736 4739 1892 4805; x_wconf 79' lang='lat' dir='ltr'>Jure</span> <span class='ocrx_word' id='word_1_436' title='bbox 1953 4741 2027 4805; x_wconf 89' lang='lat' dir='ltr'>de</span> <span class='ocrx_word' id='word_1_437' title='bbox 2087 4739 2306 4806; x_wconf 88' lang='lat' dir='ltr'>Balsce</span> <span class='ocrx_word' id='word_1_438' title='bbox 2368 4743 2433 4806; x_wconf 92' lang='lat' dir='ltr'>et</span> <span class='ocrx_word' id='word_1_439' title='bbox 2492 4742 2684 4808; x_wconf 88' lang='lat' dir='ltr'>fratre</span> <span class='ocrx_word' id='word_1_440' title='bbox 2746 4757 2877 4820; x_wconf 90' lang='lat' dir='ltr'>suo,</span> <span class='ocrx_word' id='word_1_441' title='bbox 2938 4741 3189 4809; x_wconf 79' lang='lat' dir='ltr'>domins</span> 
     </span>
    </p>
   </div>
  </div>
 </body>
</html>
