3620 5282
2954 335 3084 402 347

359 496 689 567 Rizardum
779 508 880 573 del
954 509 1115 575 Goto
1200 508 1517 573 dominnm
1605 511 1869 575 Ydronti
1953 510 2152 578 civem
2236 513 2540 592 nostrum,
2633 514 2816 596 prout
2892 513 3086 595 pridie

360 589 613 689 captum
689 592 809 659 fuit
894 597 957 660 10
1032 598 1146 661 hoc
1237 597 1525 670 consilio;
1604 599 1667 662 et
1759 600 2202 682 subsequenter
2293 603 2368 666 ad
2455 601 2785 666 videndum
2877 607 2941 663 et
3019 620 3084 663 se

364 691 441 776 se·
478 678 960 761 informandum,
1009 687 1063 748 si
1110 686 1172 748 in
1230 685 1396 748 dicto
1466 687 1649 766 portu
1712 685 1902 750 Jadre
1960 708 2064 768 per
2109 689 2352 771 aliquos
2405 689 2750 755 Jauneuses
2813 688 2906 751 vel
2970 707 3078 769 per

363 763 517 829 alias
563 787 861 850 personas.
900 776 1261 854 preparatur
1330 774 1592 854 quedam
1665 775 1971 854 spinariza
2035 777 2197 839 itura
2263 777 2340 840 ad
2398 795 2669 852 cursum,
2720 795 2837 858 que
2885 776 3081 839 fertur

367 869 501 951 esse
549 855 610 919 in
649 858 813 924 dicto
852 862 1048 940 portu.
1098 860 1176 924 Et
1222 859 1275 924 si
1325 861 1527 923 dictus
1578 864 1784 924 noster
1832 863 2190 943 capitaneus
2224 866 2563 945 reperietur
2607 865 2697 928 sic
2740 881 2891 939 esse,
2919 863 3087 926 vide-

370 938 547 1040 lic-et,
594 948 755 1027 quod
804 948 938 1028 ipsa
984 948 1286 1029 spinariza
1331 951 1689 1028 preparetur
1735 948 1896 1012 dicta
1949 952 2020 1013 de
2068 969 2274 1028 causa,
2324 952 2545 1016 debeat
2602 971 2746 1016 cum
2795 951 3084 1015 omnibus

370 1025 497 1091 illis
547 1034 751 1112 verbis,
796 1039 858 1098 et
904 1034 1251 1098 rationibus
1295 1035 1555 1099 utilibus
1601 1038 1664 1099 et
1708 1037 1962 1113 dextriS,
2012 1057 2127 1119 que
2177 1058 2282 1102 sue
2344 1040 2644 1120 sapientie
2692 1038 3082 1114 videbuntur,

369 1133 693 1196 procurare
743 1122 907 1204 apud
956 1123 1187 1186 dictam
1235 1123 1744 1187 communitatem
1792 1123 2001 1199 «131110,
2049 1127 2208 1207 quod
2255 1129 2715 1190 armamentum
2760 1128 2825 1189 et
2865 1144 3083 1206 prepa-

369 1207 528 1270 ratio
578 1210 742 1274 dicte
791 1210 1091 1292 spinarize
1134 1229 1257 1274 non
1305 1211 1641 1291 procedant
1685 1212 1904 1276 multis
1952 1213 2485 1294 inconvenientiis,
2549 1233 2664 1295 que
2727 1213 2898 1296 sequi
2945 1230 3086 1295 pos-

365 1298 526 1371 sent,
606 1304 671 1360 et
731 1317 838 1379 pre
905 1299 1149 1373 0010113,
1213 1298 1371 1380 quod
1434 1299 1483 1361 si
1550 1317 1586 1362 a
1641 1299 1916 1379 predicta
1981 1301 2284 1382 spinariza
2331 1302 2555 1384 aliquis
2604 1300 2930 1372 lederetur,
2978 1300 3084 1364 ille

369 1379 520 1446 talis
591 1384 681 1448 sic
745 1386 916 1449 lesus
974 1388 1187 1450 contra
1246 1387 1755 1450 communitatem
1827 1406 2002 1450 suam
2068 1391 2278 1469 posset
2339 1388 2798 1452 rationabiliter
2860 1388 3085 1451 habere

366 1487 746 1553 regressum,
796 1474 1056 1549 attento,
1107 1473 1262 1555 quod
1311 1473 1524 1536 eadem
1566 1472 1874 1553 spinariza
1919 1476 1977 1538 in
2028 1478 2212 1556 portu
2275 1495 2382 1540 suo
2439 1475 2631 1540 Jadre
2678 1475 2896 1538 fuisset
2949 1494 3085 1556 pre-

369 1559 585 1636 parata
632 1562 697 1623 et
739 1562 1000 1632 armata,
1068 1562 1226 1643 quod
1290 1560 1483 1637 nobis,
1543 1562 1657 1623 deo
1722 1565 1915 1637 teste,
1982 1581 2223 1627 summe
2286 1563 2656 1644 displiceret,
2732 1581 2873 1625 nam
2935 1561 3086 1626 totis

367 1646 599 1710 nostris
637 1647 922 1711 sensibus
967 1649 1272 1728 cupimus,
1319 1648 1477 1730 quod
1524 1651 1941 1713 communitas
1989 1650 2099 1714 illa
2145 1653 2397 1732 pacifice
2445 1654 2509 1715 et
2554 1649 2893 1731 tranquille
2920 1650 3086 1713 vivat

367 1735 687 1814 tamquam
736 1735 1032 1799 cordiales
1078 1735 1263 1799 amici
1310 1738 1505 1799 nostri
1554 1736 1847 1812 dominii;
1918 1742 1980 1800 et
2026 1744 2095 1800 ut
2142 1738 2257 1819 ipsi
2309 1758 2424 1802 non
2472 1740 2788 1821 ignorant,
2836 1755 2944 1818 pro
2979 1736 3088 1798 ho-

367 1838 512 1882 nore
558 1824 769 1885 nostro
816 1821 1129 1886 ullatenus
1176 1840 1294 1887 non
1343 1824 1795 1900 tolleraremus,
1847 1825 2007 1906 quod
2054 1825 2115 1889 in
2162 1827 2384 1908 culpho
2433 1828 2643 1890 nostro
2694 1825 2947 1907 aliquod
2982 1842 3088 1888 na-

367 1907 603 1989 vigium
651 1910 933 1991 rapinam
994 1911 1349 1974 comitteret
1421 1929 1524 1991 pro
1595 1913 2058 1976 conservatione
2130 1914 2357 1978 iurium
2429 1917 2776 1977 nostrorum
2848 1913 3085 1975 mariti-

368 2013 629 2072 morum,
674 2016 808 2078 que,
856 1997 1165 2061 altissimo
1211 1997 1602 2074 concedente,
1651 1998 2028 2064 intendimus
2078 2001 2256 2065 illesa
2304 2005 2681 2072 conservare,
2748 2018 2886 2062 011111
2957 1998 3080 2063 11113

367 2088 431 2146 01
474 2081 615 2146 31113
664 2085 866 2148 verbis
909 2086 973 2148 et
1018 2087 1361 2150 rationibus
1408 2088 1568 2168 apud
1617 2086 1850 2152 dictam
1899 2089 2408 2153 communitatem
2457 2094 2520 2153 et
2558 2087 2747 2151 etiam
2796 2107 2937 2151 cum
2973 2105 3083 2168 pa-

369 2172 549 2234 trono
599 2171 791 2252 ipsius
839 2173 1165 2254 spinarize,
1216 2174 1269 2236 si
1316 2173 1370 2236 ei
1422 2172 1751 2251 videbitur,
1800 2194 1942 2238 cum
1993 2177 2124 2240 tota
2170 2177 2302 2240 eius
2351 2176 2659 2240 industria
2693 2174 2904 2238 taliter
2939 2192 3087 2254 pro-

366 2259 652 2335 curando,
706 2260 866 2341 quod
914 2261 1050 2342 ipsa
1097 2261 1401 2342 spinariza
1443 2262 1519 2324 ad
1582 2280 1835 2326 cursum
1907 2281 2026 2326 non
2094 2265 2376 2328 attendat
2439 2283 2632 2348 neque
2696 2264 2881 2325 vadat
2946 2261 3076 2324 ullo

366 2348 567 2423 modo,
620 2349 683 2410 et
728 2349 885 2429 quod
934 2367 1043 2429 per
1085 2349 1280 2429 ipsam
1330 2351 1842 2414 communitatem
1892 2350 2238 2415 non‘detur
2284 2352 2338 2415 ei
2384 2351 2607 2433 aliquis
2655 2348 2830 2413 favor
2877 2349 2952 2413 de
2986 2367 3085 2412 ar·

366 2433 487 2497 mis
534 2453 644 2498 000
687 2432 762 2497 (10
810 2434 950 2499 31113
995 2436 1197 2509 101103,
1250 2438 1321 2499 01
1366 2437 1611 2517 penitus
1657 2438 1734 2500 ad
1783 2438 1893 2501 tali
1941 2440 2255 2520 proposito
2302 2438 2582 2502 desistat.

578 2540 1030 2621 Subsequenter
1073 2540 1297 2604 debeat
1342 2541 1543 2605 dictus
1593 2544 1803 2606 noster
1849 2544 2204 2624 capitaneus
2248 2544 2335 2606 ire
2370 2543 2446 2607 ad
2511 2547 2718 2625 partes
2770 2539 3079 2621 Tragurii,

366 2625 657 2710 regimini
733 2628 898 2692 dicte
970 2629 1132 2694 terre
1210 2648 1506 2710 exponere
1569 2632 1743 2712 parte
1814 2635 2046 2708 nostra,
2110 2631 2267 2713 quod
2332 2652 2438 2713 per
2486 2630 2849 2695 relationem
2902 2627 3077 2693 uobis

364 2715 598 2779 factam
639 2734 748 2798 per
795 2717 1101 2780 notarium
1148 2722 1448 2793 nostrum,
1496 2736 1679 2799 quem
1728 2719 1804 2781 ad
1858 2724 2062 2800 partes
2110 2720 2254 2782 illus
2289 2719 2756 2791 destinavimuS,
2801 2718 2871 2780 ut
2904 2716 3076 2778 nobis

366 2804 877 2884 consignarentur
922 2803 1013 2867 1111
1065 2806 1261 2885 pirate
1301 2805 1604 2869 homicide
1637 2809 1702 2869 et
1749 2807 1975 2882 sicarii,
2011 2808 2115 2889 qui
2151 2808 2522 2870 comiserunt
2545 2806 2721 2870 illam
2757 2803 3076 2868 crudelem

365 2893 706 2956 novitatem
752 2892 968 2955 contra
1013 2890 1293 2956 homines
1339 2892 1673 2956 existentes
1722 2892 1784 2957 in
1833 2893 2060 2958 barcha
2109 2893 2352 2957 Andree
2412 2894 2661 2956 Tencha
2726 2892 2878 2955 civis
2943 2909 3081 2953 nos-

367 2980 469 3052 tri,
515 2999 587 3043 ex
634 2980 862 3060 quibus
910 2980 1029 3043 duo
1077 2978 1327 3043 fuerunt
1372 2980 1698 3056 interfecti,
1748 2983 1812 3043 et
1860 2999 1967 3061 pro
2003 2983 2466 3062 recuperatione
2500 2982 2689 3045 etiam
2723 2997 2932 3042 rerum
2970 2994 3074 3056 per

367 3066 564 3131 dictos
610 3067 863 3131 sicarios
909 3066 984 3129 de
1033 3067 1200 3131 dicta
1243 3072 1453 3131 nostra
1486 3069 1716 3131 barcha
1748 3068 2095 3132 ablatarum
2130 3071 2192 3131 et
2231 3069 2672 3133 conductarum
2701 3065 3074 3147 Tragurium

367 3155 432 3218 in
477 3155 790 3220 mentibus
837 3155 1063 3219 nostris
1110 3155 1427 3219 sunsimus
1476 3155 1896 3219 turbationem
1947 3159 2010 3220 et
2057 3156 2510 3237 displicentiam
2546 3156 2719 3220 valde
2754 3153 3074 3236 grandem,

368 3243 514 3324 quia
559 3243 721 3306 clare
768 3243 1169 3324 cognovimus
1240 3262 1347 3324 per
1394 3244 1751 3306 inhonestos
1814 3243 2029 3307 modos
2086 3262 2190 3324 per
2250 3262 2352 3307 eos
2418 3244 2622 3306 tentos
2686 3243 2749 3305 et
2814 3243 3083 3305 servatos

369 3328 611 3393 tamin
674 3329 1043 3412 receptando
1113 3334 1594 3411 perpetratorem
1665 3331 1836 3394 illius
1900 3349 2203 3406 excessuS,
2270 3350 2457 3414 quam
2506 3332 2566 3394 in
2620 3328 2949 3411 prestando
2995 3328 3082 3390 eis

367 3416 643 3481 favorem
689 3419 756 3480 et
802 3417 1088 3498 precipue
1132 3436 1240 3499 per
1288 3418 1615 3483 Nicolaum
1664 3418 1929 3491 Andree,
1996 3418 2098 3500 qui
2166 3438 2356 3482 unum
2428 3437 2499 3480 ex
2547 3417 2676 3480 illis
2727 3414 3085 3479 malefacto·

368 3505 558 3580 1111113,
607 3505 907 3569 existente
955 3505 1118 3568 dicto
1166 3507 1371 3569 nostro
1426 3506 1663 3568 notario
1707 3506 1768 3569 in
1812 3506 2130 3587 Tragurio,
2180 3506 2242 3568 in
2290 3508 2466 3569 domo
2514 3506 2761 3587 propria
2808 3504 2922 3567 sub
2971 3520 3083 3565 sua

367 3592 748 3673 protectione
790 3593 1060 3667 tenebat,
1110 3595 1179 3655 ut
1225 3591 1424 3656 facere
1471 3612 1712 3673 semper
1759 3595 2098 3671 consuevit,
2149 3593 2315 3675 ipsos
2349 3593 2575 3656 nedum
2609 3592 2798 3655 fuisse
2831 3608 3079 3654 causam

370 3679 541 3743 illius
588 3697 876 3743 excessus
923 3678 1029 3743 sed
1078 3680 1424 3743 ceterorum
1472 3681 1753 3754 3110111111,
1803 3681 1905 3762 (101
1954 3681 2016 3743 10
2061 3681 2342 3762 partibus
2387 3680 2511 3743 illis
2574 3680 3078 3752 comittebantur,

369 3785 512 3831 uam
562 3766 657 3831 illi
705 3766 781 3830 de
830 3765 1133 3831 Dalmisio
1181 3785 1298 3830 non
1345 3767 1643 3831 auderent
1687 3766 1840 3831 talia
1888 3769 2215 3844 attentare,
2263 3770 2379 3832 nisi
2443 3769 2521 3831 ab
2586 3769 2676 3831 eis
2724 3765 3079 3830 subventio-

370 3874 511 3917 nem
559 3858 621 3919 et
667 3854 989 3918 reductum
1041 3854 1355 3927 haberent,
1422 3862 1492 3917 ut
1556 3854 1824 3918 vidimus
1892 3873 2141 3935 operum
2210 3876 2312 3936 per
2375 3856 2683 3919 effectum.
2748 3851 2871 3916 Sed
2937 3851 3080 3934 quia

369 3958 489 4005 non
537 3941 914 4006 intendimus
963 3941 1114 4005 talia
1160 3942 1470 4006 ullatenus
1519 3941 1809 4006 tollerare
1882 3961 1957 4023 po
2020 3943 2244 4006 honore
2306 3945 2531 4018 nostro,
2596 3940 3080 4004 deliberavimus

370 4030 763 4094 serenissimo
808 4030 1055 4093 domino
1101 4031 1232 4110 regi
1283 4030 1558 4111 predicta
1590 4031 1679 4092 sic
1714 4029 2158 4093 honorabiliter
2191 4031 2521 4094 commissa
2553 4035 2615 4092 01
2651 4048 2753 4109 per
2787 4046 2936 4109 quos
2973 4046 3081 4090 sue

369 4118 682 4181 maiestati
729 4118 1040 4196 denotare,
1091 4133 1208 4180 non
1255 4116 1628 4192 dubitanteS,
1677 4117 1837 4198 quod
1887 4119 2205 4199 tamquam
2255 4118 2634 4181 iustissimus
2671 4118 2953 4197 princeps
2979 4133 3081 4177 su-

371 4204 623 4286 perinde
671 4206 999 4268 salubriter
1048 4204 1425 4285 providebit;
1479 4205 1749 4286 rogando
1795 4204 2230 4268 nichilominus
2273 4223 2395 4280 003,
2446 4206 2603 4286 quod
2640 4204 2780 4267 illos
2816 4201 3082 4265 nefarios

373 4292 648 4357 homines
714 4293 878 4356 dicto
926 4298 1135 4355 nostro
1212 4294 1534 4373 capitaneo
1603 4292 1988 4371 consignent,
2060 4294 2124 4355 et
2187 4293 2342 4375 quod
2414 4292 2646 4355 faciant
2713 4290 3079 4371 condignam

375 4381 692 4443 emendam
740 4382 805 4444 et
852 4379 1305 4444 satisfationem
1357 4396 1589 4456 eornm,
1635 4399 1751 4460 que
1784 4380 1998 4443 3111313
2029 4378 2278 4443 fuerunt
2310 4381 2381 4443 de
2420 4381 2584 4442 dicta
2618 4383 2828 4442 nostra
2859 4377 3084 4441 11310113

373 4466 547 4529 iuxta
594 4466 1037 4530 continentiam
1085 4468 1443 4531 damnorum
1494 4465 1930 4547 predictorum,
1977 4468 2094 4547 que
2140 4467 2203 4530 in
2252 4468 2502 4549 scriptis
2536 4466 2758 4530 dentur
2809 4465 3081 4546 predicto

371 4557 583 4617 nostro
622 4555 937 4634 capitaneo
983 4573 1090 4635 pro
1137 4572 1250 4617 sua
1294 4553 1758 4629 informatione3
1808 4554 2115 4618 reddendo
2160 4556 2350 4618 etiam
2412 4572 2511 4617 eos
2577 4553 2869 4634 111ον1303,
2918 4551 3077 4632 quod

374 4639 495 4703 sibi
541 4646 800 4704 caveant
849 4641 925 4704 de
969 4642 1175 4706 cetero
1223 4640 1495 4722 aliquam
1542 4642 2009 4705 subventionem
2064 4641 2313 4722 prebere
2347 4641 2641 4723 predictis
2675 4641 2748 4704 de
2780 4639 3081 4703 Dalmisio

375 4745 488 4792 nec
531 4727 736 4805 alicui,
775 4728 900 4793 alia
946 4728 1100 4793 talia
1145 4727 1247 4793 vel
1293 4728 1526 4793 similia
1572 4728 2017 4804 committenti,
2067 4746 2207 4792 nam
2246 4746 2355 4814 pro
2382 4730 2551 4792 certo
2593 4729 2681 4791 eis
2729 4744 2847 4792 non
2896 4724 3076 4792 tolle-
