3620 5282
433 347 520 414 94

435 524 673 587 catores
721 519 1087 602 navigantes
1136 537 1240 600 per
1285 535 1455 583 mare
1503 517 1630 584 ullo
1683 518 1881 595 modo,
1949 516 2215 582 faciente
2276 519 2411 601 ipso
2471 517 2629 583 Jura
2690 517 2898 584 venire
2952 535 2991 583 a
3054 516 3168 582 do·

434 611 603 674 mino
649 608 1022 690 imperatore
1069 608 1253 671 Raxie
1298 605 1561 682 litterae,
1609 624 1717 687 per
1762 623 1916 687 quas
1963 607 2352 670 contentetur
2396 604 2472 669 de
2509 606 2622 670 hoc
2671 605 2774 684 24,
2824 605 2927 669 23.

646 693 760 759 Ser
805 694 1038 758 Paulus
1085 692 1338 772 Quirino
1385 692 1791 769 consiliariuS,
1842 710 1938 758 ser
1985 690 2267 758 Andreas
2314 692 2576 757 Venerio
2609 693 2873 775 sapiens.
2926 690 3124 775 Capta
3147 714 3173 769 ε,

437 802 578 848 cum
628 782 967 846 habeamus
1019 785 1200 863 pacta
1262 799 1403 844 cum
1449 780 1697 844 domino
1745 799 1889 862 rege
1929 780 2122 845 Raxie
2168 780 2244 845 de
2292 798 2412 845 non
2459 779 2720 846 favendo
2784 779 2992 858 alicui,
3056 780 3163 862 qui

437 870 630 937 vellet
676 887 922 934 movere
985 868 1323 932 novitatem
1385 867 1483 932 vel
1543 880 1832 949 guerram
1894 871 2110 931 contra
2164 886 2326 945 eum,
2390 870 2456 932 et
2515 868 2646 949 ipse
2713 866 2997 932 dominus
3058 886 3164 930 rex

436 958 610 1022 nobis
657 955 994 1037 scripserit,
1038 955 1195 1037 quod
1243 954 1445 1019 dictus
1480 953 1635 1020 Jura
1680 957 1778 1019 est
1822 972 1969 1018 suus
2016 954 2287 1032 rebellia,
2322 955 2386 1018 et
2416 954 2575 1036 quod
2610 958 2931 1037 propterea
2962 953 3160 1018 eidem

435 1048 551 1109 non
605 1049 819 1107 demus
864 1043 1159 1107 auxilium
1208 1061 1320 1107 nec
1365 1041 1674 1122 favorem3
1725 1042 1895 1106 vadit
1941 1059 2100 1122 pars,
2164 1041 2326 1123 quod
2373 1041 2818 1124 respondeatur
2869 1042 3163 1106 ambaxa-

437 1131 553 1196 tori
621 1131 804 1195 istius
870 1129 1039 1209 Jure,
1101 1130 1260 1211 quod
1320 1127 1510 1193 faciat
1562 1129 1763 1211 primo
1823 1130 2031 1193 venire
2087 1129 2331 1193 litteras
2393 1148 2429 1193 a
2489 1128 2653 1194 dicto
2698 1128 2946 1193 domino
2992 1145 3158 1211 rege,

439 1218 598 1302 quod
648 1219 733 1283 sit
775 1221 1121 1296 contentus,
1166 1216 1325 1299 quod
1374 1216 1505 1299 ipse
1549 1216 1706 1280 Jura
1751 1216 1950 1297 possit
1989 1234 2250 1294 armare,
2314 1217 2379 1280 et
2435 1218 2650 1298 postea
2709 1216 2828 1280 sibi
2875 1215 3163 1279 dabimus

439 1306 897 1388 responsionem
948 1305 1291 1388 superinde,
1341 1322 1448 1386 pro
1495 1306 1565 1368 ut
1611 1304 1787 1368 nobis
1831 1303 2064 1367 iustum
2093 1303 2420 1368 videbitur.
2470 1303 2575 1384 31,
2624 1304 2728 1384 36,
2778 1322 2891 1367 non
2937 1303 2996 1382 8,
3044 1321 3163 1367 non

440 1393 658 1457 sinceri
711 1392 771 1469 7,
828 1395 923 1456 16.

525 1484 706 1542 Misti
750 1479 1018 1541 XXXII
1069 1483 1211 1551 140,
1258 1498 1299 1539 u
1343 1480 1499 1542 mlet.
1549 1480 1784 1539 arkivu.

684 1650 1142 1734 CLXVIII.
1208 1650 1412 1732 God.
1468 1650 1696 1734 1368.
1753 1651 1858 1733 29
1918 1650 2365 1753 kolovoza‚
2418 1675 2477 1734 u
2531 1651 2920 1734 Mletcih.

574 1797 864 1871 Neprima
909 1813 986 1865 se,
1034 1796 1115 1853 da
1159 1811 1224 1853 se
1267 1795 1483 1874 odyodi
1526 1795 1777 1869 ries‘enje
1823 1795 2218 1854 dubrovackih
2263 1797 2455 1854 alvari
2498 1814 2581 1854 na
2626 1796 2745 1855 dva
2786 1797 3050 1856 mie-seca.

655 1915 822 1980 1368
871 1914 1201 1979 indictione
1244 1914 1384 1992 Vll,
1435 1915 1533 1979 die
1581 1914 1664 1977 29
1736 1914 2009 1998 augusti.
2073 1913 2397 1993 Dominae,
2457 1935 2556 1981 ser
2617 1915 2893 1980 Andreas
2938 1915 3166 1979 Laure-

438 2004 618 2083 dano,
665 2023 764 2069 ser
810 2003 1043 2067 Paulus
1069 2002 1341 2079 Quirine,
1390 2001 1751 2080 consiliarii;
1801 2022 1900 2066 ser
1938 2001 2240 2084 Mapheus
2275 2002 2574 2081 Civran03
2621 2022 2721 2067 ser
2758 2004 2879 2067 Leo
2910 2002 3163 2080 Bembo,

441 2111 539 2157 ser
584 2090 864 2156 Andreas
914 2090 1191 2164 Venerio,
1241 2088 1584 2170 sapientes;
1632 2110 1730 2154 ser
1777 2090 2026 2154 Marcus
2072 2089 2316 2154 Barixa.
2367 2089 2543 2169 Quod
2605 2089 2909 2155 terminus
2951 2090 3168 2172 Ragn-

441 2198 707 2249 seorum‚
752 2176 855 2260 qni
900 2178 1141 2258 expirat
1180 2176 1377 2255 hodie,
1426 2182 1791 2260 prorogetur
1839 2195 2045 2259 usque>
2079 2179 2228 2242 duos
2276 2197 2519 2244 menses
2551 2179 2873 2263 proximos.
2917 2175 3021 2256 39,
3056 2176 3165 2240 37.

442 2264 638 2347 Capta
684 2266 757 2329 de
804 2281 922 2329 non
962 2266 1068 2340 41,
1117 2264 1223 2341 48,
1273 2282 1389 2330 non
1436 2265 1656 2330 sinceri
1707 2265 1764 2344 7,
1814 2265 1876 2329 3.

529 2356 707 2414 Mistc'
758 2351 1032 2413 XXXII
1073 2357 1174 2424 47,
1216 2372 1257 2413 u
1303 2356 1458 2416 mlet.
1502 2356 1733 2415 arkivu.

794 2525 1173 2605 CLXIX.
1231 2523 1437 2607 God.
1492 2524 1720 2608 1369.
1776 2526 1866 2607 17
1918 2527 2259 2627 oiujka‚
2309 2550 2368 2609 u
2425 2527 2813 2610 Mleteih.

456 2669 724 2744 Upueuje
768 2685 830 2728 se
872 2668 1171 2741 pomorski
1214 2669 1495 2741 kapetan,
1544 2670 1698 2755 nelca
1742 2670 1894 2729 dade
1938 2672 2169 2745 εαὶρατί
2228 2673 2471 2732 brodove
2530 2671 2872 2731 naoruiane
2921 2670 3175 2747 Gjorqja

761 2779 770 2786 -
1112 2755 1380 2828 Balsica,
1427 2758 1538 2815 ako
1584 2757 1838 2830 innadje,
1884 2758 1965 2817 da
1997 2776 2082 2831 po
2127 2777 2295 2819 meru
2331 2762 2484 2820 robe.

657 2875 828 2941 1369
902 2875 1233 2940 indictione
1285 2875 1417 2951 VII,
1467 2875 1563 2939 die
1610 2875 1856 2941 XVIIII
1902 2878 2133 2942 martii.
2183 2877 2503 2958 Sapientes
2572 2877 2873 2941 ordinum.
2938 2877 3164 2961 Capta:

447 2982 585 3029 cum
634 2982 741 3046 per
792 2983 893 3028 ser
941 2962 1203 3028 Paulum
1251 2961 1505 3041 Quirino
1561 2964 1626 3025 et
1670 2982 1769 3026 ser
1830 2964 2230 3029 Franciscum
2276 2965 2498 3028 Ruzini
2564 2984 2638 3030 ac
2700 2964 2858 3029 alios
2926 2969 3169 3030 nostros

450 3055 821 3117 mercatores
870 3050 1131 3128 dicatur,
1180 3050 1337 3131 quod
1394 3069 1500 3131 per
1545 3049 1765 3115 Juram
1830 3050 1906 3114 de
1969 3052 2189 3116 Balsce
2250 3055 2569 3115 armantur
2629 3051 2691 3114 in
2757 3050 2949 3128 Buda,
3012 3052 3171 3116 Dul-

448 3140 629 3222 eigno
676 3140 740 3202 et
784 3137 987 3201 Tivari
1035 3137 1239 3219 aliqua
1286 3137 1456 3219 ligna
1503 3142 1566 3200 et
1609 3137 1857 3215 barche,
1924 3156 2065 3202 cum
2107 3138 2327 3220 quibus
2391 3138 2863 3203 damnificantur
2927 3140 3172 3222 navigia

449 3228 660 3290 euntia
709 3244 813 3307 per
859 3242 1051 3300 mare,
1100 3230 1164 3288 et
1210 3224 1435 3288 bonum
1483 3226 1567 3286 sit
1612 3242 1795 3305 super
1840 3226 1952 3289 hoc
1999 3245 2106 3307 pro
2152 3226 2306 3291 bono
2354 3228 2418 3289 et
2464 3228 2793 3291 securitate
2823 3228 3169 3291 nostrorum

451 3316 862 3377 mercatorum
912 3315 975 3376 et
1019 3311 1404 3392 navigiorum
1436 3311 1783 3391 providere3
1835 3312 2003 3376 vadit
2047 3331 2207 3394 para,
2257 3313 2415 3395 quod
2461 3315 2824 3378 comittatur
2855 3314 3169 3395 capitaneo

450 3400 619 3473 culfi,
662 3398 819 3481 quod
869 3397 929 3461 in
978 3400 1080 3463 via
1124 3416 1235 3462 sua
1279 3398 1500 3461 debeat
1561 3415 1628 3462 se
1684 3403 2037 3479 presentare
2082 3401 2315 3476 Budue,
2366 3399 2670 3483 Dulcigno
2716 3403 2779 3464 et
2815 3400 3045 3478 Tivari,
3107 3404 3171 3465 et
3220 3437 3257 3452 κ

450 3505 518 3551 se
566 3487 810 3550 nomine
856 3488 1066 3551 nostro
1111 3503 1444 3567 aggravare
1491 3484 1567 3547 de
1616 3488 2000 3550 armamento
2046 3486 2350 3551 dictorum
2387 3487 2697 3569 lignorum
2743 3490 2807 3552 et
2850 3488 3171 3552 barcarum

450 3592 590 3638 cum
642 3573 770 3637 illis
817 3574 1019 3637 verbis
1065 3575 1129 3635 et
1192 3573 1396 3646 miuiS,
1454 3590 1569 3654 que
1631 3572 1751 3636 sibi
1821 3575 2240 3639 convenientia
2308 3575 2695 3656 videbuntur,
2768 3574 3171 3655 precipiendo,

450 3660 611 3743 quod
657 3659 734 3724 de
779 3662 982 3724 cetero
1043 3659 1104 3722 in
1168 3659 1349 3723 dictis
1393 3658 1547 3723 locis
1594 3678 1712 3723 non
1760 3664 2034 3724 armetur
2096 3661 2173 3726 ad
2217 3662 2511 3726 damnum
2571 3661 2854 3739 alicuius,
2901 3661 3173 3743 alioquin

450 3750 525 3813 de
571 3748 723 3830 ipsis
761 3746 1062 3810 faciemus
1107 3745 1270 3809 sicut
1309 3745 1384 3809 de
1428 3747 1692 3827 publicis
1739 3746 2046 3811 cursariis.
2091 3748 2175 3812 Et
2220 3766 2293 3812 ex
2362 3767 2524 3812 nunc
2584 3748 2948 3813 comittatur
3007 3749 3174 3814 dicto

450 3836 789 3918 capitaneo,
838 3835 997 3915 quod
1040 3832 1101 3896 in
1148 3850 1293 3897 casu
1342 3850 1461 3914 quo
1516 3832 1791 3898 inveniat
1850 3834 2057 3916 aliqua
2116 3835 2367 3919 navigia
2427 3836 2526 3901 vel
2574 3836 2835 3901 barchae
2896 3837 3172 3901 armatas

451 3924 515 3988 in
561 3923 745 3986 dictis
787 3920 959 3996 lociS,
1009 3939 1127 4002 que
1173 3919 1676 3984 damnificassent
1723 3920 1968 4004 navigio
2011 3923 2107 3986 vel
2157 3924 2526 3987 mercatores
2571 3924 2836 4000 nostroe,
2890 3923 3176 3989 observet

451 4011 716 4075 formam
763 4025 870 4073 sue
917 4007 1403 4080 commissionis;
1454 4008 1505 4071 si
1539 4026 1680 4072 vero
1724 4010 1991 4072 nondum
2039 4009 2542 4074 damnificassent
2586 4012 2830 4092 navigia
2880 4010 2978 4074 vel
3012 4030 3176 4075 mer-

451 4100 688 4163 catores
737 4100 996 4171 nostros,
1049 4098 1114 4159 et
1158 4096 1470 4158 constaret
1515 4096 1630 4158 sibi
1674 4094 2015 4175 capitaneo,
2063 4096 2221 4178 quod
2269 4097 2469 4162 forent
2514 4098 2575 4161 iu
2623 4102 2765 4161 actu
2828 4115 2938 4179 pro
2997 4097 3175 4163 dam·

452 4183 754 4249 nificando
800 4183 1092 4263 aliquem,
1144 4185 1289 4244 tunc
1336 4181 1716 4245 intromittat
1762 4181 1896 4263 ipsa
1942 4183 2190 4266 navigia
2260 4188 2321 4247 et
2383 4185 2599 4249 barcas
2660 4190 2954 4262 armatas,
3023 4202 3175 4266 quas

452 4270 726 4334 comburi
775 4268 982 4344 faciat,
1027 4271 1091 4333 et
1134 4269 1418 4332 homines
1465 4268 1738 4349 ipsarum
1809 4270 2178 4334 barcharum
2240 4273 2304 4335 et
2361 4271 2748 4355 navigiorum
2809 4272 2980 4337 abire
3040 4290 3179 4354 per·

455 4358 688 4423 mittat.
748 4356 1001 4420 dicendo
1046 4354 1153 4434 eiS,
1202 4356 1378 4436 quod,
1428 4354 1479 4417 si
1528 4355 1799 4438 amplius
1848 4356 2095 4421 venient
2141 4359 2202 4421 in
2252 4360 2538 4423 manibus
2585 4360 2834 4437 nostris,
2882 4358 3179 4424 faciemus

455 4445 529 4507 de
589 4442 743 4525 ipsis
805 4444 968 4508 sicut
1027 4445 1101 4506 de
1152 4442 1477 4518 cursariis,
1539 4444 1815 4508 habendo
1883 4444 2321 4509 nichilominus
2366 4445 2601 4511 dictum
2650 4447 3038 4527 capitaneum
3086 4464 3183 4509 re·

454 4532 731 4610 spectum
797 4530 857 4593 in
903 4531 1069 4594 omni
1118 4547 1262 4594 casu
1311 4528 1387 4593 ad
1434 4531 1827 4594 securitatem
1874 4532 2192 4612 galearum
2241 4533 2306 4595 et
2368 4534 2571 4612 gentis
2631 4535 2841 4598 nostre
2899 4533 3018 4597 sibi
3079 4549 3182 4597 co·

456 4618 666 4679 misse.
712 4616 802 4678 De
849 4621 1022 4697 parte
1068 4617 1195 4689 alii,
1244 4615 1320 4681 de
1367 4635 1484 4681 non
1530 4635 1583 4695 o,
1634 4635 1751 4683 non
1799 4617 2021 4682 sinceri
2070 4619 2130 4682 3.
2181 4618 2426 4702 Scripta
2470 4621 2805 4703 capitaneo.

542 4703 762 4767 Senato
804 4707 966 4765 misti
1015 4705 1325 4765 XXXIII
1374 4708 1475 4785 12,
1523 4724 1566 4767 u
1611 4707 1765 4769 mlet.
1817 4708 2050 4769 arkivu.
