3620 5282
483 328 600 391 138

335 539 386 583 γ
471 507 738 657 giunturt
775 506 1005 656 dgigarii
1059 526 1164 588 pro
1212 509 1490 590 expensis
1530 509 1832 574 factorum
1887 509 2229 576 Sclavenie.
2278 509 2413 573 Non
2463 510 2682 573 sinceri
2735 510 2791 586 ·2,
2842 510 2916 572 de
2965 529 3080 573 non
3134 510 3192 572 7.

512 614 543 655 e
641 613 707 655 ar
910 644 923 656 .

558 613 918 742 AEistieXX
931 686 991 745 V.
1044 688 1146 756 31,
1193 706 1231 744 u
1279 689 1612 748 mletadlcom
1662 691 1893 747 arkivu.

868 876 1234 959 CCVIII.
1287 878 1492 971 God.
1547 879 1780 960 1349.
1841 879 1888 961 5
1946 881 2273 980 srpnjn,
2329 902 2385 959 11
2445 879 2835 959 Mletcili.

997 1006 1289 1077 Naputak
1326 1024 1398 1064 za
1437 1007 1752 1078 poslam'ke
1799 1005 1968 1063 -ἱᾱιιόε
2012 1007 2050 1063 k
2094 1006 2422 1080 παπ-111111.
2462 1006 2687 1077 lca-alja.

693 1123 874 1187 1349.
924 1124 1021 1189 die
1067 1126 1120 1187 V
1167 1125 1320 1202 iulii,
1371 1129 1585 1205 capta:
1635 1125 1793 1207 quod
1862 1125 1922 1187 in
1980 1125 2227 1189 nomine
2275 1124 2506 1188 domini
2552 1123 2705 1188 Jesu
2754 1123 2985 1188 Christi
3034 1143 3201 1188 com-

472 1211 762 1275 mittatur
811 1214 1040 1276 nostris
1081 1214 1581 1277 ambaxatoribus
1640 1214 1818 1276 ituris
1866 1215 1939 1277 ad
1988 1213 2308 1275 dominnm
2379 1232 2587 1294 regem
2640 1213 2985 1293 Hungarie,
3039 1211 3197 1294 quod

473 1299 532 1361 in
589 1300 744 1363 bona
790 1301 993 1382 gratia
1042 1301 1269 1363 vadant
1331 1303 1406 1363 ad
1458 1302 1837 1383 presenciam
1907 1321 2013 1364 sue
2063 1301 2464 1377 excellencie,
2515 1305 2578 1364 et
2625 1300 2823 1363 eidem
2872 1300 3202 1363 salutacio-

477 1406 613 1449 nem
660 1388 1078 1451 honorabilem
1132 1391 1193 1451 et
1238 1389 1552 1452 decentem
1604 1390 1850 1463 faciant,
1903 1392 2084 1470 prout
2130 1389 2450 1451 convenire
2501 1389 2796 1451 videbunt
2829 1406 2935 1468 pro
2971 1388 3199 1451 honore

480 1477 543 1538 et
590 1476 938 1539 reverencia
984 1495 1088 1538 sue.
1141 1478 1482 1540 maiestatis
1546 1481 1608 1540 et
1671 1481 1916 1551 nostro,
1966 1496 2085 1557 qua
2131 1477 2506 1539 salutacione
2571 1494 2708 1538 cum
2759 1475 2926 1538 omni
2972 1476 3197 1539 honore

477 1569 541 1625 et
586 1563 933 1626 reverencia
981 1567 1044 1627 et
1091 1565 1270 1627 modo
1319 1565 1559 1628 decenti
1607 1565 1789 1640 facta,
1843 1567 2161 1645 exponant,
2213 1564 2372 1645 quod
2422 1582 2528 1645 pro
2572 1583 2659 1641 e0,
2707 1563 2865 1645 quod
2914 1583 3022 1627 sue
3069 1580 3204 1626 ma-

476 1650 688 1713 iestati
737 1651 972 1732 placuit
1018 1670 1128 1715 nos
1179 1672 1282 1732 per
1329 1672 1436 1716 sua
1483 1653 1724 1715 litteras
1776 1654 2084 1734 requirere
2133 1651 2206 1714 de
2256 1653 2466 1715 nostra
2513 1652 2849 1714 ambaxata
2900 1650 3202 1714 mittenda

476 1755 586 1818 pro
635 1758 782 1819 pace
831 1743 1125 1820 perpetua
1176 1743 1236 1802 et
1282 1742 1604 1803 concordia
1650 1741 1967 1804 tractanda
2017 1742 2081 1803 et
2127 1739 2545 1802 confirmanda
2594 1740 2755 1802 inter
2802 1758 2980 1801 suam
3027 1757 3195 1801 sere·

472 1827 727 1888 nitatem
781 1828 843 1889 et
888 1845 1017 1901 1106,
1070 1847 1176 1889 1106
1225 1829 1638 1891 desiderantes
1684 1833 1746 1890 et
1794 1830 1893 1909 qui
1945 1827 2361 1889 desideramus
2410 1826 2563 1889 illud
2622 1826 2848 1901 aldem,
2902 1825 3192 1889 videlicet

472 1912 633 1993 quod
681 1933 793 1994 pax
835 1918 1126 1997 perpetua
1179 1919 1241 1978 et
1290 1916 1608 1979 concordia
1666 1915 2017 1978 firmaretur
2079 1914 2238 1976 inter
2302 1917 2540 1992 partes,
2592 1917 2654 1976 et
2702 1915 2902 1977 vivere
2952 1932 3195 1993 semper

471 2020 606 2063 cum
655 2021 768 2065 sua
814 2003 984 2082 regia
1033 2003 1358 2066 maiestate
1407 2004 1470 2065 in
1515 2007 1683 2066 statu
1734 2003 1986 2084 pacifico
2035 2005 2096 2064 et
2142 2002 2363 2082 quieto,
2414 2005 2595 2083 prout
2641 2021 2881 2083 semper
2928 2001 3197 2064 viximus

471 2106 608 2150 cum
678 2090 1025 2152 illustribus
1090 2092 1465 2171 principibus
1528 2089 1844 2156 (1011111116.
1884 2090 2514 2171 ..predecessoribus
2577 2089 2736 2164 suis,
2803 2093 2865 2151 et
2930 2088 3193 2152 maxime

470 2195 609 2242 cum
656 2177 807 2240 bone
857 2180 1150 2240 memorie
1197 2179 1443 2241 domino
1511 2182 1683 2259 patre
1732 2198 1879 2252 suo,
1949 2177 2421 2241 deliberavimus
2491 2178 2659 2240 iuxta
2721 2175 3186 2258 requisicionem

471 2271 719 2329 suarum
768 2266 1184 2346 predictarum
1232 2266 1579 2329 litterarum
1631 2266 2011 2347 complacere
2065 2284 2172 2328 sue
2220 2266 2385 2347 regie
2422 2265 2754 2342 maiestati,
2805 2266 2988 2345 prout
3026 2282 3192 2326 66111-

470 2370 579 2433 per
626 2352 906 2433 dispositi
956 2353 1186 2416 fuimus
1233 2354 1629 2434 complacere,
1681 2353 1964 2416 videlicet
2010 2353 2071 2416 in
2122 2353 2426 2416 mittendo
2476 2354 2640 2434 ipsos
2686 2353 2748 2415 in
2784 2357 3024 2415 nostros
3059 2370 3194 2414 am-

473 2440 797 2504 baxatores
845 2443 918 2503 ad
946 2442 1330 2522 presenciam
1361 2460 1467 2505 sue
1494 2442 1843 2504 maiestatis
1872 2442 2162 2522 predicte,
2189 2442 2259 2503 ut
2306 2442 2606 2504 tractatus
2656 2440 2843 2523 pacis,
2882 2438 3199 2503 concordie

470 2530 533 2590 et
578 2528 805 2591 amoris
851 2529 1130 2610 perpetui
1181 2530 1446 2592 ordinari
1494 2530 1740 2592 valeant
1787 2533 1850 2592 et
1896 2528 2151 2605 firmari,
2202 2528 2265 2591 et
2310 2528 2473 2611 quod
2523 2530 2595 2592 ad
2647 2527 3099 2607 beneplacitum
3132 2527 3199 2589 et

473 2615 627 2679 velle
676 2634 783 2681 sue
831 2616 1199 2681 excellencie
1247 2617 1555 2681 antedicto
1600 2636 1664 2680 se
1710 2616 2005 2681 offerrant
2071 2619 2311 2698 paratos
2380 2635 2513 2680 esse
2560 2617 2636 2680 ad
2684 2617 2989 2680 tractatus
3057 2632 3196 2678 cum

469 2722 579 2766 sua
628 2705 989 2777 maiestate;
1026 2724 1164 2767 cum
1217 2706 1336 2768 hiis
1385 2708 1448 2769 et
1494 2706 1637 2768 aliis
1684 2705 1907 2782 verbis,
1953 2723 2067 2786 que
2115 2706 2275 2768 circa
2324 2705 2437 2768 hoc
2484 2704 2571 2768 eis
2618 2703 3044 2767 convenientia
3083 2721 3192 2783 ap-

470 2793 812 2873 parebunt3
862 2794 1080 2874 quibus
1125 2793 1329 2868 dictis,
1377 2794 1636 2856 ulterius
1688 2811 1801 2857 non
1855 2793 2218 2874 procedant,
2266 2793 2374 2856 sed
2423 2792 2679 2856 audiant
2739 2791 3197 2873 responsionem

468 2878 703 2942 domini
753 2882 915 2962 regis
962 2881 1237 2963 predicti,
1301 2901 1481 2963 quam
1531 2882 1692 2945 circa
1737 2881 1848 2945 hoc
1914 2881 2000 2943 eis
2063 2880 2306 2944 duxerit
2367 2880 2750 2956 faciendum,
2816 2879 2944 2942 sive
3006 2896 3190 2960 quam

468 2967 600 3031 fieri
649 2969 869 3044 saciet,
921 2971 994 3032 ad
1042 2988 1223 3049 quam
1288 2973 1501 3050 postea
1564 2971 1968 3051 respondeant
2028 2972 2210 3049 prout
2270 2987 2479 3031 eorum
2545 2967 2867 3050 prudencie
2928 2985 3038 3048 pro
3087 2966 3196 3029 ho·

471 3073 615 3119 nore
657 3059 865 3120 nostro
908 3059 968 3119 et
1017 3057 1170 3120 bono
1218 3057 1589 3139 agendorum
1641 3057 1950 3120 videbitur
1997 3055 2297 3137 expedire.

363 3222 366 3225 Α
681 3144 912 3225 Capta:
964 3144 1012 3206 si
1064 3149 1266 3208 autem
1318 3145 1601 3207 dominus
1649 3164 1754 3208 rex
1803 3145 2052 3219 diceret,
2102 3144 2259 3224 quod
2309 3145 2574 3225 quatuor
2611 3142 2894 3207 civitates
2944 3138 3199 3204 Dalma-

469 3230 579 3308 cie,
630 3249 781 3311 quas
831 3234 1130 3308 tenemuS,
1179 3231 1417 3294 scilicet
1466 3231 1809 3312 Spalatum,
1860 3231 2249 3313 Tragurium,
2295 3230 2646 3295 Sibenicum
2696 3234 2759 3293 et
2807 3228 3002 3305 Nona,
3052 3229 3197 3290 sunt

468 3335 593 3393 sue,
644 3318 849 3382 dicant
895 3320 1316 3403 ambaxatores
1363 3321 1573 3393 nostri,
1622 3320 1779 3400 quod
1832 3320 1953 3382 iam
2005 3319 2200 3381 multo
2249 3328 2518 3401 tempore
2582 3318 2786 3398 elapso
2849 3315 3194 3379 invenimus

466 3404 638 3487 ipsas
688 3406 746 3468 in
799 3406 1061 3469 maxima
1110 3406 1492 3470 desolacione
1543 3409 1604 3469 et
1652 3406 1917 3488 pessimo
1962 3409 2126 3470 statu
2172 3408 2418 3488 propter
2463 3406 2783 3469 continuas
2817 3403 3193 3467 incursiones

367 3502 377 3517 '
473 3495 547 3556 et·
584 3494 1030 3570 derobacioneS,
1078 3514 1191 3576 que
1254 3494 1371 3557 sibi
1421 3495 1651 3559 fiebant
1712 3514 1748 3559 a
1796 3495 2032 3560 Sclavis
2093 3498 2157 3557 et
2218 3494 2389 3570 aliie,
2440 3498 2503 3558 et
2570 3493 2660 3557 sic
2705 3493 2837 3574 ipse
2884 3491 2959 3554 de
3010 3490 3192 3573 plena

467 3580 759 3645 libertate
807 3578 870 3645 et
916 3583 1229 3646 voluntate
1296 3601 1360 3646 se
1423 3583 1639 3664 sponte
1703 3585 1913 3647 nostro
1974 3582 2244 3646 dominio
2303 3582 2740 3645 submiserunt.
2812 3578 2941 3642 Nos
3002 3577 3193 3642 etiam

468 3670 875 3745 attendentes,
925 3670 1082 3752 quod
1146 3670 1573 3752 antiquissimo
1636 3675 1912 3752 tempore
1974 3670 2435 3751 predecessores
2496 3668 2691 3732 nostri
2747 3667 3086 3731 dominium
3133 3667 3195 3730 et

468 3755 721 3820 titulum
771 3757 1118 3821 habuerunt
1163 3760 1222 3822 in
1271 3758 1418 3835 illis,
1469 3760 1851 3841 possedimus
1899 3775 2001 3821 eas
2035 3757 2284 3839 pacifice
2332 3760 2396 3821 et
2441 3757 2665 3838 quiete,
2717 3756 3004 3838 ipsasque
3051 3772 3194 3819 con-

466 3846 849 3908 servavimus
897 3848 958 3908 et
995 3865 1422 3910 conservamus
1464 3864 1602 3910 cum
1652 3845 1897 3927 magnis
1945 3845 2224 3926 expensis
2271 3844 2334 3908 in
2373 3846 2750 3927 protectione
2797 3847 3007 3906 nostra
3054 3862 3195 3907 cum

466 3951 690 4015 magno
740 3934 893 3998 bono
932 3936 993 3996 et
1040 3936 1371 4017 augmento
1415 3935 1615 3997 status
1677 3951 1923 4009 earum,
1987 3936 2049 3996 et
2098 3932 2547 4013 predecessores
2614 3933 2706 3995 sui
2754 3935 2817 3996 et
2859 3931 3013 3994 bone
3060 3949 3190 3994 me-

466 4021 654 4085 morie
703 4022 958 4084 condam
1009 4021 1293 4085 dominus
1336 4021 1578 4103 genitor
1623 4040 1770 4083 suus
1816 4039 2123 4100 nunquam
2159 4021 2231 4082 de
2279 4021 2367 4084 eis
2398 4021 2573 4084 nobis
2606 4018 2838 4102 aliquid
2884 4018 3189 4095 dixerunt,

465 4107 572 4171 sed
620 4128 862 4191 semper
910 4109 1226 4174 nobiscum
1274 4107 1681 4172 amicabiliter
1729 4108 2042 4185 vixerunt3
2088 4108 2244 4171 unde
2280 4126 2586 4191 rogamuS,
2635 4108 2708 4171 ut
2737 4126 2842 4170 sue
2877 4105 3190 4170 maiestati

466 4195 707 4277 placeat
756 4215 923 4259 more
992 4214 1238 4260 suorum
1288 4196 1746 4278 progenitorum
1809 4195 2207 4277 pertransire.
2276 4196 2411 4260 Non
2475 4195 2696 4260 sinceri
2743 4194 2804 4271 Ο,
2853 4192 2927 4257 (16
2963 4212 3081 4257 11011
3140 4197 3190 4269 1,

464 4282 570 4346 alii
617 4282 692 4345 de
741 4286 931 4357 parte.

675 4367 909 4451 Capta:
957 4370 1008 4434 si
1055 4373 1262 4435 autem
1310 4370 1595 4435 dominus
1642 4390 1748 4435 rex
1795 4373 2218 4453 perseveraret
2253 4371 2314 4434 in
2347 4370 2619 4446 dicendo,
2668 4369 2824 4452 quod
2862 4369 2956 4433 ius
3001 4368 3191 4432 habet

464 4455 526 4518 in
575 4456 931 4522 civitatibus
979 4459 1317 4534 Dalmacie,
1368 4474 1522 4541 quas
1565 4462 1881 4534 tenemuS,
1933 4461 1997 4523 et
2043 4459 2200 4541 quod
2260 4460 2652 4523 contentatur
2700 4458 2773 4520 de
2821 4455 3042 4519 stando
3089 4473 3190 4518 co-

464 4542 733 4626 gnicioni
782 4549 844 4608 et
889 4545 1113 4609 iudicio
1164 4546 1510 4627 aliquorum
1582 4566 1652 4609 ex
1716 4546 2095 4627 principibus
2157 4545 2405 4620 mundi,
2457 4545 2668 4609 dicant
2732 4544 3183 4620 ambaxatoreS,

465 4630 625 4715 quod
672 4650 780 4697 nos
827 4634 1111 4714 optamus
1148 4633 1472 4716 procedere
1521 4653 1664 4698 cum
1689 4652 1801 4697 sua
1848 4633 2172 4697 maiestate
2219 4652 2326 4715 per
2374 4632 2551 4696 illum
2616 4631 2932 4696 abiliorem
2978 4633 3042 4693 et
3083 4649 3187 4694 ex-

463 4718 833 4802 pediciorem
881 4722 1149 4798 modum,
1199 4721 1319 4802 qui,
1371 4721 1580 4785 vitatis
1612 4721 1993 4802 quibuslibet
2030 4720 2557 4802 disputacionibus
2592 4723 2656 4783 et
2685 4718 3181 4795 cavilacionibuS,
