3620 5282
2986 324 3081 441 41v

371 555 431 618 in
471 553 549 619 iis
594 553 892 637 partibus,
942 557 1189 639 propter
1234 555 1394 639 quod
1436 555 1812 640 providimus
1859 556 2106 621 mittere
2152 555 2303 621 istos
2351 574 2454 620 sex
2477 555 2712 621 nobiles
2758 554 2836 619 ad
2884 556 3073 620 hono—

371 643 628 707 randum
675 663 848 709 suam
897 645 1306 719 maiestatem,
1356 647 1459 727 qui
1505 664 1611 710 sue
1660 645 1852 728 regali
1885 645 2342 727 magnificentie
2385 644 2593 709 dicant
2639 664 2710 708 ex
2756 647 2929 725 parte
2966 660 3076 711 no-

370 734 497 796 stra
540 732 726 796 verba
765 731 1103 797 reverentie
1148 739 1213 796 et
1256 733 1502 808 amoris,
1558 734 1720 797 sicut
1779 733 1867 797 eis
1929 732 2237 798 videbitur
2293 752 2400 815 pro
2444 732 2672 797 honore
2740 733 2963 810 nostr0,
3015 734 3080 795 et

371 820 603 885 socient
647 839 789 885 eum
841 839 1152 904 quousque
1198 825 1370 886 extra
1415 824 1693 888 nostrum
1741 821 2127 894 districtum:
2192 822 2256 885 et
2315 822 2369 885 si
2432 821 2596 885 volet
2658 821 2920 886 transire
2967 839 3077 903 per

371 909 648 972 nostrum
694 909 1065 987 districtum,
1111 910 1228 974 hoc
1272 909 1391 975 sibi
1434 909 1775 975 liberaliter
1805 909 2064 974 offerant
2107 910 2171 973 et
2215 908 2343 974 sint
2384 928 2522 974 cum
2574 927 2680 986 eo;
2724 910 2787 973 et
2828 908 2880 973 si
2917 909 3081 974 velet

376 996 602 1061 intrare
649 997 963 1062 civitatem
991 999 1261 1063 nostram
1309 1000 1373 1062 et
1397 1000 1619 1076 castra,
1667 998 1937 1062 habeant
1959 998 2314 1062 libertatem
2362 996 2554 1062 nostri
2599 996 2858 1080 predicti
2893 996 3076 1060 dandi

366 1083 421 1148 ei
465 1083 781 1149 licentiam
825 1103 965 1149 cum
1012 1085 1121 1150 illa
1165 1088 1382 1169 gente,
1447 1106 1563 1169 que
1611 1087 1698 1151 eis
1762 1086 2070 1151 videbitur
2128 1105 2266 1149 cum
2334 1085 2664 1149 securitate
2729 1087 3076 1150 nostrorum

369 1173 660 1237 locorum.
706 1173 791 1238 Et
834 1174 923 1238 sic
966 1173 1271 1240 scribatur
1316 1175 1541 1239 nostris
1588 1174 1948 1251 rectoribus,
1999 1174 2161 1257 quod
2192 1174 2540 1251 observent,
2590 1174 2750 1239 sicut
2791 1173 2940 1238 dicti
2971 1192 3080 1237 no-

369 1259 526 1325 biles
571 1261 659 1324 eis
705 1261 931 1326 dicent.
978 1262 1060 1326 Et
1105 1263 1439 1327 informent
1483 1282 1548 1327 se
1594 1262 1742 1327 dicti
1789 1264 2026 1327 nobiles
2073 1262 2147 1326 de
2194 1261 2361 1326 omni
2407 1280 2495 1339 eo,
2541 1261 2701 1344 quod
2750 1260 2974 1327 habere
3017 1262 3082 1326 et

370 1349 525 1413 scire
570 1350 865 1431 poterunt
909 1349 971 1414 in
1014 1350 1183 1415 dicta
1229 1350 1347 1429 via,
1395 1352 1554 1434 quod
1601 1353 1839 1434 spectet
1896 1351 1974 1415 ad
2021 1354 2300 1416 nostrum
2360 1351 2690 1428 honorem,
2752 1353 2821 1414 ut
2865 1350 2944 1414 ab
2991 1349 3078 1414 eis

373 1435 437 1501 in
484 1454 593 1502 suo
636 1437 833 1502 reditu
883 1438 979 1503 vel
1024 1458 1133 1522 per
1179 1457 1321 1503 suas
1367 1438 1610 1504 litteras
1657 1441 1797 1504 ante
1844 1458 2026 1504 suum
2065 1439 2366 1515 reditum,
2412 1457 2565 1522 quas
2613 1439 2863 1503 mittere
2910 1438 3082 1503 nobis

373 1524 588 1591 statim
635 1526 915 1605 debeant,
961 1527 1281 1591 informari
1328 1528 1655 1610 possimus
1724 1528 1808 1592 Et
1855 1528 2165 1612 eligantur
2223 1527 2373 1591 dicti
2433 1528 2741 1609 sapientes
2802 1545 2912 1610 per
2956 1528 3082 1592 tres

377 1632 622 1693 manus,
669 1617 735 1679 et
780 1614 1187 1697 respondeant
1230 1616 1425 1695 hodie,
1476 1617 1540 1680 et
1584 1616 1829 1694 vadant,
1877 1616 2039 1681 sicut
2083 1615 2271 1681 fuerit
2323 1614 2674 1679 ordinatum
2734 1635 2842 1698 per
2887 1614 3082 1679 domi·

379 1703 570 1781 nium,
620 1703 684 1767 et
727 1703 965 1786 possint
1011 1702 1205 1783 accipi
1251 1704 1326 1769 de
1370 1704 1536 1769 omni
1580 1705 1729 1781 loco,
1774 1724 1893 1769 non
1933 1704 2235 1788 perdendo
2268 1702 2530 1786 aliquod,
2578 1703 2738 1787 quod
2768 1703 3082 1781 haberent,

378 1789 651 1855 officium
698 1791 795 1855 vel
840 1791 1028 1870 aliud,
1071 1811 1185 1856 non
1233 1794 1534 1875 possendo
1578 1792 1726 1876 eligi
1771 1793 1846 1857 de
1893 1791 2390 1858 ambaxatoribus
2436 1790 2668 1856 electis.
2729 1790 2813 1857 Et
2859 1790 3087 1856 vadant

374 1878 525 1943 dicti
573 1880 999 1944 ambaxatores
1046 1879 1123 1943 ad
1172 1898 1484 1963 expensaS,
1531 1900 1672 1945 cum
1718 1881 1938 1963 quibus
1987 1881 2218 1945 vadunt
2259 1880 2684 1945 ambaxatores
2729 1880 2806 1943 ad
2854 1880 3080 1944 testam

371 1970 748 2046 coronatam,
797 1969 864 2032 et
906 1967 1176 2032 habeant
1235 1970 1492 2052 quatuor
1551 1968 1911 2034 domicellos
1972 1988 2078 2052 pro
2137 1968 2445 2052 quolibet,
2512 1969 2843 2032 secuudum
2903 1968 3078 2031 novis

373 2055 669 2120 vestibus.
719 2055 810 2120 De
855 2057 1027 2139 parte
1071 2056 1176 2135 55,
1224 2056 1298 2122 de
1345 2076 1464 2122 non
1516 2057 1614 2136 10,
1664 2074 1781 2121 non
1829 2057 2051 2121 sinceri
2096 2057 2198 2121 25.

584 2144 1066 2209 Ambaxatores:
1117 2164 1215 2209 ser
1259 2146 1522 2210 Thomas
1566 2144 1928 2223 Gradonico,
1985 2164 2082 2210 ser
2128 2144 2408 2210 Marinus
2455 2142 2760 2222 Grimani,
2810 2162 2907 2208 ser
2956 2142 3084 2207 An·

374 2230 554 2296 dreas
600 2232 981 2315 Superantio,
1031 2251 1129 2297 ser
1176 2235 1400 2297 Petrus
1439 2233 1776 2311 Trivisano,
1826 2253 1923 2297 ser
1970 2233 2218 2299 Marcus
2265 2233 2562 2309 Dandu10,
2632 2250 2730 2296 ser
2775 2231 3084 2297 Johannes

376 2319 716 2404 MozenigO.

588 2408 821 2491 Capta:
870 2409 1025 2491 quod
1073 2410 1126 2473 si
1172 2408 1393 2491 aliquis
1440 2409 1748 2474 dictorum
1797 2429 1900 2475 sex
1942 2409 2239 2475 nobilium
2304 2410 2604 2476 refutaret
2663 2426 2771 2492 per
2817 2406 3087 2490 aliquam

374 2495 722 2578 legitimam
767 2516 1038 2575 causam,
1087 2517 1270 2580 quam
1316 2500 1678 2582 assignaret,
1741 2499 1804 2563 et
1850 2519 1965 2582 que
2028 2498 2335 2563 videretur
2380 2497 2659 2576 domino,
2721 2495 3088 2560 consiliariis

377 2585 441 2648 et
482 2586 806 2669 capitibus,
855 2586 952 2652 vel
997 2605 1208 2652 eorum
1249 2585 1467 2653 maiori
1512 2587 1694 2671 parti,
1745 2587 2056 2665 dominus,
2105 2587 2440 2652 consiliarii
2487 2587 2551 2651 et
2597 2584 2800 2667 capita
2828 2582 3089 2668 predicti

372 2690 483 2755 per
527 2673 822 2740 maiorem
869 2677 1106 2757 partem
1164 2675 1438 2758 ipsorum
1484 2677 1719 2759 eligant
1774 2695 1965 2741 unum
2013 2678 2076 2741 et
2121 2677 2324 2759 plures
2345 2726 2360 2754 ,
2411 2676 2461 2740 si
2506 2673 2886 2748 refutarent;
2927 2674 2990 2737 et
3035 2673 3089 2737 si

377 2762 699 2827 consilium
748 2766 844 2827 est
884 2766 1096 2827 contra
1141 2768 1256 2828 etc.
1305 2762 1550 2829 Omnes.

464 2852 622 2913 Scor.
668 2872 821 2914 cone.
861 2872 978 2930 roy.
1015 2854 1092 2913 A.
1132 2857 1233 2934 92,
1293 2874 1331 2914 u
1375 2857 1591 2914 arkivu
1636 2855 1993 2916 mletackom.

693 3015 944 3126 LVI.
1025 3044 1230 3128 eon.
1283 3044 1502 3129 1347.
1557 3045 1652 3128 27
1706 3044 2204 3144 studenoga‚
2250 3066 2310 3125 u
2364 3044 2756 3127 materh.

389 3168 700 3243 Odyovara
743 3187 805 3229 se
840 3172 1214 3244 poslanikom
1260 3172 1569 3232 mletaclcih
1609 3172 1885 3246 yradova
1929 3189 1972 3229 u
2016 3171 2343 3244 Dalmacvji
2385 3172 2409 3228 i
2451 3173 2638 3232 kneza
2667 3172 2968 3243 Mladina,
3000 3172 3096 3243 da,

383 3260 548 3332 posco
593 3276 655 3319 sc
699 3260 848 3332 §alie
883 3260 1227 3332 poslanstvo
1273 3278 1317 3318 u
1374 3258 1666 3334 Uyarsku,
1707 3262 1832 3334 nijc
1882 3276 1958 3320 za
2001 3260 2153 3319 sada
2197 3259 2418 3319 shodno
2462 3263 2776 3335 uyovarati
2804 3279 2836 3322 o
2865 3278 3098 3331 savem,

1016 3349 1113 3421 koj
1156 3366 1230 3407 su
1275 3351 1376 3407 oni
1420 3350 1612 3407 kanili
1639 3349 1838 3422 medin
1890 3350 2083 3408 sobom
2127 3349 2438 3408 utanaciti.

607 3466 791 3531 1347.
849 3468 948 3532 die
995 3465 1248 3535 XXVII
1279 3469 1645 3549 novembris,
1694 3469 1912 3552 capta:
1960 3469 2115 3551 quod
2142 3469 2577 3552 respondeatur
2599 3469 3098 3536 ambaxatoribus
3191 3527 3202 3542 ,.

387 3559 691 3621 terrarum
742 3559 1102 3622 nostrarum
1166 3557 1487 3623 Sclavonie
1550 3560 1616 3624 et
1670 3558 1917 3623 comitis
1963 3556 2295 3636 Maladini,
2359 3559 2424 3623 et
2469 3559 2556 3624 sic
2617 3558 2705 3623 eis
2769 3558 3096 3638 scribatur,
3171 3551 3194 3576 '⁴'

386 3644 546 3727 quod
591 3644 950 3710 ambaxatas
997 3664 1140 3711 suas
1170 3646 1512 3711 audivimus
1557 3649 1621 3712 et
1665 3645 2077 3711 intelleximus
2119 3645 2468 3731 diligenter,
2516 3648 2580 3712 et
2607 3647 2750 3730 quia
2791 3646 3098 3712 mittimus

387 3735 630 3798 nostros
678 3731 984 3798 solemnes
1046 3734 1476 3799 ambaxatores
1541 3735 1620 3800 ad
1663 3734 1981 3799 dominum
2045 3753 2252 3818 regem
2300 3734 2616 3819 Hungarie
2663 3753 2772 3819 pro
2838 3736 3100 3800 reconci-

386 3821 639 3886 liatione
684 3822 855 3904 pacis
903 3823 965 3885 et
1012 3825 1236 3888 amoris
1300 3823 1441 3888 hinc
1485 3823 1660 3900 inde,
1724 3823 1795 3886 ut
1839 3822 1994 3886 alias
2057 3822 2146 3886 eis
2210 3823 2610 3907 scripsimuS,
2673 3842 2794 3889 non
2857 3822 3099 3889 videtur

385 3909 580 3988 nobis,
624 3909 785 3991 quod
832 3909 917 3974 sit
957 3910 1123 3974 aliud
1170 3911 1610 3994 providendum
1658 3910 1734 3974 ad
1783 3928 2034 3994 presens
2096 3928 2278 3993 super
2338 3911 2504 3977 dicta
2566 3911 2820 3987 unione;
2885 3930 3098 3977 verum

385 4016 496 4062 suo
541 3998 671 4062 loco
718 3999 782 4062 et
827 4000 1100 4081 tempore
1164 3998 1613 4082 providebimus
1658 3998 1756 4077 id,
1821 3998 1979 4082 quod
2042 3998 2408 4065 concedente
2469 3999 2715 4065 domino
2780 3999 3098 4064 convenire

385 4086 727 4152 videbimus
775 4104 883 4168 pro
929 4085 1153 4152 honore
1202 4089 1410 4152 nostro
1456 4088 1520 4152 et
1577 4087 2031 4153 conservatione
2094 4090 2396 4153 terrarum
2434 4091 2498 4154 et
2542 4088 2813 4153 fidelium
2862 4090 3100 4152 nostro-

388 4192 544 4254 rum,
593 4193 665 4239 ac
707 4175 951 4239 comitis
997 4174 1296 4240 Maladiui
1338 4178 1403 4241 et
1449 4174 1651 4259 gentis
1698 4194 1839 4252 sue;
1908 4177 1972 4240 et
2016 4194 2153 4241 cum
2213 4177 2333 4242 hiis
2380 4179 2444 4241 et
2496 4176 2634 4242 aliis
2681 4174 2918 4254 verbiS,
2981 4194 3097 4259 que

383 4261 569 4327 dictis
614 4262 883 4340 domin0,
933 4263 1301 4329 consiliariis
1348 4265 1412 4329 et
1454 4263 1757 4347 capitibus
1815 4263 2202 4342 videbuntur,
2275 4265 2387 4330 fiat
2444 4265 2759 4347 responsio
2805 4263 3095 4330 ambaxa·

388 4352 625 4417 toribus
672 4350 1067 4434 supradictis.
1118 4353 1207 4417 De
1255 4372 1373 4417 non
1421 4353 1481 4430 2,
1528 4371 1649 4418 non
1698 4352 1921 4418 sinceri
1970 4352 2030 4430 Ο,
2080 4352 2186 4418 alii
2232 4353 2308 4417 de
2348 4355 2544 4436 parte.

473 4442 630 4503 Scor.
676 4459 835 4503 cons.
877 4459 999 4518 roy.
1046 4443 1120 4502 A.
1169 4445 1269 4523 92,
1319 4463 1361 4503 u
1404 4445 1618 4504 arkivu
1662 4443 2017 4505 mletackom.
