<?xml version="1.0" encoding="UTF-8"?>
<!DOCTYPE html PUBLIC "-//W3C//DTD XHTML 1.0 Transitional//EN"
    "http://www.w3.org/TR/xhtml1/DTD/xhtml1-transitional.dtd">
<html xmlns="http://www.w3.org/1999/xhtml" xml:lang="en" lang="en">
 <head>
  <title>
</title>
<meta http-equiv="Content-Type" content="text/html;charset=utf-8" />
  <meta name='ocr-system' content='tesseract 3.04.00' />
  <meta name='ocr-capabilities' content='ocr_page ocr_carea ocr_par ocr_line ocrx_word'/>
</head>
<body>
  <div class='ocr_page' id='page_1' title='image "./monumentaspecta02umjegoog_0638.png"; bbox 0 0 3620 5282; ppageno 0'>
   <div class='ocr_carea' id='block_1_1' title="bbox 468 260 554 343">
    <p class='ocr_par' dir='ltr' id='par_1_1' title="bbox 468 260 554 343">
     <span class='ocr_line' id='line_1_1' title="bbox 468 260 554 343; baseline 0 -17"><span class='ocrx_word' id='word_1_1' title='bbox 468 260 554 343; x_wconf 77' lang='lat' dir='ltr'>se</span> 
     </span>
    </p>
   </div>
   <div class='ocr_carea' id='block_1_2' title="bbox 405 430 3204 4174">
    <p class='ocr_par' dir='ltr' id='par_1_2' title="bbox 405 430 3204 4174">
     <span class='ocr_line' id='line_1_2' title="bbox 464 430 3193 518; baseline -0.001 -17"><span class='ocrx_word' id='word_1_2' title='bbox 464 437 528 501; x_wconf 91' lang='lat' dir='ltr'>et</span> <span class='ocrx_word' id='word_1_3' title='bbox 567 436 724 518; x_wconf 90' lang='lat' dir='ltr'>quod</span> <span class='ocrx_word' id='word_1_4' title='bbox 773 434 936 499; x_wconf 89' lang='lat' dir='ltr'>istud</span> <span class='ocrx_word' id='word_1_5' title='bbox 983 435 1118 499; x_wconf 86' lang='lat' dir='ltr'>erat</span> <span class='ocrx_word' id='word_1_6' title='bbox 1166 434 1237 497; x_wconf 91' lang='lat' dir='ltr'>de</span> <span class='ocrx_word' id='word_1_7' title='bbox 1286 431 1681 516; x_wconf 75' lang='lat' dir='ltr'>requisitione</span> <span class='ocrx_word' id='word_1_8' title='bbox 1727 434 1791 497; x_wconf 92' lang='lat' dir='ltr'>et</span> <span class='ocrx_word' id='word_1_9' title='bbox 1835 430 2222 514; x_wconf 87' lang='lat' dir='ltr'>beneplacito</span> <span class='ocrx_word' id='word_1_10' title='bbox 2272 432 2501 498; x_wconf 86' lang='lat' dir='ltr'>domini</span> <span class='ocrx_word' id='word_1_11' title='bbox 2570 430 2966 516; x_wconf 86' lang='lat' dir='ltr'>imperatoris</span> <span class='ocrx_word' id='word_1_12' title='bbox 3032 432 3193 498; x_wconf 87' lang='lat' dir='ltr'>Con·</span> 
     </span>
     <span class='ocr_line' id='line_1_3' title="bbox 464 519 3196 603; baseline -0.002 -14"><span class='ocrx_word' id='word_1_13' title='bbox 464 521 917 603; x_wconf 86' lang='lat' dir='ltr'>stantinopolis.</span> <span class='ocrx_word' id='word_1_14' title='bbox 965 520 1222 602; x_wconf 80' lang='lat' dir='ltr'>Insuper</span> <span class='ocrx_word' id='word_1_15' title='bbox 1268 521 1552 584; x_wconf 86' lang='lat' dir='ltr'>dixerunt</span> <span class='ocrx_word' id='word_1_16' title='bbox 1595 519 2028 584; x_wconf 87' lang='lat' dir='ltr'>ambaxatores</span> <span class='ocrx_word' id='word_1_17' title='bbox 2075 521 2175 584; x_wconf 91' lang='lat' dir='ltr'>sui</span> <span class='ocrx_word' id='word_1_18' title='bbox 2220 520 2494 600; x_wconf 74' lang='lat' dir='ltr'>predicti,</span> <span class='ocrx_word' id='word_1_19' title='bbox 2543 522 2701 603; x_wconf 91' lang='lat' dir='ltr'>quod</span> <span class='ocrx_word' id='word_1_20' title='bbox 2749 520 3014 585; x_wconf 90' lang='lat' dir='ltr'>intentio</span> <span class='ocrx_word' id='word_1_21' title='bbox 3083 519 3196 584; x_wconf 90' lang='lat' dir='ltr'>do-</span> 
     </span>
     <span class='ocr_line' id='line_1_4' title="bbox 466 606 3191 691; baseline -0.001 -17"><span class='ocrx_word' id='word_1_22' title='bbox 466 610 622 674; x_wconf 91' lang='lat' dir='ltr'>mini</span> <span class='ocrx_word' id='word_1_23' title='bbox 665 610 828 691; x_wconf 87' lang='lat' dir='ltr'>regis</span> <span class='ocrx_word' id='word_1_24' title='bbox 872 606 1155 689; x_wconf 81' lang='lat' dir='ltr'>predicti,</span> <span class='ocrx_word' id='word_1_25' title='bbox 1203 606 1551 672; x_wconf 87' lang='lat' dir='ltr'>examinata</span> <span class='ocrx_word' id='word_1_26' title='bbox 1612 607 1956 673; x_wconf 86' lang='lat' dir='ltr'>conditione</span> <span class='ocrx_word' id='word_1_27' title='bbox 2017 607 2511 686; x_wconf 82' lang='lat' dir='ltr'>christianitatiS,</span> <span class='ocrx_word' id='word_1_28' title='bbox 2577 608 2751 672; x_wconf 91' lang='lat' dir='ltr'>nullo</span> <span class='ocrx_word' id='word_1_29' title='bbox 2815 607 2993 673; x_wconf 90' lang='lat' dir='ltr'>modo</span> <span class='ocrx_word' id='word_1_30' title='bbox 3056 610 3191 672; x_wconf 89' lang='lat' dir='ltr'>erat</span> 
     </span>
     <span class='ocr_line' id='line_1_5' title="bbox 465 693 3193 778; baseline -0.002 -16"><span class='ocrx_word' id='word_1_31' title='bbox 465 699 538 762; x_wconf 92' lang='lat' dir='ltr'>de</span> <span class='ocrx_word' id='word_1_32' title='bbox 585 695 780 761; x_wconf 92' lang='lat' dir='ltr'>eundo</span> <span class='ocrx_word' id='word_1_33' title='bbox 827 697 902 760; x_wconf 90' lang='lat' dir='ltr'>ad</span> <span class='ocrx_word' id='word_1_34' title='bbox 949 697 1154 776; x_wconf 90' lang='lat' dir='ltr'>partes</span> <span class='ocrx_word' id='word_1_35' title='bbox 1202 693 1369 759; x_wconf 87' lang='lat' dir='ltr'>Sorie</span> <span class='ocrx_word' id='word_1_36' title='bbox 1409 695 1472 758; x_wconf 93' lang='lat' dir='ltr'>et</span> <span class='ocrx_word' id='word_1_37' title='bbox 1510 693 1742 777; x_wconf 85' lang='lat' dir='ltr'>Egipti,</span> <span class='ocrx_word' id='word_1_38' title='bbox 1791 696 2038 778; x_wconf 89' lang='lat' dir='ltr'>propter</span> <span class='ocrx_word' id='word_1_39' title='bbox 2069 696 2334 777; x_wconf 87' lang='lat' dir='ltr'>dampna</span> <span class='ocrx_word' id='word_1_40' title='bbox 2368 695 2655 774; x_wconf 84' lang='lat' dir='ltr'>maxima,</span> <span class='ocrx_word' id='word_1_41' title='bbox 2702 714 2820 777; x_wconf 92' lang='lat' dir='ltr'>que</span> <span class='ocrx_word' id='word_1_42' title='bbox 2864 713 3193 777; x_wconf 88' lang='lat' dir='ltr'>sequeren-</span> 
     </span>
     <span class='ocr_line' id='line_1_6' title="bbox 469 781 3198 859; baseline -0.001 -10"><span class='ocrx_word' id='word_1_43' title='bbox 469 786 570 849; x_wconf 85' lang='lat' dir='ltr'>tur</span> <span class='ocrx_word' id='word_1_44' title='bbox 615 782 732 848; x_wconf 87' lang='lat' dir='ltr'>toti</span> <span class='ocrx_word' id='word_1_45' title='bbox 779 784 1026 859; x_wconf 91' lang='lat' dir='ltr'>mundo,</span> <span class='ocrx_word' id='word_1_46' title='bbox 1074 782 1128 847; x_wconf 85' lang='lat' dir='ltr'>si</span> <span class='ocrx_word' id='word_1_47' title='bbox 1180 781 1584 846; x_wconf 84' lang='lat' dir='ltr'>mercationes</span> <span class='ocrx_word' id='word_1_48' title='bbox 1631 783 1694 845; x_wconf 91' lang='lat' dir='ltr'>et</span> <span class='ocrx_word' id='word_1_49' title='bbox 1738 781 2098 847; x_wconf 83' lang='lat' dir='ltr'>exercitium</span> <span class='ocrx_word' id='word_1_50' title='bbox 2146 783 2435 846; x_wconf 89' lang='lat' dir='ltr'>mertium</span> <span class='ocrx_word' id='word_1_51' title='bbox 2485 782 2777 848; x_wconf 84' lang='lat' dir='ltr'>deberent</span> <span class='ocrx_word' id='word_1_52' title='bbox 2818 782 3030 847; x_wconf 88' lang='lat' dir='ltr'>taliter</span> <span class='ocrx_word' id='word_1_53' title='bbox 3092 782 3198 845; x_wconf 89' lang='lat' dir='ltr'>de-</span> 
     </span>
     <span class='ocr_line' id='line_1_7' title="bbox 468 868 3196 951; baseline -0.001 -14"><span class='ocrx_word' id='word_1_54' title='bbox 468 871 735 946; x_wconf 79' lang='lat' dir='ltr'>vastari3</span> <span class='ocrx_word' id='word_1_55' title='bbox 781 868 1234 947; x_wconf 77' lang='lat' dir='ltr'>concludenteS,</span> <span class='ocrx_word' id='word_1_56' title='bbox 1283 869 1443 951; x_wconf 90' lang='lat' dir='ltr'>quod</span> <span class='ocrx_word' id='word_1_57' title='bbox 1493 868 1752 934; x_wconf 86' lang='lat' dir='ltr'>intentio</span> <span class='ocrx_word' id='word_1_58' title='bbox 1799 888 1908 933; x_wconf 89' lang='lat' dir='ltr'>sue</span> <span class='ocrx_word' id='word_1_59' title='bbox 1956 869 2120 946; x_wconf 86' lang='lat' dir='ltr'>regie</span> <span class='ocrx_word' id='word_1_60' title='bbox 2171 870 2519 934; x_wconf 86' lang='lat' dir='ltr'>maiestatis</span> <span class='ocrx_word' id='word_1_61' title='bbox 2567 872 2718 941; x_wconf 84' lang='lat' dir='ltr'>erat.</span> <span class='ocrx_word' id='word_1_62' title='bbox 2787 868 3019 934; x_wconf 88' lang='lat' dir='ltr'>habere</span> <span class='ocrx_word' id='word_1_63' title='bbox 3065 868 3196 934; x_wconf 91' lang='lat' dir='ltr'>dic·</span> 
     </span>
     <span class='ocr_line' id='line_1_8' title="bbox 466 956 3195 1040; baseline -0.001 -17"><span class='ocrx_word' id='word_1_64' title='bbox 466 959 564 1024; x_wconf 90' lang='lat' dir='ltr'>tas</span> <span class='ocrx_word' id='word_1_65' title='bbox 609 958 815 1040; x_wconf 91' lang='lat' dir='ltr'>galeas</span> <span class='ocrx_word' id='word_1_66' title='bbox 852 957 914 1021; x_wconf 90' lang='lat' dir='ltr'>in</span> <span class='ocrx_word' id='word_1_67' title='bbox 963 957 1119 1021; x_wconf 89' lang='lat' dir='ltr'>mari</span> <span class='ocrx_word' id='word_1_68' title='bbox 1166 960 1414 1039; x_wconf 88' lang='lat' dir='ltr'>paratas</span> <span class='ocrx_word' id='word_1_69' title='bbox 1460 956 1537 1021; x_wconf 91' lang='lat' dir='ltr'>ad</span> <span class='ocrx_word' id='word_1_70' title='bbox 1582 958 1791 1038; x_wconf 87' lang='lat' dir='ltr'>partes</span> <span class='ocrx_word' id='word_1_71' title='bbox 1837 956 2069 1022; x_wconf 88' lang='lat' dir='ltr'>Satalie</span> <span class='ocrx_word' id='word_1_72' title='bbox 2115 958 2179 1021; x_wconf 92' lang='lat' dir='ltr'>et</span> <span class='ocrx_word' id='word_1_73' title='bbox 2229 958 2305 1022; x_wconf 86' lang='lat' dir='ltr'>ad</span> <span class='ocrx_word' id='word_1_74' title='bbox 2353 956 2618 1022; x_wconf 89' lang='lat' dir='ltr'>bucham</span> <span class='ocrx_word' id='word_1_75' title='bbox 2672 956 2749 1021; x_wconf 86' lang='lat' dir='ltr'>ad</span> <span class='ocrx_word' id='word_1_76' title='bbox 2794 957 3195 1034; x_wconf 91' lang='lat' dir='ltr'>turbandum,</span> 
     </span>
     <span class='ocr_line' id='line_1_9' title="bbox 470 1041 3194 1129; baseline -0.001 -19"><span class='ocrx_word' id='word_1_77' title='bbox 470 1045 630 1129; x_wconf 90' lang='lat' dir='ltr'>quod</span> <span class='ocrx_word' id='word_1_78' title='bbox 676 1044 904 1108; x_wconf 85' lang='lat' dir='ltr'>Turchi</span> <span class='ocrx_word' id='word_1_79' title='bbox 951 1062 1072 1108; x_wconf 92' lang='lat' dir='ltr'>non</span> <span class='ocrx_word' id='word_1_80' title='bbox 1120 1046 1368 1126; x_wconf 87' lang='lat' dir='ltr'>possent</span> <span class='ocrx_word' id='word_1_81' title='bbox 1415 1042 1778 1108; x_wconf 85' lang='lat' dir='ltr'>descendere</span> <span class='ocrx_word' id='word_1_82' title='bbox 1823 1042 1897 1107; x_wconf 90' lang='lat' dir='ltr'>de</span> <span class='ocrx_word' id='word_1_83' title='bbox 1962 1043 2244 1124; x_wconf 87' lang='lat' dir='ltr'>partibus</span> <span class='ocrx_word' id='word_1_84' title='bbox 2307 1041 2528 1109; x_wconf 87' lang='lat' dir='ltr'>Grecie</span> <span class='ocrx_word' id='word_1_85' title='bbox 2592 1063 2779 1127; x_wconf 86' lang='lat' dir='ltr'>supra</span> <span class='ocrx_word' id='word_1_86' title='bbox 2839 1044 3194 1109; x_wconf 81' lang='lat' dir='ltr'>Turchiam.</span> 
     </span>
     <span class='ocr_line' id='line_1_10' title="bbox 455 1129 3200 1215; baseline -0.001 -19"><span class='ocrx_word' id='word_1_87' title='bbox 455 1129 602 1211; x_wconf 77' lang='lat' dir='ltr'>Quo</span> <span class='ocrx_word' id='word_1_88' title='bbox 647 1131 917 1214; x_wconf 89' lang='lat' dir='ltr'>capitulo</span> <span class='ocrx_word' id='word_1_89' title='bbox 966 1131 1300 1209; x_wconf 85' lang='lat' dir='ltr'>intellecto,</span> <span class='ocrx_word' id='word_1_90' title='bbox 1354 1131 1653 1208; x_wconf 85' lang='lat' dir='ltr'>volentes,</span> <span class='ocrx_word' id='word_1_91' title='bbox 1704 1132 1862 1212; x_wconf 91' lang='lat' dir='ltr'>quod</span> <span class='ocrx_word' id='word_1_92' title='bbox 1910 1149 2024 1194; x_wconf 89' lang='lat' dir='ltr'>sua</span> <span class='ocrx_word' id='word_1_93' title='bbox 2068 1131 2238 1215; x_wconf 87' lang='lat' dir='ltr'>regia</span> <span class='ocrx_word' id='word_1_94' title='bbox 2284 1133 2577 1196; x_wconf 80' lang='lat' dir='ltr'>maiestas</span> <span class='ocrx_word' id='word_1_95' title='bbox 2617 1132 2782 1196; x_wconf 91' lang='lat' dir='ltr'>clare</span> <span class='ocrx_word' id='word_1_96' title='bbox 2844 1131 3200 1198; x_wconf 81' lang='lat' dir='ltr'>decerneret</span> 
     </span>
     <span class='ocr_line' id='line_1_11' title="bbox 468 1218 3200 1301; baseline -0.001 -17"><span class='ocrx_word' id='word_1_97' title='bbox 468 1219 697 1284; x_wconf 88' lang='lat' dir='ltr'>bonam</span> <span class='ocrx_word' id='word_1_98' title='bbox 744 1219 1129 1284; x_wconf 84' lang='lat' dir='ltr'>voluntatem</span> <span class='ocrx_word' id='word_1_99' title='bbox 1176 1219 1241 1283; x_wconf 92' lang='lat' dir='ltr'>et</span> <span class='ocrx_word' id='word_1_100' title='bbox 1281 1218 1749 1301; x_wconf 87' lang='lat' dir='ltr'>dispositionem</span> <span class='ocrx_word' id='word_1_101' title='bbox 1800 1219 2098 1296; x_wconf 86' lang='lat' dir='ltr'>nostram,</span> <span class='ocrx_word' id='word_1_102' title='bbox 2145 1220 2559 1301; x_wconf 84' lang='lat' dir='ltr'>disposuimus</span> <span class='ocrx_word' id='word_1_103' title='bbox 2608 1221 2669 1283; x_wconf 90' lang='lat' dir='ltr'>te</span> <span class='ocrx_word' id='word_1_104' title='bbox 2728 1221 2808 1283; x_wconf 89' lang='lat' dir='ltr'>ad</span> <span class='ocrx_word' id='word_1_105' title='bbox 2870 1218 3002 1284; x_wconf 91' lang='lat' dir='ltr'>eius</span> <span class='ocrx_word' id='word_1_106' title='bbox 3061 1237 3200 1301; x_wconf 88' lang='lat' dir='ltr'>pre-</span> 
     </span>
     <span class='ocr_line' id='line_1_12' title="bbox 405 1304 3198 1387; baseline 0 -18"><span class='ocrx_word' id='word_1_107' title='bbox 405 1364 408 1369; x_wconf 90' lang='lat'>.</span> <span class='ocrx_word' id='word_1_108' title='bbox 469 1307 735 1372; x_wconf 88' lang='lat' dir='ltr'>sentiam</span> <span class='ocrx_word' id='word_1_109' title='bbox 780 1305 1089 1371; x_wconf 85' lang='lat' dir='ltr'>destinare</span> <span class='ocrx_word' id='word_1_110' title='bbox 1132 1306 1209 1369; x_wconf 82' lang='lat' dir='ltr'>ad</span> <span class='ocrx_word' id='word_1_111' title='bbox 1256 1305 1604 1371; x_wconf 84' lang='lat' dir='ltr'>faciendum</span> <span class='ocrx_word' id='word_1_112' title='bbox 1650 1305 1770 1370; x_wconf 90' lang='lat' dir='ltr'>sibi</span> <span class='ocrx_word' id='word_1_113' title='bbox 1820 1307 2026 1369; x_wconf 87' lang='lat' dir='ltr'>uotam</span> <span class='ocrx_word' id='word_1_114' title='bbox 2075 1306 2426 1387; x_wconf 84' lang='lat' dir='ltr'>placibilem</span> <span class='ocrx_word' id='word_1_115' title='bbox 2475 1304 2850 1371; x_wconf 84' lang='lat' dir='ltr'>oblationem</span> <span class='ocrx_word' id='word_1_116' title='bbox 2897 1306 3198 1385; x_wconf 89' lang='lat' dir='ltr'>nostram,</span> 
     </span>
     <span class='ocr_line' id='line_1_13' title="bbox 471 1391 3199 1477; baseline -0 -20"><span class='ocrx_word' id='word_1_117' title='bbox 471 1412 587 1476; x_wconf 89' lang='lat' dir='ltr'>que</span> <span class='ocrx_word' id='word_1_118' title='bbox 633 1395 730 1457; x_wconf 90' lang='lat' dir='ltr'>est</span> <span class='ocrx_word' id='word_1_119' title='bbox 777 1394 836 1458; x_wconf 90' lang='lat' dir='ltr'>in</span> <span class='ocrx_word' id='word_1_120' title='bbox 882 1394 1043 1458; x_wconf 91' lang='lat' dir='ltr'>hunc</span> <span class='ocrx_word' id='word_1_121' title='bbox 1093 1393 1363 1472; x_wconf 91' lang='lat' dir='ltr'>modum,</span> <span class='ocrx_word' id='word_1_122' title='bbox 1412 1392 1716 1468; x_wconf 85' lang='lat' dir='ltr'>videlicet,</span> <span class='ocrx_word' id='word_1_123' title='bbox 1765 1391 1925 1473; x_wconf 91' lang='lat' dir='ltr'>quod</span> <span class='ocrx_word' id='word_1_124' title='bbox 1959 1411 2068 1473; x_wconf 90' lang='lat' dir='ltr'>pro</span> <span class='ocrx_word' id='word_1_125' title='bbox 2099 1391 2398 1476; x_wconf 84' lang='lat' dir='ltr'>singulari</span> <span class='ocrx_word' id='word_1_126' title='bbox 2431 1410 2659 1472; x_wconf 87' lang='lat' dir='ltr'>amore,</span> <span class='ocrx_word' id='word_1_127' title='bbox 2709 1413 2888 1475; x_wconf 88' lang='lat' dir='ltr'>quem</span> <span class='ocrx_word' id='word_1_128' title='bbox 2922 1392 3199 1477; x_wconf 83' lang='lat' dir='ltr'>gerimus</span> 
     </span>
     <span class='ocr_line' id='line_1_14' title="bbox 470 1479 3200 1564; baseline -0 -18"><span class='ocrx_word' id='word_1_129' title='bbox 470 1479 792 1546; x_wconf 88' lang='lat' dir='ltr'>serenitati</span> <span class='ocrx_word' id='word_1_130' title='bbox 836 1499 963 1559; x_wconf 87' lang='lat' dir='ltr'>sue,</span> <span class='ocrx_word' id='word_1_131' title='bbox 1035 1499 1246 1545; x_wconf 88' lang='lat' dir='ltr'>sumus</span> <span class='ocrx_word' id='word_1_132' title='bbox 1316 1480 1611 1558; x_wconf 84' lang='lat' dir='ltr'>conteuti,</span> <span class='ocrx_word' id='word_1_133' title='bbox 1661 1479 2066 1544; x_wconf 88' lang='lat' dir='ltr'>consideratis</span> <span class='ocrx_word' id='word_1_134' title='bbox 2136 1479 2430 1561; x_wconf 87' lang='lat' dir='ltr'>predictis</span> <span class='ocrx_word' id='word_1_135' title='bbox 2493 1482 2558 1544; x_wconf 92' lang='lat' dir='ltr'>et</span> <span class='ocrx_word' id='word_1_136' title='bbox 2618 1484 2831 1547; x_wconf 89' lang='lat' dir='ltr'>sancto</span> <span class='ocrx_word' id='word_1_137' title='bbox 2893 1480 3200 1564; x_wconf 84' lang='lat' dir='ltr'>proposito</span> 
     </span>
     <span class='ocr_line' id='line_1_15' title="bbox 473 1566 3200 1651; baseline 0 -18"><span class='ocrx_word' id='word_1_138' title='bbox 473 1587 582 1633; x_wconf 89' lang='lat' dir='ltr'>suo</span> <span class='ocrx_word' id='word_1_139' title='bbox 628 1586 700 1633; x_wconf 87' lang='lat' dir='ltr'>ac</span> <span class='ocrx_word' id='word_1_140' title='bbox 747 1567 1061 1633; x_wconf 87' lang='lat' dir='ltr'>offerimus</span> <span class='ocrx_word' id='word_1_141' title='bbox 1102 1586 1211 1631; x_wconf 92' lang='lat' dir='ltr'>sue</span> <span class='ocrx_word' id='word_1_142' title='bbox 1259 1566 1574 1632; x_wconf 88' lang='lat' dir='ltr'>maiestati</span> <span class='ocrx_word' id='word_1_143' title='bbox 1619 1566 1683 1630; x_wconf 90' lang='lat' dir='ltr'>iu</span> <span class='ocrx_word' id='word_1_144' title='bbox 1730 1566 1898 1631; x_wconf 89' lang='lat' dir='ltr'>dicto</span> <span class='ocrx_word' id='word_1_145' title='bbox 1947 1584 2091 1631; x_wconf 88' lang='lat' dir='ltr'>casu</span> <span class='ocrx_word' id='word_1_146' title='bbox 2137 1567 2292 1632; x_wconf 89' lang='lat' dir='ltr'>duas</span> <span class='ocrx_word' id='word_1_147' title='bbox 2362 1568 2426 1632; x_wconf 90' lang='lat' dir='ltr'>et</span> <span class='ocrx_word' id='word_1_148' title='bbox 2485 1569 2613 1633; x_wconf 88' lang='lat' dir='ltr'>tres</span> <span class='ocrx_word' id='word_1_149' title='bbox 2676 1587 2870 1650; x_wconf 90' lang='lat' dir='ltr'>usque</span> <span class='ocrx_word' id='word_1_150' title='bbox 2931 1568 3200 1651; x_wconf 91' lang='lat' dir='ltr'>quinque</span> 
     </span>
     <span class='ocr_line' id='line_1_16' title="bbox 472 1653 3200 1738; baseline -0.001 -18"><span class='ocrx_word' id='word_1_151' title='bbox 472 1654 684 1738; x_wconf 86' lang='lat' dir='ltr'>galeas</span> <span class='ocrx_word' id='word_1_152' title='bbox 725 1656 1004 1723; x_wconf 88' lang='lat' dir='ltr'>armatas</span> <span class='ocrx_word' id='word_1_153' title='bbox 1049 1654 1336 1719; x_wconf 90' lang='lat' dir='ltr'>omnibus</span> <span class='ocrx_word' id='word_1_154' title='bbox 1385 1654 1611 1718; x_wconf 90' lang='lat' dir='ltr'>nostris</span> <span class='ocrx_word' id='word_1_155' title='bbox 1659 1654 1938 1736; x_wconf 84' lang='lat' dir='ltr'>expensis</span> <span class='ocrx_word' id='word_1_156' title='bbox 1984 1672 2094 1737; x_wconf 82' lang='lat' dir='ltr'>pro</span> <span class='ocrx_word' id='word_1_157' title='bbox 2140 1657 2412 1737; x_wconf 85' lang='lat' dir='ltr'>tempore</span> <span class='ocrx_word' id='word_1_158' title='bbox 2465 1673 2571 1719; x_wconf 87' lang='lat' dir='ltr'>sex</span> <span class='ocrx_word' id='word_1_159' title='bbox 2630 1655 2935 1719; x_wconf 87' lang='lat' dir='ltr'>mensium</span> <span class='ocrx_word' id='word_1_160' title='bbox 2996 1653 3200 1737; x_wconf 87' lang='lat' dir='ltr'>requi-</span> 
     </span>
     <span class='ocr_line' id='line_1_17' title="bbox 471 1739 3199 1825; baseline -0.001 -18"><span class='ocrx_word' id='word_1_161' title='bbox 471 1743 593 1808; x_wconf 89' lang='lat' dir='ltr'>sito</span> <span class='ocrx_word' id='word_1_162' title='bbox 639 1761 746 1823; x_wconf 90' lang='lat' dir='ltr'>pro</span> <span class='ocrx_word' id='word_1_163' title='bbox 791 1744 964 1825; x_wconf 89' lang='lat' dir='ltr'>parte</span> <span class='ocrx_word' id='word_1_164' title='bbox 1011 1761 1118 1807; x_wconf 89' lang='lat' dir='ltr'>sue</span> <span class='ocrx_word' id='word_1_165' title='bbox 1164 1739 1333 1824; x_wconf 86' lang='lat' dir='ltr'>regie</span> <span class='ocrx_word' id='word_1_166' title='bbox 1381 1740 1749 1806; x_wconf 89' lang='lat' dir='ltr'>maiestatis.</span> <span class='ocrx_word' id='word_1_167' title='bbox 1791 1741 1935 1805; x_wconf 89' lang='lat' dir='ltr'>Hiis</span> <span class='ocrx_word' id='word_1_168' title='bbox 1985 1760 2123 1807; x_wconf 84' lang='lat' dir='ltr'>vero</span> <span class='ocrx_word' id='word_1_169' title='bbox 2185 1741 2475 1824; x_wconf 90' lang='lat' dir='ltr'>expositis</span> <span class='ocrx_word' id='word_1_170' title='bbox 2521 1741 2693 1807; x_wconf 88' lang='lat' dir='ltr'>dicas</span> <span class='ocrx_word' id='word_1_171' title='bbox 2737 1742 2985 1807; x_wconf 90' lang='lat' dir='ltr'>domino</span> <span class='ocrx_word' id='word_1_172' title='bbox 3045 1741 3199 1824; x_wconf 87' lang='lat' dir='ltr'>regi,</span> 
     </span>
     <span class='ocr_line' id='line_1_18' title="bbox 475 1827 3202 1912; baseline -0.001 -18"><span class='ocrx_word' id='word_1_173' title='bbox 475 1831 742 1912; x_wconf 87' lang='lat' dir='ltr'>qualiter</span> <span class='ocrx_word' id='word_1_174' title='bbox 786 1831 863 1893; x_wconf 91' lang='lat' dir='ltr'>ad</span> <span class='ocrx_word' id='word_1_175' title='bbox 902 1848 1153 1912; x_wconf 81' lang='lat' dir='ltr'>presens</span> <span class='ocrx_word' id='word_1_176' title='bbox 1200 1848 1415 1893; x_wconf 90' lang='lat' dir='ltr'>sumus</span> <span class='ocrx_word' id='word_1_177' title='bbox 1464 1827 1526 1891; x_wconf 91' lang='lat' dir='ltr'>in</span> <span class='ocrx_word' id='word_1_178' title='bbox 1573 1830 1838 1911; x_wconf 89' lang='lat' dir='ltr'>treugua</span> <span class='ocrx_word' id='word_1_179' title='bbox 1904 1848 2043 1893; x_wconf 89' lang='lat' dir='ltr'>cum</span> <span class='ocrx_word' id='word_1_180' title='bbox 2110 1829 2351 1894; x_wconf 90' lang='lat' dir='ltr'>domino</span> <span class='ocrx_word' id='word_1_181' title='bbox 2413 1830 2781 1912; x_wconf 84' lang='lat' dir='ltr'>imperatore</span> <span class='ocrx_word' id='word_1_182' title='bbox 2844 1829 3202 1904; x_wconf 85' lang='lat' dir='ltr'>Constanti-</span> 
     </span>
     <span class='ocr_line' id='line_1_19' title="bbox 476 1914 3204 2000; baseline 0 -18"><span class='ocrx_word' id='word_1_183' title='bbox 476 1915 736 2000; x_wconf 90' lang='lat' dir='ltr'>nopolis,</span> <span class='ocrx_word' id='word_1_184' title='bbox 786 1917 851 1981; x_wconf 89' lang='lat' dir='ltr'>et</span> <span class='ocrx_word' id='word_1_185' title='bbox 895 1917 1164 1999; x_wconf 90' lang='lat' dir='ltr'>qualiter</span> <span class='ocrx_word' id='word_1_186' title='bbox 1209 1916 1272 1981; x_wconf 92' lang='lat' dir='ltr'>iu</span> <span class='ocrx_word' id='word_1_187' title='bbox 1321 1916 1576 1996; x_wconf 87' lang='lat' dir='ltr'>imperio</span> <span class='ocrx_word' id='word_1_188' title='bbox 1617 1914 1921 1981; x_wconf 88' lang='lat' dir='ltr'>habemus</span> <span class='ocrx_word' id='word_1_189' title='bbox 1968 1916 2063 1981; x_wconf 89' lang='lat' dir='ltr'>ius</span> <span class='ocrx_word' id='word_1_190' title='bbox 2111 1918 2176 1982; x_wconf 92' lang='lat' dir='ltr'>et</span> <span class='ocrx_word' id='word_1_191' title='bbox 2221 1916 2705 1984; x_wconf 89' lang='lat' dir='ltr'>iurisdictionem</span> <span class='ocrx_word' id='word_1_192' title='bbox 2772 1919 2837 1982; x_wconf 91' lang='lat' dir='ltr'>et</span> <span class='ocrx_word' id='word_1_193' title='bbox 2896 1918 3081 2000; x_wconf 83' lang='lat' dir='ltr'>pacta</span> <span class='ocrx_word' id='word_1_194' title='bbox 3139 1918 3204 1982; x_wconf 88' lang='lat' dir='ltr'>et</span> 
     </span>
     <span class='ocr_line' id='line_1_20' title="bbox 476 2002 3201 2088; baseline 0 -20"><span class='ocrx_word' id='word_1_195' title='bbox 476 2004 841 2069; x_wconf 89' lang='lat' dir='ltr'>franchisias</span> <span class='ocrx_word' id='word_1_196' title='bbox 887 2022 1027 2067; x_wconf 90' lang='lat' dir='ltr'>cum</span> <span class='ocrx_word' id='word_1_197' title='bbox 1076 2002 1239 2068; x_wconf 89' lang='lat' dir='ltr'>dicto</span> <span class='ocrx_word' id='word_1_198' title='bbox 1286 2004 1671 2085; x_wconf 83' lang='lat' dir='ltr'>imperatore,</span> <span class='ocrx_word' id='word_1_199' title='bbox 1720 2005 2004 2084; x_wconf 87' lang='lat' dir='ltr'>rogantes</span> <span class='ocrx_word' id='word_1_200' title='bbox 2052 2005 2448 2069; x_wconf 86' lang='lat' dir='ltr'>maiestatem</span> <span class='ocrx_word' id='word_1_201' title='bbox 2507 2023 2703 2080; x_wconf 86' lang='lat' dir='ltr'>suam,</span> <span class='ocrx_word' id='word_1_202' title='bbox 2771 2007 3074 2088; x_wconf 87' lang='lat' dir='ltr'>quatenus</span> <span class='ocrx_word' id='word_1_203' title='bbox 3135 2003 3201 2069; x_wconf 91' lang='lat' dir='ltr'>iu</span> 
     </span>
     <span class='ocr_line' id='line_1_21' title="bbox 479 2088 3199 2173; baseline 0.001 -19"><span class='ocrx_word' id='word_1_204' title='bbox 479 2092 648 2156; x_wconf 90' lang='lat' dir='ltr'>omni</span> <span class='ocrx_word' id='word_1_205' title='bbox 695 2109 841 2156; x_wconf 89' lang='lat' dir='ltr'>casu</span> <span class='ocrx_word' id='word_1_206' title='bbox 885 2088 1181 2155; x_wconf 88' lang='lat' dir='ltr'>honorem</span> <span class='ocrx_word' id='word_1_207' title='bbox 1227 2092 1293 2154; x_wconf 92' lang='lat' dir='ltr'>et</span> <span class='ocrx_word' id='word_1_208' title='bbox 1337 2089 1472 2155; x_wconf 88' lang='lat' dir='ltr'>iura</span> <span class='ocrx_word' id='word_1_209' title='bbox 1526 2090 1737 2155; x_wconf 88' lang='lat' dir='ltr'>nostra</span> <span class='ocrx_word' id='word_1_210' title='bbox 1798 2091 2026 2155; x_wconf 91' lang='lat' dir='ltr'>habere</span> <span class='ocrx_word' id='word_1_211' title='bbox 2084 2091 2323 2173; x_wconf 86' lang='lat' dir='ltr'>placeat</span> <span class='ocrx_word' id='word_1_212' title='bbox 2382 2091 2804 2157; x_wconf 74' lang='lat' dir='ltr'>favorabiliter</span> <span class='ocrx_word' id='word_1_213' title='bbox 2863 2093 3199 2166; x_wconf 84' lang='lat' dir='ltr'>reservata,</span> 
     </span>
     <span class='ocr_line' id='line_1_22' title="bbox 472 2177 3202 2261; baseline -0 -17"><span class='ocrx_word' id='word_1_214' title='bbox 472 2180 635 2244; x_wconf 79' lang='lat' dir='ltr'>sicut</span> <span class='ocrx_word' id='word_1_215' title='bbox 678 2178 853 2260; x_wconf 90' lang='lat' dir='ltr'>plene</span> <span class='ocrx_word' id='word_1_216' title='bbox 901 2197 1219 2260; x_wconf 87' lang='lat' dir='ltr'>speramus</span> <span class='ocrx_word' id='word_1_217' title='bbox 1266 2177 1340 2242; x_wconf 92' lang='lat' dir='ltr'>de</span> <span class='ocrx_word' id='word_1_218' title='bbox 1386 2196 1500 2241; x_wconf 89' lang='lat' dir='ltr'>sua</span> <span class='ocrx_word' id='word_1_219' title='bbox 1540 2178 1710 2261; x_wconf 91' lang='lat' dir='ltr'>regia</span> <span class='ocrx_word' id='word_1_220' title='bbox 1740 2179 2091 2243; x_wconf 84' lang='lat' dir='ltr'>maiestate.</span> <span class='ocrx_word' id='word_1_221' title='bbox 2144 2180 2404 2260; x_wconf 90' lang='lat' dir='ltr'>Insuper</span> <span class='ocrx_word' id='word_1_222' title='bbox 2434 2180 2818 2244; x_wconf 90' lang='lat' dir='ltr'>comittimus</span> <span class='ocrx_word' id='word_1_223' title='bbox 2861 2180 2996 2256; x_wconf 92' lang='lat' dir='ltr'>tibi,</span> <span class='ocrx_word' id='word_1_224' title='bbox 3037 2177 3202 2261; x_wconf 89' lang='lat' dir='ltr'>quod</span> 
     </span>
     <span class='ocr_line' id='line_1_23' title="bbox 468 2264 3203 2349; baseline -0 -19"><span class='ocrx_word' id='word_1_225' title='bbox 468 2284 760 2348; x_wconf 90' lang='lat' dir='ltr'>procures</span> <span class='ocrx_word' id='word_1_226' title='bbox 807 2265 964 2348; x_wconf 86' lang='lat' dir='ltr'>apud</span> <span class='ocrx_word' id='word_1_227' title='bbox 1011 2264 1331 2330; x_wconf 89' lang='lat' dir='ltr'>dominum</span> <span class='ocrx_word' id='word_1_228' title='bbox 1379 2284 1608 2349; x_wconf 90' lang='lat' dir='ltr'>regem,</span> <span class='ocrx_word' id='word_1_229' title='bbox 1657 2265 1818 2347; x_wconf 91' lang='lat' dir='ltr'>quod</span> <span class='ocrx_word' id='word_1_230' title='bbox 1863 2284 1971 2347; x_wconf 90' lang='lat' dir='ltr'>per</span> <span class='ocrx_word' id='word_1_231' title='bbox 2014 2266 2257 2349; x_wconf 91' lang='lat' dir='ltr'>aliquod</span> <span class='ocrx_word' id='word_1_232' title='bbox 2320 2268 2567 2348; x_wconf 89' lang='lat' dir='ltr'>tempus</span> <span class='ocrx_word' id='word_1_233' title='bbox 2623 2266 2787 2332; x_wconf 89' lang='lat' dir='ltr'>abile</span> <span class='ocrx_word' id='word_1_234' title='bbox 2848 2267 2979 2349; x_wconf 89' lang='lat' dir='ltr'>ipse</span> <span class='ocrx_word' id='word_1_235' title='bbox 3039 2265 3203 2330; x_wconf 91' lang='lat' dir='ltr'>noti-</span> 
     </span>
     <span class='ocr_line' id='line_1_24' title="bbox 472 2351 3200 2437; baseline 0 -19"><span class='ocrx_word' id='word_1_236' title='bbox 472 2354 615 2418; x_wconf 86' lang='lat' dir='ltr'>ficet</span> <span class='ocrx_word' id='word_1_237' title='bbox 676 2352 853 2418; x_wconf 91' lang='lat' dir='ltr'>nobis</span> <span class='ocrx_word' id='word_1_238' title='bbox 913 2354 988 2417; x_wconf 90' lang='lat' dir='ltr'>de</span> <span class='ocrx_word' id='word_1_239' title='bbox 1049 2352 1368 2418; x_wconf 85' lang='lat' dir='ltr'>voluntate</span> <span class='ocrx_word' id='word_1_240' title='bbox 1432 2371 1545 2419; x_wconf 89' lang='lat' dir='ltr'>sua</span> <span class='ocrx_word' id='word_1_241' title='bbox 1602 2353 1679 2417; x_wconf 89' lang='lat' dir='ltr'>ad</span> <span class='ocrx_word' id='word_1_242' title='bbox 1742 2351 1976 2417; x_wconf 86' lang='lat' dir='ltr'>factum</span> <span class='ocrx_word' id='word_1_243' title='bbox 2022 2353 2327 2417; x_wconf 89' lang='lat' dir='ltr'>dictarum</span> <span class='ocrx_word' id='word_1_244' title='bbox 2374 2353 2714 2437; x_wconf 85' lang='lat' dir='ltr'>galearum,</span> <span class='ocrx_word' id='word_1_245' title='bbox 2779 2356 2849 2418; x_wconf 89' lang='lat' dir='ltr'>ut</span> <span class='ocrx_word' id='word_1_246' title='bbox 2894 2354 3200 2437; x_wconf 87' lang='lat' dir='ltr'>possimus</span> 
     </span>
     <span class='ocr_line' id='line_1_25' title="bbox 471 2439 3201 2523; baseline 0 -18"><span class='ocrx_word' id='word_1_247' title='bbox 471 2439 811 2522; x_wconf 89' lang='lat' dir='ltr'>adimplere</span> <span class='ocrx_word' id='word_1_248' title='bbox 857 2439 1322 2520; x_wconf 89' lang='lat' dir='ltr'>requisitionem</span> <span class='ocrx_word' id='word_1_249' title='bbox 1369 2458 1476 2504; x_wconf 92' lang='lat' dir='ltr'>sue</span> <span class='ocrx_word' id='word_1_250' title='bbox 1517 2439 1686 2523; x_wconf 89' lang='lat' dir='ltr'>regie</span> <span class='ocrx_word' id='word_1_251' title='bbox 1732 2440 2099 2506; x_wconf 81' lang='lat' dir='ltr'>maiestatis,</span> <span class='ocrx_word' id='word_1_252' title='bbox 2148 2442 2337 2505; x_wconf 87' lang='lat' dir='ltr'>Facta</span> <span class='ocrx_word' id='word_1_253' title='bbox 2384 2458 2524 2505; x_wconf 88' lang='lat' dir='ltr'>vero</span> <span class='ocrx_word' id='word_1_254' title='bbox 2566 2441 2896 2505; x_wconf 84' lang='lat' dir='ltr'>ambaxata</span> <span class='ocrx_word' id='word_1_255' title='bbox 2937 2445 3001 2505; x_wconf 89' lang='lat' dir='ltr'>et</span> <span class='ocrx_word' id='word_1_256' title='bbox 3030 2441 3201 2507; x_wconf 85' lang='lat' dir='ltr'>obla-</span> 
     </span>
     <span class='ocr_line' id='line_1_26' title="bbox 471 2526 3200 2610; baseline 0 -18"><span class='ocrx_word' id='word_1_257' title='bbox 471 2527 640 2593; x_wconf 88' lang='lat' dir='ltr'>tione</span> <span class='ocrx_word' id='word_1_258' title='bbox 685 2526 981 2608; x_wconf 91' lang='lat' dir='ltr'>predicta,</span> <span class='ocrx_word' id='word_1_259' title='bbox 1031 2545 1174 2591; x_wconf 92' lang='lat' dir='ltr'>cum</span> <span class='ocrx_word' id='word_1_260' title='bbox 1217 2528 1606 2608; x_wconf 88' lang='lat' dir='ltr'>responsione</span> <span class='ocrx_word' id='word_1_261' title='bbox 1645 2528 1879 2591; x_wconf 90' lang='lat' dir='ltr'>domini</span> <span class='ocrx_word' id='word_1_262' title='bbox 1927 2529 2091 2610; x_wconf 90' lang='lat' dir='ltr'>regis</span> <span class='ocrx_word' id='word_1_263' title='bbox 2151 2529 2365 2592; x_wconf 87' lang='lat' dir='ltr'>redeas</span> <span class='ocrx_word' id='word_1_264' title='bbox 2427 2527 2721 2592; x_wconf 90' lang='lat' dir='ltr'>Venetias</span> <span class='ocrx_word' id='word_1_265' title='bbox 2782 2529 2856 2593; x_wconf 90' lang='lat' dir='ltr'>de</span> <span class='ocrx_word' id='word_1_266' title='bbox 2918 2528 3200 2594; x_wconf 89' lang='lat' dir='ltr'>omuibus</span> 
     </span>
     <span class='ocr_line' id='line_1_27' title="bbox 471 2611 3198 2698; baseline -0 -18"><span class='ocrx_word' id='word_1_267' title='bbox 471 2613 644 2680; x_wconf 89' lang='lat' dir='ltr'>novis</span> <span class='ocrx_word' id='word_1_268' title='bbox 690 2611 1043 2697; x_wconf 88' lang='lat' dir='ltr'>plenissime</span> <span class='ocrx_word' id='word_1_269' title='bbox 1090 2612 1476 2679; x_wconf 86' lang='lat' dir='ltr'>informatus.</span> <span class='ocrx_word' id='word_1_270' title='bbox 1522 2613 1921 2681; x_wconf 86' lang='lat' dir='ltr'>Comittimus</span> <span class='ocrx_word' id='word_1_271' title='bbox 1968 2616 2215 2698; x_wconf 88' lang='lat' dir='ltr'>insuper</span> <span class='ocrx_word' id='word_1_272' title='bbox 2261 2615 2396 2693; x_wconf 90' lang='lat' dir='ltr'>tibi,</span> <span class='ocrx_word' id='word_1_273' title='bbox 2471 2615 2631 2698; x_wconf 89' lang='lat' dir='ltr'>quod</span> <span class='ocrx_word' id='word_1_274' title='bbox 2676 2616 2821 2681; x_wconf 86' lang='lat' dir='ltr'>ante</span> <span class='ocrx_word' id='word_1_275' title='bbox 2880 2634 3198 2682; x_wconf 89' lang='lat' dir='ltr'>recessum</span> 
     </span>
     <span class='ocr_line' id='line_1_28' title="bbox 470 2700 3200 2787; baseline -0.001 -19"><span class='ocrx_word' id='word_1_276' title='bbox 470 2705 648 2768; x_wconf 91' lang='lat' dir='ltr'>tuum</span> <span class='ocrx_word' id='word_1_277' title='bbox 692 2721 729 2767; x_wconf 87' lang='lat' dir='ltr'>a</span> <span class='ocrx_word' id='word_1_278' title='bbox 773 2700 1020 2766; x_wconf 89' lang='lat' dir='ltr'>domino</span> <span class='ocrx_word' id='word_1_279' title='bbox 1068 2719 1229 2783; x_wconf 90' lang='lat' dir='ltr'>rege,</span> <span class='ocrx_word' id='word_1_280' title='bbox 1277 2704 1514 2784; x_wconf 91' lang='lat' dir='ltr'>quando</span> <span class='ocrx_word' id='word_1_281' title='bbox 1562 2702 1678 2766; x_wconf 89' lang='lat' dir='ltr'>tibi</span> <span class='ocrx_word' id='word_1_282' title='bbox 1727 2703 1951 2768; x_wconf 90' lang='lat' dir='ltr'>melius</span> <span class='ocrx_word' id='word_1_283' title='bbox 1998 2704 2324 2781; x_wconf 87' lang='lat' dir='ltr'>videbitur,</span> <span class='ocrx_word' id='word_1_284' title='bbox 2374 2704 2543 2769; x_wconf 87' lang='lat' dir='ltr'>dicas</span> <span class='ocrx_word' id='word_1_285' title='bbox 2589 2703 2708 2785; x_wconf 92' lang='lat' dir='ltr'>ipsi</span> <span class='ocrx_word' id='word_1_286' title='bbox 2754 2704 3003 2769; x_wconf 89' lang='lat' dir='ltr'>domino</span> <span class='ocrx_word' id='word_1_287' title='bbox 3046 2702 3200 2787; x_wconf 89' lang='lat' dir='ltr'>regi,</span> 
     </span>
     <span class='ocr_line' id='line_1_29' title="bbox 472 2788 3201 2873; baseline 0 -19"><span class='ocrx_word' id='word_1_288' title='bbox 472 2791 633 2872; x_wconf 91' lang='lat' dir='ltr'>quod</span> <span class='ocrx_word' id='word_1_289' title='bbox 678 2788 991 2854; x_wconf 89' lang='lat' dir='ltr'>occasione</span> <span class='ocrx_word' id='word_1_290' title='bbox 1031 2788 1405 2872; x_wconf 90' lang='lat' dir='ltr'>agendorum</span> <span class='ocrx_word' id='word_1_291' title='bbox 1451 2789 1650 2853; x_wconf 91' lang='lat' dir='ltr'>insule</span> <span class='ocrx_word' id='word_1_292' title='bbox 1696 2791 1905 2854; x_wconf 92' lang='lat' dir='ltr'>nostre</span> <span class='ocrx_word' id='word_1_293' title='bbox 1953 2788 2134 2854; x_wconf 89' lang='lat' dir='ltr'>Crete</span> <span class='ocrx_word' id='word_1_294' title='bbox 2187 2809 2404 2854; x_wconf 90' lang='lat' dir='ltr'>sumus</span> <span class='ocrx_word' id='word_1_295' title='bbox 2450 2791 2529 2854; x_wconf 88' lang='lat' dir='ltr'>ad</span> <span class='ocrx_word' id='word_1_296' title='bbox 2592 2809 2842 2873; x_wconf 87' lang='lat' dir='ltr'>presens</span> <span class='ocrx_word' id='word_1_297' title='bbox 2905 2791 2970 2855; x_wconf 92' lang='lat' dir='ltr'>in</span> <span class='ocrx_word' id='word_1_298' title='bbox 3028 2793 3201 2855; x_wconf 88' lang='lat' dir='ltr'>treu-</span> 
     </span>
     <span class='ocr_line' id='line_1_30' title="bbox 469 2876 3194 2959; baseline 0 -19"><span class='ocrx_word' id='word_1_299' title='bbox 469 2895 594 2959; x_wconf 90' lang='lat' dir='ltr'>gua</span> <span class='ocrx_word' id='word_1_300' title='bbox 639 2896 779 2942; x_wconf 90' lang='lat' dir='ltr'>cum</span> <span class='ocrx_word' id='word_1_301' title='bbox 826 2876 1071 2942; x_wconf 89' lang='lat' dir='ltr'>domino</span> <span class='ocrx_word' id='word_1_302' title='bbox 1119 2876 1364 2941; x_wconf 89' lang='lat' dir='ltr'>Palacie</span> <span class='ocrx_word' id='word_1_303' title='bbox 1408 2879 1470 2940; x_wconf 90' lang='lat' dir='ltr'>et</span> <span class='ocrx_word' id='word_1_304' title='bbox 1514 2876 1786 2959; x_wconf 86' lang='lat' dir='ltr'>Teologi,</span> <span class='ocrx_word' id='word_1_305' title='bbox 1830 2877 2055 2959; x_wconf 88' lang='lat' dir='ltr'>quibus</span> <span class='ocrx_word' id='word_1_306' title='bbox 2101 2876 2272 2942; x_wconf 91' lang='lat' dir='ltr'>nullo</span> <span class='ocrx_word' id='word_1_307' title='bbox 2313 2879 2492 2941; x_wconf 90' lang='lat' dir='ltr'>modo</span> <span class='ocrx_word' id='word_1_308' title='bbox 2549 2878 2850 2943; x_wconf 86' lang='lat' dir='ltr'>vellemus</span> <span class='ocrx_word' id='word_1_309' title='bbox 2909 2876 3194 2943; x_wconf 87' lang='lat' dir='ltr'>defficere</span> 
     </span>
     <span class='ocr_line' id='line_1_31' title="bbox 471 2963 3193 3047; baseline 0.001 -20"><span class='ocrx_word' id='word_1_310' title='bbox 471 2963 593 3028; x_wconf 88' lang='lat' dir='ltr'>fide</span> <span class='ocrx_word' id='word_1_311' title='bbox 639 2982 747 3045; x_wconf 89' lang='lat' dir='ltr'>pro</span> <span class='ocrx_word' id='word_1_312' title='bbox 794 2964 1021 3029; x_wconf 79' lang='lat' dir='ltr'>honore</span> <span class='ocrx_word' id='word_1_313' title='bbox 1068 2966 1132 3028; x_wconf 88' lang='lat' dir='ltr'>et</span> <span class='ocrx_word' id='word_1_314' title='bbox 1174 2965 1330 3029; x_wconf 92' lang='lat' dir='ltr'>bono</span> <span class='ocrx_word' id='word_1_315' title='bbox 1377 2967 1603 3040; x_wconf 88' lang='lat' dir='ltr'>nostro,</span> <span class='ocrx_word' id='word_1_316' title='bbox 1660 2969 1951 3047; x_wconf 88' lang='lat' dir='ltr'>rogantes</span> <span class='ocrx_word' id='word_1_317' title='bbox 2015 2982 2190 3028; x_wconf 89' lang='lat' dir='ltr'>suam</span> <span class='ocrx_word' id='word_1_318' title='bbox 2251 2964 2699 3040; x_wconf 87' lang='lat' dir='ltr'>excellentiam,</span> <span class='ocrx_word' id='word_1_319' title='bbox 2763 2968 3070 3047; x_wconf 86' lang='lat' dir='ltr'>quatenus</span> <span class='ocrx_word' id='word_1_320' title='bbox 3132 2966 3193 3030; x_wconf 90' lang='lat' dir='ltr'>in</span> 
     </span>
     <span class='ocr_line' id='line_1_32' title="bbox 471 3051 3197 3134; baseline 0.001 -20"><span class='ocrx_word' id='word_1_321' title='bbox 471 3051 587 3116; x_wconf 91' lang='lat' dir='ltr'>hoc</span> <span class='ocrx_word' id='word_1_322' title='bbox 632 3051 841 3116; x_wconf 89' lang='lat' dir='ltr'>teneat</span> <span class='ocrx_word' id='word_1_323' title='bbox 883 3051 1071 3116; x_wconf 89' lang='lat' dir='ltr'>talem</span> <span class='ocrx_word' id='word_1_324' title='bbox 1121 3051 1396 3130; x_wconf 90' lang='lat' dir='ltr'>modum,</span> <span class='ocrx_word' id='word_1_325' title='bbox 1467 3053 1624 3134; x_wconf 92' lang='lat' dir='ltr'>quod</span> <span class='ocrx_word' id='word_1_326' title='bbox 1701 3070 1818 3115; x_wconf 90' lang='lat' dir='ltr'>non</span> <span class='ocrx_word' id='word_1_327' title='bbox 1887 3051 2206 3117; x_wconf 88' lang='lat' dir='ltr'>veniamus</span> <span class='ocrx_word' id='word_1_328' title='bbox 2273 3071 2557 3133; x_wconf 89' lang='lat' dir='ltr'>rumpere</span> <span class='ocrx_word' id='word_1_329' title='bbox 2626 3054 2809 3117; x_wconf 88' lang='lat' dir='ltr'>fidem</span> <span class='ocrx_word' id='word_1_330' title='bbox 2856 3052 3063 3130; x_wconf 88' lang='lat' dir='ltr'>alicui,</span> <span class='ocrx_word' id='word_1_331' title='bbox 3131 3055 3197 3117; x_wconf 92' lang='lat' dir='ltr'>et</span> 
     </span>
     <span class='ocr_line' id='line_1_33' title="bbox 471 3137 3197 3221; baseline 0.001 -20"><span class='ocrx_word' id='word_1_332' title='bbox 471 3137 632 3218; x_wconf 92' lang='lat' dir='ltr'>quod</span> <span class='ocrx_word' id='word_1_333' title='bbox 678 3138 844 3203; x_wconf 88' lang='lat' dir='ltr'>facta</span> <span class='ocrx_word' id='word_1_334' title='bbox 889 3140 1100 3203; x_wconf 89' lang='lat' dir='ltr'>nostra</span> <span class='ocrx_word' id='word_1_335' title='bbox 1143 3141 1467 3221; x_wconf 88' lang='lat' dir='ltr'>propterea</span> <span class='ocrx_word' id='word_1_336' title='bbox 1514 3157 1631 3205; x_wconf 91' lang='lat' dir='ltr'>uon</span> <span class='ocrx_word' id='word_1_337' title='bbox 1668 3140 2084 3213; x_wconf 86' lang='lat' dir='ltr'>sinistrentur,</span> <span class='ocrx_word' id='word_1_338' title='bbox 2134 3137 2296 3202; x_wconf 89' lang='lat' dir='ltr'>sicut</span> <span class='ocrx_word' id='word_1_339' title='bbox 2342 3157 2660 3220; x_wconf 86' lang='lat' dir='ltr'>speramus</span> <span class='ocrx_word' id='word_1_340' title='bbox 2723 3141 2795 3204; x_wconf 90' lang='lat' dir='ltr'>de</span> <span class='ocrx_word' id='word_1_341' title='bbox 2855 3158 2969 3204; x_wconf 89' lang='lat' dir='ltr'>sua</span> <span class='ocrx_word' id='word_1_342' title='bbox 3026 3138 3197 3221; x_wconf 83' lang='lat' dir='ltr'>regia</span> 
     </span>
     <span class='ocr_line' id='line_1_34' title="bbox 469 3224 3192 3308; baseline 0.001 -21"><span class='ocrx_word' id='word_1_343' title='bbox 469 3225 818 3302; x_wconf 84' lang='lat' dir='ltr'>maiestate,</span> <span class='ocrx_word' id='word_1_344' title='bbox 858 3224 1085 3288; x_wconf 91' lang='lat' dir='ltr'>utendo</span> <span class='ocrx_word' id='word_1_345' title='bbox 1116 3225 1234 3289; x_wconf 91' lang='lat' dir='ltr'>hiis</span> <span class='ocrx_word' id='word_1_346' title='bbox 1266 3228 1331 3290; x_wconf 90' lang='lat' dir='ltr'>et</span> <span class='ocrx_word' id='word_1_347' title='bbox 1359 3225 1497 3290; x_wconf 89' lang='lat' dir='ltr'>aliis</span> <span class='ocrx_word' id='word_1_348' title='bbox 1527 3226 1747 3304; x_wconf 75' lang='lat' dir='ltr'>verbiS,</span> <span class='ocrx_word' id='word_1_349' title='bbox 1783 3245 1900 3308; x_wconf 91' lang='lat' dir='ltr'>que</span> <span class='ocrx_word' id='word_1_350' title='bbox 1930 3244 2039 3307; x_wconf 91' lang='lat' dir='ltr'>pro</span> <span class='ocrx_word' id='word_1_351' title='bbox 2071 3225 2229 3290; x_wconf 92' lang='lat' dir='ltr'>bono</span> <span class='ocrx_word' id='word_1_352' title='bbox 2260 3224 2411 3290; x_wconf 86' lang='lat' dir='ltr'>facti</span> <span class='ocrx_word' id='word_1_353' title='bbox 2444 3227 2559 3290; x_wconf 89' lang='lat' dir='ltr'>tibi</span> <span class='ocrx_word' id='word_1_354' title='bbox 2594 3225 2774 3291; x_wconf 89' lang='lat' dir='ltr'>utilia</span> <span class='ocrx_word' id='word_1_355' title='bbox 2806 3227 3192 3291; x_wconf 89' lang='lat' dir='ltr'>videbuntur.</span> 
     </span>
     <span class='ocr_line' id='line_1_35' title="bbox 680 3309 3196 3395; baseline 0.002 -22"><span class='ocrx_word' id='word_1_356' title='bbox 680 3310 864 3375; x_wconf 90' lang='lat' dir='ltr'>Potes</span> <span class='ocrx_word' id='word_1_357' title='bbox 912 3309 1249 3393; x_wconf 85' lang='lat' dir='ltr'>expendere</span> <span class='ocrx_word' id='word_1_358' title='bbox 1296 3312 1359 3376; x_wconf 91' lang='lat' dir='ltr'>in</span> <span class='ocrx_word' id='word_1_359' title='bbox 1426 3313 1711 3377; x_wconf 89' lang='lat' dir='ltr'>omnibus</span> <span class='ocrx_word' id='word_1_360' title='bbox 1773 3313 2052 3394; x_wconf 88' lang='lat' dir='ltr'>expensis</span> <span class='ocrx_word' id='word_1_361' title='bbox 2110 3313 2675 3395; x_wconf 89' lang='lat' dir='ltr'>quomodocumque</span> <span class='ocrx_word' id='word_1_362' title='bbox 2736 3315 3196 3380; x_wconf 87' lang='lat' dir='ltr'>occurrentibus</span> 
     </span>
     <span class='ocr_line' id='line_1_36' title="bbox 472 3395 3193 3483; baseline 0.003 -24"><span class='ocrx_word' id='word_1_363' title='bbox 472 3396 603 3459; x_wconf 89' lang='lat' dir='ltr'>tam</span> <span class='ocrx_word' id='word_1_364' title='bbox 671 3395 794 3461; x_wconf 87' lang='lat' dir='ltr'>oris</span> <span class='ocrx_word' id='word_1_365' title='bbox 860 3416 1044 3481; x_wconf 89' lang='lat' dir='ltr'>quam</span> <span class='ocrx_word' id='word_1_366' title='bbox 1107 3398 1459 3482; x_wconf 86' lang='lat' dir='ltr'>agotiorum</span> <span class='ocrx_word' id='word_1_367' title='bbox 1518 3418 1631 3483; x_wconf 89' lang='lat' dir='ltr'>pro</span> <span class='ocrx_word' id='word_1_368' title='bbox 1678 3402 1740 3464; x_wconf 94' lang='lat' dir='ltr'>te</span> <span class='ocrx_word' id='word_1_369' title='bbox 1795 3403 1861 3464; x_wconf 91' lang='lat' dir='ltr'>et</span> <span class='ocrx_word' id='word_1_370' title='bbox 1919 3399 2158 3465; x_wconf 84' lang='lat' dir='ltr'>familia</span> <span class='ocrx_word' id='word_1_371' title='bbox 2202 3402 2311 3466; x_wconf 91' lang='lat' dir='ltr'>tua</span> <span class='ocrx_word' id='word_1_372' title='bbox 2355 3401 2610 3466; x_wconf 89' lang='lat' dir='ltr'>ducatos</span> <span class='ocrx_word' id='word_1_373' title='bbox 2679 3419 2787 3466; x_wconf 89' lang='lat' dir='ltr'>sex</span> <span class='ocrx_word' id='word_1_374' title='bbox 2824 3403 2887 3466; x_wconf 91' lang='lat' dir='ltr'>in</span> <span class='ocrx_word' id='word_1_375' title='bbox 2932 3400 3031 3465; x_wconf 89' lang='lat' dir='ltr'>die</span> <span class='ocrx_word' id='word_1_376' title='bbox 3074 3419 3193 3466; x_wconf 91' lang='lat' dir='ltr'>uon</span> 
     </span>
     <span class='ocr_line' id='line_1_37' title="bbox 466 3483 3192 3569; baseline 0.002 -22"><span class='ocrx_word' id='word_1_377' title='bbox 466 3483 841 3565; x_wconf 87' lang='lat' dir='ltr'>computatis</span> <span class='ocrx_word' id='word_1_378' title='bbox 884 3484 1301 3567; x_wconf 89' lang='lat' dir='ltr'>emptionibus</span> <span class='ocrx_word' id='word_1_379' title='bbox 1348 3505 1661 3569; x_wconf 91' lang='lat' dir='ltr'>equorum,</span> <span class='ocrx_word' id='word_1_380' title='bbox 1708 3487 1906 3553; x_wconf 85' lang='lat' dir='ltr'>hortis</span> <span class='ocrx_word' id='word_1_381' title='bbox 1946 3491 2009 3552; x_wconf 92' lang='lat' dir='ltr'>et</span> <span class='ocrx_word' id='word_1_382' title='bbox 2057 3487 2324 3552; x_wconf 77' lang='lat' dir='ltr'>nabuliS.</span> <span class='ocrx_word' id='word_1_383' title='bbox 2374 3487 2456 3552; x_wconf 85' lang='lat' dir='ltr'>Et</span> <span class='ocrx_word' id='word_1_384' title='bbox 2499 3487 2685 3553; x_wconf 89' lang='lat' dir='ltr'>debes</span> <span class='ocrx_word' id='word_1_385' title='bbox 2732 3488 2956 3554; x_wconf 88' lang='lat' dir='ltr'>habere</span> <span class='ocrx_word' id='word_1_386' title='bbox 3002 3506 3192 3553; x_wconf 91' lang='lat' dir='ltr'>unum</span> 
     </span>
     <span class='ocr_line' id='line_1_38' title="bbox 466 3568 3197 3656; baseline 0.001 -22"><span class='ocrx_word' id='word_1_387' title='bbox 466 3568 776 3636; x_wconf 88' lang='lat' dir='ltr'>notarium</span> <span class='ocrx_word' id='word_1_388' title='bbox 836 3589 977 3638; x_wconf 91' lang='lat' dir='ltr'>cum</span> <span class='ocrx_word' id='word_1_389' title='bbox 1048 3591 1166 3639; x_wconf 91' lang='lat' dir='ltr'>uno</span> <span class='ocrx_word' id='word_1_390' title='bbox 1226 3573 1478 3653; x_wconf 85' lang='lat' dir='ltr'>famulo,</span> <span class='ocrx_word' id='word_1_391' title='bbox 1548 3575 1810 3656; x_wconf 87' lang='lat' dir='ltr'>quatuor</span> <span class='ocrx_word' id='word_1_392' title='bbox 1878 3573 2255 3652; x_wconf 79' lang='lat' dir='ltr'>domicelloS,</span> <span class='ocrx_word' id='word_1_393' title='bbox 2332 3593 2523 3639; x_wconf 91' lang='lat' dir='ltr'>unum</span> <span class='ocrx_word' id='word_1_394' title='bbox 2591 3574 3082 3642; x_wconf 87' lang='lat' dir='ltr'>marescalchum</span> <span class='ocrx_word' id='word_1_395' title='bbox 3131 3575 3197 3638; x_wconf 91' lang='lat' dir='ltr'>et</span> 
     </span>
     <span class='ocr_line' id='line_1_39' title="bbox 465 3657 3191 3744; baseline 0.002 -24"><span class='ocrx_word' id='word_1_396' title='bbox 465 3675 656 3723; x_wconf 91' lang='lat' dir='ltr'>unum</span> <span class='ocrx_word' id='word_1_397' title='bbox 702 3657 1121 3740; x_wconf 88' lang='lat' dir='ltr'>interpretem.</span> <span class='ocrx_word' id='word_1_398' title='bbox 1165 3661 1324 3725; x_wconf 88' lang='lat' dir='ltr'>Item</span> <span class='ocrx_word' id='word_1_399' title='bbox 1371 3661 1713 3743; x_wconf 88' lang='lat' dir='ltr'>capitulum</span> <span class='ocrx_word' id='word_1_400' title='bbox 1758 3662 2013 3727; x_wconf 90' lang='lat' dir='ltr'>solitum</span> <span class='ocrx_word' id='word_1_401' title='bbox 2061 3663 2136 3726; x_wconf 92' lang='lat' dir='ltr'>de</span> <span class='ocrx_word' id='word_1_402' title='bbox 2173 3661 2432 3728; x_wconf 84' lang='lat' dir='ltr'>videndo</span> <span class='ocrx_word' id='word_1_403' title='bbox 2480 3681 2771 3744; x_wconf 88' lang='lat' dir='ltr'>expensas</span> <span class='ocrx_word' id='word_1_404' title='bbox 2803 3662 2971 3727; x_wconf 90' lang='lat' dir='ltr'>omni</span> <span class='ocrx_word' id='word_1_405' title='bbox 3003 3661 3191 3727; x_wconf 87' lang='lat' dir='ltr'>tertia</span> 
     </span>
     <span class='ocr_line' id='line_1_40' title="bbox 464 3743 3191 3832; baseline 0.003 -25"><span class='ocrx_word' id='word_1_406' title='bbox 464 3743 563 3810; x_wconf 89' lang='lat' dir='ltr'>die</span> <span class='ocrx_word' id='word_1_407' title='bbox 607 3745 685 3810; x_wconf 90' lang='lat' dir='ltr'>ad</span> <span class='ocrx_word' id='word_1_408' title='bbox 732 3746 937 3811; x_wconf 90' lang='lat' dir='ltr'>minus</span> <span class='ocrx_word' id='word_1_409' title='bbox 983 3747 1102 3811; x_wconf 91' lang='lat' dir='ltr'>etc.</span> <span class='ocrx_word' id='word_1_410' title='bbox 1149 3749 1309 3813; x_wconf 90' lang='lat' dir='ltr'>Item</span> <span class='ocrx_word' id='word_1_411' title='bbox 1357 3748 1698 3831; x_wconf 86' lang='lat' dir='ltr'>capitulum</span> <span class='ocrx_word' id='word_1_412' title='bbox 1743 3747 1821 3813; x_wconf 92' lang='lat' dir='ltr'>de</span> <span class='ocrx_word' id='word_1_413' title='bbox 1865 3767 1981 3813; x_wconf 89' lang='lat' dir='ltr'>non</span> <span class='ocrx_word' id='word_1_414' title='bbox 2032 3748 2421 3831; x_wconf 86' lang='lat' dir='ltr'>impetrando</span> <span class='ocrx_word' id='word_1_415' title='bbox 2468 3751 2693 3814; x_wconf 88' lang='lat' dir='ltr'>donum</span> <span class='ocrx_word' id='word_1_416' title='bbox 2744 3768 2854 3815; x_wconf 90' lang='lat' dir='ltr'>nec</span> <span class='ocrx_word' id='word_1_417' title='bbox 2922 3747 3191 3832; x_wconf 83' lang='lat' dir='ltr'>gratiam</span> 
     </span>
     <span class='ocr_line' id='line_1_41' title="bbox 463 3833 3191 3919; baseline 0.002 -24"><span class='ocrx_word' id='word_1_418' title='bbox 463 3835 582 3896; x_wconf 90' lang='lat' dir='ltr'>etc.</span> <span class='ocrx_word' id='word_1_419' title='bbox 653 3833 815 3898; x_wconf 91' lang='lat' dir='ltr'>Item</span> <span class='ocrx_word' id='word_1_420' title='bbox 881 3834 1219 3916; x_wconf 86' lang='lat' dir='ltr'>capitulum</span> <span class='ocrx_word' id='word_1_421' title='bbox 1286 3836 1362 3900; x_wconf 90' lang='lat' dir='ltr'>de</span> <span class='ocrx_word' id='word_1_422' title='bbox 1433 3835 1840 3918; x_wconf 83' lang='lat' dir='ltr'>presentando</span> <span class='ocrx_word' id='word_1_423' title='bbox 1901 3838 2243 3919; x_wconf 86' lang='lat' dir='ltr'>scripturas</span> <span class='ocrx_word' id='word_1_424' title='bbox 2306 3837 2471 3901; x_wconf 88' lang='lat' dir='ltr'>curie</span> <span class='ocrx_word' id='word_1_425' title='bbox 2531 3835 2594 3900; x_wconf 90' lang='lat' dir='ltr'>in</span> <span class='ocrx_word' id='word_1_426' title='bbox 2665 3855 2778 3901; x_wconf 90' lang='lat' dir='ltr'>suo</span> <span class='ocrx_word' id='word_1_427' title='bbox 2824 3838 3029 3901; x_wconf 89' lang='lat' dir='ltr'>reditu</span> <span class='ocrx_word' id='word_1_428' title='bbox 3074 3837 3191 3900; x_wconf 85' lang='lat' dir='ltr'>etc.</span> 
     </span>
     <span class='ocr_line' id='line_1_42' title="bbox 462 3918 3192 4003; baseline 0.001 -18"><span class='ocrx_word' id='word_1_429' title='bbox 462 3918 701 3985; x_wconf 85' lang='lat' dir='ltr'>Jurasti</span> <span class='ocrx_word' id='word_1_430' title='bbox 750 3920 1088 4003; x_wconf 88' lang='lat' dir='ltr'>proficuum</span> <span class='ocrx_word' id='word_1_431' title='bbox 1134 3925 1197 3985; x_wconf 89' lang='lat' dir='ltr'>et</span> <span class='ocrx_word' id='word_1_432' title='bbox 1241 3923 1531 3987; x_wconf 90' lang='lat' dir='ltr'>honorem</span> <span class='ocrx_word' id='word_1_433' title='bbox 1582 3922 1979 3989; x_wconf 90' lang='lat' dir='ltr'>Venetiarum</span> <span class='ocrx_word' id='word_1_434' title='bbox 2025 3924 2238 4000; x_wconf 85' lang='lat' dir='ltr'>eunde,</span> <span class='ocrx_word' id='word_1_435' title='bbox 2288 3923 2505 3988; x_wconf 89' lang='lat' dir='ltr'>stando</span> <span class='ocrx_word' id='word_1_436' title='bbox 2536 3924 2612 3988; x_wconf 89' lang='lat' dir='ltr'>ed</span> <span class='ocrx_word' id='word_1_437' title='bbox 2647 3923 2974 3990; x_wconf 87' lang='lat' dir='ltr'>redeundo.</span> <span class='ocrx_word' id='word_1_438' title='bbox 3023 3924 3192 3988; x_wconf 87' lang='lat' dir='ltr'>Data</span> 
     </span>
     <span class='ocr_line' id='line_1_43' title="bbox 464 4005 2726 4093; baseline 0.002 -22"><span class='ocrx_word' id='word_1_439' title='bbox 464 4005 530 4071; x_wconf 91' lang='lat' dir='ltr'>in</span> <span class='ocrx_word' id='word_1_440' title='bbox 578 4008 787 4073; x_wconf 89' lang='lat' dir='ltr'>nostro</span> <span class='ocrx_word' id='word_1_441' title='bbox 833 4007 1035 4073; x_wconf 85' lang='lat' dir='ltr'>ducali</span> <span class='ocrx_word' id='word_1_442' title='bbox 1078 4008 1303 4090; x_wconf 85' lang='lat' dir='ltr'>palatio</span> <span class='ocrx_word' id='word_1_443' title='bbox 1346 4009 1441 4074; x_wconf 91' lang='lat' dir='ltr'>die</span> <span class='ocrx_word' id='word_1_444' title='bbox 1485 4010 1545 4074; x_wconf 87' lang='lat' dir='ltr'>X</span> <span class='ocrx_word' id='word_1_445' title='bbox 1589 4009 1819 4086; x_wconf 85' lang='lat' dir='ltr'>martii,</span> <span class='ocrx_word' id='word_1_446' title='bbox 1865 4012 2083 4093; x_wconf 86' lang='lat' dir='ltr'>quarte</span> <span class='ocrx_word' id='word_1_447' title='bbox 2131 4010 2486 4075; x_wconf 90' lang='lat' dir='ltr'>indictionis</span> <span class='ocrx_word' id='word_1_448' title='bbox 2538 4010 2726 4075; x_wconf 85' lang='lat'><strong>1366.</strong></span> 
     </span>
     <span class='ocr_line' id='line_1_44' title="bbox 546 4095 2034 4174; baseline 0.001 -17"><span class='ocrx_word' id='word_1_449' title='bbox 546 4095 787 4159; x_wconf 80' lang='lat' dir='ltr'>Secreta</span> <span class='ocrx_word' id='word_1_450' title='bbox 828 4099 1063 4160; x_wconf 75' lang='lat' dir='ltr'>consilii</span> <span class='ocrx_word' id='word_1_451' title='bbox 1106 4103 1461 4174; x_wconf 75' lang='lat' dir='ltr'>royatorum‚</span> <span class='ocrx_word' id='word_1_452' title='bbox 1507 4117 1550 4158; x_wconf 79' lang='lat' dir='ltr'>u</span> <span class='ocrx_word' id='word_1_453' title='bbox 1594 4099 1750 4158; x_wconf 78' lang='lat' dir='ltr'>mlet.</span> <span class='ocrx_word' id='word_1_454' title='bbox 1799 4101 2034 4160; x_wconf 79' lang='lat' dir='ltr'>arkivu.</span> 
     </span>
    </p>
   </div>
   <div class='ocr_carea' id='block_1_3' title="bbox 823 4215 2841 4322">
    <p class='ocr_par' dir='ltr' id='par_1_3' title="bbox 823 4215 2841 4322">
     <span class='ocr_line' id='line_1_45' title="bbox 823 4215 2841 4322; baseline 0.001 -24"><span class='ocrx_word' id='word_1_455' title='bbox 823 4215 1182 4300; x_wconf 79' lang='lat' dir='ltr'>CXLIX.</span> <span class='ocrx_word' id='word_1_456' title='bbox 1238 4217 1440 4301; x_wconf 76' lang='lat' dir='ltr'>God.</span> <span class='ocrx_word' id='word_1_457' title='bbox 1496 4220 1722 4302; x_wconf 80' lang='lat'><strong>1366.</strong></span> <span class='ocrx_word' id='word_1_458' title='bbox 1776 4220 1885 4302; x_wconf 77' lang='lat'>20</span> <span class='ocrx_word' id='word_1_459' title='bbox 1940 4220 2248 4322; x_wconf 80' lang='lat' dir='ltr'>lipnja,</span> <span class='ocrx_word' id='word_1_460' title='bbox 2299 4242 2359 4301; x_wconf 91' lang='lat' dir='ltr'>u</span> <span class='ocrx_word' id='word_1_461' title='bbox 2413 4219 2841 4319; x_wconf 73' lang='lat' dir='ltr'>Gur-genu.</span> 
     </span>
    </p>
   </div>
   <div class='ocr_carea' id='block_1_4' title="bbox 475 4337 3191 4508">
    <p class='ocr_par' dir='ltr' id='par_1_4' title="bbox 475 4337 3191 4508">
     <span class='ocr_line' id='line_1_46' title="bbox 475 4337 3191 4419; baseline 0.003 -23"><span class='ocrx_word' id='word_1_462' title='bbox 475 4337 818 4413; x_wconf 62' lang='lat' dir='ltr'>Hyan-hrt).</span> <span class='ocrx_word' id='word_1_463' title='bbox 863 4343 1024 4417; x_wconf 72' lang='lat' dir='ltr'>krah‘</span> <span class='ocrx_word' id='word_1_464' title='bbox 1069 4344 1356 4417; x_wconf 68' lang='lat' dir='ltr'>Ljudevit</span> <span class='ocrx_word' id='word_1_465' title='bbox 1398 4346 1737 4419; x_wconf 67' lang='lat' dir='ltr'>zahvaljm‘e</span> <span class='ocrx_word' id='word_1_466' title='bbox 1781 4363 1845 4406; x_wconf 80' lang='lat' dir='ltr'>se</span> <span class='ocrx_word' id='word_1_467' title='bbox 1890 4346 2044 4406; x_wconf 74' lang='lat' dir='ltr'>mlet.</span> <span class='ocrx_word' id='word_1_468' title='bbox 2093 4346 2387 4419; x_wconf 78' lang='lat' dir='ltr'>republiki</span> <span class='ocrx_word' id='word_1_469' title='bbox 2433 4363 2515 4404; x_wconf 83' lang='lat' dir='ltr'>na</span> <span class='ocrx_word' id='word_1_470' title='bbox 2561 4349 2636 4415; x_wconf 82' lang='lat' dir='ltr'>te,</span> <span class='ocrx_word' id='word_1_471' title='bbox 2683 4345 2772 4404; x_wconf 65' lang='lat' dir='ltr'>§to</span> <span class='ocrx_word' id='word_1_472' title='bbox 2816 4362 2919 4404; x_wconf 79' lang='lat' dir='ltr'>mu</span> <span class='ocrx_word' id='word_1_473' title='bbox 2986 4346 3191 4406; x_wconf 66' lang='grc' dir='ltr'><strong><em>ἀοινο-</em></strong></span> 
     </span>
     <span class='ocr_line' id='line_1_47' title="bbox 551 4424 3101 4508; baseline 0.003 -26"><span class='ocrx_word' id='word_1_474' title='bbox 551 4424 659 4483; x_wconf 82' lang='lat' dir='ltr'>lila</span> <span class='ocrx_word' id='word_1_475' title='bbox 693 4427 774 4490; x_wconf 30' lang='lat' dir='ltr'>,do</span> <span class='ocrx_word' id='word_1_476' title='bbox 805 4433 916 4501; x_wconf 75' lang='lat' dir='ltr'>pet</span> <span class='ocrx_word' id='word_1_477' title='bbox 953 4431 1147 4506; x_wconf 74' lang='lat' dir='ltr'>yalija</span> <span class='ocrx_word' id='word_1_478' title='bbox 1190 4428 1576 4508; x_wconf 61' lang='lat' dir='ltr'>oboruianih,</span> <span class='ocrx_word' id='word_1_479' title='bbox 1626 4433 1705 4492; x_wconf 82' lang='lat' dir='ltr'>da</span> <span class='ocrx_word' id='word_1_480' title='bbox 1737 4434 1838 4507; x_wconf 75' lang='lat' dir='ltr'>jih</span> <span class='ocrx_word' id='word_1_481' title='bbox 1879 4435 2040 4507; x_wconf 72' lang='lat' dir='ltr'>proti</span> <span class='ocrx_word' id='word_1_482' title='bbox 2086 4434 2345 4492; x_wconf 76' lang='lat' dir='ltr'>Turkom</span> <span class='ocrx_word' id='word_1_483' title='bbox 2388 4434 2523 4491; x_wconf 80' lang='lat' dir='ltr'>rabi</span> <span class='ocrx_word' id='word_1_484' title='bbox 2560 4448 2635 4491; x_wconf 75' lang='lat' dir='ltr'>za</span> <span class='ocrx_word' id='word_1_485' title='bbox 2678 4433 2797 4492; x_wconf 65' lang='lat' dir='ltr'>§est</span> <span class='ocrx_word' id='word_1_486' title='bbox 2837 4433 3101 4492; x_wconf 78' lang='lat' dir='ltr'>mieseca.</span> 
     </span>
    </p>
   </div>
   <div class='ocr_carea' id='block_1_5' title="bbox 459 4526 3191 4707">
    <p class='ocr_par' dir='ltr' id='par_1_5' title="bbox 459 4526 3191 4707">
     <span class='ocr_line' id='line_1_48' title="bbox 670 4526 3191 4618; baseline 0.004 -27"><span class='ocrx_word' id='word_1_487' title='bbox 670 4526 1039 4612; x_wconf 89' lang='lat' dir='ltr'>Exemplum</span> <span class='ocrx_word' id='word_1_488' title='bbox 1099 4532 1452 4600; x_wconf 76' lang='lat' dir='ltr'>litterarum</span> <span class='ocrx_word' id='word_1_489' title='bbox 1530 4536 1863 4601; x_wconf 89' lang='lat' dir='ltr'>missarum</span> <span class='ocrx_word' id='word_1_490' title='bbox 1926 4534 2326 4601; x_wconf 87' lang='lat' dir='ltr'>dominationi</span> <span class='ocrx_word' id='word_1_491' title='bbox 2401 4553 2511 4618; x_wconf 90' lang='lat' dir='ltr'>per</span> <span class='ocrx_word' id='word_1_492' title='bbox 2584 4533 2902 4600; x_wconf 90' lang='lat' dir='ltr'>domiuum</span> <span class='ocrx_word' id='word_1_493' title='bbox 2981 4553 3191 4618; x_wconf 86' lang='lat' dir='ltr'>regem</span> 
     </span>
     <span class='ocr_line' id='line_1_49' title="bbox 459 4609 3189 4707; baseline 0.004 -32"><span class='ocrx_word' id='word_1_494' title='bbox 459 4609 778 4696; x_wconf 87' lang='lat' dir='ltr'>Hungarie</span> <span class='ocrx_word' id='word_1_495' title='bbox 822 4635 933 4698; x_wconf 92' lang='lat' dir='ltr'>pro</span> <span class='ocrx_word' id='word_1_496' title='bbox 978 4618 1175 4702; x_wconf 87' lang='lat' dir='ltr'>galeis</span> <span class='ocrx_word' id='word_1_497' title='bbox 1219 4620 1341 4688; x_wconf 90' lang='lat' dir='ltr'>sibi</span> <span class='ocrx_word' id='word_1_498' title='bbox 1386 4622 1616 4690; x_wconf 89' lang='lat' dir='ltr'>oblatis</span> <span class='ocrx_word' id='word_1_499' title='bbox 1662 4622 1978 4690; x_wconf 86' lang='lat' dir='ltr'>occasione</span> <span class='ocrx_word' id='word_1_500' title='bbox 2008 4622 2415 4689; x_wconf 84' lang='lat' dir='ltr'>Turchorum.</span> <span class='ocrx_word' id='word_1_501' title='bbox 2463 4621 2807 4689; x_wconf 85' lang='lat' dir='ltr'>Lodovicus</span> <span class='ocrx_word' id='word_1_502' title='bbox 2853 4622 2950 4689; x_wconf 90' lang='lat' dir='ltr'>dei</span> <span class='ocrx_word' id='word_1_503' title='bbox 2983 4621 3189 4707; x_wconf 84' lang='lat' dir='ltr'>gratia</span> 
     </span>
    </p>
   </div>
  </div>
 </body>
</html>
