3620 5282
2985 327 3103 393 111

389 499 717 580 abstinere,
765 501 831 566 et
874 499 1230 579 restituant,
1280 499 1334 565 si
1381 498 1526 584 quid
1567 499 1667 566 hic
1716 498 1859 565 inde
1906 499 2177 566 indebite
2239 498 2397 565 foret
2455 496 2733 568 ablatum
2758 550 2775 580 ,
2837 503 2903 568 et
2946 505 3105 587 quod

388 609 526 655 cum
589 588 950 657 intentionis
992 590 1194 653 nostre
1241 587 1361 668 sit,
1410 591 1570 671 quod
1613 588 1737 665 hii,
1791 586 1895 671 qui
1944 589 2191 654 suerunt
2232 588 2295 653 in
2343 588 2526 671 culpa
2570 607 2947 670 excessuum,
2992 611 3106 676 pu·
3234 592 3237 597 ’

387 677 666 756 niantur,
736 677 896 761 quod
954 675 1282 759 inponatur
1342 677 1586 741 debitus
1633 677 1771 743 finis
1818 674 2177 742 differentiis
2222 676 2534 760 predictiS,
2582 678 2802 744 debeat
2846 681 3105 763 utraque

385 766 691 831 dictarum
728 765 995 849 partium
1043 766 1121 829 ad
1155 784 1262 831 nos
1294 764 1453 830 infra
1477 784 1665 830 unum
1693 784 1965 830 mensem
2012 783 2050 830 a
2072 765 2522 849 presentatioue
2546 760 2923 849 presentium
2958 768 3106 834 mit-

391 858 519 919 tere
566 855 822 919 nuncios
865 852 965 919 vel
1010 852 1299 918 nuncium
1322 852 1726 919 sufficientem
1773 871 1915 917 cum
1960 851 2266 918 sindicatu
2311 855 2387 919 ad
2415 854 2666 937 plenum
2709 855 3105 921 informatum

384 942 773 1027 integraliter
816 960 999 1025 super
1036 940 1329 1025 predictis
1375 943 1438 1006 et
1497 959 1679 1025 super
1740 941 2023 1006 omnibus
2083 940 2477 1022 differentiiS,
2524 962 2641 1028 que
2701 942 2902 1009 forent
2945 945 3107 1010 inter

386 1032 548 1114 ipsas
587 1034 813 1114 partes,
860 1031 931 1094 ut
953 1048 1064 1113 per
1107 1048 1215 1094 nos
1252 1029 1561 1113 provideri
1606 1032 1669 1094 et
1714 1028 1849 1094 fieri
1894 1030 2109 1112 possit,
2158 1029 2318 1113 quod
2372 1029 2594 1097 melius
2639 1031 2976 1116 apparebit.

468 1121 649 1182 Misti
698 1119 938 1181 XXIV.
989 1122 1135 1192 112,
1179 1138 1223 1180 u
1267 1121 1606 1182 mletackom
1651 1121 1886 1180 arkivu.

732 1311 1115 1395 CLXXI.
1181 1310 1387 1394 God.
1440 1311 1672 1395 1349.
1727 1309 1832 1393 26
1887 1307 2236 1413 siecnja,
2288 1334 2349 1394 u
2405 1310 2796 1396 Mlewlh.

391 1421 526 1482 Ρίἕε
568 1438 631 1482 se
674 1422 836 1481 bama
881 1422 1270 1481 bosanskomu
1312 1423 1338 1480 i
1381 1422 1571 1481 knezu
1616 1421 1818 1480 Ivanu
1858 1421 2244 1493 cetim'skomu
2268 1438 2302 1481 o
2325 1422 2603 1496 Machala,
2641 1423 2772 1497 hojo
2819 1423 2948 1485 cine
2985 1426 3103 1501 ov'i-

386 1510 520 1570 hovi
560 1508 890 1584 podloinici
923 1510 1333 1569 stanovnikom
1383 1510 1649 1584 Τνορίνα,
1697 1508 1929 1582 Spljeta
1975 1509 1999 1566 i
2041 1494 2338 1580 Sibenika‚
2386 1513 2442 1570 tc
2484 1526 2546 1570 sc
2593 1512 2689 1570 ovi
2725 1513 2978 1588 yradovi
3005 1516 3101 1575 bo·

758 1598 879 1669 dre,
926 1598 1007 1657 da
1048 1614 1110 1658 se
1152 1598 1351 1671 medjtc
1396 1599 1589 1657 sobom
1627 1597 1859 1666 sdruie,
1905 1597 1985 1655 da
2029 1597 2220 1667 lasnje
2260 1596 2461 1672 lupeie
2503 1599 2728 1661 ukrote.

598 1700 786 1767 1348.
833 1701 933 1767 die
977 1702 1189 1766 XXVI
1230 1699 1513 1778 ianuarii,
1577 1698 1912 1766 indictione
1960 1698 2264 1780 secunda,
2327 1703 2544 1785 capta:
2592 1702 2735 1786 quia
2778 1704 3103 1788 providen-

380 1789 529 1855 dum
577 1791 675 1855 est
718 1789 908 1855 etiam
956 1808 1066 1873 pro
1113 1789 1340 1854 honore
1381 1791 1592 1853 nostro
1638 1787 1713 1854 ad
1749 1786 2146 1853 evitationem
2181 1787 2667 1869 derobationum,
2712 1810 2863 1874 quas
2896 1812 3100 1858 comes

387 1880 595 1944 noster
639 1877 926 1962 Tragurii
984 1878 1202 1944 scribit
1246 1877 1372 1942 fore
1414 1877 1610 1941 factas
1672 1878 1736 1940 et
1796 1876 2083 1940 continue
2145 1875 2276 1941 fieri
2341 1876 2627 1943 fidelibus
2683 1880 2907 1945 nostris
2952 1883 3101 1948 Tra-

391 1968 552 2050 gurii
596 1984 634 2032 a
680 1967 866 2049 gente
911 1965 1144 2031 domini
1186 1966 1332 2031 bani
1376 1965 1634 2030 Bossine
1681 1967 1747 2029 et
1791 1964 2041 2029 comitis
2088 1963 2316 2030 Juanni
2378 1967 2631 2031 condam
2676 1969 2920 2033 comitis
2971 1969 3100 2035 Ne-

390 2054 590 2138 liptii:
635 2054 813 2120 vadit
849 2073 1013 2139 para,
1063 2055 1222 2137 quod
1268 2054 1574 2119 scribatur
1619 2051 1854 2136 prefato
1901 2051 2146 2117 domino
2192 2054 2352 2118 bano
2399 2073 2581 2137 super
2626 2056 2739 2120 hoc
2785 2075 2926 2121 cum
2970 2057 3098 2122 illis

389 2143 894 2208 convenientibus
940 2142 1162 2220 verbiS,
1199 2162 1315 2225 qne
1355 2142 1720 2206 videbuntur
1752 2158 1861 2223 pro
1894 2140 2050 2208 bono
2081 2140 2265 2214 sacti;
2314 2143 2633 2211 scribendo
2667 2143 2858 2211 etiam
2890 2145 3089 2210 eidem

380 2231 594 2296 comiti
641 2231 848 2310 Ivan0,
891 2230 1283 2314 aggravando
1328 2247 1438 2295 nos
1483 2230 1558 2294 de
1620 2228 1974 2293 huiusmodi
2035 2229 2402 2308 excessibus,
2469 2232 2534 2295 et
2594 2232 2883 2311 dicende,
2931 2233 3093 2317 quod

381 2319 504 2384 nisi
548 2319 757 2385 debita
804 2318 1147 2384 satisfactio
1193 2319 1386 2397 fieret,
1438 2318 1502 2383 et
1546 2316 1897 2382 huiusmodi
1943 2318 2369 2383 derobationes
2415 2337 2533 2383 non
2579 2323 2910 2401 cessarent,
2959 2341 3097 2405 pro-

379 2407 727 2473 videbimus
776 2406 1169 2473 indemnitati
1216 2411 1565 2472 nostrorum
1607 2403 1880 2470 fidelium
1941 2406 2004 2469 in
2053 2405 2228 2470 bonis
2275 2406 2441 2486 suis,
2491 2424 2609 2490 que
2656 2409 2721 2473 in
2766 2409 2880 2475 hoc
2926 2427 3093 2490 casu,

379 2494 547 2560 sicur
591 2496 729 2574 scit,
780 2497 924 2561 suut
967 2494 1321 2580 specialiter
1367 2494 1660 2577 obligata.

585 2584 670 2649 Et
713 2584 963 2668 insuper
1008 2583 1314 2648 scribatur
1349 2582 1675 2650 comitibus
1721 2580 1995 2664 Spaleti,
2060 2579 2329 2649 Sibenici
2396 2584 2460 2649 et
2502 2584 2787 2668 Tragurii
2835 2587 2909 2652 de
2973 2582 3092 2652 hiis

379 2672 897 2752 derobationibus,
945 2691 1059 2756 que
1104 2671 1330 2737 cotidie
1370 2672 1795 2748 comittuntur,
1845 2672 1909 2736 et
1953 2671 2110 2753 quod
2159 2670 2591 2751 intelleximus,
2641 2674 2800 2756 quod
2834 2674 3092 2741 deroba-

380 2762 552 2827 tores
597 2780 663 2827 se
709 2762 1067 2844 quaudoque
1113 2759 1417 2825 reducunt
1461 2778 1596 2824 cum
1641 2759 1828 2824 rebus
1867 2758 2192 2838 derobatis,
2241 2763 2306 2826 et
2350 2763 2609 2825 utuntur
2654 2762 2727 2826 de
2779 2782 2897 2828 una
2943 2764 3094 2829 civi-

376 2850 512 2914 tate
556 2850 631 2914 ad
679 2851 890 2926 aliam,
939 2848 1099 2932 quod
1144 2847 1539 2913 inhonestum
1599 2849 1958 2931 reputamus
2021 2850 2086 2912 et
2146 2867 2369 2932 grave,
2434 2868 2576 2914 cum
2625 2869 2835 2916 omnes
2882 2855 3087 2917 nostre

375 2937 664 3002 civitates
709 2941 772 3003 et
809 2936 1043 3003 subditi
1093 2936 1362 3018 intelligi
1406 2935 1671 3001 debeant
1719 2955 1907 3000 unum
1956 2954 2212 3017 corpuS,
2277 2939 2341 3001 et
2401 2937 2668 3003 maxime
2723 2941 2794 3004 ut
2840 2938 3090 3023 pacifice

370 3027 605 3106 vivant,
661 3029 726 3092 et
770 3025 1193 3091 derobatioues
1238 3029 1500 3090 cessent.
1547 3024 1631 3088 Et
1673 3023 1810 3088 ideo
1857 3042 1996 3088 cum
2035 3024 2190 3088 alias
2214 3023 2377 3090 facta
2414 3024 2602 3090 fuerit
2646 3027 2909 3109 quedam
2947 3029 3091 3093 unio

366 3117 536 3182 inter
565 3114 766 3182 dictas
809 3113 1095 3180 civitates
1140 3133 1249 3197 pro
1296 3113 1753 3178 conservatione
1801 3129 2035 3189 earum,
2084 3115 2359 3176 ortamur
2405 3131 2507 3177 eos
2554 3117 2620 3179 et
2664 3115 2782 3179 sibi
2832 3116 3092 3181 manda-

369 3226 533 3285 mus,
583 3203 741 3289 quod
789 3201 1022 3268 dictam
1071 3202 1355 3278 unionem
1401 3200 1668 3265 debeant
1714 3201 2038 3265 observare
2083 3199 2314 3276 taliter,
2362 3201 2522 3283 quod
2583 3202 2937 3269 huiusmodi
2982 3205 3089 3269 de-

370 3295 726 3361 robationes
772 3292 1035 3356 cessent.
1082 3291 1166 3354 Et
1212 3289 1266 3354 si
1311 3289 1469 3354 forte
1535 3290 1595 3352 in
1660 3292 1861 3353 totum
1930 3288 2242 3353 observari
2308 3307 2424 3353 non
2470 3292 2757 3372 possent,
2817 3294 2926 3358 aut
2971 3312 3090 3358 non

369 3382 747 3459 sufficerent,
794 3378 1148 3463 specialiter
1192 3396 1300 3461 pro
1351 3378 1685 3443 evitatione
1731 3375 2176 3459 predictorum,
2227 3376 2491 3442 debeant
2536 3397 2743 3444 omnes
2807 3382 2932 3446 tres
2987 3399 3089 3446 co-

358 3465 564 3537 'mites
610 3467 800 3535 simul
837 3468 1159 3533 convenire
1220 3468 1287 3531 et
1345 3465 1696 3531 examinare
1757 3466 2043 3542 modum,
2091 3465 2197 3546 qui
2257 3466 2345 3529 eis
2403 3466 2710 3532 videretur
2756 3468 2930 3534 utilis
2978 3488 3088 3551 pro

366 3559 716 3626 cessatione
761 3557 828 3620 et
871 3555 1206 3620 remotione
1268 3553 1739 3618 derobationum
1801 3555 1863 3617 et
1924 3554 2094 3617 statu
2155 3552 2490 3636 tranquillo
2537 3556 2885 3623 nostrorum
2932 3556 3085 3622 fide-

375 3648 557 3725 lium,
605 3648 670 3711 et
712 3643 891 3709 nobis
936 3644 1295 3724 rescribant,
1342 3642 1416 3706 ut
1458 3660 1565 3725 per
1609 3659 1719 3706 nos
1766 3639 1899 3705 fieri
1945 3641 2147 3723 possit
2192 3642 2256 3705 et
2299 3641 2564 3707 ordinari
2604 3643 2688 3722 id,
2736 3644 2896 3728 quod
2945 3664 3089 3710 cou-

367 3735 626 3803 veniens
672 3735 737 3799 et
781 3731 937 3797 utile
982 3731 1169 3796 fuerit
1212 3749 1322 3815 pro
1368 3731 1596 3795 bonore
1638 3731 1846 3794 nostro
1892 3730 1957 3794 et
2001 3728 2158 3794 bono
2204 3746 2433 3795 eorum.

458 3826 638 3887 misti
686 3818 923 3885 XXIV
949 3825 1094 3900 114,
1130 3838 1172 3880 u
1214 3821 1555 3882 mlctackom
1600 3822 1834 3880 arlo-ivn.

701 4012 1129 4097 CLXXII.
1182 4010 1388 4095 God.
1443 4011 1673 4095 1349.
1726 4010 1832 4094 29
1887 4008 2239 4112 siccnja,
2292 4032 2353 4092 u
2406 4008 2796 4093 Mletcih.

364 4143 723 4221 Dopusbeno
765 4141 971 4202 Nikoli
1023 4138 1239 4200 Galetu
1285 4137 1645 4200 Zadraninu
1672 4139 1730 4198 iz
1759 4138 2036 4200 Mletaka
2068 4138 2242 4211 proci
2284 4156 2327 4196 u
2371 4136 2532 4211 θανῇ,
2573 4139 2653 4197 da
2687 4137 2856 4212 njeke
2887 4155 3078 4219 novoe,

834 4230 924 4291 ἕιο
969 4246 1072 4288 mu
1104 4230 1170 4302 je
1220 4226 1515 4302 ondjesnji
1540 4228 1679 4302 pok.
1711 4227 1858 4288 knez
1901 4227 2130 4301 Dujam
2173 4226 2453 4301 duyovao,
2490 4228 2701 4301 utjera.

584 4369 769 4436 1348.
818 4370 917 4435 die
961 4367 1178 4434 XXIX
1222 4367 1504 4447 ianuarii,
1557 4368 1771 4451 capta:
1821 4386 1962 4433 cum
2006 4364 2301 4431 Nicolaus
2347 4364 2623 4431 Gallelus
2671 4365 2823 4432 civis
2871 4363 3081 4443 Jadre,

361 4461 470 4547 qui
517 4460 596 4525 ad
637 4458 932 4524 mandata
977 4462 1188 4524 nostra
1231 4455 1334 4520 hic
1379 4457 1525 4533 stat,
1574 4456 1842 4540 exponit,
1892 4456 2053 4538 quod
2099 4473 2239 4520 cum
2304 4453 2367 4518 in
2424 4454 2727 4519 immensa
2774 4454 2839 4520 et
2881 4454 3080 4519 incre·

360 4548 544 4616 dibili
583 4547 983 4613 neccessitate
1029 4547 1158 4611 stet
1201 4544 1319 4624 hic,
1369 4546 1432 4609 et
1473 4543 1750 4628 aliquam
1798 4544 2207 4626 quantitatem
2262 4542 2533 4625 pecunie,
2582 4560 2765 4624 quam
2810 4540 3076 4607 debebat

358 4638 633 4721 recipere
676 4654 715 4701 a
759 4635 1020 4701 condam
1067 4634 1290 4700 comite
1337 4632 1597 4716 Doymo,
1651 4650 1965 4714 nunquam
2013 4629 2237 4695 habere
2285 4628 2525 4712 potuit,
2593 4630 2799 4693 missis
2845 4628 3074 4712 pluries

356 4744 470 4813 pro
516 4726 654 4810 ipsa
697 4722 955 4808 pecunia
999 4720 1293 4808 exigenda
1338 4719 1466 4786 filio
1520 4721 1586 4786 et
1630 4737 1815 4785 uxore
1861 4737 1991 4799 sua,
2037 4719 2101 4783 et
2144 4716 2264 4782 nisi
2308 4715 2714 4801 personaliter
2746 4716 2936 4782 vadat
2962 4714 3079 4780 Se-
