3620 5282
3013 373 3137 440 331

406 552 660 631 londini,
699 573 851 637 quos
898 552 1174 619 redditus
1222 552 1393 618 soliti
1431 552 1607 618 erant
1653 552 1924 634 recipere
1967 550 2227 616 comites
2252 600 2267 630 ,
2318 549 2425 634 qui
2473 569 2634 615 nunc
2703 553 3034 617 remanent
3080 552 3144 615 in

409 641 719 706 communi
764 640 957 706 None.

619 730 712 794 De
767 730 937 795 bonis
981 731 1191 811 tamen
1228 730 1570 794 communis
1619 729 1815 793 nostri
1862 727 1978 792 tibi
2026 727 2157 791 dari
2222 726 2482 791 fecimus
2531 744 2637 808 pro
2686 725 2998 791 additione
3044 728 3136 791 tui

408 817 621 883 salarii
666 817 859 882 libras
905 815 1199 882 ducentas
1244 818 1322 882 ad
1367 834 1610 899 grossos
1662 816 1724 881 10
1774 833 1955 893 0000,
2006 816 2070 879 01
2117 815 2206 879 810
2252 814 2512 879 habebis
2559 814 2625 878 in
2659 815 2924 880 secundo
2956 832 3137 892 ann0,

413 907 477 971 et
522 905 717 971 debes
754 905 844 970 ire
891 908 954 970 et
998 906 1197 970 redire
1251 905 1327 969 ad
1376 905 1582 987 ipsum
1625 904 1902 988 regimen
1949 903 2234 968 omnibus
2283 901 2410 967 tuis
2460 904 2779 985 expensiS,
2828 904 2893 967 et
2936 905 3145 967 tenere

408 993 560 1059 duos
607 1011 793 1075 equos
837 994 900 1057 01
943 1013 1135 1058 unum
1181 993 1504 1059 famulum.

619 1081 694 1144 In
741 1100 860 1163 quo
907 1080 1157 1164 quidem
1205 1081 1510 1164 regimine
1552 1080 1779 1144 habere
1822 1081 1888 1145 et
1934 1081 2141 1145 tenere
2182 1078 2369 1143 debes
2415 1079 2624 1143 tecum
2685 1077 2971 1144 omnibus
3018 1078 3145 1143 tuis

412 1167 693 1251 expensis
736 1188 930 1233 unum
977 1168 1208 1235 socium
1261 1172 1324 1234 et
1370 1169 1636 1250 quatuor
1682 1168 2030 1232 servitores,

624 1258 783 1322 Item
831 1275 949 1322 non
996 1258 1174 1339 potes
1219 1275 1329 1321 nec
1376 1275 1509 1321 esse
1556 1256 1740 1320 debes
1806 1255 1885 1318 ad
1934 1254 2183 1337 aliquod
2250 1254 2600 1320 convivium
2664 1254 2928 1318 alicuius
2991 1254 3144 1319 civis

413 1343 590 1409 None
636 1345 700 1409 in
747 1344 913 1409 dicta
957 1345 1122 1410 terra
1168 1344 1380 1423 None,
1438 1362 1547 1409 nec
1593 1345 1764 1425 potes
1812 1343 2052 1425 aliquos
2095 1342 2171 1407 de
2217 1342 2394 1407 Nona
2456 1342 2807 1420 convitare,
2872 1342 3144 1407 clamare

373 1455 376 1458 ·
411 1451 518 1497 seu
562 1431 820 1497 clamari
865 1432 1064 1498 facere
1104 1432 1187 1497 ad
1231 1431 1677 1498 comedendum
1723 1433 1932 1496 tecum
1978 1430 2042 1494 in
2091 1430 2262 1495 dicta
2306 1429 2585 1495 civitate.

621 1537 917 1603 Preterea
962 1538 1300 1603 inhibitum
1346 1539 1442 1603 est
1484 1537 1598 1601 tibi
1649 1539 1713 1601 et
1758 1536 2132 1614 inhibemus,
2184 1536 2345 1618 quod
2392 1539 2462 1600 tu
2509 1553 2616 1599 seu
2663 1535 2886 1617 aliquis
2935 1537 3008 1601 de
3059 1537 3145 1601 fa-

415 1624 592 1690 milia
637 1627 746 1690 tua
789 1645 904 1690 non
952 1627 1205 1709 possitis
1250 1645 1358 1709 per
1405 1643 1511 1692 vos
1558 1623 1657 1690 vel
1706 1643 1813 1707 per
1860 1624 2016 1688 alios
2062 1622 2331 1706 recipere
2380 1643 2487 1688 seu
2536 1623 2729 1706 recipi
2753 1622 2954 1689 facere
2988 1623 3146 1688 dona

418 1714 624 1795 aliqua
670 1714 768 1778 vel
814 1715 1131 1796 presentes
1178 1714 1256 1778 ab
1304 1712 1509 1796 aliquo
1557 1713 1687 1778 cive
1734 1730 1844 1777 seu
1906 1711 2254 1777 habitatore
2301 1712 2476 1777 None
2542 1711 2721 1776 modo
2788 1711 2994 1794 aliquo
3048 1711 3147 1776 vel

413 1801 676 1885 ingenio,
725 1802 847 1866 nisi
893 1821 1043 1867 uvas
1090 1805 1153 1868 et
1197 1803 1474 1867 recentes
1521 1799 1779 1865 fructus

620 1905 785 1970 Item
832 1925 950 1971 non
998 1907 1169 1990 potes
1215 1925 1327 1972 000
1372 1906 1560 1971 debes
1606 1924 1715 1988 per
1759 1908 1824 1969 te
1871 1904 1968 1971 vel
2013 1904 2207 1969 alium
2268 1904 2402 1970 fieri
2468 1904 2667 1970 facere
2732 1905 3145 1971 mercationes

414 2012 525 2058 nec
572 1994 1049 2059 mercationibus
1095 1994 1207 2076 uti,
1254 1996 1353 2060 vel
1399 1994 1490 2059 uti
1539 1992 1739 2058 facere
1801 1992 1877 2056 de
1927 1992 2197 2058 denariis
2240 1994 2403 2071 tuis,
2472 2012 2582 2075 per
2645 1995 2706 2057 te
2773 1994 2872 2059 vel
2918 1993 3143 2070 alium,

416 2080 598 2145 modo
641 2081 844 2164 aliquo
893 2084 991 2148 vel
1037 2082 1300 2166 ingenio,
1350 2082 1412 2145 in
1461 2081 1743 2164 partibus
1789 2080 1941 2146 dicti
1988 2080 2330 2164 regimini8‚
2377 2083 2569 2146 donec
2633 2080 2821 2146 fueris
2873 2081 2936 2145 in
2984 2082 3149 2164 regi-

415 2169 577 2233 mine
623 2170 997 2252 supradicto.

624 2259 785 2321 Item
833 2260 931 2322 est
973 2257 1340 2335 ordinatum,
1393 2257 1552 2339 quod
1598 2258 1879 2322 homines
1913 2256 2087 2323 None
2133 2258 2391 2339 possunt
2440 2257 2577 2321 sine
2628 2257 2801 2322 dacio
2826 2256 3146 2322 extrahere

411 2345 487 2410 de
532 2345 813 2409 Veneciis
859 2347 1194 2429 lignamen,
1245 2345 1482 2429 lapides
1529 2348 1733 2410 coctos
1782 2348 1846 2409 et
1890 2364 2119 2427 cuppos
2146 2363 2256 2427 pro
2305 2363 2518 2410 eorum
2554 2345 2857 2424 domibuS,
2909 2347 2973 2411 et
3005 2363 3148 2409 000-

413 2433 633 2498 ducere
680 2434 940 2512 Nonam,
984 2433 1318 2498 dummodo
1365 2434 1478 2511 illi,
1528 2434 1630 2517 qui
1682 2433 1888 2498 volent
1933 2432 2008 2496 de
2048 2433 2343 2515 predictis
2367 2434 2550 2498 rebus
2594 2432 2953 2512 conducere,
3006 2451 3147 2515 pre-

412 2522 658 2587 sentent
703 2521 950 2586 litteras
990 2524 1196 2587 nostre
1244 2521 1410 2586 curie
1456 2522 1679 2585 missas
1726 2538 1764 2583 a
1812 2540 1919 2586 suo
1967 2521 2192 2585 comite
2239 2522 2303 2585 et
2347 2521 2675 2603 sigillatas
2723 2520 2932 2604 sigillo
2979 2539 3147 2585 com-

411 2608 617 2674 munis
666 2608 859 2687 Nono,
910 2609 1213 2692 quomodo
1255 2628 1373 2688 res,
1424 2628 1575 2694 quas
1623 2609 1965 2692 requirent,
2028 2609 2173 2674 sunt
2220 2609 2308 2673 eis
2373 2608 2713 2675 necessarie
2779 2628 2889 2692 pro
2935 2608 3149 2675 usibus

415 2698 545 2762 suis
593 2699 657 2762 et
703 2716 952 2762 suorum
998 2697 1336 2763 domorum.

623 2802 706 2866 Et
754 2803 961 2866 omnia
1007 2803 1119 2867 illa
1183 2822 1300 2886 que
1363 2803 1756 2869 continentur
1817 2802 1880 2867 in
1949 2802 2321 2867 istrumento
2388 2803 2549 2867 facto
2607 2804 2680 2866 de
2740 2802 3151 2868 submissione

414 2889 589 2955 nobis
634 2890 799 2955 facta
842 2890 919 2954 de
966 2890 1131 2956 dicta
1177 2891 1448 2969 civitate,
1497 2893 1729 2975 scripto
1779 2909 1968 2955 manu
2038 2890 2359 2955 Marinelli
2408 2889 2483 2954 de
2526 2889 2861 2956 Benedicto
2921 2890 3153 2956 notarii

415 2977 581 3042 curie
629 2979 853 3055 nostre,
902 2978 1060 3061 quod
1104 2979 1221 3061 ipsi
1282 2979 1357 3043 de
1404 2981 1581 3044 Nona
1641 2998 1830 3061 penes
1877 2998 1941 3044 se
1988 2979 2254 3058 habent,
2324 2976 2609 3043 attendes
2669 2980 2733 3043 et
2779 2978 3135 3044 observabis

416 3066 573 3131 bona
619 3068 754 3145 fide,
804 3065 922 3130 nisi
963 3086 1074 3149 per
1119 3085 1229 3131 nos
1277 3066 1506 3132 fuerint
1549 3068 1855 3133 revocata.

621 3172 888 3255 Lignum
934 3192 1076 3238 vero
1121 3192 1265 3237 cum
1310 3173 1439 3238 suis
1504 3173 1773 3238 corredis
1835 3191 1945 3255 per
1990 3191 2099 3238 nos
2146 3189 2510 3238 concessum
2563 3170 2797 3237 eisdem
2846 3172 2922 3237 de
2970 3170 3153 3237 Nona

415 3277 525 3342 pro
571 3260 905 3324 securitate
951 3280 1180 3341 eorum,
1231 3263 1427 3327 teneri
1471 3261 1658 3326 debet
1703 3281 1812 3344 per
1859 3262 2032 3344 ipsos
2072 3260 2134 3325 in
2189 3260 2419 3326 concio.

626 3364 799 3430 Scias
844 3365 1113 3450 insuper,
1164 3369 1321 3449 quod
1368 3388 1477 3451 per
1524 3386 1632 3433 nos
1679 3369 1743 3432 et
1788 3368 2071 3432 nostrum
2119 3367 2446 3431 consilium
2478 3369 2835 3449 rogatorum
2882 3367 3153 3448 captum

414 3454 528 3530 est,
578 3453 736 3535 quod
784 3454 1023 3519 nullum
1071 3455 1292 3520 havere
1342 3455 1590 3531 subtile,
1642 3455 1914 3537 exceptis
1960 3472 2129 3533 auro,
2178 3454 2404 3538 perlis,
2455 3456 2520 3519 et
2571 3473 2642 3519 00
2690 3454 2851 3536 quod
2898 3454 3053 3518 10101
3074 3452 3154 3517 li·

414 3542 584 3625 gitur
631 3540 854 3607 havere
900 3543 1186 3625 capselle‚
1237 3542 1406 3607 nullo
1455 3543 1635 3608 modo
1684 3543 1941 3608 conduci
1983 3542 2280 3607 Venecias
2326 3544 2521 3625 possit
2568 3561 2709 3607 cum
2753 3541 3014 3624 navigio
3059 3540 3155 3603 di·

415 3629 689 3694 sarmato
737 3629 837 3695 vel
884 3632 1098 3695 contra
1147 3630 1412 3707 ordineS,
1476 3632 1590 3696 sub
1654 3649 1810 3714 pena
1871 3629 2165 3712 perdendi
2234 3632 2472 3709 totum,
2539 3629 2698 3712 quod
2759 3631 2975 3694 contra
3035 3627 3153 3693 hoc

415 3716 844 3795 adduceretur,
894 3717 1029 3783 sine
1079 3718 1209 3783 ulla
1242 3718 1640 3794 remissione;
1681 3721 1755 3783 ‚et
1798 3719 2119 3801 propterea
2175 3717 2627 3782 committimus
2675 3716 2830 3795 tibi,
2880 3715 3041 3798 quod
3088 3715 3151 3778 in

415 3805 701 3869 omnibus
747 3804 1018 3888 navigiis
1065 3806 1446 3884 disarmatis,
1497 3827 1612 3890 que
1660 3808 1734 3871 ad
1782 3810 1990 3889 partes
2032 3805 2135 3870 tui
2199 3805 2520 3888 regiminis
2565 3804 2965 3880 declinarent,
3016 3802 3154 3866 dili-

425 3894 642 3976 genter
689 3891 878 3957 facias
924 3892 1149 3976 inquiri
1204 3897 1267 3959 et
1329 3894 1626 3972 circhari,
1689 3893 1741 3958 81
1805 3894 1871 3957 10
1917 3894 2007 3957 018
2078 3892 2325 3974 aliquod
2388 3892 2795 3957 adduceretur
2857 3890 2932 3955 de
2988 3889 3152 3954 (11010

423 3980 646 4044 havere
694 3980 927 4045 subtili.
978 3982 1059 4046 Et
1124 3982 1176 4046 si
1240 3982 1545 4047 inveneris
1609 3982 1858 4064 aliquod
1920 3982 2136 4046 contra
2203 3980 2516 4062 predicta,
2578 3979 2734 4043 illud
2781 3978 3043 4061 accipies
3091 3980 3156 4042 et

420 4067 657 4132 divides
708 4087 813 4149 per
859 4069 1143 4147 tercium,
1194 4068 1484 4134 videlicet
1535 4069 1793 4134 tercium
1844 4068 1963 4133 erit
2018 4071 2213 4146 tuum,
2263 4067 2527 4134 tercium
2560 4066 2736 4131 dabis
2782 4067 3149 4144 accusatori,

418 4155 471 4219 si
519 4155 659 4218 inde
703 4154 906 4233 fuerit,
956 4158 1022 4221 01
1068 4156 1306 4232 tenebis
1353 4176 1493 4222 eum
1552 4158 1624 4221 de
1683 4158 2013 4235 credentia,
2062 4157 2126 4220 et
2170 4155 2432 4220 tercium
2498 4154 2712 4221 mittes
2776 4153 3003 4219 nostris
3051 4171 3158 4217 ca-

415 4242 713 4322 merariis,
764 4242 987 4326 quibus
1032 4246 1476 4324 001010181111118,
1525 4245 1684 4327 (111οᾱ
1738 4245 1895 4309 illud
1940 4244 2004 4308 in
2051 4244 2336 4309 Rivoalto
2379 4243 2622 4327 publice
2666 4241 2897 4307 faciant
2944 4242 3154 4306 incan-

419 4330 539 4395 tari
582 4332 645 4394 et
689 4331 871 4397 vendi
917 4350 1057 4396 cum
1107 4332 1359 4397 licentia
1404 4334 1632 4398 nostra.
1693 4333 1775 4397 Et
1823 4332 1874 4397 si
1922 4332 2244 4398 accusator
2292 4350 2411 4397 non
2457 4334 2621 4397 esset
2651 4381 2666 4409 ,
2732 4331 2885 4396 duas
2944 4332 3153 4413 partes

415 4417 566 4496 eius,
606 4418 764 4501 quod
811 4418 1135 4498 inveneriS,
1185 4420 1399 4485 mittes
1447 4412 1804 4487 camerariis
1853 4419 2202 4486 antedictis.
2281 4419 2363 4483 Et
2408 4420 2484 4485 de
2532 4418 2823 4501 predictis
2878 4436 2995 4482 000
3043 4435 3154 4500 110-

413 4505 538 4570 1081
582 4505 719 4569 fieri
765 4507 985 4588 gratia,
1033 4509 1278 4585 donum,
1330 4509 1671 4592 suspensi0,
1716 4507 1993 4591 provisio
2042 4507 2139 4573 vel
2178 4507 2636 4590 compensatio,
2685 4509 2795 4572 aut
2842 4505 3151 4572 revocatio

415 4593 528 4657 sub
574 4611 732 4676 pena
778 4593 1079 4659 librarum
1126 4596 1301 4661 mille
1346 4616 1453 4679 pro
1516 4597 1795 4680 quolibet
1875 4595 2225 4660 consiliario
2249 4644 2264 4672 ,
2330 4596 2533 4678 capite
2595 4595 2670 4660 (10
2716 4595 2827 4660 XL
2865 4594 2961 4660 vel
3008 4593 3149 4671 alio,

415 4681 519 4763 qui
561 4682 775 4763 posset
819 4700 1045 4765 ponere
1091 4686 1353 4765 partem,
1402 4684 1466 4749 in
1510 4703 1698 4767 quam
1744 4701 1984 4768 penam
2031 4684 2350 4749 incurrant
2419 4702 2668 4762 001008,
2734 4682 2839 4765 (101
2899 4700 3153 4748 000800-

414 4768 605 4834 111001
649 4769 795 4851 11001
840 4772 1080 4854 partem
1124 4771 1490 4853 predictam.
