3620 5282
3061 382 3187 448 119

462 547 817 612 revocantes
860 547 1283 613 sinceritatem
1330 551 1394 614 et
1432 548 1829 616 dilectionem
1893 554 2176 618 mutuam
2238 551 2402 617 inter
2460 554 2885 637 progenitores
2946 558 3184 623 vestros

463 636 525 698 et
569 635 1023 716 predecessores
1069 639 1313 700 nostros
1377 639 1442 700 et
1503 656 1613 701 nos
1672 639 2022 721 vigentem,
2088 640 2164 704 ad
2212 639 2381 723 ipsas
2443 643 2738 724 treuguas
2794 662 2902 725 per
2949 643 3181 709 dictum

462 723 758 803 temporis
805 723 1083 804 spacium
1145 724 1210 787 in
1274 724 1622 789 maiestatis
1684 727 1887 792 vestre
1948 725 2176 791 litteris
2241 726 2624 793 declaratam
2674 747 2739 793 se
2802 730 3186 797 firmavimus

464 808 835 873 altrinsecus
880 810 1275 891 copulandae,
1325 813 1397 875 ut
1441 813 1516 876 ad
1558 831 1771 894 pacem
1827 814 2194 879 firmandam
2262 817 2587 897 propterea
2652 816 2899 882 additus
2946 819 3010 882 et
3056 837 3188 884 me-

465 896 688 960 thodus
734 900 947 978 posset
990 898 1235 962 facilius
1281 899 1555 982 reperiri,
1606 900 1767 964 sicut
1820 900 1885 964 iu
1932 901 2159 965 eisdem
2214 903 2441 966 nostris
2500 904 2933 984 scriptionibus
2991 906 3187 971 conti-

464 987 662 1047 netur.
711 983 796 1048 Et
840 985 988 1048 licet
1034 986 1112 1048 ad
1160 987 1414 1050 eundem
1460 989 1843 1070 propositum
1914 992 2124 1055 nostra
2183 990 2446 1054 intentio
2508 990 2829 1072 vigilaret,
2894 995 2958 1057 et
3003 992 3178 1057 nobis

458 1071 840 1151 precordium
887 1074 1251 1151 remaneret,
1300 1076 1371 1137 ut
1414 1074 1583 1157 pacis
1633 1077 1697 1138 et
1739 1075 2046 1140 concordii
2089 1074 2421 1141 zelatores:
2490 1078 2699 1142 tamen
2746 1080 2891 1160 quia
2937 1079 3184 1145 intelle-

463 1157 684 1235 ximuS,
733 1159 797 1223 in
841 1160 1122 1241 partibus
1180 1164 1382 1225 vestre
1448 1162 1762 1227 maiestati
1827 1162 2127 1227 subdictis
2189 1162 2592 1228 mortalitatis
2638 1165 2941 1246 epidemia
2985 1166 3183 1231 inma-

455 1246 615 1309 niter
659 1246 968 1323 desevire,
1017 1250 1266 1331 tempus
1329 1249 1534 1313 habile
1580 1252 1643 1313 et
1685 1251 1991 1331 precisum
2042 1268 2224 1332 super
2269 1251 2619 1315 h..iusmodi
2669 1252 2941 1335 negociis
2987 1252 3182 1318 refor-

456 1332 701 1396 mandis
747 1352 862 1398 non
884 1333 1131 1423 ‘videtur
1161 1354 1294 1399 esse
1341 1336 1438 1404 ad.
1465 1336 1859 1401 ambaxatam
1894 1337 2162 1419 aliquam
2191 1337 2642 1415 destinandam,
2692 1340 2817 1418 sed,
2866 1340 2977 1405 deo
3010 1340 3184 1416 duce,

454 1419 519 1483 in
568 1421 743 1485 cuius
791 1420 1211 1486 misericordia
1273 1425 1370 1487 est
1433 1424 1800 1505 sperandum
1825 1473 1840 1502 ,
1903 1423 2039 1506 ipsa
2097 1425 2481 1489 mortalitate
2542 1428 2803 1505 cessata,
2868 1428 3184 1493 decentius

464 1509 528 1570 et
568 1507 882 1572 comodius
920 1510 1150 1590 poterit
1193 1509 1257 1573 in
1302 1510 1416 1575 hoc
1462 1510 1783 1593 provideri,
1834 1514 2013 1593 prout
2061 1513 2272 1576 honori
2320 1531 2428 1576 sue
2475 1512 2840 1578 excellencie
2872 1516 2938 1579 et
2969 1517 3179 1581 nostro

460 1593 834 1659 incumberit
875 1597 941 1660 et
984 1599 1432 1662 conservationi
1480 1599 1644 1680 pacis
1692 1600 1940 1674 mutue3
1996 1617 2136 1663 cum
2194 1600 2317 1664 hiis
2379 1602 2443 1664 et
2502 1600 2643 1664 aliis
2700 1600 2938 1681 verbis,
3003 1622 3185 1686 super

461 1680 581 1745 hiis
628 1683 1010 1764 opportunis,
1061 1684 1121 1761 7,
1168 1702 1290 1749 non
1334 1686 1396 1764 O,
1447 1705 1563 1750 non
1607 1686 1829 1751 sinceri
1877 1686 1937 1750 3.

538 1771 718 1830 Misti
767 1767 963 1834 XXV
989 1777 1046 1853 9,
1084 1793 1127 1833 u
1169 1775 1507 1835 mletadkom
1556 1778 1787 1835 arkivu.

718 1961 1262 2045 CLXXXIV.
1334 1964 1541 2046 God.
1596 1966 1827 2047 1349.
1885 1966 1936 2047 6
1988 1964 2362 2066 travnja,
2417 1985 2476 2044 u
2528 1963 2921 2046 Mletclh.

456 2086 785 2161 Primec‘uje
829 2105 890 2146 se
925 2089 1255 2161 poslaniku
1299 2090 1571 2149 idudemu
1616 2092 1653 2148 k
1697 2092 2004 2150 srbskomu
2043 2090 2263 2163 kraha,
2304 2090 2385 2148 da
2437 2090 2593 2149 trabi
2636 2089 2935 2149 nakloniti
2979 2089 3183 2163 krah'a

449 2191 533 2233 na
576 2177 699 2233 mir
741 2193 813 2235 sa
856 2176 1127 2235 istodnim
1171 2194 1365 2236 carem
1409 2178 1432 2235 i
1474 2195 1547 2236 sa
1592 2179 2200 2339 ῗειὲἑενξὲιῗαέαηοω,
2248 2181 2302 2235 te
2347 2177 2428 2235 da
2468 2176 2626 2237 mole
2669 2181 2802 2252 toya
2846 2176 2986 2236 radi
3008 2176 3182 2250 proci

661 2381 775 2445 Die
825 2382 914 2446 VI
956 2383 1174 2466 aprilis
1222 2384 1403 2447 1349.
1452 2384 1784 2449 indictione
1846 2382 2132 2459 secunda,
2179 2383 2400 2465 capta:
2464 2384 2622 2465 quod
2684 2400 2794 2466 pro
2841 2381 2942 2447 dei
2999 2401 3178 2449 reve-

448 2468 649 2532 rentia
695 2471 757 2533 et
802 2470 1030 2535 honore
1077 2474 1284 2536 nostro
1323 2491 1396 2536 ac
1440 2490 1550 2555 pro
1598 2472 1764 2537 omni
1824 2471 1981 2535 bona
2042 2489 2230 2535 causa
2294 2470 2722 2535 committatur
2785 2470 3169 2536 ambaxatori

449 2555 613 2620 ituro
654 2558 730 2620 ad
782 2557 1102 2623 dominum
1150 2578 1361 2644 regem
1408 2558 1636 2638 Servie,
1703 2560 1883 2643 quod,
1934 2561 2096 2622 tacto
2143 2557 2345 2640 primo
2393 2559 2457 2622 et
2501 2557 2929 2640 principaliter
2974 2558 3179 2622 eidem

450 2646 582 2727 regi
618 2646 871 2728 negocio
918 2647 1347 2730 Raguseorum
1409 2650 1474 2712 et
1519 2649 1865 2712 nostrorum
1917 2647 2331 2724 Venetorum,
2379 2664 2488 2728 pro
2534 2647 2757 2729 quibus
2818 2646 3178 2728 specialiter

451 2732 815 2809 destinatur,
865 2733 1091 2798 debeat
1136 2752 1279 2799 cum
1325 2736 1529 2801 verbis
1563 2735 2036 2800 condecentibus
2075 2752 2318 2798 movere
2349 2734 2535 2797 verba
2561 2732 2762 2798 eidem
2803 2733 2936 2816 regi
2966 2731 3176 2798 Servie

447 2818 524 2883 de
571 2820 891 2885 tractando
938 2821 1260 2886 concordio
1305 2823 1469 2887 inter
1534 2823 1741 2905 ipsum
1805 2823 1870 2886 et
1927 2820 2207 2884 dominos
2268 2819 2673 2902 imperatores
2737 2818 3181 2886 Constantino·-

452 2906 634 2989 polis,
674 2908 754 2972 Et
795 2910 847 2972 si
892 2908 1027 2990 ipse
1074 2928 1179 2974 rex
1226 2910 1534 2976 videbitur
1595 2909 1914 2974 attendere
1976 2907 2053 2972 ad
2116 2908 2319 2989 ipsum
2383 2907 2813 2986 concordium,
2878 2911 2941 2972 et
3013 2907 3179 2973 dicto

453 2994 843 3059 ambaxatorr
886 2996 1214 3074 videbitur,
1263 2997 1539 3062 notificet
1597 2999 1714 3063 hoc
1775 2995 2159 3060 ambaxatori
2220 2996 2432 3058 nostro
2479 2993 3180 3077 Constantinopolitano,

449 3082 775 3146 scribendo
820 3082 899 3161 ei,
948 3085 1107 3166 quod
1167 3086 1507 3166 persentiat
1568 3084 1948 3149 voluntatem
2008 3083 2202 3165 ipsius
2263 3080 2499 3146 domini
2562 3082 2958 3164 imperatoris
3022 3081 3179 3148 Con-

448 3169 889 3252 stantinopolis
935 3171 1000 3236 in
1044 3171 1209 3236 facto
1250 3171 1404 3236 dicti
1441 3171 1766 3248 concordii,
1816 3169 2115 3235 trahendo
2163 3169 2240 3234 ab
2284 3169 2419 3251 ipso
2464 3168 2840 3252 imperatore
2887 3169 3180 3254 quicquid

448 3257 512 3320 in
559 3257 671 3322 hoc
711 3258 956 3340 poterit,
1007 3260 1071 3323 et
1116 3258 1408 3324 velociter
1445 3258 1836 3324 rescribendo
1879 3256 2042 3322 dicto
2085 3256 2527 3335 ambassatori,
2599 3258 2789 3322 misso
2836 3256 2913 3321 ad
2957 3275 3172 3341 regem

452 3342 685 3409 Servie.
732 3346 812 3410 Et
858 3346 912 3409 si
959 3347 1080 3427 ipsi
1125 3347 1511 3411 ambaxatori
1558 3349 1766 3411 nostro
1822 3344 2012 3409 misso
2057 3343 2122 3408 in
2171 3342 2447 3408 Serviam
2514 3344 2854 3410 secundum
2901 3363 3010 3423 ea,
3059 3363 3177 3428 que

451 3431 708 3495 habebit
753 3435 885 3496 tam
932 3451 969 3497 a
1015 3453 1160 3517 rege
1207 3433 1415 3499 Servie
1462 3453 1647 3516 quam
1693 3434 1768 3498 ab
1818 3432 2219 3498 ambaxatore
2250 3430 2957 3514 Constantinopolitano,
3006 3431 3179 3498 vide·

450 3519 621 3583 bitur
667 3521 741 3583 de
787 3520 984 3584 eundo
1013 3539 1225 3606 ⁹usque
1288 3520 1887 3603 Constantinopolim
1949 3519 2025 3584 ad
2088 3518 2367 3583 dominos
2426 3519 2831 3601 imperatores
2884 3538 2994 3603 pro
3041 3521 3178 3602 ipsa

448 3625 633 3671 causa
674 3606 997 3683 concordii,
1048 3607 1235 3673 vadat
1278 3610 1341 3674 in
1388 3610 1548 3674 bona
1590 3608 1832 3691 gratia,
1882 3609 1947 3672 et
1991 3605 2055 3671 in
2099 3601 2217 3671 hoc
2279 3605 2501 3683 faciat,
2550 3607 2840 3690 quicquid
2886 3606 3030 3672 boni
3067 3626 3177 3690 po-

448 3694 616 3758 terit.
666 3694 751 3757 Et
789 3695 863 3758 ad
908 3695 1216 3760 cautelam
1265 3696 1489 3760 dentur
1534 3696 1654 3760 sibi
1695 3696 1843 3760 hinc
1888 3694 2099 3758 littere
2147 3693 2531 3757 credulitatis
2578 3712 2687 3777 pro
2721 3694 2997 3760 faciendo
3043 3712 3179 3758 am-

444 3780 759 3846 baxiatam
810 3781 964 3864 ipsis
1003 3783 1269 3848 dominis
1315 3783 1810 3865 imperatoribus.
1874 3783 2166 3846 Preterea
2211 3780 2576 3846 comittatur
2636 3782 2835 3848 eidem
2884 3781 3178 3847 ambaxa-

446 3868 587 3945 tori,
639 3869 794 3951 quod
844 3888 963 3933 non
1012 3871 1398 3954 impediendo
1446 3872 1769 3953 propterea
1816 3869 2095 3952 predicta
2143 3868 2262 3932 duo
2310 3867 2580 3951 negocia,
2629 3868 2923 3933 videlicet
2968 3868 3180 3952 Ragn-

445 3974 687 4019 seorum
726 3960 789 4019 et
826 3957 1201 4021 Venetorum
1251 3959 1601 4022 nostrorum
1648 3959 1712 4022 et
1749 3958 2195 4040 imperatorum
2245 3953 2830 4039 ConstantinopoliS,
2889 3955 2996 4020 sed
3041 3955 3180 4038 ipsa

445 4043 647 4125 primo
693 4045 757 4107 et
802 4044 1228 4126 principaliter
1250 4047 1651 4128 procurando,
1701 4045 1752 4108 si
1801 4044 1921 4109 sibi
1947 4043 2254 4108 videbitur
2300 4060 2477 4125 posse
2503 4047 2743 4108 tentare
2783 4042 3178 4108 concordiam

445 4130 611 4194 inter
651 4130 971 4195 dominum
1023 4150 1232 4216 regem
1285 4132 1494 4198 Servie
1534 4134 1605 4196 *et
1649 4132 1970 4211 dominum
2019 4130 2247 4195 banum
2295 4130 2543 4208 Bosine,
2589 4131 2814 4196 debeat
2858 4131 3001 4195 dare
3043 4148 3177 4196 om-

446 4235 589 4282 nem
635 4237 900 4301 operam,
945 4237 1130 4302 quam
1177 4221 1428 4303 poterit,
1479 4238 1586 4302 pro
1631 4221 1790 4285 bono
1838 4219 2033 4301 ipsius
2084 4217 2406 4295 concordii,
2456 4217 2617 4282 sicut
2659 4220 2723 4283 et
2766 4219 3004 4301 quando
3052 4217 3175 4282 sibi

450 4304 780 4384 videbitur,
832 4306 1129 4387 possendo
1177 4309 1367 4372 etiam
1417 4308 1505 4371 ire
1546 4307 1622 4371 ad
1670 4308 1872 4389 ipsum
1918 4304 2235 4370 dominum
2284 4304 2533 4381 banum,
2591 4308 2655 4370 et
2698 4306 2816 4370 sibi
2864 4304 3181 4370 ambaxia-

447 4395 580 4456 tam
630 4412 740 4475 pro
787 4396 961 4475 parte
1008 4396 1223 4459 nostra
1269 4394 1472 4459 facere
1518 4395 1836 4458 occasione
1884 4394 2183 4475 predicta,
2233 4410 2353 4456 non
2401 4391 2788 4475 impediendo
2820 4393 3026 4475 prima
3056 4395 3174 4457 duo

450 4481 720 4563 negocia,
769 4485 839 4545 ut
885 4483 985 4545 est
1030 4482 1287 4547 dictum.
1334 4482 1420 4545 Et
1464 4483 1686 4545 dentur
1730 4483 1920 4545 etiam
1968 4498 2077 4562 pro
2123 4478 2242 4544 isto
2287 4483 2570 4560 respectu
2617 4480 2738 4544 sibi
2783 4480 2993 4544 littere
3040 4498 3176 4545 cre·
3289 4479 3306 4488 “

447 4568 732 4633 dulitatis
775 4568 854 4632 ad
902 4571 1243 4650 predictum
1293 4568 1611 4633 dominum
1655 4570 1902 4634 banum.
1953 4567 2045 4630 De
2091 4585 2209 4630 non
2255 4566 2315 4643 3,
2360 4584 2480 4629 non
2529 4567 2751 4632 sinceri
2795 4567 2858 4630 5.

657 4654 888 4739 Capta:
933 4658 997 4720 et
1042 4656 1190 4739 quia
1235 4657 1410 4722 labor
1455 4655 1700 4720 additur
1752 4655 1990 4737 prefato
2046 4653 2495 4729 ambassatori,
2544 4655 2610 4718 et
2654 4653 3022 4719 conveniens
3070 4652 3175 4729 sit,

451 4743 526 4808 ut
570 4742 759 4809 etiam
803 4744 1112 4828 premium
1159 4745 1494 4827 augeatur,
1556 4743 1740 4808 vadat
1785 4761 1969 4826 pars:
2032 4739 2194 4822 quod
2258 4739 2311 4804 si
2360 4738 2562 4804 dictus
2629 4738 3015 4805 ambassator
3055 4755 3178 4801 non
