3620 5282
514 362 595 430 16

508 537 867 621 querenlam
912 538 978 602 et
1023 535 1388 619 peticionem
1440 532 1613 597 nobis
1656 533 2001 615 expositam
2047 550 2155 614 per
2200 529 2523 597 Cernolum
2574 528 2875 595 Johannis
2917 525 3218 593 Dobroxii

510 627 709 689 civem
757 624 951 691 Jadre
991 622 1342 705 coloquium
1392 620 1723 686 habuimus
1771 622 1846 684 de
1891 619 2054 684 facto
2100 617 2427 683 cuiusdam
2472 617 2569 682 sui
2613 616 2880 681 barcusii
2929 632 3107 679 caseo
3153 615 3225 677 et

512 712 653 776 aliis
701 711 1116 775 mercimoniis
1163 710 1292 774 suis
1338 706 1566 787 onusti,
1616 707 1818 772 eidem
1867 707 2140 772 indebite
2187 706 2416 771 sublati
2464 704 2539 769 de
2583 706 2768 787 portu
2812 701 3001 768 Jadre
3032 701 3231 766 clam-

513 799 752 863 destine
797 800 862 863 et
920 797 1149 863 furtive
1211 815 1316 879 per
1372 794 1772 860 Franciscum
1836 794 2123 859 Rubeum
2169 795 2365 858 civem
2415 794 2710 858 vestrum.
2761 788 2960 873 Super
3003 789 3232 871 quibus

513 889 659 968 post
702 885 882 968 plura
921 885 1092 950 dicta
1152 887 1216 947 et
1272 883 1570 965 replicata
1617 900 1727 965 per
1774 883 2048 947 vestram
2093 880 2579 945 dominacionem
2627 878 2805 942 nobis
2851 877 3230 960 promissum

510 973 735 1049 extitit,
788 972 981 1036 talem
1029 971 1305 1036 ordinem
1348 989 1454 1053 per
1479 988 1583 1034 vos
1630 968 1764 1032 dari
1812 969 2053 1047 debere,
2101 969 2262 1050 quod
2311 968 2510 1032 dictus
2552 964 2846 1030 Cernolus
2905 980 3233 1028 conserva-

511 1062 684 1124 retur
727 1058 1076 1141 indempnis
1132 1058 1196 1122 et
1257 1057 1452 1140 possit
1514 1056 1734 1120 merito
1795 1056 2161 1120 contentari.
2223 1054 2405 1119 Nunc
2466 1070 2608 1119 vero
2653 1053 2785 1136 ipse
2843 1051 3235 1134 querelanter

515 1147 820 1230 exposuit,
868 1165 934 1210 se
976 1146 1136 1209 velle
1175 1146 1272 1210 ius
1320 1162 1503 1226 super
1550 1145 1686 1208 inde
1733 1143 2025 1226 consequi
2074 1142 2369 1226 potuisse.
2417 1140 2619 1221 Quare
2666 1138 2940 1222 predicta
2987 1139 3063 1203 ad
3094 1155 3230 1203 ves·

512 1235 606 1297 tre
652 1232 1101 1316 magnitudinis
1149 1230 1587 1300 conscientiam
1635 1231 2013 1306 reducenteS,
2065 1247 2171 1294 vos
2217 1229 2503 1293 duximus
2549 1226 3022 1310 deprecandum,
3081 1242 3235 1307 qua-

512 1324 694 1386 tenus
743 1319 1210 1402 promissionem
1257 1321 1530 1385 vestram
1578 1322 1641 1382 et
1685 1322 1930 1400 gratam
1977 1317 2468 1400 policitationem
2518 1334 2702 1397 super
2747 1312 3038 1396 predictis
3084 1312 3236 1376 tali-

511 1409 608 1472 ter
654 1426 762 1490 per
808 1406 1227 1472 execucionem
1286 1408 1350 1471 et
1411 1407 1937 1488 complementum
2001 1403 2359 1469 coroborare
2415 1402 2770 1485 dignemini,
2820 1402 2976 1483 quod
3030 1403 3236 1464 vestre

514 1494 966 1578 magnitudinis
1027 1496 1205 1559 cedat
1264 1493 1498 1558 honori.
1563 1493 1644 1556 Et
1702 1512 1812 1575 pro
1854 1491 1994 1556 inde
2041 1492 2420 1556 vestratibus
2468 1491 2661 1555 simus
2706 1490 2772 1551 in
2821 1488 3101 1551 futurum
3158 1487 3237 1550 ad

511 1582 745 1646 similia
804 1582 1085 1665 obligati.
1150 1579 1630 1664 Respondentes,
1648 1580 1702 1643 si
1764 1579 1987 1661 placet,
2052 1580 2196 1661 qnid
2263 1576 2656 1642 decreveritis
2704 1576 2835 1641 fieri
2881 1574 3233 1656 superinde.

515 1669 746 1733 Datum
793 1668 982 1734 Jadre
1029 1667 1241 1732 XXIII
1290 1668 1650 1731 decembris,
1697 1665 1991 1730 Nicolaus
2038 1667 2113 1729 de
2161 1665 2358 1729 Zeech
2405 1683 2732 1746 regnorum
2800 1663 3111 1726 Dalmatie
3174 1663 3239 1725 et

512 1756 807 1822 Crohacie
855 1757 1045 1821 banus
1090 1755 1396 1840 generalis
1441 1771 1766 1836 comesque
1815 1754 2088 1818 civitatis
2137 1751 2632 1835 Jadre.(lzvana)
2680 1748 2937 1815 Excelso
2985 1751 3050 1813 et
3105 1766 3240 1812 ma-

511 1844 733 1926 gnifico
781 1843 1032 1908 domino
1078 1842 1343 1909 Johanni
1387 1841 1711 1924 Delphyno
1756 1841 1853 1905 dei
1892 1841 2097 1923 gratia
2138 1840 2351 1904 inclito
2397 1838 2535 1903 duci
2567 1839 2988 1902 venetiarum.
3027 1837 3238 1900 Banus

516 1931 836 1996 Dalmacie
886 1949 996 2014 pro
1043 1929 1360 1994 barcbosio
1407 1927 1645 1993 Cernoli
1693 1929 1765 1992 de
1810 1928 2023 1994 Jadra.
2557 1950 2560 1951 ⁷
2729 1964 2738 1973 ·

605 2038 766 2102 ozas.
821 2036 984 2098 XIV
1030 2036 1169 2097 οοα.
1214 2036 1359 2097 Lat.
1401 2033 1642 2097 LXXI
1680 2054 1738 2095 n.
1786 2038 1892 2114 34,
1941 2054 1983 2095 u
2026 2016 2342 2095 Marciam·
2389 2053 2427 2093 u
2472 2033 2736 2103 Mletcih,

899 2181 902 2185 ’
986 2225 1214 2308 xm.
1271 2225 1477 2310 uon.
1532 2224 1765 2309 1360.
1819 2224 1916 2307 21
1971 2222 2298 2325 aretusa
2352 2245 2412 2304 u
2470 2221 2712 2304 Levi.

515 2354 720 2431 Gry-ur
777 2353 1080 2414 Rrbavski
1135 2354 1299 2424 lmen,
1350 2371 1632 2427 proynan
1676 2371 1719 2412 u
1792 2352 2087 2426 Uyarsku,
2147 2351 2286 2409 moli
2339 2350 2667 2419 Mbaeoeane,
2717 2348 2873 2407 nelca
2915 2366 3018 2408 mu
3062 2349 3241 2423 m'ekc

1120 2458 1296 2500 novoe
1337 2442 1575 2515 posciba
1616 2442 1642 2499 i
1678 2440 1963 2517 yodisnju
1997 2438 2307 2513 pripomod
2351 2438 2626 2498 domnoc.

722 2561 1090 2645 Exemplum
1137 2560 1491 2626 litterarum
1540 2563 1869 2628 missarum
1931 2580 2041 2645 per
2098 2559 2390 2625 comitem
2452 2556 2819 2640 Gregorium
2866 2556 3068 2622 filium
3118 2555 3241 2623 Cu-

512 2650 693 2735 riaty,
743 2668 904 2715 nunc
948 2649 1014 2714 in
1059 2668 1246 2732 regno
1292 2650 1617 2734 Hungarie
1662 2652 1724 2716 in
1768 2652 1974 2716 castro
2022 2649 2229 2726 Levia,
2278 2647 2525 2712 domino
2575 2646 2736 2711 duci.

720 2737 1260 2804 Excellentissimo
1308 2739 1570 2821 principi
1617 2738 1862 2803 domino
1895 2736 2035 2802 duci
2070 2737 2449 2802 Venetorum
2482 2735 2729 2798 domino
2759 2752 2871 2800 suo
2909 2734 3238 2800 metuendo

515 2843 722 2892 comes
785 2825 1119 2909 Gregorius
1181 2824 1346 2890 filius
1409 2824 1647 2891 Curiati
1710 2844 1871 2891 nunc
1928 2826 1991 2889 in
2052 2840 2240 2907 regno
2303 2823 2626 2906 Hungarie
2688 2822 2750 2884 in
2797 2825 3005 2888 castro
3051 2822 3242 2888 Levia

516 2931 758 2978 moram
822 2913 1073 2977 trahens
1137 2911 1200 2975 in
1266 2911 1660 2978 Clianconem
1725 2932 1868 2977 cum
1929 2911 2417 2994 promptitudine
2479 2910 2574 2974 sui
2625 2908 2966 2975 famulatus
3011 2911 3238 2975 honore

511 3018 655 3065 cum
683 3001 939 3065 decenti.
969 3000 1231 3065 Noverit
1277 3003 1478 3065 vestre
1524 3000 1960 3066 dominationis
2006 2999 2250 3063 devotio
2299 3015 2491 3078 nuper
2532 3015 2640 3080 per
2688 2999 2993 3078 quendam
3030 3016 3236 3062 meum

513 3087 796 3153 nuntium
860 3087 1153 3153 videlicet
1222 3086 1384 3152 1360
1445 3088 1687 3153 litteras
1746 3106 1916 3152 meas
1980 3086 2153 3151 vobis
2211 3102 2320 3168 pro
2364 3083 2865 3152 transmittendis
2895 3084 3092 3149 michi
3140 3104 3243 3149 ex-

511 3176 718 3258 pensis
780 3174 1090 3251 direxisse,
1154 3176 1218 3239 et
1276 3175 1440 3239 idem
1504 3194 1675 3240 meus
1739 3174 1992 3239 nuntius
2054 3173 2305 3237 demum
2372 3171 2448 3236 ad
2509 3190 2605 3234 me
2652 3190 2954 3248 reversuS,
3011 3190 3116 3253 pro
3173 3173 3244 3235 ut

513 3262 678 3326 idem
734 3262 921 3326 michi
968 3261 1254 3337 asseruit,
1304 3263 1551 3325 tantum
1597 3263 1918 3344 sexaginta
1962 3261 2223 3325 florenos
2271 3278 2378 3340 pro
2435 3259 2711 3341 expensis
2763 3260 2950 3324 michi
3021 3260 3243 3324 duxse-

517 3349 658 3412 ritis
684 3347 1256 3424 transmittendum,
1284 3349 1619 3413 secundum
1654 3368 1797 3414 vero
1819 3348 2107 3414 nuntium
2132 3345 2545 3411 mediantibus
2572 3346 2727 3409 meis
2751 3345 2983 3411 litteris
3011 3364 3118 3429 pro
3144 3364 3246 3430 pe·

510 3435 713 3513 tendis
731 3453 769 3498 a
790 3433 965 3499 vobis
983 3435 1282 3516 expensiS,
1305 3435 1597 3500 videlicet
1615 3436 2021 3503 Prolebanum
2047 3438 2122 3500 de
2143 3435 2321 3509 Leva,
2343 3433 2419 3496 ad
2439 3451 2542 3497 vos
2565 3434 3007 3512 transmisisse,
3076 3433 3242 3499 idem

510 3520 590 3586 ad
636 3540 735 3586 me
791 3538 1092 3599 reversuS,
1155 3522 1389 3587 nullam
1448 3541 1772 3605 expensam
1837 3543 1909 3588 ex
1971 3524 2141 3605 parte
2199 3522 2401 3585 vestre
2463 3521 2662 3602 gratie
2712 3521 2900 3585 michi
2947 3520 3241 3604 portavit.

513 3607 710 3692 Super
768 3626 891 3690 quo
952 3608 1230 3691 supplico
1292 3612 1357 3674 et
1415 3611 1555 3691 peto
1617 3614 1889 3676 vestram
1936 3608 2363 3674 excellentiam
2410 3607 2806 3690 presentibus
2854 3607 3086 3672 intuitu
3142 3606 3243 3671 dei

512 3695 953 3778 omnipotentis
1000 3699 1065 3760 et
1108 3695 1183 3759 ob
1232 3698 1578 3779 respectum
1626 3715 1905 3764 meorum
1952 3695 2347 3762 servitiorum
2397 3714 2501 3775 per
2533 3695 2908 3774 inmensum,
2937 3696 3241 3778 quatenus

510 3784 821 3868 predictos
879 3783 1202 3867 sexaginta
1260 3783 1519 3850 florenos
1582 3803 1773 3867 usque
1837 3784 1915 3848 ad
1978 3786 2270 3849 ducentos
2329 3780 2589 3846 florenos
2652 3781 2844 3846 michi
2892 3784 3240 3864 competere

510 3871 851 3956 dignemini
896 3870 1087 3937 vestri
1132 3873 1336 3955 gratia
1380 3875 1445 3937 et
1493 3872 1719 3937 velitis.
1768 3872 2026 3955 Insuper
2057 3871 2293 3954 suplico
2329 3870 2719 3934 maiestatem
2753 3870 3016 3934 instanti
3065 3887 3240 3952 preco

510 3977 631 4043 quo
678 3978 947 4042 possum,
997 3960 1067 4022 ut
1114 3959 1319 4040 michi,
1405 3977 1719 4043 quousque
1760 3959 1862 4023 hic
1951 3960 2013 4023 in
2059 3958 2179 4023 isto
2224 3956 2454 4023 infelici
2540 3959 2708 4020 statu
2765 3956 2980 4035 existo,
3059 3977 3241 4040 quem

512 4049 766 4125 statum,
828 4046 1059 4111 sciente
1120 4045 1329 4129 divina
1388 4046 1737 4123 clementia,
1804 4049 1965 4128 quod
2028 4064 2146 4110 non
2212 4044 2450 4109 meritis
2516 4044 2670 4107 meis
2722 4043 2923 4126 culpis
2971 4046 3243 4128 graviter

512 4135 729 4217 patiorv
759 4137 824 4199 et
869 4151 1006 4197 sum
1056 4134 1335 4216 adeptus,
1381 4133 1645 4214 singulis
1664 4133 1845 4198 annis
1891 4136 2139 4197 centum
2175 4132 2435 4196 florenos
2480 4132 2662 4194 michi
2698 4133 2772 4195 ad
2813 4151 2991 4195 usum
3041 4151 3245 4197 meum

513 4224 703 4289 vestri
750 4222 955 4304 gratia
1002 4222 1428 4286 transmittere
1477 4221 1704 4298 velitis,
1734 4222 1878 4304 quia
1924 4225 2129 4302 preter
2172 4222 2352 4284 deum
2399 4219 2476 4281 ad
2525 4219 2770 4282 nullum
2834 4219 3032 4284 habeo
3085 4218 3248 4283 refu·

382 4318 391 4327 ·
509 4310 683 4391 gium
732 4329 839 4373 seu
884 4325 1058 4388 spem
1105 4310 1224 4373 nisi
1272 4309 1349 4373 ad
1399 4310 1673 4373 vestram
1725 4308 2174 4384 excellentiam,
2225 4307 2366 4389 quia
2413 4306 2577 4369 sicut
2639 4308 2997 4370 communis
3078 4306 3247 4370 fama

513 4394 690 4459 sonat
734 4397 796 4459 in
843 4410 1029 4475 regno
1088 4396 1428 4479 Hungarie,
1494 4395 1652 4478 quod
1718 4413 1831 4477 ego
1892 4397 2106 4460 contra
2167 4396 2454 4459 honorem
2512 4392 2744 4456 domini
2793 4392 3088 4458 Ludovici
3147 4394 3246 4457 dei

513 4480 716 4564 gratia
761 4481 923 4561 regis
970 4478 1309 4567 Hungarie,
1356 4483 1612 4547 favendo
1673 4483 1851 4559 voliS,
1909 4483 2029 4546 sibi
2075 4482 2282 4545 silicet
2325 4479 2609 4543 infidelis
2655 4481 2718 4544 et
2763 4481 3103 4545 contrarius
3149 4501 3251 4546 ex-

512 4569 782 4635 titissem
830 4571 894 4631 et
932 4581 1155 4636 essem.
1199 4569 1413 4636 Clamo
1472 4587 1584 4652 pro
1645 4569 1760 4634 hoc
1818 4587 2035 4634 verum
2096 4570 2297 4645 deum,
2346 4585 2552 4629 meam
2601 4586 2809 4631 veram
2860 4568 3047 4631 fidem
3101 4587 3246 4652 erga

513 4657 750 4724 dictum
799 4655 1116 4721 dominum
1162 4675 1372 4739 regem
1431 4677 1597 4721 mere
1642 4657 1837 4721 nostis
1895 4674 1969 4721 ac
2021 4654 2316 4729 novistis;
2379 4654 2573 4735 igitur
2638 4654 2871 4736 suplico
2917 4655 3091 4720 vobis
3156 4657 3250 4720 in·

513 4744 751 4818 stanter
795 4757 867 4806 ac
920 4740 1167 4820 devote,
1228 4745 1302 4806 ut
1359 4741 1625 4825 singulis
1687 4744 1865 4807 annis
1909 4743 2119 4820 michi,
2167 4743 2238 4807 ut
2282 4741 2654 4823 premissum
2698 4743 2815 4821 est,
2863 4760 2973 4824 per
3037 4760 3247 4809 meum
