3620 5282
467 291 598 357 232

465 465 565 533 vel
608 469 867 553 possent
912 469 1163 551 tangere
1209 465 1447 532 ratione
1495 456 1833 531 salinarum
1882 467 1946 532 et
1991 466 2177 543 saliS,
2245 485 2397 550 quas
2444 468 2509 532 et
2552 486 2739 552 quem
2792 466 3028 532 habent
3088 467 3190 532 vel

468 553 746 620 decetero
792 556 1093 620 haberent
1132 555 1194 618 in
1238 554 1443 618 insula
1491 556 1555 618 et
1592 553 1883 618 districtu
1909 555 2088 637 Pagi,
2137 558 2200 617 et
2251 554 2529 636 qualibet
2572 555 2698 619 alia
2747 555 3007 632 racione,
3059 556 3193 637 pla-

469 646 638 707 ceret
684 642 773 708 eis
820 645 1158 724 acceptare,
1208 642 1546 724 approbare
1595 643 1659 706 et
1702 642 2032 706 ratificare.
2103 642 2187 706 Et
2250 642 2698 724 investigantes
2771 643 3035 706 dulciter
3094 661 3196 707 vo-

470 729 774 794 luntatem
825 748 1055 808 eorum,
1106 729 1159 793 si
1195 728 1271 793 de
1317 728 1635 812 premissis
1684 729 1976 793 volebant
2023 748 2154 793 esse
2203 730 2509 807 conteuti,
2571 748 2690 810 qua
2737 728 3044 811 scriptura
3089 750 3196 814 pa-

469 817 708 881 ctorum
754 820 816 881 et
863 818 1333 882 conventionum
1398 818 1458 880 in
1523 816 1690 880 dicto
1757 816 2013 880 consilio
2082 820 2145 880 et
2206 817 2680 899 congregacione
2750 817 2931 895 lecta,
2999 821 3080 894 et,
3128 820 3196 882 ut

466 905 874 987 premittitur,
925 904 1255 987 publicata,
1305 902 1586 985 factaque
1634 904 1937 985 premissa
1990 904 2371 986 exposicione
2443 905 2800 979 verborum,
2871 922 3085 969 omnes
3132 909 3197 970 et

471 991 703 1075 singuli
752 992 988 1056 nobiles
1037 994 1100 1055 et
1148 993 1289 1057 boni
1335 992 1616 1059 homines
1664 991 1997 1054 existentes
2045 992 2274 1055 ibidem
2338 1010 2447 1073 pro
2501 1011 2565 1055 se
2616 993 2680 1055 et
2724 1009 2831 1074 pro
2879 993 3013 1057 tota
3059 994 3197 1057 uni-

470 1078 762 1147 versitate
809 1081 873 1144 et
918 1079 1362 1144 communitate
1408 1078 1695 1149 Jadrensi
1744 1080 1807 1141 et
1854 1096 1963 1162 pro
2025 1079 2311 1143 omnibus
2379 1079 2443 1142 et
2504 1078 2768 1160 singulis
2828 1079 3192 1159 JadratiniS,

469 1165 765 1231 habentes
812 1169 877 1232 et
921 1172 1356 1248 cognoscentes
1403 1165 1609 1230 omnia
1656 1167 1720 1230 et
1767 1165 2014 1248 singula
2072 1168 2360 1230 contenta
2420 1167 2483 1230 in
2529 1168 2847 1230 contractu
2915 1167 3193 1250 predicto

468 1254 598 1317 fore
644 1253 826 1318 utilia
871 1256 935 1318 et
980 1253 1139 1317 bona
1182 1273 1289 1335 pro
1338 1255 1425 1318 eis
1472 1256 1535 1318 et
1580 1256 1712 1318 tota
1760 1254 2164 1318 universitate
2215 1254 2490 1336 predicta
2550 1253 2613 1316 in
2660 1256 2961 1336 quantum
3028 1255 3189 1338 ipsos

468 1344 530 1403 et
576 1342 918 1423 quemlibet
961 1359 1167 1404 eorum
1218 1341 1283 1404 et
1326 1342 1677 1406 universam
1725 1342 2236 1405 communitatem
2293 1340 2658 1406 Jadrensem
2724 1343 2788 1405 et
2845 1342 3193 1425 singulares

473 1444 763 1511 personas
810 1428 1271 1493 communitatis
1313 1429 1588 1511 predicte
1634 1429 1904 1510 tangunt
1951 1428 2048 1492 vel
2095 1430 2349 1510 tangere
2382 1422 2636 1510 possunt
2682 1448 2789 1492 seu
2840 1431 3090 1510 possent
3120 1430 3196 1493 de

468 1516 671 1579 cetero
717 1517 953 1581 ratione
1000 1516 1339 1579 salinarum
1386 1519 1450 1580 et
1497 1516 1665 1594 saliS,
1714 1533 1868 1596 quas
1929 1517 1993 1580 et
2056 1533 2239 1615 quem
2307 1516 2537 1580 babent
2598 1515 2698 1579 vel
2753 1515 3071 1582 habebunt
3114 1517 3189 1582 de

467 1606 669 1667 cetero
715 1603 777 1665 in
827 1604 992 1685 Pago
1040 1604 1104 1667 et
1148 1602 1437 1668 districtu
1485 1605 1548 1666 et
1594 1602 1868 1685 qualibet
1914 1602 2039 1666 alia
2102 1603 2345 1667 racione
2407 1603 2507 1667 vel
2553 1620 2761 1682 causa,
2827 1604 2959 1686 ipsa
3014 1614 3196 1687 pacta

469 1691 532 1753 et
576 1690 1009 1755 conventiones
1061 1692 1240 1772 prout
1284 1689 1489 1755 iacent
1534 1692 1597 1753 in
1644 1691 1775 1753 toto
1824 1690 1986 1754 dicto
2041 1692 2361 1755 contractu
2411 1693 2474 1754 et
2515 1690 2795 1773 qualibet
2842 1694 3020 1774 parte
3066 1692 3196 1756 eius

467 1796 537 1841 ex
578 1780 747 1841 certa
794 1778 1056 1842 sciencia
1102 1779 1167 1841 et
1211 1777 1490 1841 unanimi
1537 1780 1721 1859 atque
1765 1776 1966 1841 libera
2029 1778 2346 1843 voluntate
2395 1781 2911 1861 acceptaverunt,
2976 1797 3196 1863 appro-

467 1864 770 1929 baverunt
814 1866 878 1930 et
923 1866 1403 1943 ratificaverunt,
1452 1866 1810 1948 approbant,
1858 1865 2174 1929 ratificant
2211 1867 2274 1930 et
2324 1868 2671 1948 acceptant,
2708 1866 2983 1932 volentes
3031 1886 3096 1932 se
3130 1869 3195 1932 et

428 1953 808 2035 -quemlibet
853 1970 1065 2018 eorum
1112 1954 1175 2017 et
1219 1952 1375 2017 alios
1423 1970 1634 2016 omnes
1682 1954 1747 2016 et
1793 1952 2072 2035 singulos
2108 1952 2467 2019 Jadratinos
2501 1954 2655 2036 ipsis
2691 1954 2892 2036 pactis
2940 1956 3004 2019 et
3050 1972 3193 2019 con·

464 2040 855 2104 ventionibus
901 2042 964 2103 in
1012 2041 1215 2105 totum
1261 2041 1427 2105 stare
1474 2040 1726 2119 debere,
1778 2042 1842 2104 et
1887 2059 1988 2104 eas
2042 2040 2307 2105 firmiter
2369 2043 2433 2105 et
2478 2041 2919 2106 inviolabiliter
2986 2041 3197 2107 obser-

465 2144 629 2205 vare,
678 2128 753 2192 de
799 2128 1022 2209 quibus
1067 2146 1324 2192 assensu
1369 2130 1433 2193 et
1479 2127 1922 2210 approbatione
1973 2128 2155 2192 sactis
2203 2135 2268 2192 et
2314 2129 2529 2211 gestiS,
2580 2130 2650 2193 ut
2696 2128 2974 2211 superius
3014 2149 3192 2213 expo-

464 2176 713 2293 nunt'ur,
763 2215 1167 2299 suprascripti
1215 2215 1445 2279 domini
1494 2231 1699 2279 comes
1766 2217 1830 2279 et
1892 2215 2023 2279 eius
2094 2216 2427 2280 consiliarii
2496 2218 2943 2281 mandaverunt
3004 2217 3192 2281 michi

463 2301 852 2384 infrascripto
899 2305 1160 2381 notario,
1212 2305 1372 2403 quod
1419 2304 1709 2368 deberem
1757 2305 2050 2368 conficere
2109 2296 2220 2368 hoc
2268 2303 2588 2386 publicum
2640 2306 3146 2369 instrumentum.

673 2390 873 2455 Tener
921 2410 1061 2455 vero
1109 2391 1282 2474 copie
1331 2392 1637 2455 dictorum
1684 2394 2005 2473 pactorum
2056 2393 2118 2455 et
2162 2393 2630 2458 conventionum
2679 2392 2825 2456 talis
2874 2394 2989 2457 est.

678 2480 859 2554 OvdJe
903 2498 965 2541 sc
1013 2482 1288 2541 doslovno
1336 2482 1604 2553 navadJa
1643 2483 1775 2555 yori
1804 2483 2210 2555 nastampana
2255 2483 2466 2542 listina
2503 2484 2579 2542 od
2616 2485 2701 2542 30
2735 2485 2977 2552 travm'a
3027 2484 3197 2541 1352

462 2569 534 2627 do
580 2570 722 2630 rieci
766 2567 1118 2650 perdurent,
1177 2574 1232 2629 te
1275 2586 1336 2629 se
1382 2570 1717 2641 nastavlja:

673 2657 901 2721 Actum
950 2655 1136 2721 Jadre
1185 2657 1246 2719 in
1292 2655 1510 2719 maiori
1558 2656 1690 2718 sala
1739 2654 2094 2734 comitatuS‚
2139 2656 2531 2738 presentibus
2570 2656 2851 2722 Johanne
2903 2656 3189 2720 Paternal

461 2746 719 2809 condam
766 2763 864 2808 ser
912 2745 1153 2808 Andree
1203 2742 1489 2808 Paternal
1529 2743 1604 2806 de
1650 2742 1935 2808 Veneciis
1997 2745 2160 2809 socio
2223 2763 2407 2826 supra
2453 2745 2604 2809 dicti
2658 2743 2886 2807 domiui
2947 2742 3194 2807 comitis

462 2835 525 2898 et
568 2832 869 2915 capitanei
915 2831 1137 2909 Jadre,
1204 2831 1414 2895 Marco
1476 2831 1681 2895 Bocho
1738 2831 2000 2894 condam
2048 2832 2232 2896 Masii
2281 2833 2587 2897 mercator
2630 2833 2693 2895 et
2737 2830 3068 2914 Rustigino
3115 2830 3190 2895 de

464 2920 739 2985 Bononia
784 2919 1270 2984 commestabilis
1312 2918 1592 3000 pedestre
1640 2918 1704 2982 in
1741 2918 1957 2997 Jadra,
2006 2920 2271 2984 testibus
2304 2920 2379 2983 ad
2415 2920 2526 2983 hec
2571 2920 2799 2984 vocatis
2846 2918 3198 3001 specialiter

462 3010 527 3073 et
570 3007 799 3090 rogatis
846 3008 910 3070 et
954 3006 1112 3070 aliis,

669 3095 738 3158 L.
791 3094 853 3160 S.
897 3095 1032 3178 Ego
1074 3094 1347 3160 Coradus
1396 3093 1653 3158 condam
1698 3094 2030 3177 Rangerii,
2093 3095 2399 3177 imperiali
2464 3095 2832 3161 auctoritate
2895 3095 3191 3171 notarius,

462 3185 615 3250 civis
662 3185 993 3248 Paduanus
1041 3185 1104 3246 et
1147 3182 1422 3247 notarius
1462 3181 1630 3245 curie
1674 3182 1905 3258 Jadre,
1972 3183 2264 3264 predictis
2326 3183 2609 3248 omnibus
2676 3201 2925 3265 presens
2972 3181 3082 3260 fui,
3130 3185 3194 3246 et

462 3271 1306 3436 rogltzuoznsizrissjiperyameni
1336 3361 1419 3419 br.
1449 3362 1531 3420 59
1579 3360 1601 3418 i
1643 3359 2212 3420 Commemorialium
2235 3362 2274 3420 1
2288 3362 2352 3420 V.
2378 3362 2527 3432 215,
2574 3380 2617 3421 u
2664 3363 2790 3420 ark.
2832 3361 3188 3421 mletackom.

769 3549 1310 3635 CCCXLVII.
1364 3549 1570 3632 God.
1626 3548 1849 3634 1352.
1905 3550 2002 3630 18
2057 3549 2421 3651 svibnja,
2475 3571 2535 3630 u
2593 3550 2899 3632 Zadru.

618 3681 937 3740 Poslanica
980 3679 1166 3738 kneza
1209 3678 1578 3752 zadarskoqa
1623 3677 1647 3734 i
1690 3677 1960 3751 m'eyovih
2006 3677 2343 3749 savJetnika
2387 3696 2429 3736 u
2466 3676 2645 3750 postu
2680 3678 2874 3749 pabke
2914 3679 3045 3737 soli.

668 3800 857 3882 Copia
895 3798 1216 3863 cuiusdam
1280 3795 1485 3861 littere
1553 3796 1801 3861 comitis
1864 3800 1928 3859 et
1986 3796 2473 3861 consiliariorum
2521 3796 2710 3860 Jadre
2775 3816 2958 3880 super
3017 3798 3185 3862 facto

460 3888 609 3954 salis
658 3889 834 3971 Pagi.
886 3885 1290 3951 Serenissime
1349 3884 1595 3949 domiue
1643 3887 1874 3948 noster.
1947 3883 2406 3967 Magnificentie
2451 3887 2654 3948 vestre
2718 3884 2960 3949 litteras
3004 3885 3183 3950 datas

459 3978 519 4041 in
567 3975 773 4041 ducali
821 3973 1053 4056 palatio
1102 3975 1198 4037 die
1246 3972 1395 4037 XVI
1459 3971 1688 4036 mensis
1738 3972 1984 4053 apriliS,
2048 3971 2314 4053 septimo
2375 3972 2471 4034 die
2523 3970 2752 4035 mensis
2811 3972 2962 4036 maii
3010 3972 3193 4037 solita

461 4064 776 4129 devotione
826 4062 1208 4144 suscepimus
1256 4058 1673 4138 continentes,
1740 4059 1900 4139 quod
1945 4058 2020 4122 de
2067 4061 2269 4123 cetero
2317 4059 2514 4122 salem
2559 4057 2749 4122 Jadre
2798 4059 3037 4124 extrahi
3084 4079 3190 4140 per

462 4170 630 4215 mare
676 4170 792 4215 non
842 4149 1353 4231 permicteremus
1401 4146 1631 4228 absque
1696 4147 1906 4211 vestra
1962 4146 2216 4211 licentia
2279 4145 2566 4229 speciali,
2631 4146 2739 4209 sed
2784 4165 2892 4229 per
2950 4148 3185 4211 terram

453 4238 627 4302 iuxta
674 4257 856 4301 usum
903 4254 1223 4317 possemus
1270 4234 1504 4298 extrahi
1554 4233 1918 4316 permictere
1966 4235 2038 4298 de
2101 4235 2271 4315 ipsc,
2338 4253 2412 4298 ne
2468 4251 2703 4297 merces
2760 4236 2823 4297 et
2869 4233 3183 4310 victualia,

455 4343 573 4405 que
619 4325 1038 4387 conducuntur
1080 4322 1156 4387 ad
1203 4321 1518 4387 civitatem
1570 4321 1794 4399 Jadre,
1861 4340 1898 4385 a
1944 4340 2126 4385 cursu
2175 4322 2361 4385 solito
2425 4320 2800 4385 dexisterent
2858 4322 3175 4387 occasione

454 4409 748 4491 predicta.
802 4409 997 4488 Super
1048 4409 1267 4491 quibus
1316 4410 1635 4474 serenitati
1685 4410 1886 4473 vestre
1933 4427 2074 4473 cum
2123 4411 2469 4474 reverentia
2515 4409 2970 4489 respondemus,
3025 4411 3182 4492 quod

452 4496 809 4560 mandatum
840 4497 1113 4560 vestrum
1161 4515 1267 4578 per
1316 4517 1420 4561 nos
1457 4498 1576 4560 erit
1616 4495 2021 4560 effectualiter
2059 4496 2475 4561 observatum.
2528 4495 2987 4576 Subsequenter
3037 4516 3180 4562 vero

455 4582 641 4647 vestri
692 4582 945 4645 dominii
993 4582 1237 4648 litteras
1286 4583 1637 4662 habuimus,
1692 4602 1953 4668 quarum
2002 4603 2121 4647 una
2166 4583 2595 4647 continebatur
2640 4601 2964 4664 expresse,
3016 4584 3176 4667 quod

452 4673 783 4734 convocato
830 4667 1082 4733 consilio
1129 4673 1193 4736 et
1239 4669 1646 4736 universitate
1693 4671 1993 4735 bonorum
2044 4670 2364 4734 hominum
2412 4669 2604 4736 Jadre
2660 4687 2766 4751 per
2830 4670 3007 4734 illum
3058 4691 3189 4736 mo-
