<?xml version="1.0" encoding="UTF-8"?>
<!DOCTYPE html PUBLIC "-//W3C//DTD XHTML 1.0 Transitional//EN"
    "http://www.w3.org/TR/xhtml1/DTD/xhtml1-transitional.dtd">
<html xmlns="http://www.w3.org/1999/xhtml" xml:lang="en" lang="en">
 <head>
  <title>
</title>
<meta http-equiv="Content-Type" content="text/html;charset=utf-8" />
  <meta name='ocr-system' content='tesseract 3.04.00' />
  <meta name='ocr-capabilities' content='ocr_page ocr_carea ocr_par ocr_line ocrx_word'/>
</head>
<body>
  <div class='ocr_page' id='page_1' title='image "./monumentaspecta02umjegoog_0226.png"; bbox 0 0 3620 5282; ppageno 0'>
   <div class='ocr_carea' id='block_1_1' title="bbox 569 350 696 416">
    <p class='ocr_par' dir='ltr' id='par_1_1' title="bbox 569 350 696 416">
     <span class='ocr_line' id='line_1_1' title="bbox 569 350 696 416; baseline 0.008 -2"><span class='ocrx_word' id='word_1_1' title='bbox 569 350 696 416; x_wconf 83' lang='lat'>172</span> 
     </span>
    </p>
   </div>
   <div class='ocr_carea' id='block_1_2' title="bbox 555 526 3297 2094">
    <p class='ocr_par' dir='ltr' id='par_1_2' title="bbox 555 526 3297 2094">
     <span class='ocr_line' id='line_1_2' title="bbox 564 526 3297 611; baseline 0 -20"><span class='ocrx_word' id='word_1_2' title='bbox 564 529 721 609; x_wconf 91' lang='lat' dir='ltr'>quod</span> <span class='ocrx_word' id='word_1_3' title='bbox 764 528 1082 611; x_wconf 88' lang='lat' dir='ltr'>galearum</span> <span class='ocrx_word' id='word_1_4' title='bbox 1131 530 1394 611; x_wconf 86' lang='lat' dir='ltr'>petitum</span> <span class='ocrx_word' id='word_1_5' title='bbox 1468 547 1576 611; x_wconf 90' lang='lat' dir='ltr'>per</span> <span class='ocrx_word' id='word_1_6' title='bbox 1624 547 1763 593; x_wconf 91' lang='lat' dir='ltr'>eum</span> <span class='ocrx_word' id='word_1_7' title='bbox 1816 526 1988 592; x_wconf 89' lang='lat' dir='ltr'>vobis</span> <span class='ocrx_word' id='word_1_8' title='bbox 2052 526 2366 609; x_wconf 88' lang='lat' dir='ltr'>navigium</span> <span class='ocrx_word' id='word_1_9' title='bbox 2430 528 2492 591; x_wconf 93' lang='lat' dir='ltr'>in</span> <span class='ocrx_word' id='word_1_10' title='bbox 2552 526 2848 592; x_wconf 88' lang='lat' dir='ltr'>offensam</span> <span class='ocrx_word' id='word_1_11' title='bbox 2911 530 3183 593; x_wconf 89' lang='lat' dir='ltr'>nostram</span> <span class='ocrx_word' id='word_1_12' title='bbox 3233 530 3297 593; x_wconf 92' lang='lat' dir='ltr'>et</span> 
     </span>
     <span class='ocr_line' id='line_1_3' title="bbox 564 615 3293 699; baseline 0.001 -21"><span class='ocrx_word' id='word_1_13' title='bbox 564 616 739 697; x_wconf 91' lang='lat' dir='ltr'>regni</span> <span class='ocrx_word' id='word_1_14' title='bbox 789 616 993 681; x_wconf 90' lang='lat' dir='ltr'>solitis</span> <span class='ocrx_word' id='word_1_15' title='bbox 1041 618 1240 681; x_wconf 92' lang='lat' dir='ltr'>modis</span> <span class='ocrx_word' id='word_1_16' title='bbox 1287 618 1487 681; x_wconf 89' lang='lat' dir='ltr'>vestre</span> <span class='ocrx_word' id='word_1_17' title='bbox 1536 617 1855 698; x_wconf 78' lang='lat' dir='ltr'>prudentie</span> <span class='ocrx_word' id='word_1_18' title='bbox 1903 616 2254 693; x_wconf 55' lang='lat' dir='ltr'>recusastis</span> <span class='ocrx_word' id='word_1_19' title='bbox 2305 634 2678 698; x_wconf 91' lang='lat' dir='ltr'>quamquam</span> <span class='ocrx_word' id='word_1_20' title='bbox 2709 615 3001 681; x_wconf 80' lang='lat' dir='ltr'>victualia</span> <span class='ocrx_word' id='word_1_21' title='bbox 3048 635 3154 699; x_wconf 90' lang='lat' dir='ltr'>per</span> <span class='ocrx_word' id='word_1_22' title='bbox 3187 636 3293 681; x_wconf 85' lang='lat' dir='ltr'>ve-</span> 
     </span>
     <span class='ocr_line' id='line_1_4' title="bbox 562 703 3291 785; baseline 0.001 -19"><span class='ocrx_word' id='word_1_23' title='bbox 562 706 723 767; x_wconf 89' lang='lat' dir='ltr'>stros</span> <span class='ocrx_word' id='word_1_24' title='bbox 772 704 1054 769; x_wconf 88' lang='lat' dir='ltr'>subditos</span> <span class='ocrx_word' id='word_1_25' title='bbox 1101 705 1217 769; x_wconf 93' lang='lat' dir='ltr'>sibi</span> <span class='ocrx_word' id='word_1_26' title='bbox 1266 705 1605 769; x_wconf 85' lang='lat' dir='ltr'>exhibenda</span> <span class='ocrx_word' id='word_1_27' title='bbox 1666 703 2129 782; x_wconf 83' lang='lat' dir='ltr'>concesseritiS,</span> <span class='ocrx_word' id='word_1_28' title='bbox 2179 722 2295 785; x_wconf 91' lang='lat' dir='ltr'>que</span> <span class='ocrx_word' id='word_1_29' title='bbox 2352 722 2468 767; x_wconf 91' lang='lat' dir='ltr'>non</span> <span class='ocrx_word' id='word_1_30' title='bbox 2534 706 2821 785; x_wconf 88' lang='lat' dir='ltr'>poterant</span> <span class='ocrx_word' id='word_1_31' title='bbox 2866 705 2920 767; x_wconf 92' lang='lat' dir='ltr'>ei</span> <span class='ocrx_word' id='word_1_32' title='bbox 2970 704 3291 769; x_wconf 91' lang='lat' dir='ltr'>commode</span> 
     </span>
     <span class='ocr_line' id='line_1_5' title="bbox 560 790 3290 875; baseline 0.001 -22"><span class='ocrx_word' id='word_1_33' title='bbox 560 790 873 875; x_wconf 89' lang='lat' dir='ltr'>denegari.</span> <span class='ocrx_word' id='word_1_34' title='bbox 925 791 1159 857; x_wconf 78' lang='lat' dir='ltr'>Scitote</span> <span class='ocrx_word' id='word_1_35' title='bbox 1207 793 1417 875; x_wconf 89' lang='lat' dir='ltr'>igitur,</span> <span class='ocrx_word' id='word_1_36' title='bbox 1468 811 1577 856; x_wconf 90' lang='lat' dir='ltr'>nos</span> <span class='ocrx_word' id='word_1_37' title='bbox 1623 797 1954 874; x_wconf 84' lang='lat' dir='ltr'>gravantes</span> <span class='ocrx_word' id='word_1_38' title='bbox 2001 792 2061 855; x_wconf 92' lang='lat' dir='ltr'>in</span> <span class='ocrx_word' id='word_1_39' title='bbox 2112 790 2293 855; x_wconf 90' lang='lat' dir='ltr'>corde</span> <span class='ocrx_word' id='word_1_40' title='bbox 2322 809 2536 874; x_wconf 84' lang='lat' dir='ltr'>gerere</span> <span class='ocrx_word' id='word_1_41' title='bbox 2585 795 2829 855; x_wconf 83' lang='lat' dir='ltr'>tantam</span> <span class='ocrx_word' id='word_1_42' title='bbox 2873 792 3290 856; x_wconf 82' lang='lat' dir='ltr'>sinceritatem</span> 
     </span>
     <span class='ocr_line' id='line_1_6' title="bbox 564 879 3291 962; baseline 0 -20"><span class='ocrx_word' id='word_1_43' title='bbox 564 879 841 944; x_wconf 85' lang='lat' dir='ltr'>amicitie</span> <span class='ocrx_word' id='word_1_44' title='bbox 891 883 1111 956; x_wconf 90' lang='lat' dir='ltr'>vestre,</span> <span class='ocrx_word' id='word_1_45' title='bbox 1158 881 1493 962; x_wconf 77' lang='lat' dir='ltr'>cupienteS,</span> <span class='ocrx_word' id='word_1_46' title='bbox 1539 899 1650 944; x_wconf 90' lang='lat' dir='ltr'>nos</span> <span class='ocrx_word' id='word_1_47' title='bbox 1714 899 1890 962; x_wconf 89' lang='lat' dir='ltr'>posse</span> <span class='ocrx_word' id='word_1_48' title='bbox 1937 880 1998 942; x_wconf 89' lang='lat' dir='ltr'>in</span> <span class='ocrx_word' id='word_1_49' title='bbox 2050 880 2271 944; x_wconf 89' lang='lat' dir='ltr'>vestris</span> <span class='ocrx_word' id='word_1_50' title='bbox 2334 880 2627 943; x_wconf 88' lang='lat' dir='ltr'>honorem</span> <span class='ocrx_word' id='word_1_51' title='bbox 2675 882 2739 944; x_wconf 93' lang='lat' dir='ltr'>et</span> <span class='ocrx_word' id='word_1_52' title='bbox 2783 880 3291 961; x_wconf 83' lang='lat' dir='ltr'>complacentiam</span> 
     </span>
     <span class='ocr_line' id='line_1_7' title="bbox 559 966 3289 1050; baseline 0 -20"><span class='ocrx_word' id='word_1_53' title='bbox 559 968 929 1050; x_wconf 87' lang='lat' dir='ltr'>condignam</span> <span class='ocrx_word' id='word_1_54' title='bbox 976 968 1417 1049; x_wconf 88' lang='lat' dir='ltr'>gratitudinem</span> <span class='ocrx_word' id='word_1_55' title='bbox 1465 986 1881 1050; x_wconf 85' lang='lat' dir='ltr'>compensare.</span> <span class='ocrx_word' id='word_1_56' title='bbox 1930 968 2010 1031; x_wconf 85' lang='lat' dir='ltr'>Et</span> <span class='ocrx_word' id='word_1_57' title='bbox 2054 966 2197 1050; x_wconf 91' lang='lat' dir='ltr'>quia</span> <span class='ocrx_word' id='word_1_58' title='bbox 2242 967 2546 1031; x_wconf 86' lang='lat' dir='ltr'>amiratus</span> <span class='ocrx_word' id='word_1_59' title='bbox 2592 968 2765 1050; x_wconf 89' lang='lat' dir='ltr'>regni</span> <span class='ocrx_word' id='word_1_60' title='bbox 2810 987 2876 1031; x_wconf 92' lang='lat' dir='ltr'>se</span> <span class='ocrx_word' id='word_1_61' title='bbox 2923 967 3289 1032; x_wconf 72' lang='lat' dir='ltr'>festinanter</span> 
     </span>
     <span class='ocr_line' id='line_1_8' title="bbox 558 1054 3290 1138; baseline 0.001 -21"><span class='ocrx_word' id='word_1_62' title='bbox 558 1056 831 1138; x_wconf 88' lang='lat' dir='ltr'>accingit</span> <span class='ocrx_word' id='word_1_63' title='bbox 876 1056 1277 1137; x_wconf 86' lang='lat' dir='ltr'>navigaturus</span> <span class='ocrx_word' id='word_1_64' title='bbox 1326 1056 1402 1119; x_wconf 89' lang='lat' dir='ltr'>ad</span> <span class='ocrx_word' id='word_1_65' title='bbox 1449 1055 1742 1138; x_wconf 89' lang='lat' dir='ltr'>culpbum</span> <span class='ocrx_word' id='word_1_66' title='bbox 1794 1074 1931 1119; x_wconf 89' lang='lat' dir='ltr'>cum</span> <span class='ocrx_word' id='word_1_67' title='bbox 1982 1054 2183 1118; x_wconf 91' lang='lat' dir='ltr'>tribus</span> <span class='ocrx_word' id='word_1_68' title='bbox 2227 1054 2421 1137; x_wconf 89' lang='lat' dir='ltr'>galeis</span> <span class='ocrx_word' id='word_1_69' title='bbox 2468 1056 2541 1119; x_wconf 92' lang='lat' dir='ltr'>de</span> <span class='ocrx_word' id='word_1_70' title='bbox 2567 1055 2904 1133; x_wconf 88' lang='lat' dir='ltr'>Proviutia,</span> <span class='ocrx_word' id='word_1_71' title='bbox 2945 1057 3009 1119; x_wconf 90' lang='lat' dir='ltr'>et</span> <span class='ocrx_word' id='word_1_72' title='bbox 3052 1056 3290 1120; x_wconf 89' lang='lat' dir='ltr'>duabus</span> 
     </span>
     <span class='ocr_line' id='line_1_9' title="bbox 558 1143 3288 1226; baseline 0 -20"><span class='ocrx_word' id='word_1_73' title='bbox 558 1143 632 1206; x_wconf 91' lang='lat' dir='ltr'>de</span> <span class='ocrx_word' id='word_1_74' title='bbox 683 1161 889 1226; x_wconf 84' lang='lat' dir='ltr'>regn0,</span> <span class='ocrx_word' id='word_1_75' title='bbox 940 1162 1011 1207; x_wconf 88' lang='lat' dir='ltr'>ac</span> <span class='ocrx_word' id='word_1_76' title='bbox 1058 1145 1197 1208; x_wconf 87' lang='lat' dir='ltr'>aliis</span> <span class='ocrx_word' id='word_1_77' title='bbox 1234 1145 1471 1208; x_wconf 89' lang='lat' dir='ltr'>duabus</span> <span class='ocrx_word' id='word_1_78' title='bbox 1513 1144 1587 1207; x_wconf 93' lang='lat' dir='ltr'>de</span> <span class='ocrx_word' id='word_1_79' title='bbox 1636 1144 1893 1207; x_wconf 90' lang='lat' dir='ltr'>Monaco</span> <span class='ocrx_word' id='word_1_80' title='bbox 1939 1144 2151 1206; x_wconf 89' lang='lat' dir='ltr'>contra</span> <span class='ocrx_word' id='word_1_81' title='bbox 2215 1143 2424 1207; x_wconf 90' lang='lat' dir='ltr'>hostes</span> <span class='ocrx_word' id='word_1_82' title='bbox 2486 1145 2726 1206; x_wconf 89' lang='lat' dir='ltr'>nostros</span> <span class='ocrx_word' id='word_1_83' title='bbox 2783 1143 2859 1207; x_wconf 90' lang='lat' dir='ltr'>ad</span> <span class='ocrx_word' id='word_1_84' title='bbox 2908 1145 3117 1208; x_wconf 88' lang='lat' dir='ltr'>nostra</span> <span class='ocrx_word' id='word_1_85' title='bbox 3159 1162 3288 1208; x_wconf 91' lang='lat' dir='ltr'>ser-</span> 
     </span>
     <span class='ocr_line' id='line_1_10' title="bbox 557 1231 3284 1314; baseline 0 -20"><span class='ocrx_word' id='word_1_86' title='bbox 557 1231 715 1294; x_wconf 87' lang='lat' dir='ltr'>vicia</span> <span class='ocrx_word' id='word_1_87' title='bbox 763 1234 1200 1314; x_wconf 87' lang='lat' dir='ltr'>prosequenda,</span> <span class='ocrx_word' id='word_1_88' title='bbox 1234 1231 1570 1295; x_wconf 87' lang='lat' dir='ltr'>amicitiam</span> <span class='ocrx_word' id='word_1_89' title='bbox 1615 1233 1888 1295; x_wconf 87' lang='lat' dir='ltr'>vestram</span> <span class='ocrx_word' id='word_1_90' title='bbox 1937 1231 2152 1294; x_wconf 90' lang='lat' dir='ltr'>eadem</span> <span class='ocrx_word' id='word_1_91' title='bbox 2199 1231 2528 1295; x_wconf 87' lang='lat' dir='ltr'>affectuose</span> <span class='ocrx_word' id='word_1_92' title='bbox 2574 1249 2917 1313; x_wconf 84' lang='lat' dir='ltr'>precamur,</span> <span class='ocrx_word' id='word_1_93' title='bbox 2969 1233 3039 1295; x_wconf 88' lang='lat' dir='ltr'>ut</span> <span class='ocrx_word' id='word_1_94' title='bbox 3082 1232 3284 1296; x_wconf 87' lang='lat' dir='ltr'>dictas</span> 
     </span>
     <span class='ocr_line' id='line_1_11' title="bbox 556 1317 3283 1402; baseline 0 -21"><span class='ocrx_word' id='word_1_95' title='bbox 556 1317 709 1382; x_wconf 89' lang='lat' dir='ltr'>duas</span> <span class='ocrx_word' id='word_1_96' title='bbox 756 1318 967 1402; x_wconf 86' lang='lat' dir='ltr'>galeas</span> <span class='ocrx_word' id='word_1_97' title='bbox 1030 1319 1106 1384; x_wconf 90' lang='lat' dir='ltr'>de</span> <span class='ocrx_word' id='word_1_98' title='bbox 1154 1320 1430 1396; x_wconf 91' lang='lat' dir='ltr'>Monaco,</span> <span class='ocrx_word' id='word_1_99' title='bbox 1477 1337 1660 1401; x_wconf 88' lang='lat' dir='ltr'>quam</span> <span class='ocrx_word' id='word_1_100' title='bbox 1706 1319 1809 1383; x_wconf 90' lang='lat' dir='ltr'>diu</span> <span class='ocrx_word' id='word_1_101' title='bbox 1859 1319 1922 1382; x_wconf 92' lang='lat' dir='ltr'>in</span> <span class='ocrx_word' id='word_1_102' title='bbox 1966 1318 2257 1383; x_wconf 86' lang='lat' dir='ltr'>societate</span> <span class='ocrx_word' id='word_1_103' title='bbox 2304 1318 2499 1401; x_wconf 85' lang='lat' dir='ltr'>ipsius</span> <span class='ocrx_word' id='word_1_104' title='bbox 2560 1320 2812 1383; x_wconf 87' lang='lat' dir='ltr'>amirati</span> <span class='ocrx_word' id='word_1_105' title='bbox 2871 1320 3071 1383; x_wconf 84' lang='lat' dir='ltr'>nostri</span> <span class='ocrx_word' id='word_1_106' title='bbox 3119 1319 3283 1383; x_wconf 90' lang='lat' dir='ltr'>dicta</span> 
     </span>
     <span class='ocr_line' id='line_1_12' title="bbox 561 1406 3285 1490; baseline 0 -21"><span class='ocrx_word' id='word_1_107' title='bbox 561 1408 770 1471; x_wconf 90' lang='lat' dir='ltr'>nostra</span> <span class='ocrx_word' id='word_1_108' title='bbox 817 1408 1076 1471; x_wconf 87' lang='lat' dir='ltr'>servicia</span> <span class='ocrx_word' id='word_1_109' title='bbox 1125 1408 1561 1490; x_wconf 89' lang='lat' dir='ltr'>prosecventur</span> <span class='ocrx_word' id='word_1_110' title='bbox 1607 1408 1737 1471; x_wconf 91' lang='lat' dir='ltr'>sine</span> <span class='ocrx_word' id='word_1_111' title='bbox 1784 1409 2127 1471; x_wconf 87' lang='lat' dir='ltr'>vestrorum</span> <span class='ocrx_word' id='word_1_112' title='bbox 2198 1408 2585 1471; x_wconf 89' lang='lat' dir='ltr'>subditorum</span> <span class='ocrx_word' id='word_1_113' title='bbox 2635 1407 2861 1470; x_wconf 89' lang='lat' dir='ltr'>iniuria</span> <span class='ocrx_word' id='word_1_114' title='bbox 2910 1406 3008 1472; x_wconf 92' lang='lat' dir='ltr'>vel</span> <span class='ocrx_word' id='word_1_115' title='bbox 3055 1406 3285 1471; x_wconf 87' lang='lat' dir='ltr'>offensa</span> 
     </span>
     <span class='ocr_line' id='line_1_13' title="bbox 563 1494 3281 1577; baseline 0 -20"><span class='ocrx_word' id='word_1_116' title='bbox 563 1494 854 1559; x_wconf 90' lang='lat' dir='ltr'>tollerare</span> <span class='ocrx_word' id='word_1_117' title='bbox 897 1495 1090 1559; x_wconf 85' lang='lat' dir='ltr'>nostri</span> <span class='ocrx_word' id='word_1_118' title='bbox 1138 1494 1618 1559; x_wconf 82' lang='lat' dir='ltr'>consideratione</span> <span class='ocrx_word' id='word_1_119' title='bbox 1668 1494 1932 1563; x_wconf 81' lang='lat' dir='ltr'>vellitis,</span> <span class='ocrx_word' id='word_1_120' title='bbox 1980 1497 2044 1558; x_wconf 90' lang='lat' dir='ltr'>et</span> <span class='ocrx_word' id='word_1_121' title='bbox 2105 1494 2429 1573; x_wconf 89' lang='lat' dir='ltr'>mandare,</span> <span class='ocrx_word' id='word_1_122' title='bbox 2476 1495 2635 1577; x_wconf 91' lang='lat' dir='ltr'>quod</span> <span class='ocrx_word' id='word_1_123' title='bbox 2702 1495 2765 1558; x_wconf 90' lang='lat' dir='ltr'>in</span> <span class='ocrx_word' id='word_1_124' title='bbox 2828 1495 3011 1559; x_wconf 88' lang='lat' dir='ltr'>terris</span> <span class='ocrx_word' id='word_1_125' title='bbox 3061 1494 3281 1558; x_wconf 86' lang='lat' dir='ltr'>vestris</span> 
     </span>
     <span class='ocr_line' id='line_1_14' title="bbox 565 1581 3291 1665; baseline -0 -19"><span class='ocrx_word' id='word_1_126' title='bbox 565 1584 632 1646; x_wconf 90' lang='lat' dir='ltr'>et</span> <span class='ocrx_word' id='word_1_127' title='bbox 676 1600 713 1645; x_wconf 90' lang='lat' dir='ltr'>a</span> <span class='ocrx_word' id='word_1_128' title='bbox 759 1581 1026 1646; x_wconf 89' lang='lat' dir='ltr'>subditis</span> <span class='ocrx_word' id='word_1_129' title='bbox 1071 1583 1423 1647; x_wconf 88' lang='lat' dir='ltr'>amabiliter</span> <span class='ocrx_word' id='word_1_130' title='bbox 1470 1585 1947 1664; x_wconf 84' lang='lat' dir='ltr'>pertractentur,</span> <span class='ocrx_word' id='word_1_131' title='bbox 1994 1584 2057 1646; x_wconf 91' lang='lat' dir='ltr'>et</span> <span class='ocrx_word' id='word_1_132' title='bbox 2101 1581 2176 1645; x_wconf 92' lang='lat' dir='ltr'>de</span> <span class='ocrx_word' id='word_1_133' title='bbox 2222 1582 2686 1647; x_wconf 87' lang='lat' dir='ltr'>refriscamento</span> <span class='ocrx_word' id='word_1_134' title='bbox 2739 1582 2999 1665; x_wconf 89' lang='lat' dir='ltr'>aliisque</span> <span class='ocrx_word' id='word_1_135' title='bbox 3047 1581 3135 1646; x_wconf 91' lang='lat' dir='ltr'>eis</span> <span class='ocrx_word' id='word_1_136' title='bbox 3182 1602 3291 1645; x_wconf 60' lang='lat' dir='ltr'>nea</span> 
     </span>
     <span class='ocr_line' id='line_1_15' title="bbox 562 1669 3289 1753; baseline 0 -20"><span class='ocrx_word' id='word_1_137' title='bbox 562 1670 845 1734; x_wconf 88' lang='lat' dir='ltr'>cessariis</span> <span class='ocrx_word' id='word_1_138' title='bbox 894 1670 1112 1735; x_wconf 91' lang='lat' dir='ltr'>vellint</span> <span class='ocrx_word' id='word_1_139' title='bbox 1156 1670 1576 1735; x_wconf 84' lang='lat' dir='ltr'>fraternaliter</span> <span class='ocrx_word' id='word_1_140' title='bbox 1622 1670 1963 1734; x_wconf 91' lang='lat' dir='ltr'>subvenire.</span> <span class='ocrx_word' id='word_1_141' title='bbox 2013 1669 2176 1733; x_wconf 89' lang='lat' dir='ltr'>Nam</span> <span class='ocrx_word' id='word_1_142' title='bbox 2225 1670 2356 1752; x_wconf 90' lang='lat' dir='ltr'>ipse</span> <span class='ocrx_word' id='word_1_143' title='bbox 2402 1670 2597 1752; x_wconf 83' lang='lat' dir='ltr'>galee,</span> <span class='ocrx_word' id='word_1_144' title='bbox 2646 1674 2710 1735; x_wconf 92' lang='lat' dir='ltr'>et</span> <span class='ocrx_word' id='word_1_145' title='bbox 2756 1689 3134 1753; x_wconf 88' lang='lat' dir='ltr'>quecumque</span> <span class='ocrx_word' id='word_1_146' title='bbox 3169 1670 3289 1734; x_wconf 90' lang='lat' dir='ltr'>alie</span> 
     </span>
     <span class='ocr_line' id='line_1_16' title="bbox 558 1757 3286 1840; baseline 0 -20"><span class='ocrx_word' id='word_1_147' title='bbox 558 1759 765 1822; x_wconf 90' lang='lat' dir='ltr'>nostre</span> <span class='ocrx_word' id='word_1_148' title='bbox 813 1762 1037 1836; x_wconf 88' lang='lat' dir='ltr'>essent,</span> <span class='ocrx_word' id='word_1_149' title='bbox 1086 1761 1298 1840; x_wconf 89' lang='lat' dir='ltr'>parate</span> <span class='ocrx_word' id='word_1_150' title='bbox 1348 1758 1549 1822; x_wconf 87' lang='lat' dir='ltr'>forent</span> <span class='ocrx_word' id='word_1_151' title='bbox 1593 1761 1658 1821; x_wconf 91' lang='lat' dir='ltr'>et</span> <span class='ocrx_word' id='word_1_152' title='bbox 1708 1759 1988 1840; x_wconf 87' lang='lat' dir='ltr'>prompte</span> <span class='ocrx_word' id='word_1_153' title='bbox 2032 1757 2108 1821; x_wconf 90' lang='lat' dir='ltr'>ad</span> <span class='ocrx_word' id='word_1_154' title='bbox 2157 1776 2402 1822; x_wconf 90' lang='lat' dir='ltr'>omnem</span> <span class='ocrx_word' id='word_1_155' title='bbox 2453 1761 2725 1823; x_wconf 91' lang='lat' dir='ltr'>vestram</span> <span class='ocrx_word' id='word_1_156' title='bbox 2773 1758 3286 1840; x_wconf 89' lang='lat' dir='ltr'>complacentiam</span> 
     </span>
     <span class='ocr_line' id='line_1_17' title="bbox 560 1845 3288 1930; baseline 0 -21"><span class='ocrx_word' id='word_1_157' title='bbox 560 1848 625 1909; x_wconf 94' lang='lat' dir='ltr'>et</span> <span class='ocrx_word' id='word_1_158' title='bbox 671 1848 1033 1925; x_wconf 85' lang='lat' dir='ltr'>vestrorum,</span> <span class='ocrx_word' id='word_1_159' title='bbox 1083 1847 1245 1911; x_wconf 90' lang='lat' dir='ltr'>sicut</span> <span class='ocrx_word' id='word_1_160' title='bbox 1290 1847 1378 1910; x_wconf 94' lang='lat' dir='ltr'>eis</span> <span class='ocrx_word' id='word_1_161' title='bbox 1424 1845 1740 1928; x_wconf 85' lang='lat' dir='ltr'>signanter</span> <span class='ocrx_word' id='word_1_162' title='bbox 1796 1847 1861 1909; x_wconf 89' lang='lat' dir='ltr'>et</span> <span class='ocrx_word' id='word_1_163' title='bbox 1905 1864 2188 1927; x_wconf 80' lang='lat' dir='ltr'>expresse</span> <span class='ocrx_word' id='word_1_164' title='bbox 2247 1846 2532 1910; x_wconf 81' lang='lat' dir='ltr'>duximus</span> <span class='ocrx_word' id='word_1_165' title='bbox 2581 1846 3044 1930; x_wconf 90' lang='lat' dir='ltr'>iniungendum.</span> <span class='ocrx_word' id='word_1_166' title='bbox 3126 1846 3288 1910; x_wconf 87' lang='lat' dir='ltr'>Data</span> 
     </span>
     <span class='ocr_line' id='line_1_18' title="bbox 555 1931 3288 2017; baseline 0 -20"><span class='ocrx_word' id='word_1_167' title='bbox 555 1931 818 2016; x_wconf 80' lang='lat' dir='ltr'>&#39;Neapoli</span> <span class='ocrx_word' id='word_1_168' title='bbox 870 1933 983 1998; x_wconf 90' lang='lat' dir='ltr'>sub</span> <span class='ocrx_word' id='word_1_169' title='bbox 1031 1934 1243 1998; x_wconf 90' lang='lat' dir='ltr'>anullo</span> <span class='ocrx_word' id='word_1_170' title='bbox 1287 1935 1496 1998; x_wconf 92' lang='lat' dir='ltr'>nostro</span> <span class='ocrx_word' id='word_1_171' title='bbox 1543 1936 1799 2011; x_wconf 90' lang='lat' dir='ltr'>secret0,</span> <span class='ocrx_word' id='word_1_172' title='bbox 1843 1933 1942 1997; x_wconf 91' lang='lat' dir='ltr'>die</span> <span class='ocrx_word' id='word_1_173' title='bbox 1988 1933 2047 1997; x_wconf 90' lang='lat' dir='ltr'>X</span> <span class='ocrx_word' id='word_1_174' title='bbox 2093 1934 2327 2015; x_wconf 82' lang='lat' dir='ltr'>apriliS,</span> <span class='ocrx_word' id='word_1_175' title='bbox 2377 1935 2564 1999; x_wconf 86' lang='lat' dir='ltr'>tercie</span> <span class='ocrx_word' id='word_1_176' title='bbox 2612 1933 2983 1999; x_wconf 89' lang='lat' dir='ltr'>indictionis.</span> <span class='ocrx_word' id='word_1_177' title='bbox 3036 1932 3288 2017; x_wconf 84' lang='lat'>(1350).</span> 
     </span>
     <span class='ocr_line' id='line_1_19' title="bbox 646 2022 2319 2094; baseline -0.001 -11"><span class='ocrx_word' id='word_1_178' title='bbox 646 2022 1214 2085; x_wconf 79' lang='lat' dir='ltr'>Commemorialium</span> <span class='ocrx_word' id='word_1_179' title='bbox 1259 2025 1373 2084; x_wconf 86' lang='lat' dir='ltr'>IV.</span> <span class='ocrx_word' id='word_1_180' title='bbox 1424 2026 1568 2094; x_wconf 84' lang='lat'>173,</span> <span class='ocrx_word' id='word_1_181' title='bbox 1614 2043 1657 2083; x_wconf 81' lang='lat' dir='ltr'>u</span> <span class='ocrx_word' id='word_1_182' title='bbox 1701 2025 2043 2084; x_wconf 69' lang='lat' dir='ltr'>mletackom</span> <span class='ocrx_word' id='word_1_183' title='bbox 2089 2026 2319 2083; x_wconf 77' lang='lat' dir='ltr'>arkivu.</span> 
     </span>
    </p>
   </div>
   <div class='ocr_carea' id='block_1_3' title="bbox 817 2210 3026 2316">
    <p class='ocr_par' dir='ltr' id='par_1_3' title="bbox 817 2210 3026 2316">
     <span class='ocr_line' id='line_1_20' title="bbox 817 2210 3026 2316; baseline 0 -22"><span class='ocrx_word' id='word_1_184' title='bbox 817 2210 1345 2296; x_wconf 75' lang='lat' dir='ltr'>ccxnvm.</span> <span class='ocrx_word' id='word_1_185' title='bbox 1403 2212 1611 2296; x_wconf 75' lang='lat' dir='ltr'>sou.</span> <span class='ocrx_word' id='word_1_186' title='bbox 1665 2212 1896 2296; x_wconf 72' lang='lat'>1350.</span> <span class='ocrx_word' id='word_1_187' title='bbox 1952 2215 2041 2295; x_wconf 94' lang='lat'>11</span> <span class='ocrx_word' id='word_1_188' title='bbox 2095 2215 2471 2316; x_wconf 66' lang='lat' dir='ltr'>trama,</span> <span class='ocrx_word' id='word_1_189' title='bbox 2523 2237 2583 2295; x_wconf 88' lang='lat' dir='ltr'>u</span> <span class='ocrx_word' id='word_1_190' title='bbox 2636 2212 3026 2296; x_wconf 67' lang='lat' dir='ltr'>metam.</span> 
     </span>
    </p>
   </div>
   <div class='ocr_carea' id='block_1_4' title="bbox 770 2338 3076 2415">
    <p class='ocr_par' dir='ltr' id='par_1_4' title="bbox 770 2338 3076 2415">
     <span class='ocr_line' id='line_1_21' title="bbox 770 2338 3076 2415; baseline 0 -16"><span class='ocrx_word' id='word_1_191' title='bbox 770 2338 1083 2415; x_wconf 74' lang='lat' dir='ltr'>Odyovara</span> <span class='ocrx_word' id='word_1_192' title='bbox 1127 2358 1188 2399; x_wconf 85' lang='lat' dir='ltr'>se</span> <span class='ocrx_word' id='word_1_193' title='bbox 1234 2359 1319 2401; x_wconf 80' lang='lat' dir='ltr'>na</span> <span class='ocrx_word' id='word_1_194' title='bbox 1365 2343 1544 2415; x_wconf 74' lang='lat' dir='ltr'>m’eka</span> <span class='ocrx_word' id='word_1_195' title='bbox 1578 2343 1830 2415; x_wconf 78' lang='lat' dir='ltr'>pitanja</span> <span class='ocrx_word' id='word_1_196' title='bbox 1864 2340 2210 2414; x_wconf 67' lang='lat' dir='ltr'>podnes&#39;ena</span> <span class='ocrx_word' id='word_1_197' title='bbox 2256 2341 2333 2399; x_wconf 83' lang='lat' dir='ltr'>od</span> <span class='ocrx_word' id='word_1_198' title='bbox 2377 2340 2699 2401; x_wconf 62' lang='lat' dir='ltr'>§ibenickih</span> <span class='ocrx_word' id='word_1_199' title='bbox 2735 2341 3076 2415; x_wconf 79' lang='lat' dir='ltr'>poslanika.</span> 
     </span>
    </p>
   </div>
   <div class='ocr_carea' id='block_1_5' title="bbox 546 2459 3292 4827">
    <p class='ocr_par' dir='ltr' id='par_1_5' title="bbox 551 2459 3292 3600">
     <span class='ocr_line' id='line_1_22' title="bbox 772 2459 3292 2545; baseline 0.002 -24"><span class='ocrx_word' id='word_1_200' title='bbox 772 2459 955 2525; x_wconf 82' lang='lat'>1350.</span> <span class='ocrx_word' id='word_1_201' title='bbox 1005 2460 1102 2524; x_wconf 91' lang='lat' dir='ltr'>die</span> <span class='ocrx_word' id='word_1_202' title='bbox 1150 2462 1240 2525; x_wconf 89' lang='lat' dir='ltr'>XI</span> <span class='ocrx_word' id='word_1_203' title='bbox 1288 2461 1523 2544; x_wconf 89' lang='lat' dir='ltr'>aprilis,</span> <span class='ocrx_word' id='word_1_204' title='bbox 1572 2463 1788 2545; x_wconf 85' lang='lat' dir='ltr'>capta:</span> <span class='ocrx_word' id='word_1_205' title='bbox 1867 2462 2026 2544; x_wconf 90' lang='lat' dir='ltr'>quod</span> <span class='ocrx_word' id='word_1_206' title='bbox 2075 2463 2519 2545; x_wconf 86' lang='lat' dir='ltr'>respondeatur</span> <span class='ocrx_word' id='word_1_207' title='bbox 2565 2462 3071 2526; x_wconf 80' lang='lat' dir='ltr'>ambaxatoribus</span> <span class='ocrx_word' id='word_1_208' title='bbox 3116 2460 3292 2526; x_wconf 87' lang='lat' dir='ltr'>Sibe-</span> 
     </span>
     <span class='ocr_line' id='line_1_23' title="bbox 554 2545 3288 2632; baseline 0.001 -22"><span class='ocrx_word' id='word_1_209' title='bbox 554 2545 679 2611; x_wconf 89' lang='lat' dir='ltr'>nici</span> <span class='ocrx_word' id='word_1_210' title='bbox 724 2565 909 2630; x_wconf 90' lang='lat' dir='ltr'>super</span> <span class='ocrx_word' id='word_1_211' title='bbox 956 2551 1157 2630; x_wconf 88' lang='lat' dir='ltr'>primo</span> <span class='ocrx_word' id='word_1_212' title='bbox 1205 2549 1512 2632; x_wconf 85' lang='lat' dir='ltr'>capitulo,</span> <span class='ocrx_word' id='word_1_213' title='bbox 1587 2550 1648 2613; x_wconf 91' lang='lat' dir='ltr'>in</span> <span class='ocrx_word' id='word_1_214' title='bbox 1696 2568 1816 2632; x_wconf 93' lang='lat' dir='ltr'>quo</span> <span class='ocrx_word' id='word_1_215' title='bbox 1879 2549 2232 2631; x_wconf 89' lang='lat' dir='ltr'>supplicant</span> <span class='ocrx_word' id='word_1_216' title='bbox 2291 2548 2732 2624; x_wconf 86' lang='lat' dir='ltr'>dominationi,</span> <span class='ocrx_word' id='word_1_217' title='bbox 2782 2549 2939 2631; x_wconf 90' lang='lat' dir='ltr'>quod</span> <span class='ocrx_word' id='word_1_218' title='bbox 3000 2549 3288 2632; x_wconf 88' lang='lat' dir='ltr'>dignetur</span> 
     </span>
     <span class='ocr_line' id='line_1_24' title="bbox 552 2635 3287 2721; baseline 0.001 -22"><span class='ocrx_word' id='word_1_219' title='bbox 552 2635 644 2700; x_wconf 89' lang='lat' dir='ltr'>eis</span> <span class='ocrx_word' id='word_1_220' title='bbox 690 2636 1013 2701; x_wconf 88' lang='lat' dir='ltr'>subvenire</span> <span class='ocrx_word' id='word_1_221' title='bbox 1075 2636 1149 2701; x_wconf 93' lang='lat' dir='ltr'>de</span> <span class='ocrx_word' id='word_1_222' title='bbox 1214 2637 1483 2703; x_wconf 91' lang='lat' dir='ltr'>remedio</span> <span class='ocrx_word' id='word_1_223' title='bbox 1546 2638 1843 2721; x_wconf 90' lang='lat' dir='ltr'>oportuno</span> <span class='ocrx_word' id='word_1_224' title='bbox 1905 2640 2037 2702; x_wconf 89' lang='lat' dir='ltr'>tam</span> <span class='ocrx_word' id='word_1_225' title='bbox 2102 2658 2284 2721; x_wconf 91' lang='lat' dir='ltr'>super</span> <span class='ocrx_word' id='word_1_226' title='bbox 2344 2638 2589 2703; x_wconf 89' lang='lat' dir='ltr'>damnis</span> <span class='ocrx_word' id='word_1_227' title='bbox 2646 2636 2812 2701; x_wconf 90' lang='lat' dir='ltr'>datis</span> <span class='ocrx_word' id='word_1_228' title='bbox 2877 2636 3110 2702; x_wconf 87' lang='lat' dir='ltr'>eisdem</span> <span class='ocrx_word' id='word_1_229' title='bbox 3176 2656 3287 2721; x_wconf 89' lang='lat' dir='ltr'>per</span> 
     </span>
     <span class='ocr_line' id='line_1_25' title="bbox 551 2723 3285 2809; baseline 0.001 -23"><span class='ocrx_word' id='word_1_230' title='bbox 551 2723 907 2806; x_wconf 72' lang='lat' dir='ltr'>HungarOS,</span> <span class='ocrx_word' id='word_1_231' title='bbox 954 2743 1136 2807; x_wconf 90' lang='lat' dir='ltr'>quam</span> <span class='ocrx_word' id='word_1_232' title='bbox 1186 2745 1301 2808; x_wconf 93' lang='lat' dir='ltr'>que</span> <span class='ocrx_word' id='word_1_233' title='bbox 1348 2728 1408 2790; x_wconf 92' lang='lat' dir='ltr'>in</span> <span class='ocrx_word' id='word_1_234' title='bbox 1458 2731 1773 2809; x_wconf 91' lang='lat' dir='ltr'>posterum</span> <span class='ocrx_word' id='word_1_235' title='bbox 1823 2725 2036 2791; x_wconf 89' lang='lat' dir='ltr'>inferri</span> <span class='ocrx_word' id='word_1_236' title='bbox 2093 2731 2345 2809; x_wconf 89' lang='lat' dir='ltr'>possent</span> <span class='ocrx_word' id='word_1_237' title='bbox 2393 2729 2532 2805; x_wconf 91' lang='lat' dir='ltr'>etc.,</span> <span class='ocrx_word' id='word_1_238' title='bbox 2577 2727 2736 2808; x_wconf 91' lang='lat' dir='ltr'>quod</span> <span class='ocrx_word' id='word_1_239' title='bbox 2803 2725 2928 2789; x_wconf 91' lang='lat' dir='ltr'>iam</span> <span class='ocrx_word' id='word_1_240' title='bbox 2993 2725 3285 2792; x_wconf 81' lang='lat' dir='ltr'>miximus</span> 
     </span>
     <span class='ocr_line' id='line_1_26' title="bbox 556 2812 3282 2897; baseline 0 -22"><span class='ocrx_word' id='word_1_241' title='bbox 556 2812 764 2895; x_wconf 90' lang='lat' dir='ltr'>plures</span> <span class='ocrx_word' id='word_1_242' title='bbox 812 2812 1060 2877; x_wconf 87' lang='lat' dir='ltr'>litteras</span> <span class='ocrx_word' id='word_1_243' title='bbox 1107 2813 1356 2878; x_wconf 91' lang='lat' dir='ltr'>domino</span> <span class='ocrx_word' id='word_1_244' title='bbox 1401 2815 1532 2897; x_wconf 89' lang='lat' dir='ltr'>regi</span> <span class='ocrx_word' id='word_1_245' title='bbox 1578 2813 1917 2897; x_wconf 89' lang='lat' dir='ltr'>Hungarie,</span> <span class='ocrx_word' id='word_1_246' title='bbox 1967 2817 2258 2897; x_wconf 89' lang='lat' dir='ltr'>rogantes</span> <span class='ocrx_word' id='word_1_247' title='bbox 2306 2815 2627 2892; x_wconf 91' lang='lat' dir='ltr'>eumdem,</span> <span class='ocrx_word' id='word_1_248' title='bbox 2676 2815 2746 2877; x_wconf 92' lang='lat' dir='ltr'>ut</span> <span class='ocrx_word' id='word_1_249' title='bbox 2791 2813 3067 2896; x_wconf 88' lang='lat' dir='ltr'>placeret</span> <span class='ocrx_word' id='word_1_250' title='bbox 3110 2814 3282 2877; x_wconf 82' lang='lat' dir='ltr'>iuxta</span> 
     </span>
     <span class='ocr_line' id='line_1_27' title="bbox 555 2899 3288 2985; baseline -0 -21"><span class='ocrx_word' id='word_1_251' title='bbox 555 2900 944 2964; x_wconf 90' lang='lat' dir='ltr'>continencia</span> <span class='ocrx_word' id='word_1_252' title='bbox 991 2903 1391 2983; x_wconf 87' lang='lat' dir='ltr'>treuguarum</span> <span class='ocrx_word' id='word_1_253' title='bbox 1433 2903 1641 2966; x_wconf 90' lang='lat' dir='ltr'>taliter</span> <span class='ocrx_word' id='word_1_254' title='bbox 1687 2903 1989 2978; x_wconf 87' lang='lat' dir='ltr'>ordinare,</span> <span class='ocrx_word' id='word_1_255' title='bbox 2037 2903 2197 2985; x_wconf 91' lang='lat' dir='ltr'>quod</span> <span class='ocrx_word' id='word_1_256' title='bbox 2248 2903 2323 2967; x_wconf 93' lang='lat' dir='ltr'>de</span> <span class='ocrx_word' id='word_1_257' title='bbox 2372 2902 2615 2967; x_wconf 90' lang='lat' dir='ltr'>damnis</span> <span class='ocrx_word' id='word_1_258' title='bbox 2664 2903 2827 2966; x_wconf 89' lang='lat' dir='ltr'>datis</span> <span class='ocrx_word' id='word_1_259' title='bbox 2864 2901 3092 2966; x_wconf 90' lang='lat' dir='ltr'>nostris</span> <span class='ocrx_word' id='word_1_260' title='bbox 3138 2899 3288 2964; x_wconf 91' lang='lat' dir='ltr'>fide-</span> 
     </span>
     <span class='ocr_line' id='line_1_28' title="bbox 552 2986 3284 3071; baseline 0.001 -21"><span class='ocrx_word' id='word_1_261' title='bbox 552 2987 716 3051; x_wconf 91' lang='lat' dir='ltr'>libus</span> <span class='ocrx_word' id='word_1_262' title='bbox 763 2986 1083 3052; x_wconf 89' lang='lat' dir='ltr'>Dalmacie</span> <span class='ocrx_word' id='word_1_263' title='bbox 1131 2989 1239 3054; x_wconf 88' lang='lat' dir='ltr'>fiat</span> <span class='ocrx_word' id='word_1_264' title='bbox 1283 2989 1598 3055; x_wconf 88' lang='lat' dir='ltr'>restitutio</span> <span class='ocrx_word' id='word_1_265' title='bbox 1646 2990 2031 3054; x_wconf 88' lang='lat' dir='ltr'>rationabilis</span> <span class='ocrx_word' id='word_1_266' title='bbox 2078 2993 2142 3055; x_wconf 93' lang='lat' dir='ltr'>et</span> <span class='ocrx_word' id='word_1_267' title='bbox 2189 2993 2485 3068; x_wconf 90' lang='lat' dir='ltr'>emenda,</span> <span class='ocrx_word' id='word_1_268' title='bbox 2536 2993 2600 3055; x_wconf 90' lang='lat' dir='ltr'>et</span> <span class='ocrx_word' id='word_1_269' title='bbox 2664 3007 2805 3054; x_wconf 90' lang='lat' dir='ltr'>suos</span> <span class='ocrx_word' id='word_1_270' title='bbox 2851 2989 3064 3055; x_wconf 90' lang='lat' dir='ltr'>taliter</span> <span class='ocrx_word' id='word_1_271' title='bbox 3109 3006 3284 3071; x_wconf 90' lang='lat' dir='ltr'>rego-</span> 
     </span>
     <span class='ocr_line' id='line_1_29' title="bbox 551 3075 3280 3160; baseline 0 -21"><span class='ocrx_word' id='word_1_272' title='bbox 551 3075 699 3153; x_wconf 87' lang='lat' dir='ltr'>lare,</span> <span class='ocrx_word' id='word_1_273' title='bbox 750 3075 909 3157; x_wconf 91' lang='lat' dir='ltr'>quod</span> <span class='ocrx_word' id='word_1_274' title='bbox 958 3076 1231 3158; x_wconf 87' lang='lat' dir='ltr'>predicta</span> <span class='ocrx_word' id='word_1_275' title='bbox 1278 3077 1477 3142; x_wconf 87' lang='lat' dir='ltr'>facere</span> <span class='ocrx_word' id='word_1_276' title='bbox 1524 3079 1934 3160; x_wconf 91' lang='lat' dir='ltr'>imposterum</span> <span class='ocrx_word' id='word_1_277' title='bbox 1982 3079 2338 3143; x_wconf 89' lang='lat' dir='ltr'>nullatenus</span> <span class='ocrx_word' id='word_1_278' title='bbox 2402 3079 2671 3143; x_wconf 90' lang='lat' dir='ltr'>audeant</span> <span class='ocrx_word' id='word_1_279' title='bbox 2728 3077 2825 3142; x_wconf 88' lang='lat' dir='ltr'>vel</span> <span class='ocrx_word' id='word_1_280' title='bbox 2886 3079 3280 3160; x_wconf 87' lang='lat' dir='ltr'>presumant;</span> 
     </span>
     <span class='ocr_line' id='line_1_30' title="bbox 553 3164 3270 3248; baseline -0 -21"><span class='ocrx_word' id='word_1_281' title='bbox 553 3165 617 3227; x_wconf 90' lang='lat' dir='ltr'>et</span> <span class='ocrx_word' id='word_1_282' title='bbox 663 3164 820 3244; x_wconf 88' lang='lat' dir='ltr'>quod</span> <span class='ocrx_word' id='word_1_283' title='bbox 867 3164 1062 3228; x_wconf 89' lang='lat' dir='ltr'>adhuc</span> <span class='ocrx_word' id='word_1_284' title='bbox 1111 3166 1567 3248; x_wconf 88' lang='lat' dir='ltr'>responsionem</span> <span class='ocrx_word' id='word_1_285' title='bbox 1615 3165 1887 3248; x_wconf 88' lang='lat' dir='ltr'>aliquam</span> <span class='ocrx_word' id='word_1_286' title='bbox 1932 3184 2053 3229; x_wconf 91' lang='lat' dir='ltr'>non</span> <span class='ocrx_word' id='word_1_287' title='bbox 2097 3167 2444 3242; x_wconf 80' lang='lat' dir='ltr'>habuimuS,</span> <span class='ocrx_word' id='word_1_288' title='bbox 2496 3166 2604 3231; x_wconf 91' lang='lat' dir='ltr'>sed</span> <span class='ocrx_word' id='word_1_289' title='bbox 2653 3184 2971 3246; x_wconf 88' lang='lat' dir='ltr'>speramus</span> <span class='ocrx_word' id='word_1_290' title='bbox 3004 3166 3068 3228; x_wconf 91' lang='lat' dir='ltr'>in</span> <span class='ocrx_word' id='word_1_291' title='bbox 3101 3164 3270 3227; x_wconf 86' lang='lat' dir='ltr'>brevi</span> 
     </span>
     <span class='ocr_line' id='line_1_31' title="bbox 554 3249 3279 3336; baseline 0 -23"><span class='ocrx_word' id='word_1_292' title='bbox 554 3249 778 3314; x_wconf 90' lang='lat' dir='ltr'>babere</span> <span class='ocrx_word' id='word_1_293' title='bbox 826 3269 964 3314; x_wconf 90' lang='lat' dir='ltr'>eam</span> <span class='ocrx_word' id='word_1_294' title='bbox 1010 3256 1220 3317; x_wconf 91' lang='lat' dir='ltr'>nostro</span> <span class='ocrx_word' id='word_1_295' title='bbox 1261 3253 1571 3318; x_wconf 79' lang='lat' dir='ltr'>conforme</span> <span class='ocrx_word' id='word_1_296' title='bbox 1618 3253 1966 3336; x_wconf 77' lang='lat' dir='ltr'>proposit03</span> <span class='ocrx_word' id='word_1_297' title='bbox 2033 3256 2096 3318; x_wconf 90' lang='lat' dir='ltr'>et</span> <span class='ocrx_word' id='word_1_298' title='bbox 2141 3273 2280 3318; x_wconf 91' lang='lat' dir='ltr'>cum</span> <span class='ocrx_word' id='word_1_299' title='bbox 2349 3254 2490 3319; x_wconf 90' lang='lat' dir='ltr'>aliis</span> <span class='ocrx_word' id='word_1_300' title='bbox 2545 3253 2782 3332; x_wconf 78' lang='lat' dir='ltr'>verbiS,</span> <span class='ocrx_word' id='word_1_301' title='bbox 2836 3253 3059 3336; x_wconf 90' lang='lat' dir='ltr'>quibus</span> <span class='ocrx_word' id='word_1_302' title='bbox 3109 3251 3279 3315; x_wconf 87' lang='lat' dir='ltr'>vide-</span> 
     </span>
     <span class='ocr_line' id='line_1_32' title="bbox 551 3337 3275 3425; baseline 0 -24"><span class='ocrx_word' id='word_1_303' title='bbox 551 3339 738 3402; x_wconf 87' lang='lat' dir='ltr'>bitur.</span> <span class='ocrx_word' id='word_1_304' title='bbox 786 3337 870 3403; x_wconf 88' lang='lat' dir='ltr'>Et</span> <span class='ocrx_word' id='word_1_305' title='bbox 916 3339 1061 3420; x_wconf 90' lang='lat' dir='ltr'>quia</span> <span class='ocrx_word' id='word_1_306' title='bbox 1108 3359 1214 3422; x_wconf 90' lang='lat' dir='ltr'>per</span> <span class='ocrx_word' id='word_1_307' title='bbox 1261 3340 1507 3405; x_wconf 89' lang='lat' dir='ltr'>litteras</span> <span class='ocrx_word' id='word_1_308' title='bbox 1553 3342 1801 3406; x_wconf 92' lang='lat' dir='ltr'>comitis</span> <span class='ocrx_word' id='word_1_309' title='bbox 1851 3340 2119 3406; x_wconf 88' lang='lat' dir='ltr'>Sibenici</span> <span class='ocrx_word' id='word_1_310' title='bbox 2166 3342 2453 3420; x_wconf 90' lang='lat' dir='ltr'>habetur,</span> <span class='ocrx_word' id='word_1_311' title='bbox 2503 3341 2660 3425; x_wconf 91' lang='lat' dir='ltr'>quod</span> <span class='ocrx_word' id='word_1_312' title='bbox 2709 3341 2988 3405; x_wconf 90' lang='lat' dir='ltr'>homines</span> <span class='ocrx_word' id='word_1_313' title='bbox 3031 3339 3275 3403; x_wconf 92' lang='lat' dir='ltr'>comitis</span> 
     </span>
     <span class='ocr_line' id='line_1_33' title="bbox 557 3425 3273 3512; baseline 0 -23"><span class='ocrx_word' id='word_1_314' title='bbox 557 3425 842 3509; x_wconf 87' lang='lat' dir='ltr'>Gregorii</span> <span class='ocrx_word' id='word_1_315' title='bbox 890 3426 1140 3491; x_wconf 87' lang='lat' dir='ltr'>fuerunt</span> <span class='ocrx_word' id='word_1_316' title='bbox 1182 3428 1523 3511; x_wconf 88' lang='lat' dir='ltr'>culpabiles</span> <span class='ocrx_word' id='word_1_317' title='bbox 1568 3429 1900 3512; x_wconf 89' lang='lat' dir='ltr'>predarum</span> <span class='ocrx_word' id='word_1_318' title='bbox 1950 3430 2243 3511; x_wconf 87' lang='lat' dir='ltr'>ipsarum,</span> <span class='ocrx_word' id='word_1_319' title='bbox 2293 3430 2598 3494; x_wconf 90' lang='lat' dir='ltr'>scribatur</span> <span class='ocrx_word' id='word_1_320' title='bbox 2625 3429 2867 3493; x_wconf 91' lang='lat' dir='ltr'>domino</span> <span class='ocrx_word' id='word_1_321' title='bbox 2915 3427 3132 3491; x_wconf 89' lang='lat' dir='ltr'>comiti</span> <span class='ocrx_word' id='word_1_322' title='bbox 3165 3445 3273 3508; x_wconf 88' lang='lat' dir='ltr'>pro</span> 
     </span>
     <span class='ocr_line' id='line_1_34' title="bbox 554 3513 3046 3600; baseline 0.001 -24"><span class='ocrx_word' id='word_1_323' title='bbox 554 3513 815 3577; x_wconf 88' lang='lat' dir='ltr'>emenda</span> <span class='ocrx_word' id='word_1_324' title='bbox 860 3516 925 3578; x_wconf 90' lang='lat' dir='ltr'>et</span> <span class='ocrx_word' id='word_1_325' title='bbox 970 3514 1395 3580; x_wconf 87' lang='lat' dir='ltr'>satisfactione</span> <span class='ocrx_word' id='word_1_326' title='bbox 1442 3536 1652 3581; x_wconf 90' lang='lat' dir='ltr'>eorum</span> <span class='ocrx_word' id='word_1_327' title='bbox 1699 3517 1761 3581; x_wconf 90' lang='lat' dir='ltr'>in</span> <span class='ocrx_word' id='word_1_328' title='bbox 1812 3535 1882 3582; x_wconf 90' lang='lat' dir='ltr'>ea</span> <span class='ocrx_word' id='word_1_329' title='bbox 1926 3517 2139 3594; x_wconf 87' lang='lat' dir='ltr'>forma,</span> <span class='ocrx_word' id='word_1_330' title='bbox 2190 3538 2306 3600; x_wconf 90' lang='lat' dir='ltr'>que</span> <span class='ocrx_word' id='word_1_331' title='bbox 2363 3518 2661 3583; x_wconf 64' lang='lat' dir='ltr'>„idebitur</span> <span class='ocrx_word' id='word_1_332' title='bbox 2706 3515 3046 3580; x_wconf 90' lang='lat' dir='ltr'>convenire.</span> 
     </span>
    </p>

    <p class='ocr_par' dir='ltr' id='par_1_6' title="bbox 546 3600 3279 4297">
     <span class='ocr_line' id='line_1_35' title="bbox 760 3600 3274 3687; baseline 0 -21"><span class='ocrx_word' id='word_1_333' title='bbox 760 3600 994 3684; x_wconf 88' lang='lat' dir='ltr'>Capta:</span> <span class='ocrx_word' id='word_1_334' title='bbox 1044 3602 1197 3667; x_wconf 91' lang='lat' dir='ltr'>item</span> <span class='ocrx_word' id='word_1_335' title='bbox 1243 3604 1403 3685; x_wconf 91' lang='lat' dir='ltr'>quod</span> <span class='ocrx_word' id='word_1_336' title='bbox 1452 3624 1634 3686; x_wconf 89' lang='lat' dir='ltr'>super</span> <span class='ocrx_word' id='word_1_337' title='bbox 1681 3606 1946 3670; x_wconf 91' lang='lat' dir='ltr'>secundo</span> <span class='ocrx_word' id='word_1_338' title='bbox 2002 3605 2294 3687; x_wconf 87' lang='lat' dir='ltr'>capitulo,</span> <span class='ocrx_word' id='word_1_339' title='bbox 2359 3607 2423 3670; x_wconf 91' lang='lat' dir='ltr'>in</span> <span class='ocrx_word' id='word_1_340' title='bbox 2470 3624 2586 3687; x_wconf 89' lang='lat' dir='ltr'>quo</span> <span class='ocrx_word' id='word_1_341' title='bbox 2646 3603 3063 3686; x_wconf 89' lang='lat' dir='ltr'>supplicatur,</span> <span class='ocrx_word' id='word_1_342' title='bbox 3113 3602 3274 3684; x_wconf 87' lang='lat' dir='ltr'>quod</span> 
     </span>
     <span class='ocr_line' id='line_1_36' title="bbox 547 3687 3270 3771; baseline 0 -17"><span class='ocrx_word' id='word_1_343' title='bbox 547 3687 785 3771; x_wconf 86' lang='lat' dir='ltr'>possint</span> <span class='ocrx_word' id='word_1_344' title='bbox 832 3690 1069 3754; x_wconf 88' lang='lat' dir='ltr'>salvare</span> <span class='ocrx_word' id='word_1_345' title='bbox 1115 3690 1411 3755; x_wconf 87' lang='lat' dir='ltr'>animalia</span> <span class='ocrx_word' id='word_1_346' title='bbox 1457 3710 1568 3756; x_wconf 88' lang='lat' dir='ltr'>sua</span> <span class='ocrx_word' id='word_1_347' title='bbox 1612 3693 1675 3755; x_wconf 91' lang='lat' dir='ltr'>in</span> <span class='ocrx_word' id='word_1_348' title='bbox 1721 3691 1927 3756; x_wconf 88' lang='lat' dir='ltr'>insula</span> <span class='ocrx_word' id='word_1_349' title='bbox 1972 3694 2172 3758; x_wconf 89' lang='lat' dir='ltr'>sancti</span> <span class='ocrx_word' id='word_1_350' title='bbox 2222 3694 2506 3758; x_wconf 88' lang='lat' dir='ltr'>Damiani</span> <span class='ocrx_word' id='word_1_351' title='bbox 2549 3691 2873 3755; x_wconf 90' lang='lat' dir='ltr'>districtus</span> <span class='ocrx_word' id='word_1_352' title='bbox 2931 3690 3270 3768; x_wconf 86' lang='lat' dir='ltr'>Jadrensis,</span> 
     </span>
     <span class='ocr_line' id='line_1_37' title="bbox 546 3777 3276 3860; baseline 0.001 -21"><span class='ocrx_word' id='word_1_353' title='bbox 546 3777 987 3858; x_wconf 89' lang='lat' dir='ltr'>respondeatur</span> <span class='ocrx_word' id='word_1_354' title='bbox 1034 3777 1141 3855; x_wconf 81' lang='lat' dir='ltr'>eiS,</span> <span class='ocrx_word' id='word_1_355' title='bbox 1188 3780 1346 3860; x_wconf 91' lang='lat' dir='ltr'>quod</span> <span class='ocrx_word' id='word_1_356' title='bbox 1396 3780 1736 3844; x_wconf 88' lang='lat' dir='ltr'>scribemus</span> <span class='ocrx_word' id='word_1_357' title='bbox 1783 3783 2025 3846; x_wconf 88' lang='lat' dir='ltr'>nostras</span> <span class='ocrx_word' id='word_1_358' title='bbox 2070 3780 2348 3857; x_wconf 87' lang='lat' dir='ltr'>litteras,</span> <span class='ocrx_word' id='word_1_359' title='bbox 2414 3782 2478 3844; x_wconf 93' lang='lat' dir='ltr'>et</span> <span class='ocrx_word' id='word_1_360' title='bbox 2537 3779 2626 3844; x_wconf 91' lang='lat' dir='ltr'>sic</span> <span class='ocrx_word' id='word_1_361' title='bbox 2691 3779 3001 3844; x_wconf 87' lang='lat' dir='ltr'>scribatur</span> <span class='ocrx_word' id='word_1_362' title='bbox 3061 3780 3276 3843; x_wconf 90' lang='lat' dir='ltr'>comiti</span> 
     </span>
     <span class='ocr_line' id='line_1_38' title="bbox 548 3864 3272 3950; baseline 0.001 -23"><span class='ocrx_word' id='word_1_363' title='bbox 548 3867 612 3929; x_wconf 90' lang='lat' dir='ltr'>et</span> <span class='ocrx_word' id='word_1_364' title='bbox 653 3864 1027 3929; x_wconf 85' lang='lat' dir='ltr'>consiliariis</span> <span class='ocrx_word' id='word_1_365' title='bbox 1072 3865 1280 3944; x_wconf 87' lang='lat' dir='ltr'>Jadre,</span> <span class='ocrx_word' id='word_1_366' title='bbox 1331 3869 1492 3950; x_wconf 90' lang='lat' dir='ltr'>quod</span> <span class='ocrx_word' id='word_1_367' title='bbox 1539 3868 1844 3949; x_wconf 88' lang='lat' dir='ltr'>inquirere</span> <span class='ocrx_word' id='word_1_368' title='bbox 1890 3868 2157 3933; x_wconf 91' lang='lat' dir='ltr'>debeant</span> <span class='ocrx_word' id='word_1_369' title='bbox 2200 3869 2275 3933; x_wconf 90' lang='lat' dir='ltr'>de</span> <span class='ocrx_word' id='word_1_370' title='bbox 2321 3867 2681 3933; x_wconf 89' lang='lat' dir='ltr'>inveniendo</span> <span class='ocrx_word' id='word_1_371' title='bbox 2724 3867 2813 3932; x_wconf 90' lang='lat' dir='ltr'>eis</span> <span class='ocrx_word' id='word_1_372' title='bbox 2861 3866 3134 3950; x_wconf 87' lang='lat' dir='ltr'>aliquam</span> <span class='ocrx_word' id='word_1_373' title='bbox 3176 3866 3272 3930; x_wconf 91' lang='lat' dir='ltr'>in-</span> 
     </span>
     <span class='ocr_line' id='line_1_39' title="bbox 547 3951 3274 4038; baseline 0.001 -23"><span class='ocrx_word' id='word_1_374' title='bbox 547 3951 751 4016; x_wconf 90' lang='lat' dir='ltr'>sulam</span> <span class='ocrx_word' id='word_1_375' title='bbox 800 3954 1142 4018; x_wconf 90' lang='lat' dir='ltr'>communis</span> <span class='ocrx_word' id='word_1_376' title='bbox 1193 3954 1288 4018; x_wconf 93' lang='lat' dir='ltr'>vel</span> <span class='ocrx_word' id='word_1_377' title='bbox 1338 3955 1701 4038; x_wconf 88' lang='lat' dir='ltr'>specialium</span> <span class='ocrx_word' id='word_1_378' title='bbox 1748 3975 2148 4038; x_wconf 87' lang='lat' dir='ltr'>personarum</span> <span class='ocrx_word' id='word_1_379' title='bbox 2195 3975 2336 4022; x_wconf 93' lang='lat' dir='ltr'>cum</span> <span class='ocrx_word' id='word_1_380' title='bbox 2385 3956 2703 4020; x_wconf 84' lang='lat' dir='ltr'>voluntate</span> <span class='ocrx_word' id='word_1_381' title='bbox 2740 3957 2954 4021; x_wconf 88' lang='lat' dir='ltr'>tamen</span> <span class='ocrx_word' id='word_1_382' title='bbox 3000 3956 3274 4037; x_wconf 88' lang='lat' dir='ltr'>ipsorum</span> 
     </span>
     <span class='ocr_line' id='line_1_40' title="bbox 546 4039 3274 4127; baseline 0.001 -25"><span class='ocrx_word' id='word_1_383' title='bbox 546 4039 611 4103; x_wconf 91' lang='lat' dir='ltr'>in</span> <span class='ocrx_word' id='word_1_384' title='bbox 659 4040 945 4105; x_wconf 90' lang='lat' dir='ltr'>districtu</span> <span class='ocrx_word' id='word_1_385' title='bbox 993 4041 1184 4107; x_wconf 87' lang='lat' dir='ltr'>Jadre</span> <span class='ocrx_word' id='word_1_386' title='bbox 1231 4061 1373 4107; x_wconf 92' lang='lat' dir='ltr'>cum</span> <span class='ocrx_word' id='word_1_387' title='bbox 1421 4062 1604 4126; x_wconf 90' lang='lat' dir='ltr'>quam</span> <span class='ocrx_word' id='word_1_388' title='bbox 1653 4044 1876 4107; x_wconf 90' lang='lat' dir='ltr'>minori</span> <span class='ocrx_word' id='word_1_389' title='bbox 1924 4045 2149 4109; x_wconf 88' lang='lat' dir='ltr'>damno</span> <span class='ocrx_word' id='word_1_390' title='bbox 2198 4049 2259 4109; x_wconf 90' lang='lat' dir='ltr'>et</span> <span class='ocrx_word' id='word_1_391' title='bbox 2306 4044 2558 4108; x_wconf 89' lang='lat' dir='ltr'>sinistro</span> <span class='ocrx_word' id='word_1_392' title='bbox 2599 4043 2733 4109; x_wconf 87' lang='lat' dir='ltr'>fieri</span> <span class='ocrx_word' id='word_1_393' title='bbox 2767 4045 3013 4127; x_wconf 89' lang='lat' dir='ltr'>poterit,</span> <span class='ocrx_word' id='word_1_394' title='bbox 3059 4043 3123 4107; x_wconf 94' lang='lat' dir='ltr'>in</span> <span class='ocrx_word' id='word_1_395' title='bbox 3154 4061 3274 4124; x_wconf 88' lang='lat' dir='ltr'>qua</span> 
     </span>
     <span class='ocr_line' id='line_1_41' title="bbox 547 4129 3279 4215; baseline 0.001 -25"><span class='ocrx_word' id='word_1_396' title='bbox 547 4129 788 4208; x_wconf 89' lang='lat' dir='ltr'>possint</span> <span class='ocrx_word' id='word_1_397' title='bbox 827 4130 1074 4193; x_wconf 90' lang='lat' dir='ltr'>comode</span> <span class='ocrx_word' id='word_1_398' title='bbox 1121 4131 1361 4196; x_wconf 86' lang='lat' dir='ltr'>salvare</span> <span class='ocrx_word' id='word_1_399' title='bbox 1408 4135 1471 4195; x_wconf 90' lang='lat' dir='ltr'>et</span> <span class='ocrx_word' id='word_1_400' title='bbox 1517 4149 1876 4196; x_wconf 90' lang='lat' dir='ltr'>conservare</span> <span class='ocrx_word' id='word_1_401' title='bbox 1924 4152 2036 4196; x_wconf 88' lang='lat' dir='ltr'>sua</span> <span class='ocrx_word' id='word_1_402' title='bbox 2082 4132 2377 4196; x_wconf 88' lang='lat' dir='ltr'>animalia</span> <span class='ocrx_word' id='word_1_403' title='bbox 2422 4130 2736 4215; x_wconf 86' lang='lat' dir='ltr'>prefacta,</span> <span class='ocrx_word' id='word_1_404' title='bbox 2817 4131 3125 4196; x_wconf 80' lang='lat' dir='ltr'>solventes</span> <span class='ocrx_word' id='word_1_405' title='bbox 3172 4149 3279 4212; x_wconf 91' lang='lat' dir='ltr'>pro</span> 
     </span>
     <span class='ocr_line' id='line_1_42' title="bbox 549 4213 3033 4297; baseline 0.003 -22"><span class='ocrx_word' id='word_1_406' title='bbox 549 4213 753 4277; x_wconf 76' lang='lat' dir='ltr'>insula</span> <span class='ocrx_word' id='word_1_407' title='bbox 798 4216 1076 4297; x_wconf 87' lang='lat' dir='ltr'>predicta</span> <span class='ocrx_word' id='word_1_408' title='bbox 1123 4219 1285 4282; x_wconf 92' lang='lat' dir='ltr'>sicut</span> <span class='ocrx_word' id='word_1_409' title='bbox 1333 4218 1500 4282; x_wconf 87' lang='lat' dir='ltr'>dicto</span> <span class='ocrx_word' id='word_1_410' title='bbox 1548 4218 1764 4283; x_wconf 86' lang='lat' dir='ltr'>comiti</span> <span class='ocrx_word' id='word_1_411' title='bbox 1808 4222 1872 4284; x_wconf 91' lang='lat' dir='ltr'>et</span> <span class='ocrx_word' id='word_1_412' title='bbox 1916 4220 2189 4285; x_wconf 89' lang='lat' dir='ltr'>consiliis</span> <span class='ocrx_word' id='word_1_413' title='bbox 2237 4219 2547 4285; x_wconf 89' lang='lat' dir='ltr'>videbitur</span> <span class='ocrx_word' id='word_1_414' title='bbox 2595 4239 2727 4285; x_wconf 90' lang='lat' dir='ltr'>esse</span> <span class='ocrx_word' id='word_1_415' title='bbox 2775 4221 3033 4284; x_wconf 89' lang='lat' dir='ltr'>iustum.</span> 
     </span>
    </p>

    <p class='ocr_par' dir='ltr' id='par_1_7' title="bbox 546 4301 3276 4827">
     <span class='ocr_line' id='line_1_43' title="bbox 758 4301 3274 4391; baseline 0.001 -26"><span class='ocrx_word' id='word_1_416' title='bbox 758 4301 988 4386; x_wconf 88' lang='lat' dir='ltr'>Capta:</span> <span class='ocrx_word' id='word_1_417' title='bbox 1041 4305 1192 4369; x_wconf 92' lang='lat' dir='ltr'>item</span> <span class='ocrx_word' id='word_1_418' title='bbox 1240 4305 1401 4387; x_wconf 91' lang='lat' dir='ltr'>quod</span> <span class='ocrx_word' id='word_1_419' title='bbox 1450 4325 1634 4389; x_wconf 89' lang='lat' dir='ltr'>super</span> <span class='ocrx_word' id='word_1_420' title='bbox 1681 4308 1875 4373; x_wconf 90' lang='lat' dir='ltr'>tercio</span> <span class='ocrx_word' id='word_1_421' title='bbox 1910 4307 2198 4390; x_wconf 88' lang='lat' dir='ltr'>capitulo,</span> <span class='ocrx_word' id='word_1_422' title='bbox 2250 4307 2310 4371; x_wconf 90' lang='lat' dir='ltr'>in</span> <span class='ocrx_word' id='word_1_423' title='bbox 2337 4327 2456 4390; x_wconf 91' lang='lat' dir='ltr'>quo</span> <span class='ocrx_word' id='word_1_424' title='bbox 2482 4307 2852 4391; x_wconf 90' lang='lat' dir='ltr'>supplicant,</span> <span class='ocrx_word' id='word_1_425' title='bbox 2903 4307 3064 4389; x_wconf 91' lang='lat' dir='ltr'>quod</span> <span class='ocrx_word' id='word_1_426' title='bbox 3098 4324 3274 4370; x_wconf 90' lang='lat' dir='ltr'>man·</span> 
     </span>
     <span class='ocr_line' id='line_1_44' title="bbox 546 4385 3276 4478; baseline 0.002 -28"><span class='ocrx_word' id='word_1_427' title='bbox 546 4385 726 4452; x_wconf 89' lang='lat' dir='ltr'>detur</span> <span class='ocrx_word' id='word_1_428' title='bbox 774 4391 1108 4456; x_wconf 88' lang='lat' dir='ltr'>comitibus</span> <span class='ocrx_word' id='word_1_429' title='bbox 1150 4397 1213 4457; x_wconf 90' lang='lat' dir='ltr'>et</span> <span class='ocrx_word' id='word_1_430' title='bbox 1256 4393 1597 4459; x_wconf 88' lang='lat' dir='ltr'>rectoribus</span> <span class='ocrx_word' id='word_1_431' title='bbox 1642 4395 1870 4458; x_wconf 89' lang='lat' dir='ltr'>nostris</span> <span class='ocrx_word' id='word_1_432' title='bbox 1916 4396 2239 4460; x_wconf 88' lang='lat' dir='ltr'>Dalmacie</span> <span class='ocrx_word' id='word_1_433' title='bbox 2267 4396 2660 4478; x_wconf 90' lang='lat' dir='ltr'>presentibus</span> <span class='ocrx_word' id='word_1_434' title='bbox 2709 4398 2773 4460; x_wconf 92' lang='lat' dir='ltr'>et</span> <span class='ocrx_word' id='word_1_435' title='bbox 2817 4395 3067 4474; x_wconf 90' lang='lat' dir='ltr'>futuris,</span> <span class='ocrx_word' id='word_1_436' title='bbox 3115 4392 3276 4475; x_wconf 90' lang='lat' dir='ltr'>quod</span> 
     </span>
     <span class='ocr_line' id='line_1_45' title="bbox 547 4473 3275 4564; baseline 0.004 -29"><span class='ocrx_word' id='word_1_437' title='bbox 547 4473 1018 4557; x_wconf 88' lang='lat' dir='ltr'>depredaciones</span> <span class='ocrx_word' id='word_1_438' title='bbox 1064 4479 1263 4543; x_wconf 84' lang='lat' dir='ltr'>factas</span> <span class='ocrx_word' id='word_1_439' title='bbox 1310 4481 1376 4543; x_wconf 89' lang='lat' dir='ltr'>in</span> <span class='ocrx_word' id='word_1_440' title='bbox 1420 4482 1629 4563; x_wconf 89' lang='lat' dir='ltr'>aliqua</span> <span class='ocrx_word' id='word_1_441' title='bbox 1670 4483 1943 4564; x_wconf 90' lang='lat' dir='ltr'>ipsarum</span> <span class='ocrx_word' id='word_1_442' title='bbox 1993 4484 2300 4548; x_wconf 90' lang='lat' dir='ltr'>terrarum</span> <span class='ocrx_word' id='word_1_443' title='bbox 2347 4502 2455 4548; x_wconf 88' lang='lat' dir='ltr'>seu</span> <span class='ocrx_word' id='word_1_444' title='bbox 2502 4483 2600 4549; x_wconf 93' lang='lat' dir='ltr'>loc</span> <span class='ocrx_word' id='word_1_445' title='bbox 2625 4503 2653 4548; x_wconf 92' lang='lat' dir='ltr'>s</span> <span class='ocrx_word' id='word_1_446' title='bbox 2720 4502 2932 4548; x_wconf 88' lang='lat' dir='ltr'>earum</span> <span class='ocrx_word' id='word_1_447' title='bbox 2965 4482 3096 4546; x_wconf 19' lang='lat' dir='ltr'>,alie</span> <span class='ocrx_word' id='word_1_448' title='bbox 3157 4499 3275 4545; x_wconf 90' lang='lat' dir='ltr'>non</span> 
     </span>
     <span class='ocr_line' id='line_1_46' title="bbox 547 4561 3272 4653; baseline 0.003 -29"><span class='ocrx_word' id='word_1_449' title='bbox 547 4561 819 4626; x_wconf 88' lang='lat' dir='ltr'>audeant</span> <span class='ocrx_word' id='word_1_450' title='bbox 864 4583 1067 4628; x_wconf 90' lang='lat' dir='ltr'>emere</span> <span class='ocrx_word' id='word_1_451' title='bbox 1113 4566 1228 4632; x_wconf 88' lang='lat' dir='ltr'>sub</span> <span class='ocrx_word' id='word_1_452' title='bbox 1275 4586 1434 4649; x_wconf 89' lang='lat' dir='ltr'>pena</span> <span class='ocrx_word' id='word_1_453' title='bbox 1494 4568 1787 4650; x_wconf 89' lang='lat' dir='ltr'>perdendi</span> <span class='ocrx_word' id='word_1_454' title='bbox 1844 4571 2048 4634; x_wconf 91' lang='lat' dir='ltr'>totum</span> <span class='ocrx_word' id='word_1_455' title='bbox 2111 4571 2207 4649; x_wconf 90' lang='lat' dir='ltr'>id,</span> <span class='ocrx_word' id='word_1_456' title='bbox 2256 4572 2417 4653; x_wconf 90' lang='lat' dir='ltr'>quod</span> <span class='ocrx_word' id='word_1_457' title='bbox 2483 4572 2702 4637; x_wconf 87' lang='lat' dir='ltr'>taliter</span> <span class='ocrx_word' id='word_1_458' title='bbox 2763 4571 2923 4636; x_wconf 86' lang='lat' dir='ltr'>foret</span> <span class='ocrx_word' id='word_1_459' title='bbox 2970 4571 3272 4651; x_wconf 89' lang='lat' dir='ltr'>emptum,</span> 
     </span>
     <span class='ocr_line' id='line_1_47' title="bbox 548 4648 3275 4741; baseline 0.002 -28"><span class='ocrx_word' id='word_1_460' title='bbox 548 4648 709 4732; x_wconf 91' lang='lat' dir='ltr'>quod</span> <span class='ocrx_word' id='word_1_461' title='bbox 758 4650 1124 4716; x_wconf 87' lang='lat' dir='ltr'>restituatur</span> <span class='ocrx_word' id='word_1_462' title='bbox 1168 4653 1586 4720; x_wconf 89' lang='lat' dir='ltr'>damnificatis</span> <span class='ocrx_word' id='word_1_463' title='bbox 1639 4675 1779 4721; x_wconf 89' lang='lat' dir='ltr'>cum</span> <span class='ocrx_word' id='word_1_464' title='bbox 1829 4657 2208 4740; x_wconf 88' lang='lat' dir='ltr'>integritate,</span> <span class='ocrx_word' id='word_1_465' title='bbox 2256 4676 2400 4740; x_wconf 82' lang='lat' dir='ltr'>ymo</span> <span class='ocrx_word' id='word_1_466' title='bbox 2429 4659 2573 4725; x_wconf 89' lang='lat' dir='ltr'>illas</span> <span class='ocrx_word' id='word_1_467' title='bbox 2603 4663 2988 4741; x_wconf 88' lang='lat' dir='ltr'>sequestrare</span> <span class='ocrx_word' id='word_1_468' title='bbox 3014 4658 3275 4722; x_wconf 87' lang='lat' dir='ltr'>debeant</span> 
     </span>
     <span class='ocr_line' id='line_1_48' title="bbox 548 4738 3274 4827; baseline 0.001 -25"><span class='ocrx_word' id='word_1_469' title='bbox 548 4738 720 4803; x_wconf 86' lang='lat' dir='ltr'>iuxta</span> <span class='ocrx_word' id='word_1_470' title='bbox 765 4755 948 4820; x_wconf 88' lang='lat' dir='ltr'>posse</span> <span class='ocrx_word' id='word_1_471' title='bbox 992 4740 1185 4806; x_wconf 88' lang='lat' dir='ltr'>donec</span> <span class='ocrx_word' id='word_1_472' title='bbox 1231 4743 1308 4806; x_wconf 89' lang='lat' dir='ltr'>ad</span> <span class='ocrx_word' id='word_1_473' title='bbox 1353 4741 1653 4808; x_wconf 88' lang='lat' dir='ltr'>noticiam</span> <span class='ocrx_word' id='word_1_474' title='bbox 1698 4744 2050 4827; x_wconf 88' lang='lat' dir='ltr'>pervenerit</span> <span class='ocrx_word' id='word_1_475' title='bbox 2093 4745 2340 4810; x_wconf 90' lang='lat' dir='ltr'>comitis</span> <span class='ocrx_word' id='word_1_476' title='bbox 2387 4765 2495 4812; x_wconf 91' lang='lat' dir='ltr'>seu</span> <span class='ocrx_word' id='word_1_477' title='bbox 2546 4747 2819 4814; x_wconf 85' lang='lat' dir='ltr'>civitatis</span> <span class='ocrx_word' id='word_1_478' title='bbox 2859 4743 3274 4810; x_wconf 80' lang='lat' dir='ltr'>damnificata.</span> 
     </span>
    </p>
   </div>
  </div>
 </body>
</html>
