3620 5282
2993 381 3078 446 99

324 552 494 618 dicta
535 554 742 638 gratia
788 553 876 620 sit
919 556 1221 634 revocata,
1263 555 1424 639 quod
1471 555 1911 637 respondeatur
1958 556 2097 629 sibi,
2163 560 2320 639 quod
2385 574 2492 622 nos
2556 574 2673 621 non
2740 556 3066 634 habemu3‚

325 643 487 723 quod
534 642 703 708 dicta
745 643 953 726 gratia
991 643 1075 708 sit
1120 645 1406 709 revocata
1451 644 1586 725 ipso
1634 642 2000 708 observante
2047 644 2354 709 clausulas
2404 646 2732 708 contentas
2795 643 2857 707 in
2928 663 3070 708 con-

328 729 598 795 cessione
644 731 797 795 alias
845 730 965 795 sibi
1012 730 1192 796 facta.
1243 731 1474 795 Verum
1523 749 1643 795 non
1691 734 1788 795 est
1837 732 2042 795 nostre
2115 732 2494 807 intentionis,
2568 731 2729 814 quod
2796 732 2912 795 sub
2972 748 3073 795 co·

326 816 459 881 lore
504 816 668 884 dicte
714 818 915 901 gratie
960 819 1163 883 dictus
1209 818 1366 883 Jura
1405 818 1656 901 frangat
1697 837 1915 900 pacem
1959 817 2286 883 Catarinis.
2337 821 2419 882 Et
2461 820 2823 883 scribantur
2867 817 3078 883 littere

329 902 463 985 ipso
511 904 663 970 Jure
712 909 776 971 et
817 903 1144 984 CatariniS,
1191 905 1494 971 hortando
1542 924 1641 970 eos
1694 905 1771 969 ad
1819 905 2310 972 observationem
2356 905 2557 988 pacis.
2621 906 2712 970 De
2757 907 2931 988 parte
2979 904 3084 985 58,

332 991 406 1054 de
453 1010 575 1056 uon
618 993 682 1069 4,
731 1011 853 1058 non
893 994 1119 1058 sinceri
1171 995 1273 1058 11.

416 1082 604 1142 Mista·
653 1080 969 1143 XXXIII
1011 1087 1114 1161 47,
1161 1101 1205 1142 u
1250 1084 1406 1144 mlet.
1457 1085 1690 1145 arkivu.

569 1270 1119 1355 CLXXVIII.
1164 1272 1371 1356 (iod.
1425 1273 1630 1355 1371.
1688 1272 1794 1354 30
1848 1272 2301 1373 listopacla,
2348 1295 2407 1353 u
2462 1274 2851 1355 Mleteih.

549 1411 855 1477 Scribitur
915 1414 1235 1495 capitaneo
1297 1412 1440 1478 culfi
1507 1417 1569 1477 et
1631 1415 1977 1496 capitaneis
2036 1414 2383 1495 galearum,
2451 1414 2608 1494 quod
2671 1414 2991 1495 requirant
3041 1433 3077 1479 a

335 1499 635 1582 regimine
672 1500 909 1566 Lesnae
972 1520 1069 1565 res
1129 1504 1520 1583 recuperatas
1577 1501 1671 1565 vel
1738 1502 2181 1583 recuperandas
2237 1500 2311 1565 de
2356 1501 2553 1583 galea,
2626 1519 2781 1583 quae
2829 1501 3081 1566 naufra-

339 1588 513 1670 gavit
556 1587 623 1651 in
666 1588 947 1669 partibus
994 1588 1144 1654 illis.

425 1676 606 1737 Misco·
655 1674 973 1737 XXXIII
1009 1681 1154 1749 140,
1200 1697 1242 1738 u
1280 1680 1437 1741 mlet.
1486 1679 1722 1738 arkivu.

695 1863 1178 1949 CLXXVII.
1229 1867 1435 1950 God.
1492 1866 1706 1950 1372.
1761 1868 1813 1950 9
1867 1866 2217 1970 sicema,
2271 1891 2330 1950 u
2387 1867 2775 1949 Mlctcih.

553 2007 737 2071 Missi
784 2028 883 2073 ser
927 2008 1245 2075 Johannes
1291 2008 1366 2073 de
1415 2009 1643 2073 Vidoro
1692 2009 1755 2071 et
1804 2026 1902 2072 ser
1961 2008 2230 2072 Jacobus
2280 2008 2524 2081 Barozi‚
2585 2006 3079 2070 ambasciatores

345 2096 408 2160 in
455 2096 740 2178 partibus
785 2094 1166 2175 Sclaveniae‚
1216 2097 1292 2161 ad
1342 2115 1547 2179 regem
1598 2096 1962 2177 Hungariae
1997 2114 2104 2177 pro
2138 2096 2594 2176 recuperatione
2631 2094 3078 2157 mercationum
3198 2096 3219 2128 ³

348 2182 559 2265 galeae
603 2183 947 2250 Dandulae.

432 2274 612 2332 Misti
661 2272 974 2334 XXXIII
1022 2274 1165 2346 146,
1207 2291 1250 2333 u
1289 2275 1447 2335 mlct.
1494 2276 1729 2334 arkivu.

656 2463 1108 2546 CLXXIX.
1161 2462 1367 2547 flod.
1423 2463 1639 2546 1372.
1690 2462 1795 2545 26
1851 2461 2201 2563 sicema,
2255 2485 2314 2543 u
2369 2461 2760 2544 Mletcih.

561 2602 720 2668 Loco
765 2603 1289 2671 ambasciatorum
1334 2603 1399 2670 in
1466 2604 1745 2687 partibus
1809 2603 2193 2679 Sclavoniae‚
2263 2603 2366 2687 qui
2433 2604 2743 2667 redierunt
2792 2601 3081 2665 Venetiae
3160 2679 3168 2689 ἡ

351 2691 681 2772 antequam
730 2690 1076 2775 reciperent
1121 2692 1488 2759 mandatum
1535 2693 1719 2756 eundi
1766 2693 1843 2756 ad
1893 2711 2103 2775 regem
2151 2691 2530 2774 Hungariae,
2585 2691 2810 2754 missus
2855 2689 3079 2753 nobilis
3168 2675 3197 2706 '¹

355 2777 451 2841 vir
494 2777 786 2844 Nicolaus
833 2779 1181 2846 Valaresso.

439 2869 619 2929 Misti
666 2869 983 2929 XXXIII
1025 2873 1170 2943 146,
1216 2889 1259 2931 u
1302 2871 1460 2933 αἰεί.
1507 2872 1746 2932 arkivu.

699 3056 1106 3140 CLXXX.
1161 3058 1368 3141 God.
1425 3059 1654 3143 1372.
1695 3058 1799 3142 26
1855 3056 2206 3160 Βὶθῦιῄιι,
2257 3080 2316 3138 u
2371 3056 2765 3139 Mletcih.

567 3195 984 3262 Commissum
1032 3199 1466 3266 ambasciatori
1515 3202 1675 3267 ituro
1721 3204 1796 3267 ad
1846 3221 2053 3286 regem
2102 3201 2480 3283 Hungariae‚
2527 3201 2597 3263 ut
2648 3200 2854 3275 faciat,
2904 3199 3084 3281 quid-

355 3282 505 3435 guid
551 3283 784 3436 poterit
826 3303 937 3368 pro
984 3290 1443 3370 recuperatione
1507 3310 1715 3356 rerum
1777 3291 2097 3354 cuiusdam
2154 3288 2381 3369 navigii
2446 3286 2614 3368 rupti
2687 3287 2747 3350 in
2808 3288 3088 3368 partibus

410 3389 550 3436 urzo
579 3390 676 3437 ae.

446 3462 627 3524 Mieti
676 3460 995 3523 XXXIII
1035 3467 1178 3537 147,
1218 3484 1260 3527 u
1307 3469 1462 3528 mlet.
1511 3470 1745 3529 arkivu.

685 3649 1130 3736 CLXXXI.
1188 3655 1394 3738 God.
1448 3656 1661 3740 1372.
1720 3659 1771 3740 6
1827 3654 2189 3756 venaco,
2242 3678 2301 3737 u
2358 3654 2746 3737 Mlctcih.

862 3783 1154 3843 mecam
1180 3784 1463 3856 poslanik
1505 3802 1579 3843 za
1632 3784 1910 3858 σφαγεῖ...
1956 3782 2175 3854 stavlja
2221 3798 2282 3840 se
2325 3799 2408 3839 na
2444 3786 2580 3853 put.

584 3903 768 3968 1371.
833 3904 931 3968 die
976 3905 1066 3970 VI
1124 3903 1435 3984 februarii,
1512 3905 1727 3985 capta:
1798 3902 1962 3984 quod
2028 3901 2465 3965 communitati
2515 3900 2754 3964 Verone
2823 3898 3091 3978 compla-

365 3994 596 4071 ceatur‚
647 3993 811 4058 sicut
855 3993 1186 4076 supplicat,
1237 3992 1300 4056 in
1346 3990 1622 4057 faciendo
1665 3991 1856 4055 levari
1903 3991 2196 4054 nuncium
2244 4008 2421 4051 suum
2471 4007 2614 4061 cum
2662 3987 2791 4050 eius
2836 3984 3089 4048 famulis

367 4098 550 4162 super
600 4080 842 4163 lignum
904 4081 1128 4164 riperie
1172 4079 1380 4156 Istrie‚
1421 4079 1580 4163 quod
1626 4079 1959 4143 conducere
2008 4076 2196 4141 debet
2255 4094 2351 4139 ser
2398 4075 2724 4138 Nicolaum
2773 4073 3091 4136 Valeresso

367 4185 560 4250 usque
626 4166 936 4251 segniam,
1000 4168 1104 4251 qui
1163 4167 1333 4234 vadit
1394 4168 1756 4231 ambaxator
1812 4166 1889 4229 ad
1931 4164 2249 4229 dominum
2305 4181 2515 4244 regem
2563 4160 2900 4244 Hungarie‚
2949 4176 3089 4222 cum

364 4253 567 4320 dictus
614 4258 871 4321 nuncius
915 4258 1124 4339 portet
1170 4275 1242 4321 ex
1289 4257 1445 4320 douo
1491 4256 1698 4335 aliqua
1744 4271 1921 4317 arma
1967 4253 2198 4334 prefato
2246 4251 2490 4313 domino
2538 4249 2690 4330 regi.

450 4345 629 4407 Mieti
677 4343 987 4406 XXXIII
1036 4348 1184 4424 147,
1226 4363 1269 4405 u
1311 4347 1467 4406 mlet.
1503 4346 1738 4405 arkivu.

634 4535 1149 4619 CLXXXII.
1203 4534 1413 4617 God.
1466 4531 1681 4617 1372.
1734 4530 1833 4613 22
1886 4529 2243 4631 νθῌαῦθ,
2297 4551 2356 4610 u
2412 4526 2805 4609 Mletcih.

574 4677 729 4743 Cum
776 4677 1109 4762 Tragurini
1170 4695 1234 4740 se
1299 4675 1558 4740 offerant
1618 4672 1947 4738 restituere
2007 4690 2106 4735 res
2167 4669 2499 4734 existentes
2558 4669 2720 4749 apud
2782 4667 2946 4746 ipsos
3016 4664 3091 4728 de

360 4764 543 4848 galea
591 4764 897 4844 Dandum,
953 4765 1225 4847 captum,
1276 4761 1436 4846 quod
1497 4780 1598 4826 ser
1643 4760 1952 4826 Johannes
2014 4758 2087 4824 de
2125 4757 2363 4822 Vidovo
2422 4751 3091 4899 redeat*ambasciator
