3620 5282
2975 353 3104 426 32⁷

389 535 569 618 plicis
614 538 1038 606 benevolentia
1080 541 1422 622 puritatem
1469 543 1532 604 et
1577 539 1921 606 devotionis
1967 539 2440 623 plenitudinem,
2489 557 2676 622 quam
2726 536 3093 623 magnificus

389 644 458 689 ac
507 629 723 708 potens
772 629 1061 694 dominus
1107 629 1379 694 Volchus
1428 631 1501 694 de
1549 630 1855 704 Brancho,
1900 630 2183 694 dominns
2230 628 2472 706 Bassia,
2523 626 2809 692 Slavonie
2851 628 2916 691 et
2958 627 3100 703 cet,

387 714 739 779 carissimus
787 719 851 782 et
894 718 1151 782 intimus
1207 718 1444 782 amicus
1492 717 1686 782 nostri
1732 717 2014 794 dominii,
2062 719 2134 782 ad
2181 719 2390 782 nostre
2439 716 2883 799 magnitudinis
2928 730 3103 777 exce-

388 802 641 867 lentiam
718 805 949 870 habere
997 806 1296 888 promptis
1338 805 1665 870 affectibus
1713 824 1778 870 se
1826 805 2116 883 ostendit,
2165 806 2271 890 qui
2320 807 2383 868 in
2430 805 2684 886 agendis
2740 821 2866 881 noe,
2914 800 3102 866 duca-

388 892 520 954 tum
570 895 848 958 nostrum
888 896 951 958 et
997 894 1342 974 singulares
1390 912 1676 975 personas
1709 895 1970 958 ducatus
2002 893 2273 977 ejusdem
2308 893 2705 976 tangentibus
2740 892 3100 974 promptum

386 982 449 1042 et
495 980 781 1045 devotum
831 982 1229 1047 laudabiliter
1270 986 1333 1046 et
1399 983 1778 1047 incessanter
1826 1002 1889 1046 se
1936 983 2184 1065 prebuit
2252 984 2436 1064 atque
2494 982 2729 1063 prebet,
2793 978 3103 1062 supplica-

386 1067 655 1132 tionibus
716 1071 888 1136 nobis
960 1090 1069 1136 sua
1136 1073 1310 1152 parte
1377 1071 1673 1152 porrectis
1740 1069 2078 1153 gratiosius
2141 1072 2498 1145 annuentes,
2550 1088 2691 1134 eum
2740 1070 3094 1133 nostrorum

385 1156 660 1219 omnium
709 1159 1104 1223 consiliorum
1152 1162 1212 1222 et
1258 1159 1822 1223 ordinamentorum
1869 1158 2216 1224 necessaria
2272 1156 2662 1222 solemnitate
2709 1157 2977 1230 servata,
3025 1156 3092 1218 in

385 1244 692 1308 Venetum
740 1250 802 1311 et
848 1247 1043 1311 civem
1095 1252 1375 1311 nostrum
1423 1265 1564 1311 cum
1614 1248 1742 1310 suis
1788 1245 1936 1310 filiis
1983 1252 2045 1312 et
2089 1245 2417 1310 heredibus
2449 1246 2708 1310 fecimus
2742 1245 2806 1308 et
2834 1244 3096 1308 facimus

386 1334 450 1395 et
495 1351 605 1415 pro
656 1337 872 1400 veneto
921 1338 985 1399 et
1030 1335 1161 1399 cive
1209 1339 1418 1398 nostro
1467 1354 1607 1414 cum
1657 1335 1784 1398 suis
1852 1333 1999 1398 filiis
2069 1339 2132 1399 et
2197 1334 2526 1399 heredibus
2597 1334 2659 1397 in
2708 1332 2984 1396 Venetiis
3033 1332 3098 1395 et

382 1419 534 1484 alibi
577 1421 867 1521 deinceps
915 1423 1129 1488 haberi
1178 1424 1241 1487 et
1301 1422 1611 1506 procurari
1660 1423 1824 1487 omni
1876 1422 2094 1487 effectu
2141 1424 2205 1487 et
2270 1421 2649 1504 plenitudine
2696 1421 2984 1485 volumus
3030 1419 3095 1484 et

383 1509 664 1585 tractari,
714 1511 1042 1594 ipsumque
1112 1510 1346 1574 sincere
1416 1511 1840 1576 benevolentie
1908 1510 2174 1575 brachiis
2239 1509 2681 1593 amplexantes,
2730 1511 2793 1573 et
2832 1507 3094 1573 firmiter

389 1598 756 1677 statuentes,
806 1599 967 1682 quod
1016 1599 1282 1682 singulis
1329 1598 1747 1677 libertatibu8‚
1794 1598 2129 1676 beneficiiS,
2179 1597 2681 1664 immunitatibus
2746 1599 2810 1662 et
2853 1594 3097 1661 honori-

380 1684 498 1749 bus
544 1686 1050 1770 quibuscumque,
1115 1687 1338 1770 quibus
1400 1687 1508 1752 alii
1563 1687 1951 1753 honorabiles
2001 1686 2222 1751 Veneti
2269 1690 2334 1751 et
2378 1688 2544 1752 cives
2590 1683 2787 1750 nostri
2822 1673 3096 1785 gaudent

380 1774 446 1837 et
491 1793 596 1854 per
599 1773 720 1838 frui
769 1775 1233 1858 dignoscuntur,
1296 1774 1573 1858 prefatus
1635 1776 1922 1841 dominus
1971 1775 2242 1840 Volchus
2312 1777 2385 1839 de
2446 1775 2729 1839 Brancho
2774 1791 2919 1838 cum
2963 1772 3093 1837 suis

378 1861 527 1926 filiis
574 1865 636 1926 et
681 1863 1005 1929 heredibus
1051 1865 1114 1928 in
1137 1864 1416 1929 Venetiis
1462 1866 1526 1928 et
1567 1866 1737 1930 extra
1781 1866 2078 1948 perpetuo
2110 1862 2380 1947 gaudeat
2428 1864 2492 1928 et
2531 1864 2782 1940 utatur;
2815 1858 3090 1944 prefatus

384 1968 628 2033 quoque
675 1951 963 2017 dominus
1010 1951 1283 2018 Volchus
1330 1972 1438 2035 per
1483 1953 1766 2017 nuntium
1803 1971 1984 2017 suum
2031 1953 2384 2036 legitimum
2427 1951 2722 2018 soleniter
2762 1951 2840 2015 ad
2886 1949 3099 2015 sancta

378 2038 473 2103 dei
521 2040 842 2124 evangelia
890 2041 1164 2123 prestitit
1213 2041 1535 2106 fidelitatis
1581 2041 1862 2106 debitum
1916 2041 2364 2125 juramentum.
2426 2042 2498 2106 In
2547 2041 2721 2125 cujus
2765 2038 2856 2104 rei
2899 2037 3090 2104 fidem

376 2130 440 2191 et
486 2127 859 2193 evidentiam
900 2130 1242 2212 pleniorem
1293 2148 1542 2214 presens
1587 2130 1981 2213 privilegium
2029 2131 2165 2196 fieri
2205 2130 2527 2214 jussimuS,
2562 2132 2626 2195 et
2671 2126 2844 2193 bulla
2874 2127 3087 2194 nostra

374 2215 666 2298 plumbea
714 2218 1015 2299 pendente
1061 2218 1310 2282 muniri.
1361 2218 1596 2282 Datum
1643 2219 1706 2283 in
1752 2223 1964 2283 nostro
2006 2217 2208 2284 ducali
2267 2218 2521 2302 palatio,
2571 2237 2728 2284 anno
2778 2216 3087 2282 dominice

375 2305 894 2370 incarnanationis
943 2306 1279 2371 millesimo
1327 2307 1759 2372 trecentesimo
1831 2307 2230 2391 nonagesimo
2293 2308 2534 2392 quarte,
2594 2305 2828 2374 mensis
2876 2304 3092 2390 aprilis

373 2393 471 2456 die
517 2411 691 2474 nono,
740 2393 1074 2460 indictione
1122 2395 1413 2460 secunda.

461 2501 645 2562 Liber
677 2503 1135 2579 privileyiorum
1177 2505 1237 2565 Ι.
1289 2507 1436 2582 111,
1482 2522 1526 2562 u
1569 2504 1724 2568 mlct.
1772 2506 2009 2569 arkivu.

638 2690 1204 2775 CCCCLXIV.
1262 2691 1467 2776 God.
1525 2693 1752 2777 1394.
1805 2696 1862 2776 4
1926 2696 2289 2797 svibnja‚
2340 2717 2399 2776 u
2454 2693 2848 2778 Mletcih.

589 2834 1039 2911 Deliberatum,
1089 2837 1248 2917 quod
1297 2836 1671 2901 castellanus
1719 2836 2016 2901 Durachii
2063 2837 2196 2901 loco
2239 2837 2451 2900 XXIV
2481 2835 2592 2900 lib.
2641 2854 2993 2919 grossorum
3026 2837 3092 2904 in

377 2942 555 3000 anne,
606 2921 833 2988 habeat
877 2923 1162 3005 deinceps
1210 2924 1285 2987 de
1332 2924 1559 2988 salario
1595 2925 1820 3008 viginti
1864 2926 2133 3003 tautum,
2181 2928 2244 2989 et
2275 2924 2436 3007 quod
2477 2926 2695 2990 debeat
2739 2926 2811 2990 de
2853 2930 3092 2994 caetero

377 3011 650 3164 gzrdiiuegl
674 3011 953 3164 oggi-iiixl}
1002 3012 1223 3076 maiori
1270 3014 1526 3078 consilio
1556 3032 1667 3097 per
1699 3011 1853 3078 duas
1884 3032 2104 3078 manus
2129 3013 2498 3080 electionum
2534 3016 2597 3079 et
2625 3014 2870 3096 probari
2904 3034 3093 3081 unum
3121 3036 3142 3049 ‘

461 3208 642 3267 misti
688 3207 908 3285 XLII,
959 3211 1104 3279 161,
1149 3225 1193 3267 ιι
1234 3209 1392 3271 mlet.
1437 3211 1672 3270 arkivu.

668 3397 1186 3481 CCCCLXV.
1240 3399 1445 3482 God.
1501 3400 1727 3482 1394.
1786 3399 1877 3481 12
1932 3401 2300 3502 svibnja‚
2348 3422 2407 3481 u
2462 3399 2820 3483 Mlecih.

429 3542 633 3604 Uslied
675 3543 914 3615 proan'e
955 3542 1201 3602 drac'kih
1242 3544 1546 3617 yradjana
1590 3545 1880 3618 zamoljen
1915 3562 2105 3618 papa,
2152 3545 2306 3604 nelca
2337 3545 2583 3618 potvrdi
2626 3562 2703 3605 za
2742 3545 3046 3622 dradkoya

648 3631 1027 3704 nadbiskupa
1072 3633 1320 3707 m'ekoya
1364 3633 1852 3692 malobradanina
1899 3633 2152 3693 Franka
2196 3634 2272 3692 od
2314 3633 2446 3707 njih
2491 3634 2804 3695 izabrana.

590 3752 774 3816 1394.
826 3752 1157 3817 indictione
1203 3754 1488 3831 secunda,
1537 3753 1637 3818 die
1684 3754 1807 3818 XII
1852 3754 2021 3818 maii.
2093 3752 2321 3835 Capta:
2369 3754 2529 3836 quod
2597 3754 2676 3818 ad
2739 3754 3083 3820 instantem

372 3842 887 3924 supplicationem
934 3841 1113 3906 nobis
1159 3840 1383 3906 factam
1428 3862 1536 3924 per
1585 3842 1908 3907 canonicos
1954 3846 2015 3906 et
2063 3842 2406 3924 capitulum
2457 3840 2713 3906 ecclesie
2761 3842 3081 3922 Durachii,

373 3948 446 3993 ac
492 3948 600 4011 per
662 3928 1132 3994 universitatem
1203 3930 1365 3994 dicte
1411 3934 1573 3994 terre
1637 3929 1850 3994 fideles
1913 3931 2154 3995 nostros
2201 3929 2445 4011 possint
2491 3929 2678 3995 scribi
2723 3929 2932 3995 littere
2975 3930 3082 3994 do·

372 4018 538 4082 mino
586 4037 736 4099 pape
782 4022 846 4080 et
890 4017 1301 4082 cardinalibus
1347 4018 1409 4081 in
1460 4019 1571 4082 illa
1611 4018 1830 4093 forma,
1872 4038 1992 4101 que
2025 4017 2335 4083 videbitur
2380 4017 2671 4094 dominio,
2714 4018 2776 4083 in
2808 4018 3077 4084 favorem

372 4106 743 4169 venerabilis
788 4105 907 4169 viri
952 4105 1163 4170 fratris
1210 4106 1477 4170 Franchi
1539 4106 1614 4171 de
1660 4106 1870 4171 ordine
1912 4108 2239 4183 minorum,
2287 4125 2472 4188 quem
2518 4106 2639 4187 ipsi
2685 4106 2961 4171 canonici
3013 4109 3084 4171 et

373 4194 713 4276 capitulum
764 4195 1142 4258 concorditer
1188 4193 1527 4276 elegerunt,
1574 4196 1645 4259 ut
1705 4196 1969 4259 santitas
2016 4214 2126 4259 sna
2178 4193 2468 4277 dignetur
2515 4195 2718 4275 ipsum
2765 4195 2830 4259 in
2876 4195 3085 4260 archi-

373 4284 724 4364 episcopum
772 4281 940 4346 dicte
986 4282 1245 4347 ecclesie
1291 4281 1581 4365 preficere
1627 4285 1693 4347 et
1748 4285 2081 4365 pastorem,
2125 4301 2268 4347 cum
2311 4283 2383 4347 de
2430 4300 2500 4348 eo
2550 4284 2615 4347 et
2658 4282 3085 4348 laudabilibus

370 4371 652 4451 operibus
700 4373 764 4434 et
804 4369 1140 4435 virtutibus
1188 4371 1316 4435 suis
1362 4373 1425 4435 et
1487 4372 1559 4435 de
1608 4371 1814 4435 multa
1857 4371 2157 4437 fidelitate
2204 4389 2352 4455 erga
2387 4372 2678 4436 nostrum
2723 4369 3074 4439 dominium

367 4458 446 4522 ab
492 4457 779 4523 omnibus
826 4459 1054 4523 bonum
1105 4458 1531 4524 testimonium
1579 4460 1927 4542 prebeatur.

452 4566 633 4626 Misti
679 4564 940 4626 XLIII.
987 4569 1046 4638 3,
1094 4586 1137 4628 u
1179 4567 1340 4629 mzet.
1387 4568 1622 4629 arkivu.
