3620 5282
529 395 658 461 238

528 574 694 653 ipsas
741 569 1254 651 transportabant
1297 587 1407 652 per
1456 585 1622 632 mare
1671 568 1743 631 ad
1795 566 1954 633 alias
2002 568 2230 650 parteS,
2266 585 2558 651 rogamus
2605 586 2713 633 vos
2778 568 3075 650 quantum
3125 585 3273 650 pos-

526 677 759 735 sumuS,
810 659 879 721 ut
910 676 1017 738 per
1054 656 1358 721 notarium
1401 657 1632 739 rogatis
1679 656 2184 734 dominationem,
2233 661 2537 738 quatenus
2581 657 2703 720 sibi
2749 656 2993 738 placeat
3040 656 3271 720 habere

525 745 734 830 galeas
781 745 843 808 in
878 745 1035 809 mari
1068 744 1146 808 ad
1183 745 1547 816 custodiam,
1596 763 1671 808 ne
1719 746 2241 825 transportentur,
2306 744 2452 826 quia
2500 745 2613 808 hoc
2661 748 2826 808 esset
2871 764 3114 808 summe
3154 762 3266 808 ne-

528 833 869 897 cessarium
919 832 1050 896 fieri
1124 850 1230 913 pro
1297 833 1587 913 presenti,
1653 850 1795 895 nam
1861 833 1911 895 si
1978 834 2404 912 expectaretur
2474 833 2670 914 primo
2743 832 2935 914 ligam
3005 832 3268 908 firmari,

528 921 788 986 nimium
848 922 1149 1001 temporis
1204 920 1539 984 laboretur.
1611 920 1916 984 Dominus
1983 919 2367 984 ambaxiator
2436 919 2771 1002 respondit,
2822 920 2978 1003 quod
3029 920 3269 984 diceret

527 1009 783 1087 notarie,
833 1011 903 1073 ut
949 1007 1173 1071 referet
1219 1007 1352 1090 ipsa
1397 1008 1821 1072 dominationi.

733 1115 803 1177 In
851 1113 968 1177 fine
1015 1112 1301 1175 dominus
1347 1111 1692 1193 Stephanus
1761 1112 2036 1195 voyvoda
2084 1113 2148 1175 et
2218 1110 2508 1176 dominus
2569 1111 2892 1194 episcopus
2938 1110 3269 1194 Agriensis

527 1201 815 1266 dixerunt
860 1201 1104 1265 domino
1152 1200 1578 1278 ambaxiatori,
1631 1200 1791 1283 quod
1839 1200 1947 1264 ille
1995 1200 2177 1263 miles
2225 1200 2651 1276 ambaxiator,
2705 1201 2810 1281 qui
2859 1201 3143 1265 veniebat
3189 1217 3266 1263 ex

525 1294 699 1372 parte
744 1287 976 1352 domini
1025 1289 1186 1371 regis
1234 1288 1311 1352 ad
1360 1289 1577 1352 ducale
1624 1288 1987 1365 dominium,
2040 1287 2309 1352 babebat
2356 1289 2606 1351 tantum
2655 1289 2780 1352 tria
2815 1290 2880 1353 in
2921 1287 3269 1365 mandatis,

530 1378 847 1442 videlicet:
898 1375 1297 1440 annuntiandi
1366 1376 1837 1452 coronationem,
1907 1373 2172 1439 faciendi
2245 1378 2533 1440 renovari
2598 1375 3022 1440 iuramentum
3073 1375 3268 1458 pacis,

526 1470 589 1530 et
633 1484 744 1548 pro
792 1464 955 1530 facto
1003 1466 1241 1546 septem
1286 1464 1551 1528 millium
1600 1463 1985 1538 florenorum,
2036 1464 2101 1527 et
2148 1462 2308 1546 quod
2358 1462 2594 1528 factum
2631 1463 2766 1546 lige
2831 1466 2895 1527 et
2941 1463 3266 1547 galearum

528 1554 993 1636 permittebant,
1063 1553 1221 1636 quod
1294 1552 1578 1616 dominus
1655 1551 2041 1616 ambaxiator
2114 1551 2518 1617 Venetiarum
2591 1551 2808 1634 exponi
2875 1551 3101 1616 faceret
3145 1570 3257 1633 per

529 1643 858 1707 notarium.

617 1748 1186 1809 Commemorialium
1245 1747 1433 1808 VIII.
1487 1748 1633 1815 124,
1682 1764 1722 1828 ᾳ
1763 1748 1918 1808 mlet.
1966 1748 2198 1808 arkivu.

851 1969 1270 2053 CCCXLI.
1329 1968 1535 2052 God.
1591 1970 1786 2053 1387
1868 1970 1916 2052 2
1969 1972 2338 2072 svibnja,
2393 1993 2453 2052 u
2508 1970 2912 2069 Trogiru.

531 2119 585 2177 T
582 2119 850 2193 royirani
892 2133 953 2175 se
998 2116 1351 2188 zahvaljuju
1396 2117 1551 2175 mlet.
1599 2117 1896 2189 republiki
1940 2135 2023 2175 na
2070 2121 2145 2194 80,
2191 2117 2282 2176 §to
2316 2117 2416 2189 jih
2464 2117 2649 2191 bodri,
2685 2115 2763 2174 da
2809 2116 2978 2175 tvrdo
3016 2118 3266 2190 untraju

1222 2222 1264 2262 u
1308 2206 1596 2263 viernosti
1640 2222 1896 2277 nazaram
1946 2205 2282 2279 aqam-hm).
2333 2206 2535 2263 kruni.

730 2324 919 2406 Copia
935 2323 1176 2388 litteras
1194 2323 1546 2389 litterarum
1566 2326 1895 2401 rectorum,
1917 2324 2210 2404 iudicum,
2244 2325 2656 2391 communiset
2677 2324 2916 2391 consilii
2933 2324 3250 2408 Tragurii.

524 2414 781 2479 Excelse
832 2414 895 2477 et
939 2412 1213 2476 illustris
1252 2412 1373 2475 dux
1418 2415 1482 2475 et
1530 2414 1733 2476 noster
1769 2414 1961 2477 voluti
1993 2414 2240 2478 domine
2284 2413 2807 2497 singularissime,
2858 2431 3249 2477 recommen-

525 2503 773 2567 datione
840 2501 1162 2582 premissa.
1229 2498 1514 2582 Receptis
1580 2499 1809 2564 litteris
1879 2502 2117 2565 excelse
2188 2502 2623 2566 dominationis
2675 2504 2879 2566 vestre
2914 2501 3257 2584 omniqua

527 2589 738 2656 decuit
783 2587 1134 2653 reverentia
1184 2587 1359 2653 nobis
1410 2588 1732 2653 insinuatis
1783 2609 1889 2671 per
1956 2590 2368 2655 venerabilem
2410 2592 2476 2654 et
2521 2589 2862 2654 discretum
2898 2589 3103 2654 virum
3149 2587 3262 2654 do-

531 2680 766 2745 minum
817 2675 1073 2739 fratrem
1112 2676 1517 2740 Benedictum
1562 2678 1853 2741 abbatem
1906 2679 2268 2742 monasterii
2317 2680 2530 2742 sancte
2577 2678 2776 2743 Marie
2824 2680 2899 2741 de
2947 2676 3104 2742 Pola
3172 2678 3260 2742 ci-

529 2787 666 2831 vem
719 2766 1015 2841 vestrum,
1065 2764 1261 2846 gavisi
1311 2763 1541 2828 fuimus
1600 2765 1804 2847 amplo
1875 2765 2075 2830 corde.
2126 2765 2544 2831 consideratis
2591 2769 2655 2831 et
2699 2766 2994 2847 inspectis
3043 2767 3255 2830 vestra

526 2855 765 2919 sincera
811 2851 1248 2929 benivolentia,
1300 2871 1482 2935 quam
1532 2852 1696 2917 circa
1741 2872 1979 2917 sacram
2029 2872 2313 2918 coronam
2362 2854 2684 2936 Hungarie
2751 2854 2968 2934 geritis
3015 2852 3248 2917 cordia-

523 2943 667 3019 lem,
718 2943 781 3005 et
828 2941 1312 3004 amonitionibus
1360 2940 1935 3024 hortationibusque
1960 2942 2155 3018 boniS‚
2204 2961 2354 3023 quas
2396 2944 2672 3006 vestrum
2725 2940 3071 3004 dominium
3139 2960 3250 3005 nos

525 3029 780 3094 instruit
848 3029 1031 3109 atque
1106 3030 1331 3092 monet.
1404 3028 1497 3092 De
1545 3028 1768 3110 quibus
1838 3047 1953 3092 non
2026 3049 2240 3093 sumus
2313 3031 2498 3107 tanti,
2561 3033 2630 3093 ut
2673 3046 2997 3112 possemus
3045 3031 3250 3093 vestre

520 3116 878 3182 celsitudini
927 3115 1235 3197 premium
1287 3117 1504 3179 merite
1551 3116 1820 3200 elargiri,
1870 3116 1977 3181 sed
2028 3117 2133 3180 ille
2204 3135 2312 3199 pro
2348 3115 2523 3181 nobis
2557 3117 2901 3181 retribuere
2931 3115 3247 3199 dignetur,

524 3207 626 3288 qui
678 3205 1105 3269 remunerator
1150 3202 1445 3267 bonorum
1493 3204 1768 3268 omnium
1813 3208 1910 3268 est
1956 3207 2020 3269 et
2063 3205 2346 3287 largitor.
2396 3203 2635 3283 Quibus
2695 3203 2927 3268 litteris
2995 3203 3252 3268 celsitu-

524 3293 684 3357 dinis
736 3293 934 3356 vestre
998 3293 1086 3354 sio
1147 3309 1285 3354 cum
1353 3291 1695 3356 subiectiva
1759 3293 2101 3356 reverentia
2148 3292 2316 3356 brevi
2373 3292 2616 3375 eloquio
2660 3293 2950 3356 duximus
2999 3309 3257 3374 respon·

525 3379 817 3457 dendum,
866 3380 1021 3461 quod
1074 3396 1180 3443 nos
1244 3379 1411 3443 omni
1479 3383 1689 3443 nostro
1756 3399 1935 3461 posse
1982 3380 2339 3444 studuimus
2381 3380 2754 3444 fidelitatem
2819 3398 3037 3443 corone
3085 3398 3255 3445 sacre

527 3468 867 3551 Hungarie‚
920 3466 1336 3531 mediantibus
1405 3469 1687 3547 operibus
1760 3468 2178 3550 incorruptam
2227 3469 2289 3531 et
2336 3468 2803 3532 immaculatam
2874 3485 3140 3544 servare,
3189 3470 3253 3531 et

531 3557 620 3620 sic
668 3554 1075 3631 studebimuS,
1125 3554 1319 3619 donec
1368 3554 1624 3636 spiritus
1684 3555 1920 3637 vigebit
1952 3558 2013 3619 in
2045 3555 2400 3636 corporibus
2435 3557 2685 3631 nostrie,
2720 3574 2829 3636 pro
2876 3554 3048 3627 cujus
3082 3555 3253 3619 exal-

524 3645 754 3707 tatione
818 3641 1195 3706 intendimus
1255 3643 1501 3706 mittere
1563 3661 1854 3724 personas
1903 3645 1966 3707 et
2013 3662 2108 3706 res
2157 3644 2419 3714 nostras,
2484 3645 2548 3706 et
2605 3661 2725 3707 non
2771 3660 3020 3723 parcere
3067 3643 3246 3707 nobis

523 3731 584 3793 in
632 3731 840 3813 aliquo
903 3747 1010 3810 pro
1073 3731 1409 3811 augmento
1474 3749 1694 3794 corone
1744 3732 2033 3811 predicte,
2083 3734 2374 3812 tanquam
2426 3748 2541 3813 pro
2595 3730 2842 3794 domino
2891 3734 3101 3795 nostro
3150 3750 3258 3794 na-

522 3818 727 3883 turali.
778 3818 859 3881 Et
905 3835 938 3881 o
985 3816 1227 3880 utinam
1276 3835 1552 3881 essemus
1592 3819 1763 3882 tante
1826 3820 2117 3900 potentie,
2169 3823 2238 3881 ut
2285 3837 2606 3899 possemus
2689 3818 2919 3882 dictam
2969 3836 3253 3882 coronam

522 3906 843 3989 Hungarie
888 3905 1177 3978 exaltare,
1228 3905 1518 3987 quoniam
1583 3925 1743 3969 nuuc
1808 3908 2141 3987 pateretur,
2206 3905 2472 3987 qualiter
2518 3907 2730 3970 nostra
2771 3924 2930 3987 pura
2981 3906 3252 3970 fidelitas

523 3996 687 4058 circa
734 4012 805 4057 ea
851 3993 1221 4056 intemerata
1268 3994 1570 4057 servatur.
1620 3993 1701 4057 Et
1749 3994 1931 4056 sicin
1967 3999 2176 4058 nostra
2219 3992 2518 4057 fidelitate
2551 3993 2915 4058 durabimus
2950 3995 3060 4058 deo
3094 3995 3242 4057 duce

521 4081 902 4145 immutabili
949 4083 1011 4141 et
1057 4082 1234 4143 corde
1282 4080 1452 4156 duro,
1503 4084 1565 4142 et
1615 4080 1877 4144 maxime
1925 4083 1996 4144 ut
2036 4082 2099 4144 in
2161 4084 2369 4144 nostro
2413 4082 2673 4161 pristino
2722 4083 2893 4144 statu
2945 4084 3007 4144 et
3055 4081 3245 4145 liber-

521 4173 650 4234 tate
700 4169 884 4232 solita
952 4186 1374 4248 perserverare
1445 4168 1771 4249 possimus.
1846 4168 2135 4233 Preterea
2183 4169 2341 4252 quod
2391 4168 2580 4252 aliqui
2627 4175 2875 4250 possent
2924 4169 3089 4232 inter
3136 4170 3241 4232 do-

521 4258 785 4321 minium
837 4259 1108 4319 vestrum
1158 4257 1221 4317 et
1268 4274 1397 4333 noS,
1447 4273 1599 4337 quos
1645 4257 1905 4336 potestis
1954 4262 2190 4321 vestros
2239 4258 2566 4321 servitores
2615 4256 2877 4320 firmiter
2926 4259 3240 4338 reputare,

520 4345 793 4427 aliquam
857 4343 1149 4407 zizaniam
1212 4343 1535 4420 seminare,
1599 4362 1932 4425 quesumus
1996 4345 2423 4408 celsitudinem
2494 4345 2785 4417 vestram,
2825 4347 2938 4406 ·ut
2984 4344 3240 4408 minime

523 4432 767 4495 credere
816 4431 1042 4505 velitiS,
1114 4449 1251 4494 cum
1323 4431 1436 4494 hoc
1484 4437 1649 4495 esset
1697 4433 2096 4513 impossibile,
2170 4432 2458 4513 quoniam
2528 4434 2675 4497 totis
2724 4432 2954 4495 nostris
3004 4433 3240 4496 viribus

522 4517 805 4598 dispositi
853 4537 1069 4581 sumus
1118 4521 1181 4581 et
1242 4518 1473 4582 fuimus
1521 4522 1723 4583 vestre
1813 4520 2048 4583 excelse
2117 4520 2519 4583 dominationi
2569 4538 2780 4602 gerere
2826 4521 3246 4583 reverentiam

522 4606 586 4664 et
628 4605 916 4668 honorem
967 4608 1264 4686 tanquam
1338 4606 1557 4669 amicis
1625 4607 1974 4671 carissimis
2038 4626 2255 4672 corone
2323 4607 2614 4689 predicte.
2662 4606 2743 4670 Et
2787 4608 2877 4669 sic
2923 4606 3245 4671 offerimus

522 4692 724 4753 vestre
772 4691 1119 4755 celsitudini
1171 4694 1235 4756 et
1283 4694 1518 4758 civibus
1566 4694 1790 4759 vestris
1824 4700 1952 4758 tam
2008 4695 2381 4778 generaliter
2418 4713 2600 4777 quam
2637 4694 3100 4777 particulariter
3133 4713 3244 4759 nos

523 4778 586 4923 {t
622 4777 834 4839 nostra
880 4780 956 4841 ad
1004 4780 1230 4854 omnia,
1280 4798 1395 4863 que
1442 4783 1645 4847 vestre
1694 4782 1929 4848 illustri
1976 4783 2381 4849 dominationi
2421 4783 2773 4866 respiciant,
2802 4781 3130 4848 commoda
3175 4785 3241 4849 et

569 4879 839 4927 onorem.
