3620 5282
554 312 641 378 62

554 485 819 549 fideliter
865 483 1138 548 servient
1182 484 1247 547 et
1291 482 1708 564 operabuntur
1754 482 1818 547 in
1867 480 2033 547 dicto
2079 482 2353 559 servitio,
2402 500 2518 564 que
2566 482 2745 547 decet
2806 501 2908 547 eos
2972 486 3035 548 et
3100 503 3289 566 quos-

553 572 707 637 libet
753 571 984 653 legales
1029 570 1311 634 homines
1358 571 1588 651 absque
1636 570 1775 634 dolo
1822 569 2028 651 aliquo
2079 571 2144 633 et
2206 570 2447 633 malitia
2507 570 2877 651 ubicumque
2938 574 3001 634 et
3072 575 3288 635 contra

554 677 705 741 quos
755 675 1018 739 cumque
1066 657 1312 722 domino
1358 657 1501 720 duci
1548 676 1655 721 seu
1701 657 2068 738 deputandis
2115 656 2191 720 ab
2240 677 2313 719 eo
2365 656 2674 721 videbitur
2721 662 2785 721 et
2816 657 3088 737 placebit
3121 658 3282 739 ipsos

550 746 847 828 deputare
892 745 1022 809 sive
1070 744 1275 807 unitos
1309 745 1437 808 sive
1465 747 1777 825 separatos
1829 743 2169 808 secundum
2217 743 2480 806 formam
2527 748 2591 808 et
2634 744 3080 808 continentiam
3140 764 3283 826 pac-

553 835 761 896 torum
808 833 874 896 et
918 832 1393 896 conventionum
1440 848 1629 911 supra
1689 830 2204 912 specificatorum.
2269 832 2426 894 Item
2477 831 2635 912 quod
2693 830 2844 894 dicti
2908 831 3154 913 Moyses
3220 834 3284 895 et

552 917 843 983 Nicolaus
889 936 1031 982 cum
1081 920 1213 982 tota
1259 936 1374 982 sua
1417 918 1708 982 comitiva
1751 919 2166 982 observabunt
2211 917 2669 994 iuviolabiliter,
2747 919 2808 981 in
2854 924 3153 999 quantum
3203 918 3284 982 ad

552 1008 719 1088 ipsos
766 1007 1008 1087 spectat
1053 1008 1117 1069 et
1162 1006 1236 1069 ad
1288 1024 1468 1087 quem
1515 1005 1669 1069 libet
1717 1007 2014 1086 ipsorum,
2061 1005 2270 1069 omnia
2317 1006 2381 1068 et
2427 1005 2677 1085 singula
2724 1005 3003 1087 capitula
3034 1007 3094 1069 in
3127 1007 3285 1086 ipsis

550 1093 752 1175 pactis
800 1095 863 1156 et
910 1093 1420 1156 conventionibus
1470 1093 1760 1157 contenta
1802 1091 2069 1155 fideliter
2114 1095 2179 1156 et
2226 1092 2515 1173 legaliter
2558 1093 2788 1175 absque
2834 1093 2973 1156 dolo
3041 1096 3102 1156 et
3150 1112 3286 1157 ma—

551 1180 691 1244 litia
738 1180 965 1262 aliqua.
1015 1180 1175 1243 Item
1224 1181 1298 1243 de
1337 1181 1501 1242 omni
1543 1179 1730 1254 soldo,
1779 1179 1941 1260 quod
1987 1179 2137 1243 dicti
2189 1179 2434 1259 Moyses
2495 1180 2561 1242 et
2614 1178 2912 1243 Nicolaus
2979 1183 3111 1243 tam
3173 1197 3285 1259 pro

549 1287 616 1331 se
661 1286 846 1350 quam
892 1285 1001 1348 pro
1044 1265 1336 1331 comitiva
1381 1285 1491 1330 sua
1521 1267 1881 1348 reciperent,
1928 1268 1992 1330 et
2036 1268 2111 1330 de
2152 1267 2315 1331 omni
2367 1284 2540 1348 pena,
2589 1268 2665 1329 ad
2713 1284 2900 1346 quam
2938 1268 3282 1345 incurrunt,

552 1355 655 1419 ubi
704 1372 821 1418 non
869 1353 1273 1436 perserviunt.
1324 1354 1479 1417 Item
1526 1353 1602 1417 de
1648 1353 1816 1417 omni
1863 1353 2105 1428 damno,
2155 1370 2417 1433 expensa
2462 1355 2524 1416 et
2558 1352 2873 1430 interesse,
2924 1354 3083 1434 quod
3116 1353 3284 1417 idem

549 1441 832 1506 dominus
877 1440 997 1504 dux
1044 1442 1108 1504 et
1153 1459 1411 1506 comune
1459 1441 1867 1505 Veneciarum
1915 1440 2249 1516 incurrent,
2298 1441 2359 1502 in
2408 1457 2553 1503 casu
2603 1457 2721 1521 quo
2758 1441 2978 1521 prefati
3035 1440 3285 1523 Moyses

550 1531 614 1592 et
681 1527 979 1593 Nicolaus
1043 1547 1153 1591 seu
1219 1527 1445 1610 aliquis
1513 1527 1589 1591 de
1652 1546 1861 1591 eorum
1932 1527 2224 1591 comitiva
2288 1527 2576 1590 deficeret
2652 1531 2715 1590 in
2790 1527 3101 1609 aliquibus
3174 1547 3285 1592 seu

551 1615 756 1697 aliquo
828 1613 1100 1696 capitulo
1173 1614 1229 1677 in
1306 1615 1457 1696 ipsis
1533 1616 1733 1696 pactis
1812 1616 2096 1678 contento
2124 1664 2138 1693 ,
2216 1616 2376 1696 quod
2452 1614 2602 1677 deus
2679 1616 2937 1678 avertat.
2973 1691 2979 1697 ¹
3011 1614 3285 1678 Promit-

554 1706 754 1767 tentes
822 1720 1036 1766 omnes
1104 1701 1220 1781 ipsi
1304 1703 1471 1778 treS,
1546 1701 1836 1766 videlicet
1909 1701 2312 1782 suprascripti
2388 1701 2563 1764 iudex
2642 1701 2974 1765 Bartholus
3041 1704 3104 1764 et
3172 1700 3284 1764 do-

553 1789 702 1853 mini
775 1788 1054 1852 Andreas
1120 1788 1453 1852 vicecomes
1529 1792 1591 1851 et
1660 1788 1955 1852 Frixonus
2025 1789 2293 1852 vicarius
2364 1807 2472 1870 per
2548 1806 2613 1850 se
2690 1806 2953 1869 suosque
3026 1787 3283 1852 heredes

552 1879 618 1941 et
677 1875 944 1959 quilibet
1000 1893 1211 1939 eorum
1276 1875 1338 1938 in
1384 1874 1648 1938 solidum
1706 1893 1847 1938 cum
1897 1875 2274 1957 obligatione
2335 1875 2609 1939 omnium
2669 1892 2924 1939 suorum
2986 1875 3282 1939 bonorum

552 1965 928 2045 presentium
999 1964 1064 2025 et
1130 1961 1498 2036 futurorum,
1569 1963 1819 2026 reficere
1888 1973 1952 2025 et
2014 1963 2341 2026 restituere
2412 1979 2625 2025 omnes
2697 1967 2761 2025 et
2831 1963 3110 2044 singulos
3181 1964 3282 2026 de·

552 2051 772 2129 uarios,
821 2067 972 2131 quos
1022 2050 1266 2112 nomine
1313 2050 1408 2112 sui
1463 2048 1620 2112 soldi
1670 2049 1765 2112 vel
1814 2049 1938 2113 alio
1983 2052 2194 2132 quovis
2240 2050 2485 2113 nomine
2534 2049 2877 2131 receperint
2935 2067 2971 2112 a
3032 2049 3280 2113 domino

548 2139 700 2202 duce
763 2137 1039 2220 predicto
1098 2155 1204 2200 seu
1266 2135 1631 2217 deputandis
1693 2136 1770 2201 ab
1817 2154 1906 2214 e0,
1971 2154 2124 2218 quos
2172 2155 2288 2201 non
2334 2138 2697 2225 perfinirent
2756 2154 2895 2200 cum
2959 2154 3134 2218 pena,
3204 2138 3281 2201 ad

547 2242 739 2307 quam
785 2225 1012 2288 cadunt
1053 2222 1162 2286 alii
1208 2222 1594 2304 stipendiarii
1644 2241 1762 2287 non
1813 2224 2225 2305 perfinienteS,
2276 2241 2351 2287 ac
2402 2223 2647 2288 reficere
2682 2225 2889 2288 omnia
2934 2225 2998 2287 et
3036 2223 3282 2305 singula

550 2314 796 2389 damna,
845 2328 1140 2392 expensas
1186 2313 1249 2373 et
1294 2311 1612 2387 interesse,
1673 2329 1793 2392 que
1859 2310 2062 2374 dictus
2126 2310 2411 2375 dominus
2472 2310 2593 2374 dux
2656 2310 2946 2387 incurret,
3009 2309 3073 2373 in
3133 2328 3280 2375 casu

552 2416 670 2481 quo
717 2397 864 2463 dicti
915 2398 1162 2480 Moyses
1204 2398 1269 2460 et
1309 2396 1603 2461 Nicolaus
1650 2414 1789 2461 cum
1838 2398 2132 2462 comitiva
2176 2415 2307 2475 sua,
2370 2400 2530 2481 quod
2594 2400 2743 2461 dens
2805 2401 3065 2476 avertat,
3133 2397 3283 2461 defi-

548 2487 759 2550 cerent
801 2484 866 2548 in
913 2485 1119 2567 aliquo
1167 2483 1439 2566 capitulo
1478 2486 1795 2566 pactorum
1845 2485 2137 2566 ipsorum,
2185 2484 2484 2550 credendo
2537 2487 2609 2549 de
2672 2485 2935 2561 damnis,
2999 2486 3279 2565 expensis

548 2575 612 2636 et
657 2573 956 2636 interesse
1014 2572 1302 2653 predictis
1350 2572 1466 2636 soli
1512 2574 1576 2636 et
1637 2571 1908 2654 simplici
1970 2573 2155 2636 verbo
2218 2572 2415 2655 ipsius
2477 2571 2707 2636 domini
2769 2572 2945 2636 ducis
3008 2591 3115 2636 seu
3175 2573 3281 2636 de-

548 2659 961 2743 putandorum
1025 2658 1101 2722 ab
1165 2659 1298 2740 ipso
1355 2660 1585 2742 absque
1647 2662 2035 2724 sacramento
2098 2660 2195 2724 vel
2250 2660 2377 2723 alia
2438 2659 2810 2742 probatione.
2862 2657 2960 2723 Et
3002 2661 3117 2724 hoc
3162 2660 3279 2724 sub

549 2765 702 2829 pena
745 2749 811 2811 et
847 2746 910 2810 in
958 2764 1114 2828 pena
1177 2745 1540 2810 ducatorum
1604 2746 2081 2829 quingentorum
2144 2747 2280 2811 auri
2342 2749 2528 2811 toties
2591 2747 2969 2811 comittenda
3030 2751 3093 2811 et
3152 2747 3280 2811 exi-

545 2836 745 2918 genda
789 2852 930 2898 cum
978 2833 1221 2911 effectu,
1270 2836 1553 2917 quotiens
1595 2837 1808 2899 contra
1851 2834 2132 2916 predicta
2180 2833 2272 2898 vel
2319 2834 2555 2917 aliquid
2590 2835 3004 2916 predictorum
3045 2833 3280 2899 factum

545 2921 736 2985 fuerit
797 2921 893 2985 vel
952 2925 1344 2986 conventum.
1410 2921 1492 2985 Et
1555 2941 1626 2987 ea
1686 2921 1891 2986 soluta
1954 2922 2051 2986 vel
2115 2941 2254 2995 non,
2314 2922 2507 2986 semel
2556 2922 2651 2986 vel
2718 2921 2965 3002 pluries,
3030 2940 3280 3003 presens

550 3010 758 3074 tamen
805 3011 1160 3073 contractus
1210 3010 1268 3072 in
1314 3028 1422 3073 sno
1468 3008 1684 3074 robore
1733 3010 2101 3091 perseveret.
2150 3010 2407 3090 Insuper
2466 3028 2576 3091 pro
2639 3009 2929 3089 predictis
2990 3009 3277 3072 omnibus

551 3097 948 3160 observandis
1011 3098 1075 3159 et
1135 3095 1396 3159 firmiter
1457 3096 1850 3160 attendendis
1914 3097 2314 3177 suprascripti
2380 3096 2562 3159 iudex
2630 3095 2984 3172 BarthquS,
3044 3096 3273 3161 domini

548 3181 829 3246 Andreas
877 3185 1213 3247 vicecomes
1261 3184 1323 3246 et
1368 3183 1665 3247 Frixonus
1717 3185 1983 3247 vicarius
2029 3186 2245 3264 sponte
2285 3203 2350 3246 se
2397 3183 2833 3263 obligaverunt
2900 3199 3074 3263 posse
3136 3200 3281 3247 con-

553 3270 748 3334 veniri
794 3269 1045 3332 realiter
1089 3273 1152 3331 et
1196 3270 1606 3350 personaliter
1653 3289 1725 3334 ac
1768 3270 2031 3334 detineri
2078 3290 2183 3351 per
2229 3272 2427 3333 totum
2480 3269 2847 3333 comitatum
2895 3271 3279 3334 dominorum

550 3355 846 3421 comitum
915 3354 1207 3435 Stephani
1279 3358 1342 3419 et
1407 3355 1709 3420 ‚Iohannis
1772 3357 2000 3439 Vegle,
2067 3355 2289 3439 Seguie
2351 3360 2415 3421 et
2480 3356 2843 3432 Modrussie‚
2904 3375 3010 3437 per
3072 3358 3277 3421 totum

550 3460 810 3524 regnum
858 3441 1198 3524 Hungarie,
1252 3442 1517 3509 Venecie
1572 3446 1637 3509 et
1682 3444 1831 3508 alibi
1879 3444 2105 3526 ubique
2150 3449 2452 3508 terrarum
2503 3447 2568 3507 et
2613 3443 2883 3509 locorum
2932 3443 3163 3520 taliter,
3215 3444 3281 3507 et

553 3529 924 3610 ubicumque
966 3529 1201 3594 inventi
1249 3530 1497 3606 fuerint,
1547 3532 1631 3594 ibi
1681 3531 1917 3597 solvere
1964 3533 2028 3595 et
2072 3532 2319 3595 reficere
2366 3534 2693 3594 teneantur
2739 3534 2854 3595 etc.
2906 3533 3084 3612 prout
3146 3531 3277 3612 ple-

551 3616 694 3682 nius
738 3615 872 3679 fieri
918 3615 1148 3698 poterit
1194 3616 1527 3681 secundum
1583 3619 1999 3683 substantiam
2048 3617 2482 3699 predictorum.

757 3702 888 3786 Ego
930 3701 1214 3768 Andreas
1261 3703 1597 3769 vicecomes
1642 3704 1867 3787 Segnis
1912 3705 2295 3769 examinator
2339 3723 2589 3768 manum
2639 3701 2801 3768 misi.

757 3789 892 3873 Ego
937 3790 1251 3856 Michinns
1297 3791 1462 3855 filius
1509 3810 1606 3856 ser
1657 3792 1895 3874 Bayoni
1956 3791 2031 3856 de
2094 3792 2574 3874 Bocchazinppis
2635 3791 2710 3856 de
2771 3792 3024 3854 Ancona
3085 3791 3279 3872 impe-

549 3876 689 3943 riali
752 3878 1124 3944 auctoritate
1186 3879 1462 3943 notarius
1523 3881 1589 3944 et
1647 3879 1992 3943 communis
2054 3877 2276 3961 Segnie
2336 3879 2598 3956 iuratus,
2670 3880 2741 3942 ut
2800 3896 2988 3959 supra
3025 3878 3275 3960 legitur,

550 3963 820 4045 interfui,
870 3964 1090 4047 scripsi
1137 3968 1200 4029 et
1247 3965 1575 4048 publicavi,
1622 3966 1876 4047 rogatus
1922 3984 2177 4048 meoque
2224 3965 2402 4047 signo
2447 3966 2630 4031 solito
2676 3964 2973 4031 roboravi.

641 4052 1209 4116 commemor-iulium
1267 4051 1394 4113 VII
1437 4056 1541 4125 29,
1589 4072 1630 4114 u
1670 4056 1825 4115 meet.
1876 4056 2111 4114 arkivu.

1036 4241 1209 4324 CX.
1264 4241 1469 4323 God.
1523 4241 1752 4325 1364.
1802 4241 1909 4324 24
1960 4240 2316 4343 siecnja.
2371 4265 2431 4324 u
2486 4243 2774 4344 Senju.

552 4386 687 4444 Dea
732 4386 1084 4462 Senjanina,
1114 4386 1443 4461 primla’ena
1486 4404 1561 4446 za
1605 4387 1882 4460 vojnitiku
1925 4386 2134 4447 sluibu
2174 4404 2258 4445 na
2299 4388 2473 4445 otoku
2516 4387 2706 4457 Kreti,
2753 4386 3029 4456 sviedoce,
3076 4386 3157 4445 da
3199 4403 3275 4446 su

1215 4477 1348 4535 zato
1382 4475 1619 4546 primiti
1656 4476 1976 4548 predua‘am
2020 4474 2096 4534 od
2145 4476 2315 4531 1000
2361 4473 2603 4532 dulcata.

763 4576 1242 4641 lustramentum
1290 4574 1690 4641 confessionis
1735 4574 2098 4640 ducatorum
2145 4574 2320 4637 mille
2372 4574 2503 4639 auri
2551 4574 2836 4638 datorum
2892 4576 2955 4637 et
2986 4575 3273 4657 assigna-

552 4666 757 4723 torum
804 4681 913 4742 per
956 4662 1282 4745 providum
1325 4661 1528 4729 virum
1573 4661 1922 4727 Johannem
1969 4660 2351 4727 Bernardum
2396 4661 2706 4726 notarium
2753 4660 3065 4726 nobilibus
3124 4661 3278 4727 viris
