3620 5282
508 368 632 431 112

503 561 712 625 gnam,
763 542 845 606 sit
892 543 1479 625 perditurusftotam
1529 543 1756 609 dictam
1812 543 2167 626 pecuniam,
2231 543 2305 607 de
2367 561 2484 625 qua
2549 545 2758 626 sperat
2826 541 3211 606 substentare
3273 586 3285 596 -

507 650 571 694 se
623 634 686 695 et
732 651 894 708 suoS,
944 635 1176 713 petenS,
1224 633 1380 713 quod
1426 632 1515 695 ire
1561 633 1754 714 possit
1798 633 1874 695 ad
1922 632 2289 713 exigendum
2334 632 2563 696 dictam
2611 630 2952 714 pecuniam,
3001 629 3215 692 dimit-

502 719 686 782 tendo
735 719 834 783 hic
874 719 1072 783 filium
1119 720 1253 784 loco
1301 721 1434 784 sui:
1474 720 1642 783 vadit
1688 726 1851 802 pars,
1899 722 2059 802 quod
2104 719 2303 783 dictus
2350 718 2644 783 Nicolaus
2689 719 2889 802 possit
2931 720 3051 795 ire,
3101 717 3212 781 ha-

502 806 697 871 bendo
745 808 1077 871 terminum
1127 808 1455 871 reddeundi
1503 810 1758 872 duorum
1821 808 2159 883 mensium,
2223 827 2340 871 non
2406 808 2703 889 possendo
2749 809 2839 871 ire
2880 825 2989 870 nec
3036 808 3209 869 tran-

504 896 627 959 sire
674 896 985 959 territoria
1034 898 1097 959 et
1142 895 1460 959 districtus
1494 897 1789 960 comitum
1828 895 2041 978 Vegle,
2090 899 2155 960 et
2185 896 2548 960 dimittendo
2577 895 2776 960 filium
2812 913 2991 958 suum
3024 912 3214 976 usque

503 985 583 1046 ad
633 983 942 1047 redditum
991 984 1138 1059 eiuS,
1190 985 1292 1066 qui
1341 1003 1405 1047 se
1452 986 1763 1066 presentet
1824 984 2288 1048 advocatoribus
2335 984 2679 1048 communis
2725 984 2940 1048 diebus
2987 984 3050 1045 et
3096 982 3217 1045 oris

506 1072 787 1135 omnibus
837 1072 1161 1144 consuetiS,
1210 1076 1274 1135 et
1320 1076 1520 1136 servet
1566 1073 1772 1137 omnia
1821 1072 2113 1136 mandata
2167 1075 2395 1137 nostra.

592 1163 768 1220 Mistc·
818 1162 1055 1219 XXIV.
1108 1165 1248 1234 116,
1295 1181 1337 1220 u
1380 1163 1719 1221 mletackom
1755 1164 1985 1221 arkivu.

823 1350 1296 1432 CLXXIII.
1345 1350 1550 1432 God.
1605 1350 1835 1433 1349.
1892 1353 1943 1433 9
1982 1348 2342 1452 veljabc,
2400 1372 2461 1432 u
2517 1350 2907 1432 Mleteih.

798 1466 958 1551 Salje
999 1496 1059 1536 se
1094 1479 1279 1551 mesto
1326 1479 1520 1550 vojske
1565 1480 1589 1536 i
1631 1497 1816 1537 novca
1860 1497 1903 1536 u
1951 1477 2156 1535 Zadar
2197 1495 2271 1537 za
2317 1477 2622 1550 ondjesnje
2657 1478 2937 1551 potriebe.

724 1599 903 1661 1348.
953 1598 1052 1662 die
1094 1598 1190 1661 IX
1236 1598 1543 1676 februarii,
1610 1598 1874 1663 secunde
1938 1597 2323 1675 indictionis,
2380 1599 2593 1678 capta:
2665 1596 2821 1678 quod
2884 1594 3217 1660 secundum

505 1687 963 1769 requisitionem
1015 1687 1261 1750 comitis
1306 1687 1496 1752 Jadre
1545 1687 1920 1750 soldizentur
1965 1687 2041 1749 de
2087 1685 2228 1749 hinc
2275 1686 2390 1749 due
2440 1686 2728 1749 banderie
2777 1686 3065 1748 bonorum
3113 1703 3218 1765 pe-

504 1776 703 1839 ditum
749 1795 857 1857 pro
904 1775 1202 1838 mittendo
1249 1774 1504 1839 ‚Jadram
1552 1793 1690 1838 cum
1738 1775 1944 1850 soldo,
1999 1775 2158 1856 quod
2220 1774 2452 1838 habent
2513 1773 2619 1837 alii
2686 1772 3070 1855 stipendiarii
3115 1792 3222 1853 pe-

503 1864 664 1928 dites
710 1863 934 1937 Jadr03
1000 1866 1063 1926 et
1110 1863 1415 1926 scribatur
1460 1863 1706 1940 comiti,
1757 1864 1916 1944 quod
1983 1862 2214 1926 habitis
2278 1863 2426 1944 ipsis
2472 1861 2707 1925 duabus
2754 1860 3079 1937 banderiis,
3124 1879 3221 1923 re-

505 1956 733 2017 formet
772 1954 836 2017 et
881 1950 1113 2014 furniat
1174 1950 1497 2015 banderias
1560 1950 1875 2033 pedestres
1941 1952 2264 2033 deputatas
2324 1951 2399 2013 ad
2448 1949 2738 2013 standum
2806 1950 2864 2012 in
2911 1949 3104 2013 Jadra
3143 1948 3218 2011 de

502 2040 950 2104 sufficientibus
998 2039 1364 2114 homiuibus,
1415 2043 1476 2102 et
1522 2041 1728 2103 casset
1788 2038 2227 2102 insufficientes
2293 2038 2419 2113 ita,
2484 2038 2642 2119 quod
2705 2057 2822 2101 non
2891 2037 3218 2100 excedatur

508 2146 795 2191 numerus
842 2126 1118 2209 peditum
1166 2126 1603 2190 ordinatorum.

714 2214 944 2297 Capta:
992 2216 1137 2297 quia
1184 2215 1496 2296 quantitas
1544 2214 1604 2277 ΙΙ
1650 2214 1823 2279 mille
1883 2215 2285 2292 ducatorum,
2336 2233 2452 2296 que
2503 2234 2606 2294 per
2671 2220 2907 2296 partem
2970 2213 3216 2293 captam

504 2303 702 2386 pridie
743 2303 840 2368 hic
891 2304 1177 2386 poterunt
1226 2303 1390 2366 mitti
1432 2302 1709 2380 Jadram,
1765 2321 1883 2366 non
1928 2304 2025 2366 est
2068 2302 2397 2378 sufficiens
2443 2303 2603 2369 sicut
2639 2302 2792 2366 dicit
2826 2321 2920 2364 ser
2952 2303 3216 2364 Thomas

506 2391 739 2455 Viadro
781 2392 929 2455 olim
977 2410 1179 2455 comes
1228 2390 1332 2468 ibi,
1382 2391 1482 2472 qui
1531 2389 1700 2465 dicit,
1750 2391 1908 2473 quod
1948 2391 2153 2473 plures
2200 2409 2352 2473 page
2407 2390 2632 2454 debent
2676 2391 2808 2454 fieri
2852 2394 2915 2453 et
2961 2405 3220 2470 expense

510 2497 618 2562 pro
668 2479 986 2543 laboreriis
1034 2480 1394 2556 castrorum,
1445 2496 1550 2560 pro
1593 2479 1814 2561 quibus
1863 2498 1978 2541 non
2027 2479 2376 2543 sufficerent
2417 2479 2724 2561 pautiores
2777 2478 2862 2541 lV
2895 2478 3066 2540 mille
3107 2476 3221 2538 du-

505 2569 665 2633 cati:
734 2561 899 2632 va'dit
944 2586 1105 2651 parS,
1169 2566 1326 2649 quod
1392 2567 1629 2649 possint
1693 2567 1862 2630 mitti
1924 2566 2183 2631 ‚Jadram
2252 2585 2440 2650 usque
2491 2567 2577 2630 IV
2626 2566 2796 2630 mille
2844 2564 3051 2628 ducati
3109 2582 3219 2647 pro

504 2656 798 2740 predictis
846 2656 1143 2737 expensis,
1194 2655 1356 2720 sicut
1403 2658 1536 2719 erat
1582 2662 1831 2736 captum
1874 2656 1947 2718 de
1995 2657 2057 2719 Il
2102 2654 2293 2720 mille.

591 2749 776 2807 Mesti
826 2747 1065 2806 XXIV.
1116 2750 1259 2817 117,
1307 2765 1348 2804 u
1392 2747 1729 2806 mletaclcom
1769 2748 2000 2805 arkizru.

799 2936 1254 3019 CLXXIV.
1312 2936 1515 3019 God.
1572 2937 1801 3019 1349.
1857 2936 1951 3018 13
2004 2934 2361 3038 venece,
2418 2959 2476 3017 u
2529 2935 2939 3038 Napulju.

505 3065 783 3138 ,Kralj-ica
829 3066 1109 3137 apuzjska
1149 3065 1508 3138 obave‘esduJ'e
1553 3065 1749 3122 (laida
1793 3065 2172 3138 mleta5k09a‚
2227 3064 2306 3122 da
2350 3065 2500 3134 s‘alje
2544 3065 2835 3138 m'ckolilco
2882 3063 3135 3121 brodova
3182 3080 3222 3120 u

644 3154 980 3226 jadransko
1026 3170 1181 3211 more
1228 3171 1308 3210 na
1351 3154 1578 3210 obramo
1623 3153 1812 3218 erofila
1841 3152 2203 3225 podloinika
2237 3155 2404 3224 proti
2450 3154 2807 3226 uyarskomu
2843 3152 3061 3222 Ιεναζριι.

716 3272 1139 3338 MCCCXLIX
1204 3274 1430 3337 mensis
1498 3272 1730 3350 marcii,
1799 3274 2060 3338 secunde
2124 3272 2491 3337 indictionis.
2564 3271 2925 3337 Memoriale
2983 3271 3223 3334 factum

510 3365 785 3444 tempore
833 3362 1205 3426 serenissimi
1257 3362 1488 3426 domini
1535 3362 1724 3425 nostri
1772 3364 2001 3426 domini
2062 3362 2304 3425 Andree
2353 3360 2635 3425 Dandulo
2683 3359 2880 3423 incliti
2928 3357 3222 3422 Venecia-

510 3468 644 3514 rum
692 3450 862 3514 ducis
920 3451 1101 3525 1349,
1153 3468 1359 3514 mense
1394 3450 1623 3513 marcii.
1680 3488 1749 3495 -
1804 3450 2172 3532 Exemplum
2218 3449 2565 3513 litterarum
2600 3447 2925 3510 missarum
2974 3445 3221 3509 domino

509 3538 647 3603 duci
695 3557 767 3602 ex
811 3541 984 3620 parte
1032 3538 1412 3602 dominorum
1463 3538 1622 3619 regis
1667 3542 1731 3602 et
1776 3539 1989 3620 regino
2039 3538 2280 3619 Apulie.

721 3626 1048 3709 Magnifice
1094 3627 1183 3689 vir
1243 3629 1304 3689 et
1345 3627 1524 3689 amici
1592 3628 1914 3690 carissimi.
1985 3625 2123 3689 Non
2185 3623 2529 3687 insistimus
2589 3622 2823 3701 verbiS,
2889 3624 3030 3705 quia
3069 3622 3223 3686 satis

510 3714 779 3779 amicitie
829 3717 1027 3778 vestre
1074 3717 1137 3777 et
1197 3715 1258 3777 in
1323 3715 1758 3778 remotioribus
1821 3714 2098 3795 partibus
2159 3714 2402 3775 constat
2463 3711 3027 3794 experimentaliter
3091 3729 3224 3775 esse

513 3806 746 3879 notum,
794 3801 1060 3884 qualiter
1107 3802 1366 3866 illustris
1414 3821 1517 3865 rex
1564 3803 1881 3884 Hungarie
1928 3820 1992 3864 se
2040 3799 2186 3864 fecit
2231 3799 2544 3881 publicum
2611 3801 2849 3864 hostem
2920 3801 3221 3872 nostrum,

507 3909 881 3974 regnumque
928 3892 1204 3954 nostrum
1258 3889 1495 3958 invasit,
1546 3893 1610 3954 et
1655 3891 1728 3954 ad
1776 3890 2064 3952 iteratam
2113 3887 2492 3952 invasionem
2556 3908 2661 3970 per
2723 3893 2938 3971 gentes
2984 3908 3125 3953 suas
3163 3890 3227 3951 et

509 3980 661 4043 alios
707 3981 1034 4060 apparatus
1085 3978 1334 4042 bellicos
1382 3979 1550 4042 nisus
1597 3982 1692 4042 est
1737 3981 1799 4040 et
1854 3977 2072 4040 nititur
2119 3979 2247 4040 toto
2305 3996 2480 4058 posse
2542 3981 2754 4042 contra
2816 3977 3221 4042 reverentiam

512 4070 575 4132 et
621 4066 1031 4131 obedientiam
1077 4069 1279 4130 saacte
1330 4067 1545 4130 matris
1592 4065 1845 4129 ecclesie
1891 4067 2210 4129 reverende
2258 4065 2499 4129 domine
2548 4065 2766 4130 matris
2828 4067 3052 4142 nostre,
3102 4064 3216 4128 sub

511 4154 683 4219 cuius
731 4153 959 4218 virtute
1005 4154 1246 4218 dextere
1298 4174 1403 4218 nos
1443 4154 1865 4236 prosequimus
1911 4171 2162 4217 causam
2188 4155 2484 4217 nostram.
2534 4152 2692 4231 Quin
2741 4154 2936 4237 igitur
2980 4155 3056 4218 ad
3103 4151 3223 4216 tol-

512 4242 760 4305 lendum
812 4261 1088 4323 perverse
1134 4261 1240 4305 sue
1288 4241 1757 4307 machinationis
1805 4242 2164 4320 fomentum,
2214 4243 2370 4323 quod
2419 4242 2514 4305 est
2555 4243 2870 4325 hucusque
2917 4243 3088 4306 visus
3131 4240 3225 4303 in-

513 4330 762 4393 tendere
811 4329 1086 4410 signatas
1134 4349 1239 4411 per
1281 4350 1447 4394 mare
1495 4334 1694 4394 certas
1742 4330 1952 4413 galeas
2001 4333 2125 4394 tam
2175 4330 2249 4394 de
2297 4329 2586 4412 gentibus
2649 4330 2819 4413 regni
2882 4330 3073 4394 nostri
3118 4346 3225 4410 pro

514 4418 731 4482 maiori
767 4422 959 4498 parte,
1005 4436 1190 4499 quam
1235 4418 1308 4482 de
1356 4419 1641 4500 gentibus
1690 4418 1996 4495 Monachi,
2046 4438 2229 4501 quam
2278 4418 2470 4481 eciam
2514 4418 2654 4482 aliis
2701 4419 2938 4482 devotis
2998 4417 3226 4481 nostris

511 4506 769 4569 armatis
829 4505 1205 4587 providimus
1271 4506 1605 4570 secundum
1670 4506 2178 4571 deliberacionem
2242 4507 2435 4569 nostri
2496 4506 2736 4570 consilii
2803 4526 3014 4571 versus
3085 4505 3223 4568 illas

513 4599 717 4676 partes
766 4592 1108 4657 maritimas
1154 4594 1527 4676 quamcicius
1589 4594 1965 4675 profecturas
2024 4596 2234 4658 contra
2286 4595 2488 4675 ipsum
2551 4595 2793 4660 hostem
2839 4596 3114 4661 nostrum
3161 4593 3224 4654 et

514 4685 727 4765 gentes
766 4698 909 4745 suas
956 4683 1018 4744 et
1062 4680 1193 4744 litis
1240 4699 1347 4743 sue
1392 4685 1691 4745 corsortes
1738 4686 1920 4764 atque
1967 4681 2335 4765 participeS,
2402 4683 2731 4766 complices
2794 4684 2857 4747 et
2919 4677 3224 4745 fauctores

513 4771 578 4837 et
621 4768 697 4832 ad
745 4771 1015 4832 nostram
1063 4771 1124 4833 et
1170 4769 1516 4832 nostrorum
1565 4769 1949 4835 subditorum
1989 4768 2496 4851 complacentiam
2558 4772 2820 4849 nulline,
2868 4768 3025 4852 quod
3069 4766 3226 4832 alte-
