3620 5282
3039 380 3165 450 221

680 544 1199 628 cccxxlx.
1256 547 1462 630 God.
1520 548 1734 631 1351.
1789 552 1845 630 4
1891 549 2358 651 listopada,
2411 574 2470 632 ιι
2525 552 2916 633 Mletcili.

436 669 647 728 Pr1'ma
692 688 769 739 se,
818 672 898 729 da
937 673 1093 731 malo
1138 674 1292 732 viede
1337 676 1526 733 izrudi
1574 677 1960 735 bosanskomu
2029 678 2284 750 biskupu
2331 678 2658 752 Peregrina
2695 680 3040 751 preporuku
3088 698 3170 738 na

439 759 669 830 njekoje
712 760 1040 819 stokernike
1077 762 1101 819 i
1144 780 1227 819 na
1271 763 1427 823 mlct.
1476 766 1841 836 nastupnika
1887 783 1928 823 u
1979 765 2193 834 Re‘mu,
2251 766 2422 825 {camo
2473 783 2548 824 on
2605 768 2815 839 putuje
2871 784 2945 826 m
3001 770 3168 841 njeke

1574 853 1733 925 svoje
1768 853 2024 925 poslove.

649 968 837 1033 1351.
885 969 1001 1051 die„
1038 968 1125 1033 IV
1176 971 1467 1049 octobri3‚
1517 974 1735 1054 capta:
1786 991 1923 1036 cum
1976 972 2348 1036 venerabilis
2397 972 2596 1038 frater
2639 973 3008 1056 Peregrinus
3039 974 3167 1057 epi-

436 1072 653 1137 scopus
702 1057 1076 1135 BosinensiS,
1131 1077 1311 1140 quem
1357 1077 1601 1142 semper
1638 1060 1985 1124 invenimus
2033 1062 2110 1124 ad
2163 1064 2402 1124 nostros
2451 1061 2713 1124 honores
2764 1062 2913 1124 bene
2961 1062 3167 1145 dispo-

436 1144 645 1222 situm,
696 1144 925 1208 habeat
973 1145 1177 1227 aliqua
1219 1146 1419 1211 facere
1466 1147 1529 1211 in
1576 1166 1833 1211 romana
1876 1147 2067 1224 curia,
2140 1151 2203 1212 et
2248 1151 2423 1230 petat
2485 1149 2725 1212 litteras
2782 1153 3023 1213 nostras
3071 1172 3165 1213 re-

438 1232 993 1296 commendationis
1021 1233 1331 1316 aliquibus
1366 1234 1785 1299 cardinalibus
1832 1241 1895 1299 et
1941 1241 2149 1300 nostro
2177 1236 2553 1317 procuratori
2588 1236 2650 1300 in
2678 1255 2927 1301 romana
2959 1238 3161 1302 curia:

350 1392 353 1393 ⁷
438 1318 612 1382 vadit
664 1337 827 1401 pare,
878 1322 1035 1403 quod
1084 1322 1144 1385 in
1193 1322 1325 1385 eins
1371 1322 1641 1386 savorem
1692 1327 1756 1387 et
1801 1323 2465 1388 recommendationem
2494 1324 2867 1407 agendorum
2916 1343 3163 1389 suorum

435 1404 498 1469 in
545 1408 816 1488 generali
863 1408 1106 1490 possint
1153 1409 1340 1473 scribi
1381 1410 1587 1475 littere
1636 1409 1697 1474 in
1747 1429 1820 1474 ea
1866 1410 2084 1489 forma,
2136 1431 2254 1493 que
2298 1411 2570 1476 dominio
2618 1411 2917 1477 videatur.

517 1497 695 1555 Misti
744 1498 986 1557 XXVI.
1038 1501 1138 1569 68,
1186 1519 1225 1558 u
1271 1501 1609 1560 mletackom
1656 1502 1889 1560 arkivu.

699 1705 1176 1788 CCCXXX.
1257 1706 1464 1788 God.
1519 1707 1736 1791 1351.
1792 1707 1844 1788 8
1881 1707 2336 1809 listopada‚
2385 1731 2444 1790 ιι
2499 1709 2889 1791 Mletclh.

989 1834 1186 1892 Jakov
1238 1831 1527 1893 Ceruario
1562 1834 1888 1907 potvrdjen
1931 1852 2007 1895 za
2047 1837 2234 1895 knew
2278 1837 2585 1910 rabskoya.

643 1953 832 2018 1351.
880 1954 1218 2020 indictione
1273 1954 1349 2034 V,
1398 1954 1496 2019 die
1541 1954 1691 2019 VIII
1748 1955 2043 2019 octubris,
2108 1954 2447 2020 Consilium
2511 1957 2798 2021 vocatum
2860 1956 2982 2021 fuit
3050 1976 3156 2039 pro

427 2057 650 2124 arengo
692 2041 893 2106 fiendo
942 2060 1053 2125 pro
1092 2041 1555 2107 confirmatione
1602 2042 1716 2106 viri
1770 2042 1999 2106 nobilis
2047 2042 2279 2108 domiui
2327 2043 2547 2108 Jacobi
2575 2042 2863 2109 Cornario
2910 2045 3159 2109 comitis

429 2129 752 2207 Arbensis‚
802 2132 864 2195 in
910 2148 1029 2212 qno
1067 2149 1293 2213 arengo
1340 2131 1718 2213 approbatus
1765 2133 1831 2194 et
1874 2129 2158 2195 laudatus
2202 2130 2322 2194 fuit
2364 2131 2496 2212 ipse
2528 2132 2816 2196 dominus
2861 2132 3151 2209 Jacobus‚

428 2219 491 2279 et
536 2218 590 2281 ei
638 2217 856 2282 datum
904 2218 1198 2283 vexillum
1247 2238 1356 2300 per
1403 2217 1708 2282 illustrem
1759 2221 1825 2283 et
1870 2219 2269 2302 magnificum
2314 2217 2630 2284 dominum
2681 2220 2996 2283 dominum
3024 2221 3153 2283 An-

420 2303 629 2368 dream
687 2304 973 2370 Dandulo
1021 2306 1307 2370 inclitum
1354 2305 1572 2371 ducem
1625 2305 2046 2382 Venetiarum‚
2095 2308 2236 2387 post
2280 2325 2398 2388 que
2465 2309 2665 2371 dictus
2713 2308 2999 2371 dominus
3044 2308 3157 2372 Ja-

421 2393 616 2456 cobus
663 2393 873 2459 missit
918 2393 1115 2458 eidem
1166 2393 1416 2458 domino
1464 2393 1601 2457 duci
1648 2412 1835 2457 unum
1885 2395 2163 2476 sciphum
2211 2396 2574 2477 argenteum
2623 2395 2984 2460 deauratum
3010 2414 3150 2459 cum

420 2479 576 2562 pede
625 2484 691 2545 et
736 2500 876 2546 cnm
924 2483 1216 2564 choperto
1255 2481 1608 2546 honorabile
1655 2482 1923 2546 multum
1974 2483 2037 2545 et
2085 2481 2381 2563 pulcrum.

507 2571 721 2631 Maius
769 2570 1115 2632 Consilium.
1160 2572 1410 2633 Novella
1454 2572 1557 2630 list
1606 2573 1706 2641 13,
1764 2590 1806 2630 u
1852 2572 2191 2632 mletabkom
2237 2574 2464 2631 arkiva.

608 2775 613 2780 ·
661 2762 1186 2845 CCCXXXI.
1231 2719 1448 2844 Geel.
1503 2762 1721 2846 1351.
1776 2763 1826 2846 5
1883 2762 2381 2862 studenoga,
2434 2785 2494 2844 u
2549 2764 2940 2846 Mletcih.

431 2887 740 2962 Odyovara
785 2906 847 2948 se
891 2907 975 2948 na
1015 2890 1218 2949 listove
1260 2890 1514 2964 uqarskc
1559 2890 1824 2962 kraljice,
1869 2890 2020 2947 kako
2053 2890 2121 2962 ,ic
2168 2889 2479 2962 republika
2522 2907 2595 2949 sa
2634 2890 2888 2949 ναᾱοὲέιι
2933 2891 3009 2949 od
3052 2892 3150 2964 uje

407 2977 661 3048 primila
703 2978 885 3052 mest,
936 2978 1015 3036 da
1048 2979 1145 3051 j0j
1199 2995 1260 3037 se
1312 2980 1409 3036 sin
1471 2978 1631 3049 kralj
1690 2978 1910 3037 zdravo
1970 2977 2107 3036 leuci
2155 2979 2462 3050 Ρουναιίος
2533 2997 2572 3036 a
2611 2978 2776 3052 ylede
2835 2978 3152 3052 odaslanja

409 3066 740 3137 poslanika
778 3065 821 3124 α’
868 3063 1147 3139 Uyarsku
1168 3066 1495 3139 primeca-je
1540 3082 1620 3135 sc,
1668 3065 1749 3123 da
1779 3065 1840 3124 ce
1871 3082 1932 3126 se
1961 3082 2041 3124 na
2063 3070 2182 3139 put
2205 3067 2489 3138 spremiti,
2535 3067 2646 3125 cim
2675 3067 2832 3126 sima
2849 3071 3152 3140 prasiane.

630 3186 816 3251 1351.
868 3188 966 3252 die
1014 3188 1227 3271 quinto
1265 3186 1638 3252 novembris.
1691 3186 1804 3252 Ser
1850 3186 2160 3252 Johannes
2208 3185 2574 3265 Centaren0‚
2650 3205 2749 3250 ser
2795 3185 3146 3268 Stephanus
3211 3173 3261 3281 J

414 3275 687 3359 Belegno
736 3294 834 3338 ser
881 3275 1181 3340 Nicolaus
1235 3276 1422 3354 Lien,
1467 3276 1773 3357 sapientes
1840 3274 2182 3340 Sclavenie.
2253 3274 2483 3358 Capta:
2547 3273 2712 3356 quod
2757 3274 2835 3339 ad
2899 3274 3143 3340 litteras

414 3362 660 3428 domine
707 3364 920 3446 regine
966 3363 1290 3447 Hungarie
1338 3363 1814 3444 respondeatur,
1867 3363 2027 3444 quod
2092 3362 2358 3427 multum
2430 3363 2632 3445 placet
2678 3363 2853 3427 nobis
2896 3364 2960 3426 et
3005 3362 3144 3426 red-

414 3449 623 3514 dimur
670 3450 989 3530 consolati,
1038 3451 1196 3534 quod
1223 3450 1654 3515 serenissimus
1678 3450 1967 3532 dominus
2016 3468 2138 3529 rex,
2183 3454 2363 3514 natus
2404 3452 2555 3526 eius,
2604 3449 2668 3512 in
2698 3469 2959 3533 regnum
3005 3469 3142 3514 cum

414 3538 622 3603 salute
667 3538 942 3614 redierit,
991 3540 1063 3603 de
1111 3538 1282 3602 cuius
1317 3538 1669 3616 honoribu8‚
1718 3538 1916 3602 salute
1965 3540 2029 3601 et
2075 3537 2462 3602 successibus
2487 3537 2792 3614 felicibus,
2844 3540 3163 3620 tanquam'

417 3628 520 3707 qui
570 3625 995 3690 sinceritatem
1045 3627 1109 3690 et
1150 3625 1630 3690 benivolentiam
1674 3644 1817 3690 cum
1865 3624 1975 3688 illo
2039 3627 2318 3690 tenemus
2377 3627 2442 3690 et
2486 3627 2695 3690 tenere
2761 3644 3005 3707 semper
3047 3625 3145 3688 in-

409 3713 746 3792 tendimus,
798 3713 1205 3778 consolamur.
1255 3712 1356 3776 Ad
1404 3713 1802 3777 ambaxatam
1843 3731 1985 3778 vero
2033 3712 2309 3791 dicatur,
2372 3714 2531 3795 quod
2579 3712 2659 3777 ad
2706 3731 2954 3794 presens
3020 3730 3140 3776 non

408 3801 804 3866 mitteremus
852 3797 1305 3866 nobiles'cives
1354 3803 1594 3866 nostros
1642 3802 1719 3864 ad
1756 3803 1886 3865 tam
1934 3800 2189 3882 longum
2238 3803 2302 3865 et
2347 3818 2534 3883 grave
2580 3799 2855 3882 viagium
2887 3801 3141 3882 propter

410 3888 665 3952 sinistra
729 3891 792 3953 et
839 3889 1179 3971 periculosa
1244 3891 1522 3971 tempora
1586 3887 1918 3972 regnancia
1979 3889 2198 3971 hyeme
2262 3886 2553 3970 presenti.
2623 3887 2855 3951 Verum
2916 3888 3140 3950 estatis

410 3995 571 4040 nunc
616 3977 915 4041 instantis
964 3978 1240 4058 tempore
1288 3977 1571 4040 veniente
1618 3975 1848 4058 poterit
1870 3975 2196 4058 provideri,
2247 3976 2408 4041 sicut
2452 3976 2527 4041 ad
2576 3975 2803 4039 bonum
2850 3973 3139 4057 parcium

404 4062 715 4128 videbitur
759 4065 1101 4129 convenire.
1152 4065 1243 4128 De
1291 4065 1487 4145 parte,
1530 4063 1606 4127 de
1641 4081 1762 4128 non
1806 4064 1866 4141 2,
1913 4081 2034 4128 non
2082 4063 2304 4128 sinceri
2356 4063 2413 4127 1.

490 4155 669 4213 Misit·
718 4154 961 4214 XXVI.
1009 4157 1110 4226 70,
1157 4173 1198 4213 u
1245 4155 1463 4214 arkivu
1502 4154 1863 4214 mletadkom.

970 4341 1538 4426 CCCXXXII.
1589 4343 1795 4426 God.
1850 4343 2076 4426 1352.
2131 4343 2179 4427 3
2226 4341 2578 4445 siecnja.

1035 4454 1209 4542 Sazju
1246 4486 1307 4528 se
1351 4487 1395 4529 u
1443 4469 1650 4528 Zadar
1693 4469 1864 4529 novci
1907 4477 1990 4528 ια’
2024 4470 2288 4542 vojnieke
2321 4469 2515 4542 place.

613 4591 804 4656 1351.
854 4590 1185 4656 indictione
1228 4590 1307 4667 V,
1355 4589 1454 4654 die
1500 4590 1540 4653 3
1589 4589 1870 4668 ianuarii,
1921 4592 2137 4671 capta:
2202 4588 2347 4671 quia
2406 4589 2470 4652 in
2518 4587 2715 4655 Jadra
2780 4590 2877 4652 est
2933 4586 3128 4649 maior

395 4681 712 4762 quantitas
761 4678 1136 4743 soldatornm
1187 4679 1389 4756 solito,
1439 4677 1531 4742 ita
1577 4677 1736 4759 quod
1782 4675 1981 4741 maior
2047 4676 2361 4759 quantitas
2409 4676 2661 4757 pecunie
2709 4678 2803 4739 est
2842 4674 2928 4738 ibi
2984 4690 3124 4735 nec-

392 4769 687 4848 cessarie,
735 4769 801 4831 et
846 4766 908 4830 ΙΙ
959 4767 1130 4831 mille
1176 4766 1388 4830 ducati
1442 4764 1620 4834 missi
1681 4764 1877 4848 pridie
1938 4782 2059 4829 non
2120 4762 2433 4827 sufficiant
2489 4764 2567 4827 ad
2629 4763 2836 4844 plures
2900 4775 3109 4840 pagam,
