3620 5282
514 324 648 392 262

512 502 678 567 tibus
724 499 879 565 dicti
921 498 1279 582 regiminis;
1328 499 1434 565 sed
1483 498 1958 576 considerantem
2009 499 2170 583 quod
2215 500 2494 566 homines
2542 499 2743 566 insule
2793 499 2870 566 de
2927 501 3132 569 Braza
3163 502 3254 567 fa·

511 590 759 654 ciebant
805 607 914 652 sua
963 587 1363 652 mercimonia
1406 606 1517 670 pro
1567 587 1788 652 maiori
1835 589 2012 669 parte
2060 591 2191 652 tam
2255 590 2317 653 in
2381 588 2695 653 vendendo
2749 608 2829 671 qu
2847 607 2949 652 am
2998 591 3252 655 emendo

513 696 657 741 cum
700 676 830 740 illis
878 675 953 739 de
1002 675 1274 758 Spalet0,
1324 676 1389 741 et
1434 676 1555 757 ipsi
1602 675 1676 739 de
1727 676 1975 759 Spaleto
2024 695 2144 740 non
2195 675 2439 742 faciant
2471 676 2812 741 novitatem
2859 676 2923 741 in
2957 678 3254 742 mutando

515 766 847 841 monetam,
900 763 1408 827 examinaverunt
1474 781 1579 844 pro
1646 762 1890 828 meliori
1953 766 2102 828 tunc
2166 764 2465 845 temporis
2525 783 2644 829 non
2714 763 2915 829 facere
2979 764 3253 849 aliquam

517 851 931 916 mutacionem
982 850 1041 915 in
1089 851 1254 914 facto
1300 854 1542 914 monete
1589 850 1883 933 predicte.
1954 850 2079 916 Sed
2125 851 2268 933 quia
2326 853 2784 934 presentialiter
2852 855 3249 934 cognoscunt,

515 940 673 1022 quod
720 939 835 1023 ipsi
884 938 959 1001 de
1019 936 1266 1019 Spaleto
1314 939 1713 1003 mutaverunt
1758 940 2073 1003 monetam
2123 958 2322 1017 suam,
2375 941 2438 1004 et
2504 940 2877 1004 reduxerunt
2918 941 3129 1028 ipsam
3177 943 3253 1005 ad

518 1026 977 1109 expendendam
1023 1025 1100 1089 ad
1144 1026 1400 1089 modum
1447 1025 1877 1101 Veneciarum,
1928 1026 2064 1091 ideo
2121 1026 2490 1091 consulendo
2554 1028 2767 1092 dicunt
2830 1042 2964 1092 esse
3028 1029 3255 1094 bonum

517 1118 579 1177 et
624 1114 798 1191 utile,
848 1112 1008 1194 quod
1057 1114 1307 1177 moneta
1355 1112 1630 1195 predicta
1676 1115 1886 1177 currat
1931 1114 2094 1179 sicut
2138 1114 2333 1180 currit
2365 1116 2429 1179 et
2460 1114 2822 1198 expenditur
2869 1115 3153 1181 Veneciis
3190 1118 3254 1180 et

516 1201 766 1283 Spaleto
814 1219 922 1283 pro
972 1199 1123 1265 bono
1173 1203 1237 1263 et
1276 1201 1620 1283 'avantagio
1669 1202 2040 1267 communie.
2091 1201 2188 1267 Ad
2235 1202 2470 1267 factum
2521 1202 2732 1268 salarii
2780 1205 3108 1286 potestatis
3162 1222 3250 1267 re·

517 1290 838 1371 spondent,
889 1288 1050 1369 quod
1098 1289 1377 1352 currente
1419 1289 1675 1353 moneta
1722 1288 1802 1351 ad
1848 1307 2097 1372 grossos
2145 1286 2286 1366 XX,
2336 1290 2501 1354 sicut
2563 1290 2853 1355 currebat
2914 1294 2977 1355 et
3033 1310 3254 1372 expen-

520 1377 800 1455 debatur,
848 1376 979 1457 ipse
1025 1377 1300 1459 potestas
1347 1376 1614 1440 habebat
1662 1377 1738 1440 ab
1786 1376 1915 1441 illis
1981 1378 2054 1442 de
2103 1378 2302 1441 Braza
2364 1377 2560 1442 libras
2628 1376 2943 1443 CCCCLX
2986 1378 3048 1442 in
3096 1396 3255 1443 anno

521 1466 587 1529 et
630 1465 872 1528 racione
921 1465 1066 1528 anni
1114 1463 1177 1528 in
1224 1463 1465 1528 racione
1510 1482 1860 1547 grossorum
1911 1461 2031 1530 XX
2079 1484 2187 1547 pro
2237 1467 2457 1529 ducato
2515 1466 2792 1548 quolibet
2841 1466 2916 1531 de
2965 1466 3074 1531 illa
3119 1484 3255 1531 mo-

522 1554 686 1628 neta,
737 1571 853 1633 que
902 1553 1147 1615 moneta
1195 1553 1402 1615 sumat
1447 1552 1699 1616 ducatos
1747 1553 1882 1615 auri
1942 1555 2190 1617 centum
2249 1554 2648 1635 septuaginta
2697 1553 2848 1617 duos
2897 1556 2960 1618 et
3007 1572 3250 1638 grossos

523 1639 698 1703 VIII.
759 1637 933 1703 Unde
981 1638 1327 1723 consulunt,
1380 1639 1448 1702 ut
1493 1638 1716 1703 dentur
1761 1639 1927 1704 dicto
1980 1642 2182 1705 vestro
2235 1642 2532 1722 potestati
2597 1661 2706 1724 pro
2774 1641 2996 1706 salario
3045 1641 3250 1706 cuius-

520 1726 677 1791 libet
722 1727 867 1790 anni
915 1728 1161 1790 centum
1210 1729 1273 1791 et
1315 1728 1712 1809 septuaginta
1761 1727 1879 1791 duo
1925 1728 2134 1792 ducati
2185 1729 2316 1792 auri
2364 1730 2427 1792 et
2469 1729 2665 1812 grossi
2714 1729 2887 1808 VIII,
2938 1749 3049 1794 seu
3081 1729 3252 1796 valor

520 1815 793 1897 ipsorum
842 1815 905 1878 in
952 1815 1219 1891 moneta,
1268 1815 1451 1896 prout
1492 1814 1780 1896 superius
1830 1817 2148 1898 scriptum.
2219 1816 2378 1880 Item
2447 1818 2769 1881 notificant
2816 1820 2879 1881 et
2925 1817 3253 1882 recordan-
3347 1842 3364 1849 “

519 1903 641 1979 tur,
693 1901 851 1985 quod
890 1920 1000 1983 per
1047 1901 1299 1965 modum
1349 1901 1619 1965 similem
1668 1903 1782 1966 sub
1831 1905 2131 1986 regimine
2184 1923 2283 1967 ser
2331 1905 2502 1970 Petri
2553 1905 2857 1987 Dolphino
2924 1904 3245 1970 sallarium

518 1989 843 2072 potestatis
885 1988 1005 2053 fuit
1049 1988 1377 2053 reductum
1423 1989 1486 2052 in
1528 1990 1851 2058 Lesna.ad
1896 2011 2146 2057 cursum
2185 1992 2612 2071 Veneciarum,
2663 1996 2728 2057 et
2760 1994 2908 2058 tunc
2940 1993 3060 2057 fuit
3091 1993 3255 2058 facta

519 2080 581 2140 in
630 2079 827 2142 Lesna
874 2077 1141 2141 mut-acio
1191 2077 1353 2140 dicte
1401 2079 1666 2142 monete.

733 2183 928 2265 Super
974 2183 1163 2247 tercio
1210 2181 1502 2265 capitulo,
1565 2202 1675 2265 pro
1722 2203 1843 2267 quo
1907 2184 2000 2248 illi
2063 2184 2138 2250 de
2207 2185 2404 2250 Braza
2466 2185 2686 2266 petunt
2742 2186 2862 2250 sibi
2913 2186 3045 2251 dari
3092 2186 3254 2251 vica-

526 2270 682 2335 rium
736 2272 876 2348 etc.,
922 2270 1293 2335 consulendo
1340 2272 1727 2353 respondent,
1778 2272 1957 2353 quod,
2024 2275 2325 2354 quantum
2374 2273 2436 2336 in
2485 2273 2616 2354 ipso
2663 2272 2863 2352 fact0,
2916 2275 3093 2339 nulla
3141 2275 3250 2339 fiat

523 2359 764 2423 novitas
812 2377 883 2421 ex
921 2377 1010 2434 eo,
1054 2359 1209 2440 quod
1257 2359 1415 2422 alias
1457 2359 1554 2423 illi
1601 2360 1675 2422 de
1724 2360 1923 2423 Braza
1970 2360 2247 2424 fecerunt
2295 2361 2497 2424 ducali
2546 2360 2815 2425 dominio
2841 2361 3115 2427 similem
3149 2382 3245 2427 re·-

524 2447 948 2527 quisicionem,
999 2448 1063 2508 et
1110 2464 1227 2509 non
1271 2448 1604 2529 potuerunt
1650 2465 1862 2511 eorum
1911 2448 2331 2512 intencionem
2381 2447 2736 2530 aliqualiter
2768 2449 3064 2526 obtinere,
3114 2468 3255 2514 con-

524 2533 797 2597 siderato
844 2534 1059 2611 eciam,
1110 2533 1267 2615 quod
1316 2533 1519 2598 insule
1568 2535 1776 2599 nostre
1826 2535 2100 2617 predicte
2148 2537 2292 2600 suut
2338 2536 2517 2601 hodie
2583 2538 2643 2600 in
2692 2536 2910 2609 maiori
2972 2537 3255 2621 indigen-

520 2621 615 2687 cia
659 2622 723 2687 et
767 2623 1151 2704 paupertate,
1202 2639 1385 2704 quam
1435 2624 1581 2686 tunc
1623 2624 1922 2705 temporis
1985 2625 2195 2700 erant,
2268 2643 2376 2688 nec
2441 2644 2553 2689 non
2619 2625 3040 2705 consideratO,
3094 2626 3254 2708 quod

525 2729 645 2774 una
690 2709 893 2773 insula
942 2710 1056 2774 sub
1104 2712 1382 2791 pretextu
1430 2709 1689 2775 alterius
1736 2713 1946 2794 posset
1971 2712 2189 2776 leviter
2215 2713 2522 2777 devastari
2556 2715 2617 2776 et
2640 2713 2920 2795 peierati,
2971 2714 3021 2778 si
3056 2714 3256 2778 adim—

522 2797 796 2880 pleretur
841 2815 953 2860 sua
1001 2798 1323 2880 requisicio
1371 2799 1746 2880 supradicta.

736 2902 933 2985 Super
977 2905 1194 2984 quart-o
1243 2902 1512 2985 capitulo
1556 2906 1854 2987 tangente
1907 2907 2145 2970 factum
2200 2925 2518 2971 carcerum
2550 2987 2555 2991 ί
2584 2908 2700 2971 etc.
2749 2907 3083 2972 consulunt
3136 2909 3252 2973 sub

523 2991 845 3066 brevitate,
893 2992 1051 3071 quod
1099 2990 1213 3054 hoc
1259 2991 1496 3055 facturn
1544 2994 1866 3056 remaneat
1927 2993 1990 3057 in
2056 2993 2421 3058 discretione
2490 2995 2818 3076 potestatis
2866 2999 2928 3059 et
2974 2996 3107 3060 eius
3155 3015 3254 3061 ar·

525 3076 730 3155 bitrio,
783 3077 944 3228 sitcut
990 3081 1305 3227 {Prtvabum
1354 3080 1451 3143 est
1497 3098 1605 3163 per
1652 3082 1930 3163 tempora
1974 3082 2326 3147 retrohacta
2390 3086 2452 3146 et
2501 3082 2834 3147 secundum
2885 3102 3101 3163 casae,
3153 3087 3255 3167 qui

526 3182 821 3228 occurren
898 3184 959 3228 m
1035 3184 1235 3229 uwuro.

744 3267 940 3349 Super
986 3269 1199 3350 quinto
1244 3271 1513 3351 capitulo
1560 3272 1825 3337 faciente
1876 3275 2250 3352 mentionem
2297 3276 2384 3339 de·
2441 3276 2801 3357 gravamine
2849 3297 3251 3358 expensarum

527 3355 592 3420 et
638 3354 1056 3437 angariarum,
1107 3375 1254 3438 quas
1303 3358 1621 3439 patiuntur
1674 3364 1736 3425 et
1782 3381 1898 3445 que
1947 3363 2067 3426 sibi
2130 3361 2286 3425 fiunt
2344 3382 2453 3444 per
2514 3364 2780 3428 rectores
2845 3363 2909 3427 in
2959 3365 3253 3430 transfer-

526 3443 710 3506 rendo
756 3461 859 3506 eos
906 3446 968 3506 et
1013 3442 1320 3508 familiam
1383 3465 1589 3511 eorum
1638 3449 1713 3513 de
1754 3469 1875 3513 una
1921 3449 2124 3515 insula
2169 3450 2248 3513 ad
2310 3450 2497 3514 aliam
2546 3454 2688 3529 etc.,
2736 3452 3107 3518 consulendo
3156 3454 3250 3518 di-

527 3533 693 3608 cunt,
739 3531 898 3611 quod
945 3531 1190 3613 penitus
1237 3535 1479 3598 cessent
1511 3555 1772 3618 expense
1804 3556 2054 3601 suarum
2088 3537 2542 3616 comissionum,
2592 3538 2764 3604 salvo
2795 3540 2846 3604 si
2882 3559 3000 3605 non
3033 3543 3251 3606 fierent

526 3636 636 3700 pro
683 3618 933 3698 speciali
981 3621 1233 3683 comodo
1280 3623 1343 3684 et
1389 3621 1662 3688 utilitate
1696 3627 2058 3691 communie.
2109 3625 2544 3709 IntelligendO,
2590 3627 2748 3708 quod
2797 3627 3020 3710 aliquis
3047 3632 3248 3694 rector

528 3707 599 3770 de
645 3707 849 3769 cetero
898 3707 1096 3771 iturus
1144 3707 1311 3784 illuc,
1359 3711 1457 3773 vel
1499 3712 1602 3792 qui
1648 3731 1901 3794 presens
1949 3715 2063 3790 est,
2112 3732 2232 3777 non
2280 3713 2485 3777 valeat
2531 3713 2695 3796 ipsos
2745 3716 3115 3799 compellere
3174 3717 3249 3782 ad

526 3793 871 3857 faciendum
922 3814 1030 3858 nec
1076 3795 1154 3858 ad
1201 3796 1562 3862 solvendum
1607 3818 1903 3881 expensas
1951 3801 2277 3882 predictas,

739 3899 935 3981 Super
981 3904 1150 3965 sexto
1198 3901 1476 3985 capitulo
1522 3903 1784 3969 faciente
1833 3907 2218 3971 mencionem
2263 3906 2339 3971 de
2387 3907 2547 3971 facto
2610 3907 2765 3987 vini,
2814 3911 2976 3993 quod
3023 3910 3241 3978 dicunt

528 3985 617 4051 eis
665 3987 858 4069 accipi
909 3988 1213 4052 violenter
1256 4007 1366 4071 pro
1416 3992 1588 4072 parte
1635 3994 1943 4058 rectorum
1995 3997 2137 4072 etc.,
2184 3994 2554 4060 consulendo
2611 3994 2859 4075 dicunt,
2906 4001 3064 4082 quod
3120 4019 3253 4064 om-

526 4072 670 4138 nino
716 4078 916 4139 cesset
963 4076 1198 4141 novitas
1245 4078 1621 4159 supradicta,
1671 4081 1815 4162 quia
1857 4099 1976 4145 non
2025 4083 2231 4165 potest
2272 4082 2407 4146 fieri
2452 4081 2527 4147 de
2574 4083 2740 4159 iure;
2789 4088 2852 4150 et
2897 4087 2948 4151 si
2996 4087 3111 4152 hoc
3156 4087 3250 4152 fa-

527 4167 700 4224 ctum
748 4164 844 4226 est
890 4165 1165 4246 tempore
1214 4166 1528 4247 preterito,
1578 4169 1675 4231 est
1721 4172 2142 4251 perpetratum
2192 4189 2474 4252 expresse
2523 4172 2736 4236 contra
2782 4173 2877 4237 ius
2925 4177 2989 4238 et
3034 4178 3248 4240 contra

528 4246 788 4312 formam
838 4269 1089 4315 suarum
1133 4252 1594 4333 comissionum,
1642 4256 2040 4339 inteligendo,
2089 4259 2249 4340 quod
2284 4257 2506 4341 aliquis
2555 4262 2771 4337 rector,
2821 4260 2918 4326 vel
2968 4262 3070 4346 qui
3105 4283 3246 4345 pre-

528 4353 666 4398 sens
715 4339 829 4415 est,
880 4358 995 4403 non
1044 4340 1242 4422 possit
1283 4339 1486 4406 facere
1531 4342 1762 4408 eisdem
1803 4345 2107 4409 novitates
2153 4346 2556 4427 supradictas

741 4440 934 4522 Super
980 4444 1245 4526 septimo
1293 4447 1584 4529 capitu10,
1634 4468 1743 4533 pro
1792 4468 1909 4531 quo
1960 4452 2180 4531 petunt
2218 4451 2304 4514 eis
2346 4450 2479 4517 dari
2529 4452 2822 4518 barcham
2869 4474 3055 4520 unam
3102 4459 3241 4534 etc.,

528 4526 896 4591 consulendo
945 4533 1330 4613 respondent,
1380 4535 1542 4616 quod
1592 4536 1726 4618 ipsa
1767 4535 1996 4600 barcha
2022 4542 2188 4602 esset
2233 4537 2321 4602 eis
2354 4539 2539 4602 abilis
2585 4543 2647 4603 et
2692 4535 3020 4620 fructuosa,
3070 4544 3247 4610 d'um·

528 4613 709 4677 modo
761 4615 1054 4682 haberent
1096 4619 1301 4685 locum
1348 4622 1576 4687 abilem
1623 4623 1701 4687 ad
1726 4626 2211 4689 conservandum
2246 4624 2535 4691 barcham
2586 4628 2786 4710 ipsam
2833 4632 2910 4693 ob
2961 4632 3247 4697 timorem

529 4698 775 4768 illorum
822 4705 895 4769 de
944 4703 1214 4791 Crayna3
1265 4711 1327 4786 et
1373 4710 1721 4791 consulunt,
1772 4712 1935 4793 quod
1983 4714 2071 4778 eis
2107 4713 2305 4794 detur,
2353 4713 2641 4779 solvendo
2689 4734 2846 4781 eam.
