3620 5282
3003 332 3136 398 435

304 530 311 537 ·
415 511 584 576 curia
629 511 896 574 existens
959 528 1024 574 se
1069 510 1269 590 ipsum
1335 510 1501 573 omni
1554 508 1853 572 felicitate
1887 541 2078 557 ·····
2140 508 2376 572 vestras
2439 507 2685 572 litteras
2733 510 3135 587 continenteS,

416 600 595 680 quod,
666 615 808 661 cum
873 615 985 679 ego
1058 614 1263 660 essem
1329 596 1606 661 Venetiis
1676 595 1737 659 in
1801 597 1981 659 domo
2046 593 2194 658 dicti
2258 594 2489 658 domini
2540 594 2884 675 ‘Albertini,
2952 595 3136 661 debui

416 685 642 749 dixisse
690 684 819 748 suis
878 683 1241 761 dominabus
1291 685 1355 747 et
1399 684 1587 747 etiam
1634 683 1879 747 domino
1942 682 2183 746 Donato
2240 683 2313 744 de
2355 679 2663 759 Marxili0,
2729 702 2866 747 cum
2915 684 3033 747 fuit
3078 684 3141 746 in

420 773 611 845 curia,
676 771 833 853 qnod
897 790 934 834 a
978 770 1235 835 domino
1295 789 1439 851 rege
1488 770 1806 852 Hungarie
1825 804 2016 817 ·····
2091 770 2504 851 quantitatem
2555 772 3030 835 convertendam
3082 775 3143 832 et

420 859 857 940 disponendam
905 875 1013 940 pro
1058 856 1329 924 utilitate
1404 860 1468 921 et
1537 857 1782 939 negotio
1848 856 2079 920 domini
2151 857 2363 920 fratris
2417 857 2670 920 Antonii
2737 858 3030 940 episcopi,
3082 860 3144 920 et

424 947 582 1028 quod
630 946 683 1008 si
727 945 858 1009 eius
904 947 1215 1025 negotium
1268 963 1386 1008 non
1442 947 1652 1027 posset
1722 943 2011 1025 expediri,
2081 944 2240 1025 quod
2290 946 2555 1024 quatuor
2602 945 2800 1008 millia
2844 944 3143 1008 librarum

422 1032 809 1116 denariorum
859 1032 1030 1095 vobis
1078 1032 1221 1095 dare
1269 1032 1556 1111 debe-rem
1607 1050 1717 1114 pro
1737 1066 1925 1079 ·····
1943 1031 2356 1115 possessiones
2395 1029 2469 1093 de
2517 1031 2854 1107 Brundu10,
2907 1035 2971 1095 et
3000 1031 3146 1112 quia

428 1118 663 1184 dictum
725 1119 1038 1201 negotium
1117 1119 1268 1183 dicti
1333 1118 1563 1184 domini
1634 1118 1848 1182 fratris
1913 1117 2169 1181 Antonii
2231 1136 2348 1180 non
2411 1121 2509 1180 est
2576 1118 2982 1199 expedictum,
3034 1137 3143 1182 nec

427 1210 632 1289 potest
678 1205 973 1288 expediri,
1019 1204 1182 1286 quod
1225 1223 1332 1269 vos
1381 1206 1715 1281 miramini,
1758 1205 1919 1287 quod
1967 1205 2168 1269 dictas
2210 1206 2471 1286 quatuor
2518 1205 2692 1269 mille
2738 1206 2929 1269 libras
2962 1205 3147 1270 dena·

427 1295 654 1360 riorum
699 1292 872 1357 vobis
920 1311 1039 1357 non
1086 1292 1248 1370 misi,
1295 1295 1359 1357 et
1405 1293 1564 1375 quod
1613 1294 1776 1373 ipsas
1823 1292 2000 1356 nobis
2018 1325 2251 1340 ······
2269 1309 2377 1373 pro
2410 1293 2595 1369 certo,
2666 1295 2824 1375 quod
2863 1293 3148 1357 dominus

433 1400 534 1444 rex
582 1380 734 1444 mihi
804 1398 921 1443 non
969 1380 1301 1457 commisit,
1350 1382 1508 1461 quod
1557 1379 1789 1443 dictam
1861 1381 2185 1462 pecuniam
2231 1380 2407 1443 vobis
2455 1380 2688 1457 darem,
2751 1383 2814 1444 et
2880 1398 2994 1463 ego
3042 1380 3149 1444 do-

433 1469 670 1531 minum
716 1485 927 1549 regem
990 1467 1054 1529 in
1117 1468 1432 1550 presencia
1498 1467 1709 1550 Luysii
1756 1471 1819 1532 et
1879 1466 2106 1531 Turchi
2170 1466 2399 1548 pluries
2462 1467 2690 1548 rogavi,
2741 1467 2901 1548 quod
2948 1467 3143 1532 dictas

434 1558 694 1636 quatuor
741 1553 913 1618 mille
960 1553 1151 1618 libras
1201 1554 1433 1619 solvere
1478 1556 1746 1631 deberet,
1797 1559 1860 1618 et
1908 1555 2037 1635 ipse
2085 1572 2188 1618 eas
2205 1587 2393 1600 ·····
2412 1552 2519 1615 sed
2569 1554 2831 1630 dicebat,
2884 1557 2948 1618 et
2991 1555 3150 1618 dixit

437 1641 688 1723 pluries,
735 1642 798 1705 et
828 1641 1174 1719 multocieS,
1210 1640 1605 1724 presentibus
1651 1641 1834 1706 dictis
1880 1640 2106 1723 Luysio
2153 1645 2216 1704 et
2260 1640 2520 1715 Turch0,
2562 1642 2719 1722 quod
2753 1641 3147 1706 medietatem

435 1728 605 1792 illius
651 1729 905 1811 pecunie
952 1729 1205 1793 solverit
1271 1730 1335 1794 in
1405 1729 1562 1793 festo
1610 1729 1772 1792 beati
1831 1728 2088 1792 Martini
2136 1730 2199 1791 et
2243 1727 2432 1791 aliam
2466 1728 2865 1792 medietatem
2899 1748 2958 1791 in
2991 1728 3151 1793 festo

438 1815 917 1879 circumcisionis
989 1816 1238 1894 domini,
1301 1834 1410 1880 nec
1477 1834 1742 1896 unquam
1805 1815 1975 1879 aliud
2033 1814 2110 1878 ab
2175 1817 2308 1896 ipso
2384 1815 2608 1878 habere
2690 1816 3023 1898 potuimuS,
3091 1818 3155 1879 et

440 1903 557 1966 hoc
600 1902 720 1985 ipsi
768 1904 919 1966 bene
968 1904 1208 1978 sciunt3
1258 1921 1469 1967 verum
1517 1909 1631 1982 est,
1691 1903 1853 1984 quod
1900 1902 1964 1965 in
2016 1901 2153 1977 fine,
2221 1902 2459 1983 quando
2508 1921 2619 1984 ego
2666 1905 2890 1966 recessi
2938 1905 3014 1966 ab
3061 1921 3152 1977 eo,

442 1995 505 2054 et
535 2008 646 2072 ego
679 1990 973 2054 instarem
1010 1992 1074 2054 et
1103 2008 1384 2073 rogarem
1411 1990 1638 2071 ipsum,
1687 1990 1849 2071 quod
1882 1991 2011 2071 ipse
2046 1988 2315 2053 solveret
2348 1990 2574 2052 dictam
2606 1991 2931 2072 pecuniam
2952 2025 3144 2038 ·····

443 2077 585 2158 quia
624 2078 678 2141 si
726 2076 1043 2159 negotium
1110 2078 1381 2159 episcopi
1449 2095 1565 2141 non
1632 2079 2010 2160 expediatur,
2078 2094 2189 2158 ego
2256 2076 2567 2154 ordinab0,
2636 2078 2795 2160 quod
2853 2079 2924 2141 de
2992 2077 3157 2141 dicta

444 2165 700 2246 pecunia
748 2165 1058 2237 solvatur3
1109 2184 1226 2229 non
1272 2167 1432 2246 quod
1479 2165 1704 2229 dixerit
1749 2164 1927 2243 mihi,
1977 2165 2136 2245 quod
2185 2164 2359 2227 vobis
2404 2164 2633 2241 darem,
2687 2183 2799 2229 nec
2844 2164 3004 2246 quod
3052 2182 3154 2229 eas

445 2251 762 2328 solverem,
813 2252 876 2314 et
926 2251 1123 2315 multo
1165 2251 1466 2317 libencius
1515 2269 1627 2334 ego
1676 2252 1983 2315 dedissem
2034 2270 2168 2315 eam
2215 2250 2464 2315 domino
2483 2285 2669 2299 ·····
2693 2252 2855 2318 dicto
2912 2253 3155 2316 domino

446 2337 621 2402 fratri
682 2337 972 2416 Antoni0,
1035 2338 1088 2402 si
1133 2341 1212 2403 ab
1256 2339 1390 2421 ipso
1436 2338 1680 2404 domino
1734 2357 1879 2422 rege
1947 2339 2300 2403 habuissem
2346 2338 2411 2402 in
2459 2340 2818 2403 mandatis:
2867 2338 2973 2403 sed
3022 2337 3160 2417 feci,

443 2424 603 2577 {uz}
632 2424 790 2575 rfiihi
834 2424 1148 2490 commisit
1183 2428 1246 2490 et
1292 2426 1643 2501 mandavit3
1692 2427 1755 2490 et
1802 2428 1891 2490 ita
1940 2425 2063 2489 dixi
2093 2425 2455 2490 dominabus
2506 2427 2568 2490 et
2615 2427 2860 2491 domino
2894 2425 3155 2491 Donato.

504 2530 540 2576 a
703 2530 863 2576 ome.

538 2600 1109 2664 Commemorialium
1154 2605 1207 2663 1.
1254 2606 1359 2676 25,
1404 2621 1447 2663 u
1490 2605 1644 2664 mlet.
1691 2605 1923 2664 arkivu.

798 2794 1131 2877 xcvss.
1191 2793 1393 2876 God.
1450 2792 1675 2875 1301.
1731 2790 1831 2873 23
1886 2789 2247 2892 veljace,
2300 2813 2357 2873 u
2410 2791 2798 2874 Mletcih.

1182 2918 1521 2992 odpustnju
1560 2935 1622 2977 se
1669 2917 2011 2976 Zadranom
2058 2919 2226 2990 mehe
2266 2918 2448 2992 yzoee.

668 3036 849 3112 1301,
902 3038 1007 3102 23.
1055 3038 1369 3103 februarii.
1437 3038 1739 3102 Dominus
1785 3037 1952 3101 dux:
2016 3037 2175 3117 quod
2223 3038 2801 3120 condempnationes
2847 3039 3007 3106 facte
3054 3061 3164 3124 per

454 3123 740 3189 comitem
788 3128 852 3188 et
896 3126 1278 3190 consiliarios
1325 3124 1516 3190 Jadre
1581 3128 1794 3190 contra
1839 3125 2196 3190 Jadratinos
2244 3124 2490 3189 illarum
2541 3128 2799 3190 duarum
2847 3128 3165 3211 galearum

454 3212 698 3292 propter
740 3211 1016 3294 ipsorum
1065 3213 1539 3277 inobedientiam
1592 3214 1993 3277 remittantur
2039 3212 2113 3275 ad
2149 3211 2657 3293 supplicationem
2690 3216 3163 3280 ambaxatorum

458 3299 521 3359 et
564 3300 902 3363 communis
950 3299 1140 3364 Jadre
1187 3319 1329 3364 cum
1375 3299 1502 3364 illis
1550 3300 1771 3377 verbis,
1819 3319 1935 3382 que
1983 3299 2310 3364 videbitur.

669 3385 973 3450 Dominus
1020 3388 1302 3452 Marinus
1346 3388 1755 3452 Maurocenus
1798 3387 2182 3452 consiliarius
2231 3389 2295 3451 et
2338 3387 2441 3452 Jo.
2491 3386 2692 3454 Cauco
2740 3392 2965 3472 caput:
3013 3391 3171 3472 quod

462 3471 857 3537 remittantur
904 3475 1063 3538 dicte
1111 3475 1688 3557 condempnationes
1734 3476 1901 3539 sicut
1945 3473 2185 3538 dictum
2233 3477 2329 3538 est
2374 3475 2437 3538 in
2485 3480 2662 3557 parte
2695 3479 2947 3555 domini,
2997 3479 3170 3544 salvo

460 3558 614 3638 quod
661 3560 969 3625 scribatur
1016 3561 1249 3639 comiti,
1298 3564 1453 3643 quod
1502 3562 1699 3643 possit
1744 3563 2069 3644 procedere
2114 3564 2328 3627 contra
2356 3563 2620 3628 comites
2663 3569 2726 3628 et
2779 3566 3169 3643 naucherios,

464 3645 625 3708 sicut
673 3648 730 3711 ei
778 3648 1084 3713 videbitur
1130 3653 1194 3713 et
1234 3651 1358 3713 alte
1408 3653 1472 3714 et
1521 3650 1719 3714 basse.

669 3734 968 3799 Dominus
1015 3736 1103 3800 M.
1138 3736 1404 3801 Michael
1451 3736 1563 3801 ult.
1617 3738 1765 3800 star.
1814 3737 2051 3803 firmus,

553 3821 723 3883 Cone.
774 3825 854 3884 X.
902 3827 1080 3885 Misti
1128 3827 1180 3897 I,
1225 3844 1269 3886 u
1312 3827 1464 3886 mlet.
1510 3828 1742 3886 arkivn.

834 4013 1207 4095 xcvffl.
1264 4014 1465 4098 God.
1526 4014 1742 4098 1301.
1801 4015 1853 4096 8
1905 4015 2277 4116 evimus,
2334 4037 2391 4097 u
2444 4016 2827 4099 Mlctcih.

552 4124 723 4211 Sala‘u
768 4156 829 4198 se
872 4158 916 4198 u
961 4139 1312 4208 Dubrovnik
1358 4142 1525 4200 c'etiri
1563 4141 1763 4214 yalvgq'e,
1819 4141 1899 4198 da
1943 4142 2187 4201 inm-iens
2233 4142 2416 4216 druyc
2463 4142 2729 4202 dolazecc
2773 4145 2830 4203 iz
2875 4144 3086 4204 istoka.

678 4275 865 4340 1301.
914 4277 1014 4341 die
1061 4278 1100 4341 8
1168 4278 1374 4356 madii,
1443 4281 1662 4361 capta:
1729 4280 1890 4360 quod
1949 4278 2217 4343 debeant
2278 4278 2446 4343 mitti
2508 4279 2852 4360 Ragusium
2915 4283 3179 4361 quatuor

464 4362 637 4443 galee
684 4367 894 4444 parate
940 4365 1014 4428 de
1060 4366 1346 4430 omnibus
1395 4366 1712 4449 oportunis
1760 4367 1835 4430 ad
1883 4366 2318 4430 cambiandum
2368 4367 2529 4443 illas,
2590 4384 2705 4447 que
2756 4370 3054 4431 venerunt
3101 4370 3174 4433 de

466 4449 802 4516 Harmenia
849 4454 914 4516 et
954 4452 1029 4516 de
1075 4452 1400 4530 Romania,
1447 4456 1535 4517 ita
1605 4452 1768 4534 quod
1833 4454 1950 4518 iste
1999 4454 2220 4518 vadant
2281 4472 2421 4517 curn
2486 4453 2756 4517 exercitu
2799 4471 2942 4516 cum
2992 4458 3177 4537 gente

469 4536 734 4689 illargnxis,
786 4542 849 4604 et
890 4538 999 4639 ille
1061 4560 1201 4605 cum
1271 4541 1738 4618 mercatoribuS,
1809 4559 1926 4623 que
1995 4540 2061 4604 in
2117 4541 2204 4605 eis
2252 4542 2434 4615 sunt„
2482 4541 2612 4603 sine
2657 4539 3030 4605 discaricare
3077 4561 3179 4605 ve-

470 4642 610 4689 man
736 4645 996 4691 enecias.

560 4715 731 4776 Cous.
782 4713 881 4778 X:
907 4716 1087 4778 Misti
1130 4718 1186 4787 1,
1231 4735 1273 4776 u
1316 4718 1470 4777 mlet.
1517 4716 1749 4775 arkivu.

2767 4814 2805 4858 a:
