3620 5282
2948 317 3072 385 391

558 502 638 564 Et
685 500 829 582 quia
877 503 974 564 est
1023 505 1443 568 necessarium
1493 506 1812 587 providere
1860 509 1932 573 de
1981 510 2248 594 navigio,
2298 531 2443 576 cum
2492 532 2609 595 quo
2655 512 2917 577 conduci
2963 513 3080 578 de-

357 587 605 663 bebunt,
655 590 993 667 ordinetur,
1044 593 1225 672 quod,
1274 594 1504 673 quanto
1556 596 1822 674 prestius
1872 597 2000 661 fieri
2051 600 2298 680 poterit,
2353 602 2653 681 expeditis
2703 601 2942 666 duabus
2968 620 3078 683 ga-

357 674 488 750 leis,
539 677 704 739 sicut
749 679 1013 741 nundius
1063 681 1286 744 tertius
1333 686 1584 762 captum
1636 687 1749 758 est,
1798 687 2027 749 armari
2099 687 2322 751 debeat
2390 689 2465 751 ad
2514 708 2827 753 cameram
2877 707 3080 754 arma-

366 763 553 826 menti
595 782 716 827 una
759 765 939 847 galea
988 768 1060 829 de
1108 785 1260 830 novo
1309 773 1541 849 quanto
1588 772 1855 850 prestius
1898 773 2029 836 fieri
2077 776 2325 856 poterit,
2368 794 2509 838 cum
2542 776 2653 839 illo
2686 776 2878 852 saido,
2913 775 3076 858 quod

363 849 812 915 deliberabitur
864 872 972 934 per
1018 854 1349 937 collegium
1402 859 1806 938 antedictum,
1857 868 1920 922 et
1978 860 2089 924 fiat
2150 865 2223 925 de
2290 865 2553 943 presenti
2621 864 3076 945 supracomitus

363 936 550 1017 ipsius
597 941 659 1003 in
710 942 828 1002 isto
869 941 1122 1005 consilio
1172 962 1280 1024 per
1325 944 1481 1007 duas
1533 964 1751 1009 manus
1801 946 2171 1011 electionum
2222 952 2285 1013 et
2330 970 2450 1014 una
2497 971 2605 1032 per
2665 952 3077 1032 scruptinium

362 1022 524 1087 inter
567 1027 897 1109 collegium
949 1031 1458 1111 suprascriptum,
1509 1032 1614 1113 qui
1665 1033 1892 1098 habeat
1938 1037 2011 1098 de
2077 1038 2303 1102 salario
2370 1040 2618 1103 ducatos
2691 1039 2950 1120 triginta
3011 1038 3075 1101 in

367 1130 595 1187 mense,
645 1118 708 1176 et
753 1134 975 1196 pagam
1030 1120 1219 1181 trium
1271 1121 1598 1194 mensium,
1649 1127 1712 1183 et
1761 1124 1849 1185 ita
1896 1123 2007 1186 fiat
2068 1124 2209 1188 aliis
2277 1125 2630 1189 hominibus
2693 1128 2856 1192 dicte
2902 1124 3077 1207 galee

362 1199 425 1262 et
471 1218 608 1264 cum
656 1204 1020 1267 comissione
1069 1207 1132 1267 et
1178 1206 1316 1269 aliis
1365 1208 1820 1272 conditionibus
1882 1213 2167 1275 omnibus
2226 1215 2783 1294 supracomitorum
2846 1213 3077 1294 culpbi.

362 1283 543 1349 Salvo
592 1292 746 1369 quod
800 1294 1082 1355 teneatur
1128 1294 1492 1374 respondere
1525 1314 1662 1359 cras
1706 1297 1782 1360 ad
1820 1298 2062 1372 terciae,
2098 1303 2166 1362 nt
2196 1301 2395 1381 possit
2426 1300 2684 1364 celerius
2717 1319 2860 1364 eum
2892 1299 3078 1363 dictis

356 1377 750 1455 pagatoribns
802 1378 1057 1459 vigilare
1101 1381 1178 1443 ad
1222 1383 1671 1462 expeditionem
1744 1387 1807 1448 et
1876 1393 2336 1451 armamentum
2407 1389 2585 1471 galee
2634 1388 3077 1470 suprascripte.

356 1461 448 1524 De
497 1469 667 1543 parte
716 1463 820 1541 25,
872 1472 1052 1548 capta
1099 1470 1173 1531 de
1221 1487 1333 1531 non
1386 1470 1488 1546 72,
1541 1490 1655 1534 non
1707 1473 1926 1536 sinceri
1981 1473 2081 1538 17.

439 1570 623 1629 Misti
672 1571 931 1633 XLIII.
984 1577 1128 1650 158,
1178 1594 1219 1634 u
1255 1577 1411 1637 mlet.
1461 1581 1696 1642 arkivu.

755 1762 1248 1845 DXXXIX.
1306 1763 1532 1853 1396.
1583 1770 1640 1850 4
1690 1771 2120 1871 prosince.
2176 1794 2236 1853 u
2282 1771 2677 1854 Mletcih.

355 1902 649 1965 Μῑειόαηί
691 1909 941 1989 nastqq'e,
984 1912 1066 1971 da
1108 1913 1313 1985 dobiju
1360 1929 1399 1970 u
1441 1917 1599 1988 svoje
1629 1915 1777 1973 ruke
1821 1914 2164 1988 Raspurki
2206 1916 2513 1975 Latisanu
2558 1933 2635 1975 uz
2663 1917 2880 1989 zaJ'am.
2916 1916 3077 1976 Kne-

690 1999 864 2071 9inju
909 2002 1154 2074 senjsku
1198 2001 1581 2078 obodravnju,
1625 2004 1779 2061 neka
1826 2004 1995 2063 tvrdo
2041 2005 2224 2062 bram'
2268 2006 2436 2078 svoja
2481 2005 2733 2076 imanja.

570 2097 758 2165 1396.
808 2101 1137 2168 indictione
1212 2104 1447 2187 quinta,
1526 2104 1624 2169 die
1699 2107 1913 2187 quinto
1986 2105 2350 2171 decembris
2431 2107 2543 2173 S'er
2602 2107 2826 2172 Petrus
2872 2107 3075 2192 Aymo

357 2183 562 2263 miles,
610 2205 709 2250 ser
754 2188 1022 2255 Michael
1072 2191 1261 2256 Steno
1309 2194 1682 2273 procurator,
1737 2195 2047 2276 sapientes
2079 2195 2338 2259 consilii.
2389 2192 2620 2277 Capta:
2671 2196 2815 2279 quia
2848 2195 3074 2260 nobilis

357 2270 450 2335 vir
497 2290 596 2336 ser
642 2274 925 2341 Marinus
972 2277 1243 2343 Storlato
1291 2279 1643 2360 capitaneus
1703 2281 2027 2363 Raspurcb
2091 2302 2201 2365 per
2269 2302 2460 2346 unum
2530 2302 2710 2347 suum
2782 2283 3075 2347 nuncium

354 2358 531 2424 nobis
581 2363 878 2428 notificari
928 2365 1093 2444 fecit,
1143 2367 1412 2449 qualiter
1460 2368 1710 2452 quidam
1760 2370 2024 2433 servitor
2069 2369 2314 2433 domine
2359 2370 2670 2435 comitisse
2717 2370 2940 2453 Segnie
2987 2370 3077 2435 fe·

356 2451 530 2513 cerat
568 2450 687 2514 sibi
735 2454 1131 2531 mentionem,
1180 2456 1231 2517 si
1267 2472 1377 2519 nos
1415 2455 1879 2521 attenderemus
1924 2457 2000 2521 de
2046 2458 2326 2522 habendo
2383 2459 2444 2521 in
2496 2459 2718 2540 pignus
2784 2457 3074 2524 Castrum

355 2536 600 2601 Novum
652 2559 759 2621 pro
803 2541 1044 2605 ducatis
1091 2543 1292 2606 tribus
1340 2543 1638 2618 millibus,
1688 2547 1752 2608 et
1801 2547 1961 2628 quod
2002 2545 2157 2609 dixit
2181 2545 2343 2609 dicto
2372 2547 2610 2623 nuncio,
2638 2547 2798 2628 quod
2833 2564 2949 2609 non
2985 2546 3075 2609 fa-

354 2628 523 2690 ceret
570 2645 677 2709 pro
726 2628 900 2693 nobis
949 2629 1064 2693 nisi
1116 2631 1290 2695 fieret
1335 2632 1565 2696 mentio
1611 2632 1801 2696 simul
1850 2633 1923 2696 de
1970 2633 2149 2698 factis
2183 2634 2523 2716 Raspurcb,
2558 2635 2631 2698 ad
2675 2633 2837 2716 quod
2869 2634 3073 2699 dictus

355 2715 609 2778 nuntius
654 2718 987 2798 respondit,
1036 2717 1195 2800 quod
1247 2721 1319 2782 de
1366 2720 1474 2784 illo
1520 2721 1813 2784 similiter
1860 2721 2091 2803 aliquid
2135 2721 2272 2784 fieri
2345 2724 2571 2802 posset.
2645 2722 2818 2786 Fecit
2875 2723 3064 2786 etiam

351 2803 528 2866 nobis
577 2803 715 2880 dici,
765 2805 922 2887 quod
974 2824 1078 2885 per
1124 2806 1514 2885 capitaneum
1561 2808 1873 2886 Latisane,
1921 2809 2024 2890 qui
2057 2811 2155 2872 est
2183 2808 2467 2873 subditus
2509 2809 2894 2873 dominorum
2952 2809 3079 2875 Go-

354 2889 522 2969 ricie,
573 2891 702 2973 ipse
751 2891 890 2956 fuit·
917 2893 1210 2957 similiter
1248 2895 1600 2975 requisitus.
1650 2897 1807 2977 quod
1874 2897 1926 2958 si
1993 2915 2099 2960 nos
2163 2896 2542 2961 attendimus
2611 2896 2686 2961 ad
2735 2895 3069 2962 volendum

354 2978 578 3042 habere
627 2977 793 3044 dicta
839 2983 955 3044 duo
1003 2981 1136 3044 loca
1183 2981 1261 3045 ab
1308 2982 1462 3062 ipsis
1531 2983 1658 3045 suis
1727 2982 1992 3046 dominis
2062 2982 2325 3057 Goricie‚
2403 3002 2663 3065 quorum
2713 2987 2880 3058 sunt,
2930 2984 3078 3068 quia

355 3063 605 3129 domina
645 3067 965 3132 comitissa
1005 3085 1175 3133 soror
1222 3087 1432 3133 eornm
1474 3069 1661 3132 habet
1708 3070 1818 3133 illa
1860 3072 1920 3132 in
1967 3071 2193 3153 pignus
2240 3089 2347 3147 pro
2393 3070 2551 3137 XIII
2598 3070 2788 3157 millia
2838 3072 3077 3136 ducatis

356 3153 436 3215 ab
475 3155 587 3231 eiS,
637 3153 755 3236 ipsi
807 3174 910 3236 pro
957 3155 1390 3237 complacendo
1438 3159 1645 3221 nostro
1692 3156 1962 3221 dominio
2033 3160 2097 3222 et
2166 3177 2273 3239 pro
2321 3157 2784 3222 confirmatione
2825 3160 3075 3238 amoriS,

357 3239 461 3321 qui
507 3241 625 3304 fuit
669 3243 831 3306 inter
885 3262 995 3307 nos
1044 3247 1107 3307 et
1152 3244 1466 3309 dominum
1519 3244 1926 3327 Maynardum
1974 3246 2265 3309 comitem
2292 3245 2533 3311 Goricie
2566 3264 2775 3309 eorum
2810 3248 3074 3328 patrem,

358 3327 534 3393 nobis
582 3329 694 3392 illa
739 3330 979 3395 dabunt
1024 3332 1084 3394 in
1132 3332 1355 3412 pignus
1401 3351 1509 3413 pro
1543 3332 1699 3395 bono
1732 3335 2029 3412 tempore.
2078 3333 2161 3396 Et
2192 3332 2580 3397 considerato
2614 3350 2837 3415 magno
2869 3332 3076 3397 fructu

353 3417 418 3478 et
498 3416 767 3482 utilitate
850 3419 1241 3500 proveniente
1315 3419 1463 3483 locis
1510 3421 1735 3482 nostris
1780 3420 1967 3483 Istrie
2012 3420 2087 3483 de
2135 3421 2300 3484 dicto
2365 3421 2494 3484 loco
2542 3420 2884 3502 Raspurcb,
2931 3421 3076 3502 quia

352 3506 676 3587 postquam
728 3505 909 3570 illum
958 3505 1303 3582 habuimus,
1353 3509 1517 3571 terre
1560 3509 1768 3570 nostre
1806 3505 1993 3571 Istrie
2046 3526 2163 3571 non
2210 3506 2463 3571 inerunt
2522 3507 2946 3572 damnificiate
2993 3506 3071 3571 de

355 3609 475 3654 uno
523 3592 718 3672 obolo,
766 3612 874 3675 pro
921 3593 1098 3658 nobis
1137 3592 1324 3657 faciat
1370 3596 1686 3658 attendere
1735 3593 1812 3657 ad
1862 3595 2211 3658 habendum
2264 3596 2463 3676 ipsum
2513 3595 2738 3672 locum,
2774 3595 2921 3679 qnia
2951 3595 3070 3658 ali-

352 3680 493 3743 cubi
544 3699 665 3745 non
714 3686 917 3762 posset
963 3682 1237 3745 construi
1285 3681 1510 3762 aliquis
1556 3682 1716 3745 alius
1764 3682 1957 3759 locuS,
2007 3683 2109 3764 qui
2161 3683 2317 3747 foret
2365 3684 2449 3747 ita
2509 3682 2684 3746 utilis
2731 3687 2796 3746 et
2840 3684 3070 3760 dexter,

350 3768 414 3829 et
460 3769 520 3831 in
568 3787 687 3850 qno
726 3789 843 3834 non
893 3769 1295 3850 spenderetur
1337 3772 1508 3833 tanta
1553 3774 1614 3833 et
1657 3772 1855 3833 maior
1901 3789 2145 3834 summa
2191 3771 2447 3852 pecunie
2496 3770 2623 3845 illa,
2675 3789 2791 3851 que
2823 3770 3073 3835 dabitur

350 3856 682 3920 comitibus
731 3858 1064 3921 antedictis
1114 3858 1211 3921 vel
1257 3858 1497 3921 domine
1544 3859 1891 3926 comitissez
1954 3859 2127 3923 vadit
2189 3877 2352 3939 pars,
2417 3857 2572 3940 quod
2625 3857 3073 3940 respondeatur

350 3943 513 4007 dicto
559 3950 769 4008 nostro
817 3944 1137 4027 capitaneo
1180 3945 1522 4026 Raspurcb,
1558 3947 1715 4027 quod
1749 3945 1955 4027 placet
1988 3947 2164 4009 nobis
2212 3950 2274 4009 et
2306 3945 2394 4009 sic
2431 3945 2720 4010 fidelitati
2753 3965 2861 4010 sue
2897 3964 3073 4008 man-

349 4029 587 4108 damus,
635 4036 940 4115 quatenus
986 4034 1094 4097 det
1139 4050 1388 4114 operam
1435 4034 1507 4096 de
1554 4033 1754 4096 dando
1803 4033 2172 4114 principium
2201 4037 2273 4096 et
2319 4034 2806 4113 prosecutionem
2845 4037 3074 4097 tracta-

349 4120 439 4181 tui
488 4119 562 4180 de
611 4125 812 4185 castro
859 4120 1179 4202 Raspurcb
1231 4139 1370 4183 cum
1419 4121 1736 4200 capitaneo
1770 4120 2079 4197 Latisane,
2114 4122 2215 4202 qui
2254 4119 2374 4182 sibi
2407 4121 2783 4184 mentionem
2818 4120 2892 4183 de
2953 4119 3071 4184 hoc

349 4206 481 4269 fieri
528 4205 706 4282 fecit;
756 4210 821 4272 et
864 4208 928 4271 in
975 4226 1123 4271 casu
1169 4226 1285 4289 quo
1331 4208 1533 4288 ipsum
1582 4207 1782 4271 locum
1826 4208 2052 4271 habere
2100 4209 2295 4289 possit
2337 4209 2399 4269 in
2441 4209 2663 4291 pignus
2711 4225 2746 4271 a
2800 4207 3069 4271 dominis

345 4291 608 4369 Goricie‚
657 4296 801 4377 quia
832 4294 908 4358 de
954 4293 1170 4360 Castro
1220 4294 1395 4358 Novo
1442 4312 1554 4358 nos
1602 4296 1891 4358 nolumus
1940 4295 2259 4376 impedire,
2326 4314 2539 4359 sumus
2571 4295 2861 4370 contenti,
2907 4293 3071 4376 quod

347 4380 552 4461 ipsum
600 4383 875 4462 accipere
923 4383 1147 4447 debeat
1193 4400 1334 4445 cum
1383 4382 1620 4445 iuribus
1664 4385 1726 4444 et
1773 4383 2268 4446 iurisditionibus
2312 4384 2466 4457 suis,
2515 4382 2703 4456 villis,
2753 4383 3072 4462 pertinen-

347 4468 453 4532 tiis
499 4474 563 4532 et
608 4470 878 4549 intratiS,
926 4468 1226 4552 possendo
1258 4470 1593 4549 expendere
1671 4487 1860 4549 usque
1929 4471 2005 4533 ad
2081 4471 2495 4551 quantitatem
2546 4470 2908 4532 ducatorum
2955 4466 3073 4530 XV

349 4556 567 4630 millia,
614 4557 893 4624 faciendo
942 4576 1128 4640 quam
1179 4556 1402 4619 melius
1448 4556 1696 4636 poterit.
1745 4555 1859 4621 Sed
1906 4558 2003 4620 est
2054 4555 2265 4620 nostra
2310 4556 2590 4632 intentio,
2656 4557 2816 4637 quod
2863 4556 3070 4637 ipsum

349 4644 687 4710 habeamus
738 4665 842 4727 per
890 4648 1136 4726 tempus
1175 4660 1481 4707 annorum
1530 4644 1667 4707 octo
1714 4645 1788 4707 ad
1838 4645 2043 4708 minus
2091 4647 2153 4707 et
2233 4645 2370 4707 inde
2420 4662 2608 4724 supra
2655 4645 2886 4725 quanto
2930 4640 3071 4722 plus

350 4733 577 4813 posset,
623 4734 688 4797 et
732 4732 1046 4812 similiter,
1096 4730 1257 4814 quod
1305 4749 1588 4814 expense,
1652 4749 1768 4813 que
1831 4731 2195 4797 necessariis
2266 4731 2664 4795 occurrerent
2723 4730 2784 4792 in
2828 4742 3075 4807 repara-
