3620 5282
516 338 599 405 14

427 587 436 595 ‚
510 513 671 596 quod
714 531 825 595 per
871 529 979 576 nos
1026 511 1121 576 est
1179 510 1437 575 factum.
1505 509 1586 575 Et
1652 510 1704 574 si
1766 509 2004 575 bannus
2065 511 2438 576 remanserit
2500 509 2823 575 contentus
2885 510 2959 574 de
3028 509 3246 575 nostra

510 600 924 684 responsione,
980 598 1133 663 bene
1180 598 1444 681 quidem,
1491 599 1585 661 sin
1652 599 1884 674 autem,
1955 598 2142 674 dicat,
2212 597 2373 680 quod
2445 597 2818 662 intendimus
2865 599 2940 661 de
2988 597 3104 661 boc
3152 596 3249 661 fa-

510 706 650 752 cere
718 687 1026 751 consciam
1091 686 1335 750 domino
1397 686 1546 768 regi.
1614 687 1695 749 Et
1757 686 1887 768 ipse
1940 685 2409 749 Bartholomeus
2467 686 2691 749 vadens
2739 685 2816 747 ad
2866 684 3244 766 presentiam

509 774 692 856 regiS,
759 777 935 838 naret
978 772 1206 837 seriose
1253 771 1487 836 dictum
1530 772 1847 855 negotium
1895 771 2140 837 domino
2206 773 2353 856 regi,
2419 774 2483 836 et
2538 771 2843 855 justificet
2905 770 3070 836 facta
3132 791 3246 855 per

511 879 640 940 nos,
690 862 754 925 et
814 859 1107 943 requirat,
1170 860 1328 941 quod
1394 859 1631 939 placeat
1689 858 1940 923 domino
1987 861 2118 942 regi
2166 858 2256 923 sic
2315 860 2624 923 eficaciter
2687 859 2981 923 mandare
3043 858 3246 923 banno

511 953 571 1013 et
620 948 762 1013 aliis
807 949 955 1025 suis,
1005 947 1160 1029 quod
1210 964 1316 1027 pro
1361 945 1475 1010 hoc
1523 947 1618 1010 vel
1667 945 1980 1011 similibus
2026 946 2270 1011 casibus
2299 966 2405 1011 nos
2432 965 2548 1011 non
2588 946 2933 1029 inquietent
2961 946 3245 1011 ulterius,

602 1056 785 1116 Masta·
834 1052 1081 1115 XXIX.
1132 1056 1236 1114 28.
1280 1073 1323 1113 u
1366 1055 1520 1115 mlet.
1558 1057 1793 1114 arkivu.

825 1276 1292 1361 XXXVIU.
1345 1276 1555 1359 God.
1610 1276 1837 1360 1359.
1891 1276 1990 1358 23
2042 1277 2471 1377 prosinca,
2524 1299 2584 1358 u
2637 1278 2946 1360 Zadru.

513 1420 658 1480 Bau
702 1420 972 1479 krvatski
1014 1420 1290 1492 zahkq‘eva
1332 1420 1409 1478 od
1453 1420 1732 1479 mletadlce
1776 1420 1964 1490 vlade,
2008 1421 2088 1480 da
2125 1422 2401 1494 njekomu
2447 1420 2775 1480 Paianinu
2818 1423 3056 1494 povrati
3115 1423 3243 1496 πᾶα-

508 1525 651 1584 qove
694 1525 887 1577 novoe,
933 1508 1063 1580 koje
1098 1508 1166 1580 je
1211 1507 1482 1566 mletaeki
1519 1507 1884 1667 Ιεῖῗὲἀέἶξέἰ
1909 1508 2211 1670 3ᾱέἓῖῗο
2259 1510 2351 1567 bio
2398 1525 2441 1566 u
2483 1508 2713 1567 Mletke
2756 1525 2831 1569 za
2880 1510 3244 1585 mletaekoqa

724 1766 975 1831 Excelse
1036 1764 1452 1850 magnitudini
1500 1766 1701 1829 vestre
1758 1767 2149 1847 presentibus
2199 1767 2469 1849 patefiat,
2520 1770 2683 1850 quod
2737 1768 3238 1849 comparentibus

513 1873 726 1921 coram
791 1853 967 1919 nobis
1023 1852 1522 1919 ambaxatoribus
1566 1855 1627 1916 et
1674 1854 1910 1918 nunciis
1957 1873 2030 1919 ac
2074 1855 2351 1938 syndicis
2399 1854 2821 1919 universitatis
2872 1860 3033 1918 terre
3078 1853 3238 1937 Pagi

513 1941 731 2008 fideles
754 1940 987 2005 domini
1051 1941 1249 2005 nostri
1312 1941 1473 2022 regis
1519 1945 1929 2022 exposuerunt
1989 1961 2129 2007 curn
2194 1942 2487 2025 querella,
2552 1940 2713 2023 quod
2760 1960 2902 2006 cum
2951 1943 3239 2007 mandato

513 2031 1013 2112 predecessorum
1039 2030 1386 2091 vestrorum
1435 2025 1654 2091 fuisset
1698 2026 1913 2093 datum
1963 2030 2356 2095 universitati
2404 2034 2467 2093 et
2522 2029 2743 2111 populo
2791 2030 3103 2094 antedicto
3136 2030 3243 2094 fir·
3301 2029 3325 2043 “

513 2117 702 2182 miter
748 2115 811 2179 in
876 2114 1208 2191 mandatiS,
1271 2114 1362 2179 eis
1423 2115 1574 2178 tunc
1634 2116 2048 2181 existentibus
2111 2119 2224 2182 sub
2290 2116 2698 2181 veneciarum
2749 2116 3033 2195 dominio,
3082 2118 3239 2198 quod

512 2205 850 2269 secundum
912 2201 1294 2266 taxacionem
1360 2205 1422 2264 et
1478 2200 1731 2266 modum
1797 2202 2011 2268 datum
2076 2203 2152 2267 de
2218 2205 2420 2269 ducali
2473 2204 2760 2269 mandato
2809 2222 2914 2286 per
2960 2204 3242 2268 nobilem

512 2291 714 2357 virum
779 2290 1098 2355 dominum
1161 2290 1428 2354 Paulum
1489 2291 1887 2356 Laurentiano
1954 2294 2100 2356 tunc
2158 2291 2233 2354 de
2276 2309 2388 2355 suo
2439 2291 2726 2357 mandato
2766 2291 3061 2356 comitem
3109 2290 3239 2356 No·

515 2395 791 2457 nensem,
840 2380 1003 2459 quod
1067 2376 1300 2442 solucio
1347 2377 1411 2441 et
1455 2376 1778 2443 sadisfacio
1827 2378 2002 2442 fieret
2045 2378 2370 2461 integralis
2402 2379 2642 2443 Bellote
2680 2380 2929 2462 Georgii
2952 2379 3029 2443 de
3063 2379 3237 2460 Pago

512 2470 579 2532 et
647 2464 780 2530 eius
833 2464 1188 2548 propinquis
1251 2482 1322 2528 ac
1380 2463 1542 2544 aliis,
1607 2465 1828 2546 quibus
1889 2466 1966 2530 ad
2012 2466 2480 2549 suggestionem
2558 2466 2766 2548 populi
2806 2465 3236 2531 universitatis

513 2551 787 2636 predicte
833 2551 1080 2615 fuerunt
1126 2569 1336 2616 eorum
1385 2553 1600 2616 domus
1645 2551 1996 2618 inconsulte
2037 2556 2102 2618 et
2145 2552 2425 2618 indebite
2471 2555 2670 2636 posite
2714 2552 2777 2617 in
2843 2572 3127 2637 ruynam,
3167 2554 3238 2618 ιιι

513 2638 839 2705 manifeste
904 2637 1172 2704 dominio
1232 2637 1640 2704 Veneciarum
1705 2638 1827 2705 fuit
1887 2640 2120 2723 liquide
2183 2640 2587 2724 patefac-tum,
2641 2640 2780 2725 ipsi,
2829 2643 2900 2706 ut
2947 2641 3238 2706 teneban-

513 2730 637 2806 tur,
687 2726 960 2792 volentes
1005 2728 1295 2791 mandata
1341 2726 1584 2791 ducalis.
1621 2725 2029 2794 effectualiter
2089 2728 2412 2793 observare
2472 2727 2811 2794 secundum
2853 2729 3233 2794 taxacionem

513 2813 736 2897 prefati
785 2813 1013 2879 domini
1062 2813 1262 2893 Pauli,
1313 2814 1739 2897 imposuerunt
1782 2816 2086 2881 colectam
2135 2818 2200 2880 et
2240 2816 2631 2881 avedaticum
2680 2817 2753 2880 de
2800 2816 3048 2881 florenis
3095 2835 3238 2880 sex·

514 2902 711 2967 centis
757 2904 890 2967 auri
938 2901 1252 2984 exigendis
1298 2920 1336 2965 a
1381 2902 1869 2986 quibuscumque
1912 2906 1986 2968 de
2021 2903 2419 2968 universitate
2470 2905 2628 2987 Pagi
2661 2923 2769 2987 pro
2804 2906 2960 2969 rata.
2995 2903 3236 2983 Quibus

516 2990 768 3066 exactis,
817 2989 1044 3054 solucio
1091 2989 1256 3054 facta
1306 2989 1426 3054 fuit
1469 2989 1837 3073 quibusdam
1886 2990 2361 3073 dampnificatis,
2412 2992 2513 3072 qui
2566 2994 2712 3056 tunc
2760 2993 2937 3056 erant
2984 3009 3236 3073 presen-

512 3078 608 3141 tes
662 3078 995 3142 secundum
1035 3076 1265 3141 dictam
1314 3080 1713 3154 taxacionem,
1786 3097 1908 3160 que
1971 3078 2248 3142 ascendit
2310 3079 2387 3141 ad
2450 3097 2759 3143 summam
2823 3080 3236 3143 trecentorum

513 3164 877 3229 ducatorum
925 3165 1023 3228 vel
1068 3164 1315 3229 idcirca.
1364 3164 1448 3229 Et
1493 3166 1636 3246 quia
1681 3166 1886 3230 dictus
1934 3165 2179 3229 Bellota
2224 3167 2288 3229 et
2332 3165 2463 3230 eius
2511 3166 2836 3250 propinqui
2882 3169 3030 3229 tunc
3062 3168 3238 3231 erant

519 3250 826 3327 absentes,
874 3251 1101 3333 quibus
1146 3250 1480 3315 secundum
1529 3251 1758 3316 dictam
1822 3251 2201 3317 taxacionem
2267 3254 2597 3335 trangebat
2644 3253 2987 3318 ressiduum
3034 3251 3236 3318 dicto-

517 3356 656 3401 rum
704 3338 792 3401 VI
884 3339 1134 3402 centum
1197 3338 1578 3415 ducatorum,
1643 3339 1906 3421 depositi
1967 3338 2139 3404 fuere
2198 3339 2262 3404 in
2310 3358 2554 3405 camera
2603 3339 3027 3405 universitatis
3074 3338 3237 3424 Pagi

512 3423 721 3488 ducati
782 3423 1046 3489 trecenti
1106 3422 1400 3490 iamdicta
1445 3424 1521 3489 de
1566 3444 1752 3490 causa
1796 3425 1992 3491 exacti
2040 3445 2147 3510 pro
2189 3426 2480 3512 ‘solvendo
2528 3428 2589 3490 et
2634 3427 3065 3492 satisfaciendo
3117 3427 3237 3492 eis-

512 3512 649 3575 dem
717 3512 992 3592 tempore
1074 3527 1362 3595 congruo.
1448 3510 1725 3596 Contigit
1802 3515 2033 3595 postea,
2115 3514 2272 3596 quod
2333 3513 2533 3579 medio
2596 3517 2872 3597 tempore
2963 3515 3235 3579 dominus

515 3596 819 3680 Mapheus
882 3597 1118 3662 Bembo
1178 3600 1330 3663 tunc
1391 3600 1463 3664 de
1522 3599 1725 3664 ducali
1790 3602 2079 3665 mandato
2139 3620 2342 3666 comes
2405 3601 2554 3684 Pagi
2606 3602 2840 3667 invenit
2896 3602 3229 3684 pecuniam

510 3685 888 3751 antedictam
933 3684 995 3748 in
1040 3683 1205 3749 dicta
1249 3702 1494 3750 camera
1536 3687 1974 3765 universitatis,
2023 3689 2086 3752 et
2118 3706 2251 3753 eam
2296 3691 2535 3770 accepit
2584 3690 2648 3754 et
2696 3689 2867 3753 misit
2915 3689 3230 3762 Venecias.

508 3775 694 3857 prout
733 3771 928 3850 fertur
965 3773 1028 3837 et
1070 3774 1316 3837 constat
1362 3793 1470 3855 per
1513 3776 1844 3855 quaternos
1904 3777 2179 3858 repertos
2223 3775 2286 3839 in
2333 3792 2579 3840 camera
2625 3776 2961 3854 antedicta,
3018 3779 3081 3840 et
3123 3776 3229 3841 de-

512 3880 683 3926 mum
730 3861 1201 3942 comparuerunt
1247 3860 1506 3943 predicti
1565 3860 1805 3927 Bellota
1865 3864 1929 3926 et
1986 3861 2308 3945 propinqui
2370 3864 2649 3945 petentes
2695 3863 2774 3928 ab
2824 3863 3228 3929 universitate

509 3948 821 4014 antedicta
880 3947 1203 4031 pecuniam
1262 3947 1675 4026 antedictam3
1721 3968 1905 4030 super
1963 3950 2188 4031 quibus
2250 3949 2368 4013 fuit
2414 3951 2545 4014 tam
2595 3970 2704 4033 per
2760 3952 3229 4016 universitatem

509 4056 696 4119 quam
743 4056 852 4119 per
914 4034 1258 4119 predictum
1321 4035 1630 4099 Bellotam
1679 4035 2099 4119 significatum
2146 4038 2210 4101 et
2254 4037 2672 4119 supplicatum
2721 4038 2987 4102 domiuio
3057 4039 3235 4103 ante-

510 4123 696 4201 dicto,
741 4123 899 4206 quod
947 4125 1015 4187 ut
1066 4124 1237 4204 patet
1295 4121 1558 4204 publicis
1617 4122 2000 4187 documentis
2064 4124 2378 4205 provisum
2437 4123 2560 4188 fuit
2605 4127 2668 4189 et
2713 4124 3060 4189 ordinatum
3126 4144 3233 4208 per

510 4212 859 4292 predictum
905 4209 1249 4275 dominium
1294 4207 1527 4273 dictam
1574 4209 1898 4292 pecuniam
1943 4209 2165 4276 debere
2212 4211 2476 4288 restitui,
2525 4213 2684 4293 quod
2742 4212 3053 4294 hucusque
3115 4231 3233 4277 non

514 4296 724 4360 extitit
774 4298 1162 4378 exequutum.
1212 4296 1391 4361 Nunc
1438 4314 1578 4360 vero
1623 4298 1701 4361 ad
1748 4297 2208 4380 requisitionem
2260 4299 2324 4362 et
2367 4298 2736 4364 instanciam
2786 4300 2932 4364 dicti
2993 4298 3232 4364 Bellote

511 4385 575 4444 et
619 4398 869 4446 suorum
909 4384 1385 4466 propinquorum
1414 4383 1862 4449 sententiatum
1903 4387 2070 4450 extat
2121 4384 2400 4463 iuridice,
2449 4388 2611 4468 quod
2659 4387 3026 4451 universitas
3071 4387 3235 4450 terre

512 4467 669 4549 Pagi
715 4468 947 4533 solvere
1007 4473 1291 4535 teneatur
1336 4469 1504 4535 dicto
1556 4470 1790 4536 Bellote
1840 4472 1904 4536 et
1947 4474 2080 4537 eius
2127 4471 2481 4554 propinquis
2522 4473 2720 4537 dictos
2767 4472 3025 4538 florenos
3081 4470 3230 4537 CCC

512 4552 645 4617 auri
702 4554 1037 4620 secundum
1099 4558 1475 4622 taxacionem
1531 4557 1679 4623 dicti
1715 4557 1940 4622 damni.
2005 4557 2205 4638 Quare
2265 4576 2406 4623 cum
2453 4578 2571 4625 non
2620 4559 2705 4625 sit
2747 4578 3077 4625 consonum
3140 4577 3224 4624 ra-

513 4638 695 4716 cioni,
744 4642 815 4703 ut
868 4641 1026 4722 quod
1089 4642 1280 4708 semel
1337 4647 1621 4709 exactum
1668 4647 1765 4710 est
1808 4645 2078 4728 amplius
2124 4645 2425 4729 exigatur,
2474 4648 2539 4712 et
2582 4665 2723 4712 cum
2772 4647 2943 4712 dicta
2985 4647 3236 4729 quanti-

512 4728 610 4793 tas
654 4723 930 4808 pecunie,
978 4729 1047 4792 ut
1109 4730 1511 4813 premittitur,
1569 4731 1693 4798 iam
1740 4734 1956 4799 exacta
2015 4733 2292 4798 extiterit
2337 4736 2401 4798 et
2444 4737 2715 4817 accepta,
2763 4735 2835 4800 ut
2878 4734 3236 4817 predicitur,
