3620 5282
3030 348 3153 411 153

422 524 486 587 et
530 522 957 589 ordinaciones
1023 526 1297 607 predicte
1359 526 1550 590 semel
1598 528 1673 590 ad
1742 527 1945 592 minus
2003 528 2069 592 in
2116 545 2275 591 anno
2323 528 2385 591 in
2434 530 2711 607 tempore
2760 525 2959 607 magis
3007 543 3154 588 con-

425 630 593 692 grue,
636 615 823 694 prout
870 612 1193 689 videbitur,
1246 615 1464 678 rectori
1494 614 1906 696 predictarum
1931 616 2271 679 insularum
2322 617 2387 678 et
2427 614 2718 691 locorum,
2770 613 2829 675 in
2879 610 3156 694 qualibet

422 698 726 763 dictarum
783 700 1145 777 insularum,
1210 704 1510 765 terrarum
1563 704 1626 765 et
1670 702 1945 767 locorum
1992 708 2055 768 et
2097 704 2159 767 in
2209 720 2573 784 unoquoque
2621 703 2824 766 castro
2875 700 3151 782 ipsarum

422 786 483 850 in
529 788 821 851 concione
869 789 1116 870 publica
1163 789 1432 853 debeant
1477 790 1800 873 publicari.

637 874 821 949 Nota,
870 876 1026 958 quod
1077 876 1352 958 predicte
1399 896 1608 942 omnes
1657 881 1862 959 partes
1911 882 1973 943 et
2017 879 2222 942 omnia
2270 878 2688 959 suprascripta
2725 874 2996 956 capitula
3028 874 3156 938 ive-

424 966 569 1026 runt
615 964 844 1026 circum
916 965 1099 1027 simul
1149 966 1215 1028 et
1259 964 1486 1044 semel,
1535 968 1599 1029 et
1643 966 1892 1029 luerunt
1957 985 2074 1029 non
2141 966 2360 1029 sinceri
2409 966 2469 1041 3,
2512 965 2587 1028 de
2635 982 2753 1026 non
2801 966 2864 1036 O,
2912 963 3020 1025 alii
3083 964 3156 1026 de

424 1051 740 1131 partibus;
806 1051 880 1113 de
929 1051 1151 1133 quibus
1212 1052 1531 1135 partibuS,
1580 1053 2125 1117 reformacionibus
2173 1057 2235 1116 et
2291 1052 2765 1119 correctionibus
2814 1048 2978 1114 facta
3026 1049 3155 1113 fue-

422 1140 566 1200 runt
610 1137 862 1219 publica
908 1139 1233 1222 privilegia
1266 1140 1556 1221 predictis
1604 1141 2174 1219 communitatibus,
2224 1160 2339 1223 que
2394 1142 2540 1203 sunt
2584 1142 2836 1203 anotata
2880 1140 2940 1201 in
2991 1157 3157 1201 com-

421 1225 771 1290 memoriali
820 1246 972 1291 novo
1020 1228 1260 1309 incepto
1307 1229 1381 1291 de
1432 1226 1954 1293 MCCCXLVIIII
2001 1229 2078 1292 ad
2130 1232 2365 1293 cartam
2418 1229 2523 1293 21.

509 1316 689 1374 Misti
742 1316 943 1375 XXV.
994 1320 1096 1387 47,
1143 1336 1183 1376 u
1231 1320 1447 1377 arkivu
1488 1320 1849 1379 mletackom.

734 1506 1059 1588 CCXX.
1141 1507 1348 1589 God.
1404 1509 1635 1591 1349.
1689 1510 1796 1592 20
1852 1509 2292 1607 kolovoza,
2350 1532 2409 1589 u
2464 1507 2855 1589 Mletcih.

427 1631 650 1701 Zakon,
696 1651 771 1705 po
815 1635 941 1691 kom
991 1651 1051 1691 sc
1097 1636 1372 1706 smjeralo
1417 1637 1726 1707 zaprc’eciti
1781 1636 1983 1708 daane
2028 1638 2336 1694 razmirice
2382 1636 2579 1707 medju
2625 1635 2864 1708 Ραροηι,
2913 1633 3158 1700 Rabom,

1335 1721 1592 1793 Osorom,
1647 1723 1882 1782 Gresom
1931 1726 1949 1781 i
1995 1725 2236 1782 Krkom.

632 1841 1000 1922 Exemplum
1052 1841 1516 1924 privilegiorum
1568 1843 1870 1907 factorum
1920 1843 2173 1907 sindicis
2214 1844 2277 1905 et
2330 1841 2833 1925 procuratoribus
2886 1859 3160 1904 commu-

427 1928 693 1991 nitatum
745 1929 919 2006 Arbi,
972 1928 1203 2001 Chersi,
1248 1931 1523 2008 Ausseri‚
1578 1932 1772 2012 Vegle
1818 1936 1885 1995 et
1933 1931 2126 2013 Paghi
2182 1949 2291 2011 pro
2342 1930 2546 2012 quiete
2595 1932 2661 1993 et
2707 1927 3158 1993 refformatione

428 2019 630 2080 status
678 2016 953 2097 ipsarum
1018 2019 1560 2081 communitatum.
1632 2020 1911 2083 Andreas
1974 2018 2260 2083 Dandulo
2325 2019 2419 2081 dei
2483 2018 2688 2099 gratia
2740 2017 3156 2091 Venetiarum,

428 2104 740 2168 Dalmatio
788 2107 972 2187 atque
1022 2104 1268 2169 Croatie
1315 2105 1455 2182 dux,
1507 2107 1792 2171 dominus
1841 2113 2061 2189 quarte
2127 2108 2324 2188 partis
2372 2108 2435 2168 et
2481 2105 2735 2169 dimidie
2799 2105 2991 2167 totius
3039 2104 3157 2165 im-

425 2193 576 2274 perii
626 2193 945 2269 Romanis,
1022 2193 1213 2256 nobili
1283 2199 1343 2256 et
1393 2194 1652 2275 sapienti
1714 2195 1844 2258 viro
1890 2195 2218 2258 Francisco
2267 2195 2511 2258 Donato
2576 2194 2648 2257 de
2712 2210 2820 2255 suo
2870 2191 3158 2254 mandato

426 2280 638 2343 comiti
692 2279 908 2344 Chersi
958 2283 1022 2344 et
1064 2281 1336 2355 Ausseri,
1389 2300 1460 2345 ac
1507 2282 1916 2363 prudentibus
1960 2282 2107 2345 viris
2143 2334 2155 2346 .
2193 2331 2207 2345 .
2247 2331 2259 2344 .
2304 2281 2630 2355 iudicibuS,
2679 2279 2950 2355 consilio,
2991 2296 3160 2341 com-

426 2368 592 2431 muni
645 2368 707 2431 et
750 2368 1142 2432 universitati
1190 2370 1349 2432 dicte
1396 2370 1592 2432 insule
1640 2368 1857 2434 Chersi
1909 2370 1972 2434 et
2021 2368 2276 2433 Ausseri
2301 2369 2586 2432 fidelibus
2613 2368 2859 2431 dilectis
2893 2365 3156 2430 salutem

424 2462 488 2517 et
533 2454 884 2518 dilectionis
932 2456 1246 2521 affectum.
1315 2457 1647 2521 Venientes
1695 2459 1766 2520 de
1817 2460 2022 2521 nostro
2089 2458 2377 2521 mandato
2443 2456 2517 2520 ad
2570 2457 2842 2520 nostram
2909 2472 3159 2536 presen-

425 2542 579 2606 tiam
631 2544 793 2606 viros
849 2545 1135 2624 prowdos
1185 2548 1248 2607 et
1294 2545 1770 2626 circumspectos
1828 2546 2228 2626 Dragognam
2278 2544 2583 2627 quondam
2634 2543 2804 2607 Petri
2856 2541 3037 2605 Balbi
3085 2540 3160 2603 de

426 2629 671 2705 Chers0,
723 2628 947 2695 Sinach
998 2632 1071 2696 de
1122 2630 1415 2708 AusserO,
1465 2632 1730 2697 sindicos
1771 2637 1834 2697 et
1881 2636 2306 2716 procuratores
2357 2643 2593 2696 vestros
2644 2651 2752 2713 pro
2801 2649 2911 2694 sua
2961 2632 3157 2712 parte,

425 2718 746 2782 Matheum
795 2720 869 2782 de
918 2720 1210 2796 Gauzina,
1262 2719 1721 2785 Christofanum
1773 2722 2137 2785 Zambonini
2185 2721 2624 2784 comerzarium
2667 2718 2842 2794 Arbi,
2893 2718 3160 2781 sindicos

429 2809 494 2870 et
540 2812 969 2888 procuratores
1019 2809 1380 2879 communis,
1431 2810 1748 2872 hominum
1818 2812 1882 2872 et
1945 2809 2367 2872 universitatis
2416 2808 2570 2870 Arbi
2637 2825 2745 2888 pro
2806 2824 2914 2868 sua
2961 2808 3159 2885 parte,

426 2894 715 2957 Maurum
765 2895 1023 2958 condam
1084 2896 1302 2959 iudicis
1345 2895 1602 2970 Cosme,
1664 2897 1995 2961 Nicolaum
2044 2896 2278 2960 dictum
2328 2895 2605 2969 Redum,
2647 2892 3034 2970 Dominicum
3089 2894 3160 2955 de

429 2980 742 3044 Sumbena
790 2987 852 3046 et
897 2982 1203 3046 Joannem
1250 2983 1488 3047 dictum
1538 2984 1963 3060 Chinzanium,
2011 2984 2277 3047 sindicos
2321 2985 2383 3047 et
2424 2985 2853 3064 procuratores
2891 2980 3158 3055 comitis,

423 3070 788 3147 communis,
847 3069 1164 3134 homiuum
1231 3073 1292 3133 et
1361 3071 1781 3135 universitatis
1833 3071 2026 3153 Vegle
2077 3074 2138 3134 et
2187 3072 2532 3136 insularum
2585 3089 2839 3133 suarum
2891 3087 2999 3150 pro
3050 3085 3159 3131 sua

424 3161 613 3238 parte,
666 3162 729 3220 et
771 3158 1144 3221 Meduanum
1196 3158 1479 3241 Plafligiz
1526 3161 1833 3223 sindicum
1882 3163 1941 3223 et
1988 3161 2448 3241 procuratorem
2499 3158 2782 3232 comitis,
2833 3157 3157 3220 homiuum

425 3249 488 3307 et
531 3246 952 3309 universitatis
1001 3251 1159 3308 terre
1209 3249 1418 3309 nostre
1462 3247 1616 3328 Pagi
1666 3248 1857 3310 etiam
1906 3265 2016 3329 pro
2065 3266 2176 3311 sua
2237 3248 2446 3328 parte,
2516 3249 2696 3328 prout
2742 3244 2816 3308 de
2882 3245 3162 3326 ipsorum

423 3333 701 3395 omnium
740 3334 1147 3398 sindicatibus
1211 3335 1386 3396 nobis
1450 3334 1625 3415 plene
1692 3335 2012 3411 constitit,
2073 3334 2258 3398 solita
2325 3334 2706 3415 benignitate
2756 3332 3158 3413 suscepimus

425 3420 777 3485 audivimus
824 3424 889 3484 et
934 3420 1375 3499 intelleximus,
1426 3423 1744 3504 cupientes
1789 3425 2001 3486 autem
2036 3422 2199 3485 inter
2247 3442 2352 3487 vos
2379 3424 2632 3485 cunctos
2663 3420 2873 3484 fideles
2922 3421 3161 3484 nostros

423 3510 485 3570 et
534 3508 878 3588 quemlibet
922 3513 1195 3572 vestrum
1238 3509 1511 3592 quietem
1560 3515 1622 3573 et
1669 3529 1881 3593 pacem
1937 3509 2354 3573 omnimodam
2406 3510 2716 3572 mediante
2776 3507 3020 3571 iustitia
3066 3526 3161 3568 se-

427 3595 677 3667 minare,
729 3598 793 3658 et
840 3595 1248 3666 intendentes,
1298 3596 1481 3678 quod,
1535 3600 1604 3661 ut
1650 3617 1755 3679 pro
1804 3598 2028 3661 suturis
2093 3597 2475 3679 temporibus
2523 3615 2630 3660 vos
2692 3595 2897 3659 cuncti
2949 3595 3162 3658 fideles

424 3685 621 3747 nostri
670 3684 951 3765 superius
998 3684 1296 3747 nominati
1346 3687 1409 3748 et
1456 3686 1721 3766 quilibet
1771 3689 2042 3748 vestrum
2094 3685 2394 3748 desinatis
2439 3684 2702 3748 invicem
2750 3684 2828 3745 ab
2877 3683 3162 3744 omnibus

424 3771 690 3846 damniS,
741 3772 1003 3845 iniuriis,
1054 3771 1612 3852 depredationibus,
1677 3773 1898 3847 furtis,
1950 3773 2297 3836 homicidiis
2346 3774 2409 3835 et
2456 3772 2740 3847 offensiS,
2791 3774 2855 3834 et
2901 3770 2963 3832 in
3010 3768 3163 3832 dile—

423 3859 624 3921 ctione
675 3860 901 3922 mutua-
935 3860 1374 3940 permaneat-ie,
1424 3863 1487 3923 et
1534 3866 1601 3923 ut
1649 3863 1855 3924 status
1924 3863 2128 3924 vester
2192 3860 2521 3924 salubriter
2581 3858 3005 3933 refformetur,
3056 3875 3163 3937 per

424 3965 532 4009 nos
575 3948 639 4008 et
686 3949 960 4010 nostrum
1008 3946 1335 4011 consilium
1384 3949 1448 4010 et
1497 3949 1702 4030 capita
1750 3948 1824 4012 de
1882 3948 2300 4031 quadraginta
2345 3966 2416 4011 ac
2465 3955 2588 4009 tres
2635 3945 2872 4009 nobiles
2921 3944 3164 4025 sapien-

425 4035 519 4096 tes
564 4036 824 4111 nostrOS,
874 4035 1244 4097 auctoritate
1291 4038 1637 4099 nostrorum
1689 4037 2091 4100 consiliorum
2157 4035 2452 4110 minoriS,
2500 4036 2853 4116 rogatorum
2904 4035 2969 4095 et
3014 4050 3161 4113 qua-

422 4120 715 4201 draginta
754 4123 1226 4185 terminavimus
1292 4124 1356 4184 et
1416 4124 1793 4203 providimus
1866 4123 2157 4187 remediis
2210 4121 2567 4205 opportunis
2627 4140 2807 4202 super
2866 4118 3163 4202 predictis

422 4209 761 4271 secundum
815 4209 1300 4272 refformationes
1368 4211 1432 4274 et
1479 4212 1718 4275 ordines
1784 4211 2248 4293 infrascriptoS,
2314 4209 2724 4291 precipientes
2775 4210 2837 4270 et
2881 4206 3163 4270 districte

427 4298 791 4359 mandantes
831 4315 935 4378 per
984 4315 1115 4372 nos,
1167 4299 1227 4360 et
1273 4300 1482 4361 nostra
1542 4299 1799 4362 consilia
1862 4298 2258 4380 supradicta,
2309 4298 2638 4380 quattenus
2693 4296 2855 4375 ipsas
2918 4297 3161 4358 nostras

425 4383 933 4460 refformationes,
987 4384 1489 4460 terminationes,
1541 4376 1920 4467 provisiones
1968 4391 2030 4449 et
2076 4386 2356 4459 ordines,
2423 4386 2585 4448 sicut
2648 4382 2807 4446 infra
2872 4381 3165 4446 seriosius

422 4471 787 4552 explicatur,
838 4472 1100 4535 fideliter
1148 4475 1212 4536 et
1274 4479 1621 4536 reverenter
1683 4473 2018 4554 suscipere,
2083 4472 2417 4553 adimplere
2465 4473 2528 4534 et
2573 4472 2898 4534 observare
2966 4470 3164 4533 modis

424 4559 717 4622 omnibus
765 4559 1063 4636 debeatiS,
1113 4562 1178 4623 et
1224 4559 1311 4621 sic
1360 4561 1583 4641 suscipi
1633 4562 1697 4624 et
1741 4560 2067 4642 adimpleri
2108 4580 2178 4624 ac
2224 4559 2531 4622 observari
2582 4558 2861 4621 volumus
2896 4562 2960 4621 et
2991 4575 3166 4620 man-

433 4646 658 4710 damus
702 4665 810 4728 per
867 4649 1101 4710 ceteros
1146 4649 1388 4711 nostros
1437 4647 1647 4711 fideles
1716 4653 2060 4711 castrorum
2109 4648 2380 4722 Besche,
2431 4646 2690 4722 Muscle,
2741 4645 3054 4725 Dobregni
3103 4645 3167 4705 et

429 4733 799 4810 Verbenich‚
848 4734 938 4797 ita
962 4735 1123 4817 quod
1162 4735 1236 4798 de
1270 4737 1556 4817 prompta
1602 4740 1664 4799 et
1711 4735 1879 4799 fideli
1915 4738 2264 4798 nostrorum
2317 4733 2745 4796 mandatorum
2778 4729 3168 4794 observantia
