3620 5282
494 356 622 423 388

494 537 651 612 sent,
701 534 765 596 et
810 531 1062 594 reducat
1120 549 1185 593 se
1252 530 1330 592 ad
1376 531 1583 611 partes
1632 529 1970 604 inferioreS,
2034 528 2315 592 habendo
2371 527 2626 610 spiritus
2674 547 2814 591 snos
2863 529 2942 592 ad
2982 528 3236 592 securi-

497 625 691 686 tatem
741 622 802 682 et
848 619 1370 682 conservationem
1420 616 1616 680 insule
1665 622 1869 680 nostre
1916 617 2320 697 Nigropontis
2360 624 2423 679 et
2455 617 2720 680 aliorum
2758 616 3033 679 locorum
3069 634 3228 678 nos-

496 712 756 786 trorum,
805 707 1137 770 secundum
1187 707 1350 786 quod
1396 703 1694 786 sapientie
1740 724 1850 767 sue
1898 704 2208 768 videbitur
2254 723 2408 785 opus
2455 723 2608 781 esse,
2657 707 2745 766 ita
2777 705 2935 786 quod
2970 722 3235 767 conser-

498 801 717 862 ventur
762 794 840 856 ad
887 797 1165 856 nostrum
1217 791 1534 870 honorem,
1585 811 1702 856 non
1751 792 2086 855 recedendo
2147 791 2221 854 de
2271 792 2451 855 dictis
2497 792 2777 873 partibus
2826 793 2958 855 sine
3005 793 3232 854 nostro

497 883 747 965 speciali
796 881 1110 957 mandato,
1159 882 1263 944 sed
1331 881 1651 944 nutriendo
1713 899 1777 943 se
1843 879 2078 957 deinde,
2148 879 2253 943 ubi
2315 879 2434 942 sibi
2497 879 2807 943 videbitur
2850 898 3002 961 opus
3050 897 3225 953 esse,

497 974 686 1035 donec
733 969 893 1034 alius
939 969 1060 1031 sibi
1102 968 1512 1032 mandabitur.
1564 965 1679 1032 Sed
1729 986 1912 1046 super
1954 966 2160 1030 omnia
2206 968 2266 1030 in
2316 968 2483 1029 omni
2534 985 2678 1030 casu
2724 968 2810 1029 sit
2865 966 2996 1047 ipse
3044 969 3236 1048 capi-

496 1063 714 1124 taneus
760 1056 1040 1120 solicitus
1088 1060 1153 1120 et
1197 1058 1477 1120 attentus
1524 1056 1604 1118 ad
1650 1056 2059 1119 denotandum
2121 1054 2296 1117 nobis
2346 1074 2450 1135 per
2495 1073 2739 1117 omnem
2790 1056 2945 1117 viam
2997 1061 3062 1116 et
3110 1073 3235 1134 per

496 1164 743 1211 omnem
792 1145 1061 1220 modum,
1111 1162 1293 1225 quem
1344 1144 1586 1224 poterit,
1636 1145 1861 1220 omnia,
1919 1162 2035 1225 que
2095 1141 2330 1217 fecerit,
2402 1141 2730 1205 habuerint
2773 1144 2838 1205 et
2881 1144 3237 1223 sequentur

500 1252 606 1316 pro
654 1238 862 1297 nostra
911 1230 1363 1307 informatione,
1413 1233 1484 1295 ut
1529 1232 1847 1311 providere
1883 1230 2210 1311 possimuS,
2259 1230 2596 1293 secundum
2644 1231 2804 1310 quod
2838 1230 3013 1293 nobis
3049 1229 3238 1292 vide·

497 1322 668 1387 bitur
713 1339 864 1401 opus
910 1337 1061 1383 esse.
1110 1319 1404 1382 Avisetur
1450 1318 1663 1393 etiam,
1712 1319 1871 1400 quod
1920 1319 1972 1381 si
2017 1318 2325 1380 videretur
2375 1318 2621 1380 modum
2674 1336 2780 1398 per
2815 1336 2905 1394 ea,
2954 1334 3070 1398 que
3115 1317 3237 1379 de—

496 1409 636 1474 inde
682 1409 999 1480 haberent,
1067 1406 1142 1468 de
1205 1405 1506 1487 possendo
1567 1408 1700 1469 sine
1746 1405 2079 1486 preiudicio
2125 1406 2503 1488 agendorum
2551 1405 2670 1468 sibi
2740 1405 3232 1467 commissorum

498 1497 817 1562 remittere
864 1497 1105 1558 nostras
1151 1495 1361 1574 galeas
1402 1494 1478 1555 ad
1520 1494 1865 1557 custodiam
1917 1493 2115 1556 insule
2163 1491 2588 1574 Nigropontis,
2625 1491 2784 1574 quod
2822 1492 2993 1555 istud
3028 1492 3238 1554 iaciat

498 1588 565 1736 {t
609 1582 1016 1733 εἰηιίἒίιθὲ4ᾱθ
1062 1581 1202 1644 aliis
1252 1582 1476 1645 nostris
1524 1583 1598 1644 ad
1647 1580 2118 1645 disarmandum
2169 1599 2278 1661 pro
2328 1579 2603 1643 utilitate
2625 1582 2815 1643 nostri
2851 1580 3235 1643 communis,

558 1692 591 1736 e
640 1689 747 1753 par
778 1691 812 1733 e
950 1717 965 1732 .

710 1774 1031 1857 Expeditis
1077 1777 1287 1838 autem
1335 1775 1520 1838 dictis
1567 1773 1807 1837 duabus
1856 1772 2051 1855 galeis
2092 1771 2375 1836 venietur
2419 1774 2496 1836 ad
2544 1774 2712 1837 istud
2761 1772 3112 1844 consilium,
3166 1775 3241 1835 et

501 1864 944 1947 providebitur,
994 1862 1044 1925 si
1094 1862 1427 1930 videbitur,
1470 1863 1544 1925 de
1593 1861 1895 1925 mittendo
1944 1861 2288 1942 provisores
2338 1864 2578 1924 nostros
2611 1862 2683 1925 ad
2721 1861 2864 1924 illas
2899 1865 3131 1941 partes,
3164 1867 3234 1922 et

500 1952 578 2016 de
625 1954 822 2025 mode,
866 1950 1114 2032 quoire
1162 1950 1489 2025 debebunt,
1560 1968 1630 2012 ac
1698 1949 1775 2011 de
1842 1949 1999 2023 aliis,
2065 1968 2181 2029 que
2253 1949 2646 2027 videbuntur,
2718 1950 2866 2031 quia
2906 1948 3074 2011 omui
3124 1948 3235 2010 die

505 2041 685 2123 plura
730 2039 1126 2103 habebuntur
1170 2039 1233 2100 et
1277 2038 1624 2102 sentientur
1670 2038 1743 2101 de
1790 2037 1930 2100 istis
1963 2036 2166 2099 factis.

720 2143 830 2208 Ser
874 2142 1219 2206 Lodovicus
1270 2143 1574 2224 Delphino
1622 2141 2028 2216 consiliariuS,
2078 2160 2178 2205 ser
2240 2141 2603 2206 Dominicus
2651 2142 2834 2217 Zane,
2906 2141 3234 2222 sapientes

504 2231 809 2297 ordinum.
860 2230 1183 2306 Volabant,
1230 2229 1391 2311 quod
1439 2251 1537 2293 ser
1577 2229 1894 2293 Johannes
1938 2228 2296 2292 Lauredano
2343 2230 2513 2292 solus
2559 2248 2698 2292 cum
2748 2248 2860 2292 sua
2907 2230 3089 2311 galea
3139 2231 3236 2292 ire

503 2321 756 2384 deberet
800 2318 876 2381 ad
924 2316 1353 2381 inveniendum
1403 2317 1793 2399 capitaneum
1842 2320 2121 2379 nostrum
2185 2316 2391 2398 culphi
2455 2336 2669 2381 versus
2731 2322 2943 2399 partes
2990 2317 3233 2397 Nigro-

504 2406 710 2489 pontis
759 2409 821 2469 et
869 2402 1459 2486 ConstantinopoliS,
1508 2408 1571 2468 et
1617 2407 1668 2468 si
1720 2423 1839 2468 non
1886 2405 2190 2467 inveniret
2237 2424 2377 2467 eum
2425 2424 2461 2468 a
2498 2403 2882 2486 Nigroponte
2929 2405 3082 2468 citra
3121 2406 3239 2468 de-

505 2496 682 2559 beret
728 2493 789 2556 in
836 2495 967 2573 ipso
1014 2492 1145 2555 loco
1196 2510 1328 2556 esse
1376 2512 1516 2557 cum
1564 2492 1773 2556 baiulo
1822 2493 1887 2554 et
1930 2492 2300 2555 consiliariis
2348 2493 2766 2574 NigropontiS,
2819 2497 2880 2554 et
2929 2492 3095 2555 inter
3122 2511 3235 2555 eos

507 2582 842 2665 diligenter
891 2580 1092 2645 videre
1139 2582 1204 2644 et
1250 2581 1600 2644 examinare
1647 2581 1855 2644 omnia
1919 2598 2093 2656 nova,
2157 2599 2272 2662 que
2329 2579 2414 2644 ibi
2477 2580 2867 2663 habebuntur
2916 2582 2988 2644 de
3056 2580 3235 2645 dicto

511 2676 720 2735 nostro
764 2668 1079 2751 capitaneo
1123 2671 1188 2732 et
1232 2670 1306 2732 de
1367 2669 1549 2732 factis
1612 2666 1933 2747 Romanie,
1983 2671 2047 2732 et
2093 2668 2176 2732 ibi
2238 2669 2452 2751 exequi
2522 2671 2585 2731 in
2654 2669 2940 2732 omnibus
3010 2671 3076 2732 et
3122 2688 3240 2750 per

511 2758 718 2822 omnia
763 2776 871 2838 pro
917 2759 990 2820 ut
1034 2756 1094 2818 in
1145 2760 1319 2837 parte
1365 2757 1624 2820 aliorum
1676 2757 2026 2837 sapientum
2077 2757 2444 2829 continetur,
2515 2760 2579 2818 et
2641 2757 2803 2837 quod
2852 2755 3031 2837 galea
3077 2758 3242 2820 Bar-

504 2845 744 2921 badica,
802 2864 917 2926 que
963 2844 1241 2926 portabit
1286 2844 1451 2907 istud
1503 2843 1861 2906 mandatum
1914 2843 2076 2907 dicto
2124 2863 2223 2907 ser
2268 2843 2557 2920 Johanni,
2605 2843 2828 2907 debeat
2880 2863 2945 2906 se
2994 2845 3240 2906 nutrire

512 2935 573 2998 in
625 2932 901 3014 partibus
948 2930 1154 3006 Istrie,
1201 2931 1390 2994 donee
1437 2931 1606 2994 aliud
1654 2931 1910 2994 haberet
1949 2932 2010 2995 in
2080 2931 2389 2995 mandatis
2450 2950 2488 2994 a
2556 2931 2752 3007 nobiS,
2818 2933 2889 2994 ut
2931 2950 3072 2994 cum
3115 2931 3234 2995 illa

509 3020 707 3104 possit
751 3020 1058 3102 provideri
1105 3021 1235 3082 tam
1283 3020 1358 3081 de
1405 3020 1696 3082 missione
1745 3023 2096 3082 nostrorum
2150 3020 2525 3099 provisorum
2571 3038 2756 3101 quam
2821 3019 2899 3082 de
2943 3019 3240 3082 omnibus

508 3108 673 3184 aliis,
724 3127 838 3189 que
886 3107 1267 3170 comittenda
1320 3106 1672 3170 viderentur
1720 3107 1883 3171 dict-o
1930 3107 2250 3187 capitaneo
2312 3105 2541 3187 culphi.
2616 3107 2708 3170 De
2778 3110 2954 3189 parte
3003 3108 3109 3182 20,
3156 3108 3238 3170 de

508 3215 630 3260 non
669 3195 733 3273 O,
783 3213 897 3259 non
947 3195 1170 3258 sinceri
1217 3194 1346 3257 alii.

718 3297 1085 3364 Consiliarii.
1136 3297 1368 3381 Capta:
1418 3300 1575 3381 quod
1627 3298 1863 3363 nobiles
1924 3297 2039 3362 viri
2105 3317 2205 3361 ser
2263 3297 2553 3362 Nicolaus
2619 3298 2946 3363 Valaresso
3014 3304 3076 3362 et
3125 3318 3236 3363 ser

516 3388 812 3453 Nicolaus
859 3387 1143 3464 FusculO,
1193 3386 1374 3451 electi
1422 3388 1763 3467 provisores
1810 3387 1886 3448 ad
1934 3389 2140 3467 partes
2187 3386 2506 3463 Romanie,
2555 3386 2956 3450 absolventur
2996 3406 3034 3450 a
3066 3388 3245 3451 dicta

510 3475 848 3558 provisoria
895 3477 1142 3557 propter
1188 3475 1497 3539 defectum
1545 3492 1820 3555 persone,
1876 3474 2222 3537 iurantibus
2271 3475 2418 3554 ipsis
2467 3493 2716 3538 causam
2747 3493 2885 3539 esse
2933 3495 3167 3539 veram.

719 3561 952 3644 Capta:
999 3563 1157 3645 quod
1208 3581 1313 3643 pro
1359 3562 1759 3625 subventione
1810 3561 2129 3641 galearum
2177 3565 2527 3625 nostrarum
2604 3561 2834 3643 culphi,
2900 3582 3037 3644 que,
3088 3583 3239 3627 cum

506 3650 788 3733 indigent
848 3651 1269 3726 subventione,
1333 3649 1588 3731 pecunie
1652 3649 2034 3730 accipiantur
2100 3650 2172 3711 de
2237 3649 2504 3714 danariis
2579 3652 2959 3732 provisorum
3034 3654 3243 3716 nostri

505 3740 853 3803 communis
897 3737 1109 3802 ducati
1158 3738 1426 3820 quinque
1478 3736 1695 3812 millia,
1747 3740 1932 3817 prout
1977 3742 2071 3800 est
2117 3738 2367 3801 solitum
2440 3738 2503 3800 in
2552 3738 2801 3801 casibus
2863 3741 3240 3821 opportunis

508 3845 803 3908 accipere.

595 3935 776 3993 Misti
826 3933 1086 3992 XLIII.
1138 3933 1283 4007 158,
1332 3951 1374 3991 u
1414 3933 1571 3992 meet.
1620 3933 1855 3995 arkivu.

746 4226 1228 4310 DXXXVI.
1284 4225 1489 4309 God.
1546 4227 1772 4308 1396.
1832 4226 1934 4308 29
1996 4227 2452 4329 listopami,
2507 4250 2564 4308 u
2618 4227 3007 4310 Mletcih.

511 4373 803 4447 Napatak
848 4390 921 4431 za
961 4372 1146 4430 kneza
1188 4389 1228 4429 u
1276 4371 1517 4430 Skadru
1564 4373 1589 4428 i
1633 4372 1955 4430 nacelnika
2000 4389 2042 4429 u
2107 4372 2422 4449 Damasia,
2488 4373 2637 4430 kako
2684 4372 2765 4430 da
2809 4373 2955 4431 sude
3015 4391 3060 4432 u
3100 4394 3253 4449 yra-

757 4460 1039 4533 dy’anslcih
1088 4462 1112 4517 i
1158 4477 1199 4517 u
1244 4461 1464 4517 kamih
1508 4460 1753 4518 stvarih.
1804 4459 2047 4519 Vladim'
2092 4459 2339 4519 dohodci
2381 4478 2423 4518 u
2464 4460 2661 4533 yradu
2707 4442 3030 4520 Drffvastu.

731 4581 914 4644 1396.
957 4580 1055 4643 die
1107 4579 1320 4643 XXIX
1367 4580 1600 4644 mensis
1648 4581 1940 4644 octubris.
2010 4579 2239 4663 Capta:
2297 4582 2440 4664 quia
2488 4581 2549 4643 in
2597 4579 2924 4644 ellectione
2986 4583 3248 4649 comitis

513 4668 578 4730 et
622 4667 926 4747 capitanei
979 4668 1173 4731 nostri
1223 4667 1467 4732 Scutari
1515 4669 1887 4742 continetur,
1937 4670 2095 4751 quod
2144 4670 2276 4750 ipse
2321 4668 2547 4732 debeat
2593 4666 2788 4731 facere
2837 4668 3144 4732 rationem
3175 4678 3244 4734 et

511 4753 822 4818 iusticiam
869 4755 1155 4818 fidelibus
1203 4754 1428 4819 nostris
1492 4754 1606 4819 loci
1671 4754 1792 4819 sibi
1855 4757 2106 4821 comissi
2171 4757 2234 4819 in
2291 4756 2580 4821 civilibus
2655 4757 2719 4818 et
2767 4757 3238 4841 criminalibuS,
