3620 5282
2938 328 3075 396 423

593 504 1151 587 DLXXXIV.
1204 504 1413 588 Gon.
1470 507 1718 589 1400.
1774 507 1876 590 23
1933 508 2275 610 offiujkm
2332 530 2391 589 u
2445 508 2838 590 Mletcih.

542 646 907 711 Mandatum
956 646 1214 711 Nicolao
1263 647 1480 711 Polani
1529 649 1744 730 comiti
1790 651 1855 712 et
1898 648 2219 730 capitaneo
2269 650 2510 713 Scutari
2560 652 2623 712 et
2694 648 2889 713 Paulo
2940 649 3063 712 Ba·

334 733 478 796 xilio
528 735 821 815 potestati
871 734 1145 798 Drivasti
1217 736 1375 817 quod
1423 736 1741 800 occasione
1790 735 2284 800 differentiarum
2348 739 2405 800 in
2444 736 2705 801 materia
2736 737 3071 804 confinium

337 818 581 885 Scutari
624 828 687 885 et
734 820 1018 885 Drivasti
1092 840 1226 886 esse
1274 822 1537 887 debeant
1579 824 1654 886 ad
1706 825 1993 900 invicem,
2062 827 2126 886 et
2189 825 2560 906 participato
2625 824 2882 888 consilio
2930 842 3071 888 cum

338 907 620 972 fidelibus
673 908 924 977 illarum
974 908 1269 992 partium,
1313 912 1572 993 pacifice
1621 913 1684 973 et
1731 910 1938 994 quiete
1988 931 2208 991 ponere
2256 913 2519 976 confinia
2569 910 2875 995 predicta;
2926 916 2989 975 et
3020 913 3072 975 si

338 995 547 1078 aliqua
592 996 942 1060 differentia
982 996 1164 1073 foret,
1220 999 1369 1062 tunc
1410 997 1605 1079 ipsam
1659 994 2037 1081 reipublicae
2098 999 2411 1076 denotent,
2462 1004 2524 1063 et
2589 999 2839 1063 interim
2913 1000 3073 1062 ulte-

341 1083 469 1146 rius
519 1103 635 1147 non
684 1086 1035 1166 procedant.
1078 1084 1396 1151 Statutum
1469 1086 1687 1171 etiam,
1751 1088 1912 1168 quod
1984 1086 2048 1149 in
2096 1086 2355 1151 Scutaro
2404 1089 2534 1152 sint
2573 1088 2647 1152 de
2693 1088 2938 1151 caetero
2986 1086 3074 1150 32

341 1174 405 1235 et
453 1171 513 1235 in
564 1173 869 1237 Drivasko
911 1172 997 1235 20
1043 1172 1395 1237 ballistarii.

426 1278 608 1337 Misce
657 1280 775 1338 XL
792 1281 855 1341 V.
904 1282 960 1357 4,
1009 1297 1053 1339 u
1098 1280 1254 1341 mlet.
1302 1282 1535 1342 arkivu.

623 1469 1133 1551 DLXXXV.
1193 1469 1398 1553 God.
1458 1471 1695 1553 1400.
1750 1469 1854 1552 26
1912 1472 2251 1574 causta,
2310 1493 2366 1553 u
2423 1472 2811 1554 Mletcih.

553 1607 1013 1674 Ambasciatori
1063 1610 1273 1675 Murse
1320 1611 1554 1676 domini
1602 1611 1921 1677 Avalonae
1957 1614 2376 1695 respondetur,
2427 1611 2588 1695 quod
2636 1612 2973 1694 republica,
3008 1614 3078 1678 ut

287 1701 290 1703 ’
338 1697 725 1779 complaceat
752 1697 997 1775 domino
1024 1716 1155 1777 suo,
1178 1699 1264 1763 sit
1287 1701 1696 1764 commissura
1722 1699 2046 1782 capitaneo
2069 1718 2180 1764 suo
2208 1702 2417 1784 culphi
2443 1702 2518 1766 de
2543 1701 2714 1764 brevi
2744 1718 3075 1778 recessuro,

344 1787 455 1865 „ut
500 1784 722 1850 debeat
769 1805 834 1850 se
871 1786 1205 1851 informare
1249 1785 1324 1850 de
1373 1787 1831 1853 conditionibus
1880 1787 2158 1852 omnium
2206 1789 2479 1853 locorum
2525 1805 2797 1861 suorum,
2862 1790 2925 1851 et
2971 1787 3078 1852 ha-

342 1872 475 1937 bita
520 1891 557 1937 a
602 1874 766 1938 dicto
812 1874 1133 1957 capitaneo
1180 1873 1636 1953 informatione,
1686 1875 2058 1958 providebit,
2108 1879 2291 1959 prout
2338 1877 2647 1941 videbitur
2693 1893 2847 1958 opus
2879 1882 3071 1940 esse.“

429 1981 615 2055 Misti,
659 1972 860 2042 XLV.
911 1985 967 2059 6,
1017 2000 1059 2042 u
1105 1984 1261 2043 mlet.
1313 1985 1546 2043 arkivu.

531 2218 534 2222 ι
595 2172 1163 2254 oLxxxvl.
1219 2171 1430 2255 eoo.
1490 2174 1729 2256 1400.
1783 2175 1874 2254 11
1929 2172 2295 2275 svibnja‚
2348 2196 2407 2254 u
2460 2152 2852 2256 metesa.

343 2314 713 2389 Zabranjuje
757 2333 819 2376 sc
868 2312 1329 2377 Dubrovbanom
1374 2317 1495 2390 pod
1542 2317 1764 2377 teikom
1803 2318 2032 2393 qlobom
2078 2317 2207 2377 doci
2251 2335 2294 2377 u
2338 2317 2563 2378 Mletke
2625 2334 2656 2376 s
2681 2298 2834 2391 loqu,
2890 2317 2981 2377 §to
3023 2318 3082 2389 je

1132 2420 1152 2461 ί
1206 2423 1249 2463 u
1292 2402 1698 2465 Dubrovniku
1742 2407 1903 2481 kuya
1948 2406 2221 2465 biesnila.

550 2522 659 2590 Ser
708 2525 976 2590 Michael
1025 2525 1211 2590 Steno
1260 2528 1635 2608 procurator,
1686 2545 1786 2589 ser
1838 2526 2119 2590 Donatus
2167 2525 2410 2601 Maure,
2462 2543 2560 2589 ser
2609 2522 2906 2588 Nicolaus
2957 2523 3081 2587 Lu·

212 2677 219 2680 K
343 2611 491 2687 cari,
543 2613 850 2696 sapientes
898 2614 1159 2679 consilii.
1225 2613 1454 2698 Capta:
1528 2615 1673 2697 quia
1747 2614 1912 2677 clare
1960 2615 2244 2690 sentitur,
2294 2615 2448 2697 quod
2501 2614 2573 2677 de
2621 2612 2905 2694 partibus
2956 2612 3078 2677 Ra-

342 2699 505 2781 gusii
561 2701 730 2765 venit
777 2703 1073 2767 Venecias
1124 2703 1299 2768 navis
1347 2723 1467 2767 una
1514 2702 1994 2786 Ragusinorum,
2066 2703 2128 2766 in
2196 2720 2316 2783 qua
2386 2703 2533 2765 sunt
2581 2701 2810 2764 mortui
2861 2700 3073 2781 plures

343 2788 408 2851 et
453 2787 706 2868 infirmi,
757 2791 864 2873 qui
913 2789 1215 2872 Ragusini
1265 2809 1403 2854 cum
1475 2790 1603 2854 suis
1667 2789 1924 2853 familiis
1984 2789 2279 2853 recedunt
2325 2790 2540 2853 deinde
2589 2790 2652 2850 et
2699 2789 2955 2852 veniunt
3003 2788 3077 2851 ad

344 2875 637 2940 standum
693 2877 994 2942 Venecias
1044 2877 1252 2962 aliquo
1310 2884 1604 2958 tempore,
1656 2896 1725 2941 eo
1772 2878 1929 2960 quod
1978 2878 2110 2958 ipsa
2157 2876 2374 2940 civitas
2422 2875 2680 2958 Ragusii
2752 2876 2855 2938 est
2901 2873 3076 2938 valde

350 2963 706 3047 contagiata
752 2968 946 3046 peste,
998 2967 1061 3029 et
1115 2967 1205 3028 sic
1252 2966 1409 3029 satis
1456 2967 1719 3040 constat,
1792 2963 1949 3045 quod
2019 2964 2218 3027 adhuc
2288 2963 2729 3046 quamplurimi
2797 2964 2872 3026 de
2942 2961 3078 3044 ipsa

344 3051 510 3114 terra
553 3053 685 3134 ipsa
732 3053 807 3116 de
859 3071 1047 3117 causa
1100 3053 1348 3118 venient
1394 3054 1456 3116 et
1501 3053 1742 3116 venturi
1791 3053 1938 3115 sunt
1970 3052 2286 3124 Venecias,
2323 3054 2490 3115 sicut
2522 3070 2764 3131 semper
2796 3050 3076 3114 fecerunt

344 3139 724 3221 temporibus
805 3140 1149 3216 retroactiS,
1231 3142 1390 3222 quod
1467 3139 1586 3204 fuit
1663 3158 1868 3204 causa·
1921 3143 1984 3203 et
2060 3158 2222 3203 nunc
2283 3143 2380 3202 est
2442 3140 2690 3202 tenendi
2754 3137 3072 3202 civitatem

342 3223 528 3290 istam
630 3233 945 3309 coruptam
1055 3232 1120 3291 et
1223 3246 1342 3292 non
1450 3230 1602 3291 bene
1709 3227 2095 3308 dispositam,
2200 3226 2306 3289 ubi
2406 3226 2836 3290 sanificaretur
2933 3243 3074 3288 cum

340 3315 545 3393 gratia
592 3316 722 3379 iesu
769 3315 1005 3381 christi.
1057 3316 1140 3379 Et
1184 3316 1384 3379 adhuc
1432 3314 1588 3396 pluS,
1637 3316 1784 3397 quia
1833 3315 2076 3378 videtur
2124 3314 2375 3395 pariter,
2425 3314 2582 3397 quod
2637 3312 2812 3388 aliaS,
2878 3331 3075 3394 quan-

342 3400 417 3463 do
496 3402 555 3465 in
605 3402 721 3467 hac
765 3407 971 3469 nostra
1019 3404 1272 3468 civitate
1335 3402 1544 3467 extitit
1603 3401 1930 3484 epidemia,
1980 3406 2044 3466 et
2067 3402 2287 3465 civitas
2323 3401 2582 3483 Ragusii
2633 3400 2843 3464 extitit
2902 3418 3073 3478 sana,

340 3507 657 3570 nunquam
709 3491 803 3554 illi
852 3491 926 3555 de
978 3490 1255 3573 Ragusio
1304 3491 1649 3554 consentire
1698 3489 2046 3560 voluerunt,
2116 3488 2272 3569 quod
2344 3489 2573 3571 aliquis
2644 3491 2901 3553 venetus
2967 3506 3076 3550 seu

340 3573 415 3639 de
465 3577 590 3640 illis
636 3577 957 3662 galearum
1008 3579 1103 3642 vel
1153 3578 1542 3660 navigiorum
1592 3581 1938 3642 nostrorum
1992 3577 2316 3640 intraverit
2366 3577 2563 3659 ipsam
2600 3579 2828 3640 terram
2865 3594 3071 3650 suam3

338 3667 588 3745 propter
632 3667 794 3748 quod
851 3668 1005 3731 satis
1031 3665 1267 3730 iustum
1301 3667 1415 3742 est,
1459 3665 1621 3747 quod
1661 3665 1970 3729 illammet
2002 3664 2411 3746 provisionem
2449 3663 2751 3729 faciamus
2785 3664 2847 3726 in
2882 3661 3072 3742 ipsos,

339 3751 496 3831 quod
546 3753 665 3817 erit
712 3772 913 3832 causa,
953 3754 1110 3836 quod
1159 3755 1355 3817 nostri
1403 3770 1647 3834 semper
1694 3752 2179 3833 receptabuntur
2227 3752 2541 3827 alacriter,
2592 3755 2776 3833 prout
2823 3749 2981 3813 fiunt
3010 3750 3070 3812 iu

336 3840 621 3904 omnibus
667 3842 811 3906 aliis
845 3843 1026 3906 terris
1076 3841 1408 3905 maritimis
1455 3859 1593 3904 cum
1647 3841 1924 3920 personis
1999 3843 2063 3902 et
2133 3839 2421 3922 navigiis,
2485 3841 2549 3903 et
2621 3838 2783 3920 quod
2832 3836 2947 3918 ipsi
2998 3835 3074 3900 de

337 3923 444 3990 illa
487 3928 655 3992 terra
703 3930 763 3992 in
813 3935 1055 3994 tantum
1104 3935 1359 4010 corupta
1406 3946 1525 3992 nou
1577 3928 1821 3991 venient
1866 3946 2008 3990 cum
2056 3928 2167 3991 illa
2213 3945 2328 3990 sua
2412 3924 2900 4008 intemperantia
2948 3923 3076 3988 Vc-

341 4015 576 4090 necias;
625 4018 792 4082 vadit
834 4037 998 4101 pare,
1047 4017 1207 4100 quod
1255 4019 1541 4080 teneatur
1587 4015 1786 4080 omnis
1861 4014 2077 4078 modus
2150 4014 2470 4096 possibilis
2545 4013 2891 4078 mandando
2939 4030 3072 4075 rec-

344 4103 576 4167 toribus
621 4107 849 4170 nostris
897 4125 932 4169 a
980 4103 1186 4169 Grado
1213 4104 1285 4168 ad
1320 4105 1508 4184 caput
1549 4103 1835 4185 AggeriS,
1874 4104 1982 4167 ubi
2014 4102 2348 4183 aliquando
2383 4103 2661 4184 capitant
2696 4101 2769 4163 de
2806 4098 3072 4180 navigiis

345 4190 439 4252 vel
483 4191 755 4271 barchis,
804 4213 922 4275 que
972 4193 1227 4257 veniunt
1271 4192 1591 4265 Venecias,
1645 4195 1708 4254 et
1752 4189 2045 4254 similiter
2092 4189 2312 4254 officiis
2346 4189 2573 4253 nostris
2607 4191 2819 4253 contra
2848 4187 3069 4265 banna,

344 4280 501 4358 quod
544 4280 659 4360 ipsi
709 4284 1000 4358 rectores,
1053 4279 1296 4363 quando
1343 4277 1606 4360 predicti
1657 4277 1961 4360 Ragusini
2009 4296 2149 4341 cum
2198 4278 2328 4341 suis
2390 4276 2649 4340 familiis
2721 4274 3072 4356 capitarent

341 4367 418 4428 ad
465 4367 597 4430 loca
644 4370 765 4432 sibi
812 4370 1163 4446 commissa,
1214 4370 1278 4430 et
1322 4366 1442 4448 ipsi
1490 4364 1805 4442 officialeS,
1857 4365 2101 4446 quando
2147 4364 2495 4428 invenirent
2542 4363 2708 4444 ipsos
2755 4365 2927 4426 extra
2974 4360 3073 4424 vel

338 4472 525 4534 supra
569 4459 816 4536 portum
865 4462 1168 4532 nostrum,
1220 4455 1438 4519 stricte
1487 4452 1785 4516 mandent
1848 4456 1911 4516 et
1979 4452 2399 4534 suprascripte
2474 4451 2612 4514 navi
2662 4454 2726 4513 et
2774 4447 3069 4513 similiter

338 4539 479 4603 aliis
528 4543 787 4624 navigiis
831 4544 928 4608 vel
977 4544 1220 4608 barchis
1268 4541 1663 4606 venientibus
1712 4540 2036 4618 VeneciaS,
2087 4541 2148 4602 in
2195 4539 2418 4620 quibus
2492 4539 2704 4601 essent
2766 4534 3069 4617 Ragusini

343 4645 483 4690 cum
516 4624 790 4693 *familiis
838 4630 987 4709 suis,
1036 4630 1193 4713 quod
1244 4629 1412 4693 nullo
1462 4629 1641 4692 modo
1691 4627 1958 4691 audeant
2003 4625 2210 4691 venire
2260 4624 2559 4689 Venecias
2610 4625 2723 4687 sub
2787 4639 2943 4706 pena
2989 4620 3068 4683 li-

343 4714 592 4779 brarum
641 4717 1242 4802 quinquagentarum
1287 4735 1397 4801 pro
1443 4714 1743 4801 quolibet,
1817 4715 1922 4798 qui
1992 4712 2368 4797 reperiretur
2436 4712 2510 4777 de
2581 4712 2790 4776 cetero
2831 4707 3070 4775 venisse
