3620 5282
482 374 611 438 314

739 546 1302 631 CCCCLXVI.
1369 548 1575 630 God.
1630 548 1858 631 1356.
1915 547 2016 630 26
2074 546 2419 646 oiujka,
2475 567 2534 626 u
2590 543 2981 626 Mleteih.

489 660 848 732 Primljeno,
911 658 991 715 da
1051 674 1111 716 se
1164 658 1407 730 poenz-ju
1459 658 1762 730 poslanici
1818 659 1855 715 k
1903 656 2229 731 nyma-hrt).
2278 655 2497 726 kralju,
2553 658 2607 712 te
2652 671 2712 712 se
2758 652 3141 725 opredieljuje
3184 652 3209 710 i

1575 746 1776 819 njihov
1817 745 2101 818 πειραταῖς.

700 848 889 912 1356.
940 847 1273 912 indictione
1322 848 1429 926 IX,
1475 847 1571 911 die
1617 847 1828 911 XXVI
1877 847 2113 910 marcii.
2166 845 2486 920 DominuS,
2535 863 2633 908 ser
2679 842 2937 907 Alexius
2985 841 3212 907 Corna-

491 936 620 1000 rius
666 938 730 999 et
777 954 875 999 ser
923 936 1201 999 Andreas
1249 934 1601 1001 Justiniano
1650 935 2021 1009 consiliarii,
2073 954 2170 997 ser
2211 934 2460 997 Marcus
2512 931 2903 1007 Justiniano,
2953 949 3053 993 ser
3098 928 3210 994 Jo-

482 1026 714 1088 hannes
763 1023 1066 1106 Delphino
1112 1025 1481 1105 procurator,
1531 1043 1627 1086 ser
1658 1023 1930 1088 ‚Iacobus
1961 1023 2345 1095 Mauroceno,
2396 1020 2725 1102 sapientes.
2769 1016 3002 1099 Capta:
3039 1014 3203 1097 quod

479 1112 543 1174 in
592 1111 838 1175 nomine
900 1111 1129 1175 domini
1192 1110 1344 1175 Jesu
1392 1110 1625 1176 Christi
1691 1114 1754 1174 et
1808 1111 2074 1192 gloriose
2140 1108 2396 1190 virginis
2460 1106 2676 1170 matris
2743 1106 2873 1169 eius
2930 1105 2993 1168 et
3039 1104 3205 1168 beati

482 1198 675 1263 Marci
724 1198 1102 1280 evangeliste
1146 1200 1509 1281 protectoris
1543 1199 1732 1262 nostri
1768 1199 1922 1262 fiant
1968 1200 2032 1261 et
2074 1198 2405 1260 mittantur
2437 1195 2865 1258 ambaxatores
2897 1191 3204 1256 solemnes

483 1285 558 1349 ad
607 1285 924 1351 dominum
973 1304 1180 1368 regem
1225 1288 1542 1369 Hungarie
1587 1307 1690 1368 per
1736 1285 1917 1349 illum
1983 1285 2228 1349 modum
2276 1286 2339 1347 et
2385 1301 2526 1345 curn
2595 1282 2706 1345 illa
2766 1280 3196 1344 commissione

485 1375 548 1438 et
593 1374 904 1451 libertate,
951 1392 1089 1438 cum
1135 1393 1256 1456 qua
1302 1374 1548 1439 iverunt
1594 1377 1657 1438 et
1704 1374 1876 1437 missi
1942 1373 2193 1435 fuerunt
2255 1370 2404 1435 olim
2469 1389 2565 1433 ser
2614 1368 2895 1433 Marinus
2943 1368 3203 1432 Faledro

484 1463 548 1525 et
593 1480 693 1527 ser
740 1461 984 1526 Marcus
1029 1460 1336 1539 Cornari0,
1387 1463 1646 1527 mutatis
1694 1467 1755 1524 et
1801 1460 2095 1524 correctis
2156 1459 2284 1523 illis
2348 1457 2575 1534 verbiS,
2633 1475 2750 1538 que
2795 1454 3027 1519 fuerint
3072 1474 3210 1518 mu-

486 1548 677 1613 tanda
723 1551 784 1613 el
830 1548 1208 1631 corrigenda.
1257 1550 1484 1614 Verum
1535 1570 1716 1632 super
1763 1548 1943 1612 factis
1992 1546 2198 1611 Clissii
2247 1548 2310 1609 et
2355 1545 2608 1609 Almisii
2634 1543 3034 1608 commitatur
3075 1560 3209 1606 am-

483 1636 879 1701 baxatoribus
926 1636 1243 1719 predictiS,
1293 1639 1450 1720 quod
1501 1639 1693 1718 primo
1741 1640 1803 1699 et
1849 1635 2272 1718 principaliter
2340 1633 2669 1716 procurent
2715 1633 2778 1695 et
2826 1632 3058 1695 instent
3103 1631 3213 1694 ob-

484 1725 680 1788 tinere
717 1724 794 1787 ab
841 1723 973 1806 ipso
1020 1742 1162 1807 rege
1209 1724 1376 1788 dicta
1422 1727 1627 1789 castra
1673 1726 1736 1787 et
1782 1724 1932 1799 loca,
1983 1723 2277 1804 possendo
2317 1722 2678 1803 promittere
2709 1737 2818 1801 pro
2869 1719 3021 1800 ipsis
3053 1717 3203 1781 locis

485 1812 583 1875 vel
630 1810 855 1876 Clissia
901 1813 1179 1888 tantum,
1229 1813 1470 1894 quando
1534 1811 1870 1875 Almisium
1937 1809 2201 1874 obtineri
2261 1826 2381 1872 non
2429 1811 2654 1891 posset,
2705 1808 2770 1871 et
2815 1823 2924 1887 pro
2971 1806 3209 1869 iuribus

482 1899 746 1964 aliarum
794 1901 1102 1963 terrarum
1150 1902 1214 1963 et
1259 1899 1529 1964 locorum
1577 1898 1912 1976 Sclavonie‚
1962 1918 1997 1961 a
2046 1899 2133 1963 VI
2156 1896 2327 1961 mille
2376 1915 2567 1977 usque
2591 1895 2710 1958 VH
2735 1893 2909 1958 mille
2956 1894 3209 1956 ducatos

483 1987 616 2051 auri
663 1987 1002 2064 annuatim,
1053 1989 1117 2051 et
1161 2007 1385 2069 equum
1435 1988 1828 2069 cohopertum
1872 1989 1944 2050 de
1993 1986 2273 2062 scarletO,
2326 1983 2418 2047 vel
2467 1983 2608 2046 inde
2640 1982 2822 2057 infra,
2871 1983 2942 2045 ut
2987 1980 3209 2044 melius

483 2076 791 2156 poterunt,
841 2075 1002 2139 sicut
1044 2075 1329 2155 poterant
1373 2077 1732 2157 promittere
1777 2075 1978 2138 solum
2015 2074 2070 2137 V
2116 2073 2307 2137 mille.
2386 2072 2466 2134 Et
2507 2071 2558 2134 si
2609 2071 2882 2151 aliquem
2930 2088 3001 2132 ex
3052 2068 3206 2131 locis

482 2162 780 2244 predictis
827 2164 959 2244 ipse
1007 2164 1290 2226 domiuus
1336 2182 1441 2227 rex
1485 2164 1805 2227 concedere
1856 2162 2065 2237 nollet,
2112 2166 2260 2224 tunc
2307 2159 2425 2241 ipsi
2474 2159 2903 2222 ambaxatores
2951 2155 3209 2219 redeant

481 2252 555 2315 ad
603 2250 993 2315 tractandum
1042 2268 1224 2331 super
1270 2250 1485 2331 primis
1532 2249 2065 2332 promissionibus,
2117 2247 2493 2330 procurando
2540 2263 2785 2327 semper
2832 2243 3109 2308 obtinere
3142 2244 3206 2306 in

482 2337 760 2421 quolibet
804 2357 947 2402 casu
995 2338 1294 2402 dictarum
1337 2339 1674 2420 primarum
1713 2338 2196 2420 promissionum
2239 2335 2547 2411 Clissiam,
2598 2336 2662 2397 et
2709 2331 3008 2415 possendo
3056 2330 3209 2394 fina—

481 2425 628 2490 liter
671 2426 1030 2507 promittere
1074 2444 1181 2506 pro
1229 2443 1301 2489 ea
1334 2427 1496 2490 dicto
1542 2428 1672 2509 regi
1721 2427 2083 2489 ducatorum
2130 2425 2191 2487 M
2244 2422 2586 2497 annuatim,
2636 2421 2799 2484 sicut
2837 2420 2994 2483 alias
3041 2418 3210 2483 obla-

483 2516 618 2577 tum
666 2512 806 2576 fuit.
851 2515 923 2577 In
970 2531 1114 2576 casu
1162 2532 1323 2590 ver0,
1371 2532 1486 2594 quo
1528 2512 1817 2577 Clissiam
1859 2512 2135 2576 obtinere
2182 2529 2303 2574 non
2345 2513 2612 2592 possent,
2660 2508 3037 2585 rescribant,
3103 2524 3209 2569 no·
3292 2516 3300 2523 '

483 2605 684 2667 strum
734 2601 1101 2683 expectando
1148 2603 1528 2666 mandatum.
1578 2601 1681 2665 35.
1730 2600 1837 2664 47.

520 2696 529 2706 '
693 2687 804 2753 Ser
851 2688 1129 2753 Marinus
1175 2689 1456 2755 Grimani
1505 2691 1783 2772 sapiens:
1834 2688 1998 2771 quod
2038 2689 2100 2751 in
2150 2687 2307 2753 bona
2355 2684 2557 2769 gratia
2587 2684 2740 2748 fiant
2773 2686 2838 2749 et
2874 2683 3209 2746 mittantur

484 2779 601 2841 duo
648 2776 1072 2842 ambaxatores
1119 2776 1424 2841 solemnes
1471 2796 1613 2840 cum
1664 2796 1782 2841 uno
1830 2777 2027 2840 iudice
2097 2775 2169 2839 ad
2219 2775 2536 2838 dominum
2604 2791 2811 2855 regem
2868 2767 3243 2847 Hungarie„

482 2864 705 2947 quibus
753 2866 1197 2943 committatur,
1247 2865 1403 2947 quod
1450 2865 1924 2946 procedentibus
1974 2862 2124 2945 ipsis
2170 2863 2249 2925 ad
2303 2862 2641 2925 tractatum
2689 2878 2828 2924 cum
2876 2858 3011 2940 ipso
3059 2873 3204 2938 rege

485 2952 584 3016 vel
626 2950 936 3034 deputatis
983 2954 1060 3017 ab
1108 2971 1176 3016 eo
1224 2972 1404 3035 super
1449 2952 1651 3028 factiS,
1701 2971 1817 3035 que
1863 2970 2006 3016 cum
2054 2951 2190 3033 ipso
2233 2950 2431 3014 facere
2492 2948 2813 3025 habemus,
2864 2947 3099 3009 instent
3145 2944 3209 3007 et

483 3040 812 3121 procurent
871 3040 1299 3122 principaliter
1347 3041 1422 3105 de
1487 3040 1817 3104 obtinendo
1880 3042 1943 3103 et
2004 3038 2283 3102 habendo
2346 3037 2424 3100 ab
2488 3036 2621 3117 ipso
2684 3051 2827 3116 rege
2890 3051 3030 3097 cum
3079 3031 3208 3095 illis

483 3125 688 3190 verbis
735 3127 799 3189 et
843 3127 1208 3203 racionibuS,
1259 3147 1372 3209 que
1420 3145 1628 3191 eorum
1678 3127 2010 3209 prudencie
2058 3125 2442 3201 videbuntur,
2486 3125 2693 3187 castra
2725 3126 2788 3185 et
2819 3123 2951 3185 loca
2999 3118 3210 3184 Clissii

485 3214 548 3277 et
590 3211 862 3291 Almisii,
910 3214 1208 3296 possendo
1257 3215 1312 3278 ei
1360 3216 1717 3295 promittere
1778 3233 1889 3297 pro
1955 3213 2108 3296 ipsis
2170 3215 2234 3277 et
2293 3230 2397 3293 pro
2442 3211 2580 3273 aliis
2644 3209 2883 3273 iuribus
2945 3207 3211 3272 aliarum

380 3369 391 3392 1
484 3300 794 3364 terrarum
843 3302 907 3364 et
951 3301 1221 3365 locorum
1252 3299 1593 3380 Sclavonie,
1643 3321 1792 3384 quas
1841 3304 1903 3365 et
1944 3322 2057 3384 que
2083 3303 2385 3376 tenemuS,
2438 3317 2626 3380 usque
2673 3298 2752 3361 ad
2779 3299 3032 3360 ducatos
3060 3292 3212 3358 VIII

487 3387 657 3451 mille
705 3387 803 3450 vel
850 3387 988 3452 inde
1034 3387 1194 3451 infra
1240 3390 1561 3453 annuatim
1609 3409 1792 3473 quam
1842 3390 2064 3453 melius
2127 3388 2325 3452 facere
2372 3387 2681 3469 poterunt,
2731 3387 2794 3448 et
2840 3402 3062 3465 equum
3111 3399 3212 3446 co-

486 3475 812 3558 hopertum
855 3477 928 3539 de
982 3476 1279 3551 scarleto;
1346 3480 1408 3540 et
1455 3476 1508 3540 si
1553 3479 1734 3542 ambo
1783 3479 1918 3559 ipsa
1964 3476 2098 3541 loca
2149 3475 2424 3539 obtinere
2473 3492 2592 3537 non
2645 3477 2913 3554 possent,
2965 3468 3211 3553 possint

483 3563 852 3647 promittere
898 3561 1186 3642 finaliter,
1237 3565 1475 3647 quando
1513 3566 1735 3629 melius
1762 3564 2030 3629 finaliter
2063 3563 2341 3628 obtinere
2376 3579 2496 3625 non
2533 3561 2795 3642 possent,
2847 3577 2954 3641 pro
2980 3557 3209 3622 Clissia

484 3652 548 3716 et
594 3668 704 3733 pro
750 3649 988 3714 iuribus
1034 3651 1300 3716 aliarum
1350 3654 1655 3717 terrarum
1704 3654 1766 3716 et
1812 3654 2107 3727 locorum,
2156 3669 2307 3732 quas
2339 3652 2641 3725 tenemuS‚
2691 3666 2879 3728 usque
2913 3647 2988 3711 ad
3019 3663 3211 3728 quan-

487 3739 735 3804 titatem
783 3738 1123 3821 predictam
1156 3739 1306 3803 VIII
1331 3740 1503 3803 mille
1545 3741 1904 3804 ducatorum
1937 3741 2276 3815 annuatim,
2327 3739 2389 3801 et
2420 3735 2621 3800 dando
2655 3734 2947 3799 similiter
2979 3750 3206 3815 equum

486 3828 904 3909 cohopertum.
956 3825 1022 3891 Si
1070 3845 1208 3891 vero
1255 3847 1360 3891 rex
1404 3846 1521 3891 non
1554 3831 1765 3910 posset
1808 3826 2016 3910 aliquo
2060 3815 2238 3889 modo
2269 3824 2475 3889 induci
2522 3823 2601 3886 ad
2643 3822 2911 3886 dandum
2938 3821 3211 3902 aliquem

486 3934 557 3979 ex
604 3914 755 3979 locis
802 3914 1113 3997 predictiS,
1164 3914 1282 3997 ipsi
1332 3917 1756 3980 ambaxatores
1812 3915 2055 3996 possint
2099 3915 2152 3977 ei
2192 3913 2555 3995 promittere
2618 3929 2726 3993 pro
2773 3909 3043 3984 iuribuS,
3094 3927 3211 3991 que

484 4002 743 4067 haberet
789 4003 886 4067 vel
930 4002 1161 4067 habere
1209 4004 1439 4067 diceret
1485 4004 1547 4067 in
1593 4004 1860 4086 quatuor
1904 4002 2266 4066 civitatibus
2314 3999 2542 4064 nostris
2585 3998 2937 4073 Dalmacie,
3000 3995 3210 4060 silicet

486 4089 775 4167 Sibenici,
828 4090 1132 4173 Tragurii,
1183 4089 1417 4170 Spaleti
1466 4092 1529 4155 et
1573 4090 1770 4167 None,
1816 4093 1879 4154 et
1924 4089 2295 4172 generaliter
2356 4089 2418 4152 in
2484 4086 2625 4150 aliis
2690 4084 2975 4150 omnibus
3028 4083 3211 4147 terris

388 4207 399 4220 ‚
487 4179 549 4241 et
592 4177 742 4243 locis
791 4176 1128 4255 Sclavonie‚
1195 4196 1347 4259 quas
1402 4180 1465 4241 et
1510 4198 1627 4260 que
1675 4180 1962 4242 tenemus
2024 4195 2131 4259 per
2178 4176 2393 4240 modos
2441 4177 2505 4239 et
2549 4193 2689 4238 cum
2752 4171 3212 4237 condicionibus

486 4265 713 4328 notatis
760 4264 821 4328 in
861 4265 1294 4330 commissione
1340 4265 1488 4329 olim
1531 4265 1675 4330 data
1723 4265 1864 4329 aliis
1911 4265 2413 4329 ambaxatoribus
2439 4262 2659 4327 ultimo
2683 4260 2892 4327 missis
2941 4260 3016 4323 ad
3047 4277 3210 4337 eum,

487 4368 679 4432 usque
725 4353 802 4416 ad
848 4355 1260 4435 quantitatem
1308 4354 1667 4417 ducatorum
1714 4353 1803 4417 VI
1851 4353 2021 4416 mille
2070 4352 2390 4416 annuatim
2437 4355 2499 4415 et
2546 4368 2771 4431 equum
2807 4347 3211 4429 cohopertum

489 4438 553 4500 et
597 4436 738 4502 inde
784 4439 963 4516 infra,
1012 4440 1174 4504 sicut
1219 4440 1441 4504 melius
1491 4445 1779 4522 poterunt
1824 4440 2020 4504 facere
2064 4443 2128 4503 et
2172 4457 2518 4520 procurare.

696 4524 780 4589 Et
824 4527 887 4589 in
933 4545 1074 4590 casu
1121 4545 1238 4608 quo
1285 4527 1561 4609 predicta
1607 4529 1879 4593 obtinere
1913 4546 2030 4592 non
2067 4528 2335 4607 possent,
2384 4527 2527 4608 quia
2560 4523 2760 4588 multa
2793 4522 2917 4588 alia
2962 4522 3214 4605 possent

489 4628 802 4676 occurrere
850 4614 1012 4678 circa
1059 4615 1362 4679 tractatus
1390 4615 1689 4695 predictos
1738 4617 1810 4680 de
1858 4634 2031 4691 novo,
2079 4617 2398 4678 remaneat
2442 4610 2896 4677 indiscretione
2937 4610 3213 4694 ipsorum

489 4697 955 4763 ambaxatorum
1002 4700 1131 4778 illa,
1183 4720 1302 4783 que
1350 4702 1471 4766 sibi
1532 4703 1885 4767 dicerentur
1946 4705 2053 4766 aut
2112 4703 2469 4783 peterentur
2515 4700 2591 4764 de
2656 4717 2809 4764 novo
2854 4699 3023 4763 ultra
3071 4716 3207 4778 pre-

491 4784 678 4862 dicta,
727 4785 993 4852 scribere
1038 4787 1237 4866 nobie,
1285 4791 1349 4858 et
1392 4793 1673 4854 nostrum
1720 4791 2044 4871 expectare
2092 4790 2470 4853 mandatum.
2524 4786 2626 4851 16.
