3620 5282
3025 378 3109 444 89

396 558 546 641 ipsis
589 557 997 622 rehedifficari
1044 576 1161 622 non
1209 556 1426 641 possit,
1474 559 1537 623 et
1581 556 1804 641 aliquis
1868 576 1987 623 non
2048 558 2241 640 possit
2287 559 2369 622 ibi
2424 556 2708 622 habitare
2755 556 2882 621 ullo
2931 555 3111 620 modo

395 645 487 711 vel
533 646 796 728 ingenio,
839 646 941 722 23,
992 646 1094 722 22,
1142 644 1252 709 21.

599 733 753 798 Cum
801 736 1070 799 castrum
1120 733 1317 798 sancti
1366 732 1692 798 Michaelis
1740 753 1848 816 pro
1873 736 2145 816 presenti
2194 737 2475 816 tempore
2520 733 2863 799 conservari
2911 732 3112 814 possit

395 842 535 885 cum
581 821 920 886 minoribus
965 822 1263 903 expensiS‚
1315 823 1503 886 donec
1550 821 1738 898 aliud,
1787 823 2118 887 secundum
2168 823 2590 887 condicionem
2641 822 2955 901 temporis,
3006 839 3111 902 po-

400 910 545 973 terit
591 909 935 992 provideri:
978 910 1146 974 vadit
1191 930 1353 993 pars,
1404 909 1562 992 quod
1612 911 1772 974 sicut
1819 910 1903 973 ibi
1951 915 2096 974 sunt
2131 911 2312 974 XXX
2344 910 2728 993 stipendiarii
2773 929 2912 972 cum
2961 911 3111 972 duo-

399 1000 508 1061 bus
554 998 878 1080 capitibus„
925 999 1015 1061 ita
1063 998 1190 1061 sint
1234 998 1432 1062 solum
1471 998 1621 1062 XVI
1662 1000 2017 1081 computato
2063 1018 2180 1063 uno
2229 1000 2449 1081 capite,
2501 1000 2602 1080 qui
2652 999 2776 1060 sint
2823 998 2896 1061 de
2924 1016 3109 1079 quam

397 1086 748 1150 melioribus
795 1089 859 1150 et
901 1086 1100 1169 magis
1133 1086 1417 1150 fidelibus
1459 1086 1827 1151 videbuntur
1874 1088 2083 1150 comiti
2134 1090 2197 1151 et
2236 1088 2558 1170 capitaneo
2605 1085 2816 1152 Jadre.
2869 1087 2973 1164 ⁶23,
3048 1086 3109 1161 3,

395 1174 495 1249 22,
536 1191 655 1237 non
703 1175 923 1238 sincen
968 1176 1029 1251 3,
1080 1172 1138 1249 8,
1196 1177 1308 1248 11;
1359 1174 1433 1237 de
1482 1194 1598 1238 non
1648 1175 1709 1238 5.

477 1264 634 1325 Secr.
671 1282 824 1324 cons·
868 1269 1209 1341 royatorum
1254 1266 1350 1324 lib.
1390 1265 1467 1323 B.
1511 1269 1610 1335 12,
1659 1284 1700 1325 u
1740 1267 1958 1325 arhiv-u
1997 1266 2353 1326 naletac‘kom.

679 1478 1163 1564 CXXXIII.
1237 1483 1444 1569 God.
1500 1482 1728 1564 1348.
1785 1484 1886 1564 10
1952 1485 2277 1584 srpnja,
2332 1506 2390 1563 u
2443 1483 2833 1565 Mletcih.

391 1608 475 1666 Po
504 1610 829 1681 poslaniku
871 1628 913 1667 u
958 1610 1141 1669 Rima
1186 1612 1457 1682 izkazuje
1499 1628 1560 1668 se
1595 1612 1751 1683 papi
1813 1611 2158 1669 zalwalnost
2214 1630 2294 1667 mr
2335 1612 2574 1683 ponende
2626 1610 2896 1684 ’uc-imbue
2941 1628 3111 1684 repu-

391 1698 525 1756 blici
570 1716 611 1755 u
653 1699 828 1770 postu
887 1700 1211 1773 aqam-lere.
1258 1700 1474 1770 kraljrz,
1522 1699 1679 1771 kojih
1714 1698 1813 1757 ved
1859 1700 2023 1757 treba
2066 1700 2205 1771 myc,
2243 1700 2415 1772 posto
2461 1718 2534 1757 sec
2589 1716 2650 1757 se
2695 1698 2884 1757 stvari
2913 1716 2986 1757 za
3029 1716 3112 1757 sv.

1329 1787 1537 1846 stolicu
1583 1805 1665 1845 na
1711 1788 1838 1846 Cast
1883 1788 2177 1849 olerenule.

604 1921 788 1986 1348.
834 1922 932 1987 die
979 1923 1036 1987 X
1081 1922 1238 1999 iulii,
1287 1926 1504 2006 capta:
1570 1926 2009 2006 respondeatur
2060 1924 2301 1988 domino
2365 1944 2519 2006 pape
2589 1944 2695 2005 per
2741 1923 3109 2003 Amadeum‚

391 2009 551 2092 quod
597 2010 929 2075 intellectis
977 2031 1120 2075 cum
1164 2013 1331 2074 omni
1378 2011 1699 2076 devotione
1748 2014 1812 2076 et
1865 2014 2206 2077 reverentia
2269 2013 2424 2089 hiis,
2473 2032 2588 2094 que
2649 2032 2761 2077 sua
2808 2014 3109 2077 sanctitas

388 2098 641 2181 dignata
687 2099 894 2165 extitit
938 2099 1171 2181 aperire
1218 2100 1389 2163 nobis
1436 2119 1544 2181 per
1590 2100 1943 2165 Amadeum
1994 2101 2298 2165 notarium
2366 2104 2646 2165 nostrum
2695 2121 2880 2182 super
2924 2120 3112 2181 uege-

386 2188 498 2249 ciis
544 2187 705 2268 regis
752 2187 1088 2270 Hungarie‚
1138 2187 1510 2252 refferrimus
1555 2207 1660 2252 sue
1708 2189 2042 2252 clementie
2104 2189 2339 2271 gratias
2408 2189 2686 2270 copiosas
2735 2195 2797 2252 et
2838 2190 3110 2253 humiles

387 2274 680 2351 actioneS‚
729 2278 1162 2357 cognoscentes
1205 2295 1335 2339 esse
1381 2276 1624 2359 signum
1671 2280 1923 2358 paterne
1973 2277 2316 2341 affectionis
2367 2277 2634 2358 pandere
2684 2279 2854 2341 nobis
2906 2296 3014 2340 sua
3048 2278 3124 2341 et

387 2364 598 2426 sancte
642 2365 860 2427 matris
908 2364 1163 2428 ecclesie
1210 2367 1464 2428 secreta.
1528 2365 1609 2427 Et
1656 2364 1803 2429 licet
1851 2369 2061 2429 nostra
2110 2367 2397 2429 voluntas
2445 2369 2508 2429 et
2554 2365 2803 2429 devotio
2865 2384 3111 2446 semper

387 2469 613 2533 magna
658 2451 860 2529 fuerit,
911 2451 1015 2529 sit,
1063 2455 1125 2516 et
1171 2471 1303 2516 esse
1350 2452 1633 2516 intendat
1679 2454 1755 2517 ad
1802 2473 2179 2535 quecumque
2214 2453 2614 2536 respicientia
2660 2454 2954 2517 honorem
3003 2473 3109 2516 sue

388 2539 732 2603 sanctitatis
778 2541 839 2604 et
882 2540 1100 2604 matris
1148 2540 1422 2618 ecclesie,
1474 2542 1683 2604 tamen
1730 2561 1838 2623 per
1868 2542 1964 2605 dei
1996 2542 2264 2624 gratiam
2303 2541 2690 2605 condiciones
2717 2542 3105 2623 negotiorum

386 2628 556 2710 regni
601 2627 692 2691 ita
738 2647 1006 2693 cessasse
1053 2627 1371 2704 videntur,
1437 2630 1499 2692 et
1550 2648 1646 2693 res
1710 2630 1796 2694 sic
1859 2649 2151 2695 conversa
2217 2630 2315 2694 est
2362 2628 2425 2693 in
2470 2631 2760 2694 honorem
2831 2628 3105 2705 ecclesie,

386 2716 544 2797 quod
592 2734 711 2780 non
754 2716 1001 2799 expedit
1046 2735 1225 2799 super
1290 2717 1592 2780 intimatis
1655 2717 1842 2781 aliam
1908 2718 2365 2799 responsionem
2430 2737 2534 2799 pro
2591 2718 2767 2782 modo
2833 2718 3104 2800 prebere,

387 2804 503 2866 nisi
551 2803 708 2885 quod
754 2805 1193 2886 supplicamuS‚
1240 2810 1540 2888 quatenus
1589 2806 1718 2870 eius
1756 2805 2088 2870 clementia
2131 2825 2239 2869 nos
2264 2809 2327 2869 et
2352 2807 2796 2870 comunitatem
2831 2808 3106 2870 nostram

386 2893 679 2973 tanquam
725 2891 1156 2960 devotissimos
1202 2893 1361 2957 filios
1399 2912 1505 2956 sue
1553 2894 1907 2958 sanctitatis
1955 2894 2179 2964 habere
2229 2895 2514 2975 dignetur
2546 2894 2709 2976 apud
2755 2914 2931 2959 suam
2963 2912 3106 2976 gra·

390 2979 538 3042 tiam
587 2979 1006 3044 favorabiliter
1054 2982 1530 3045 commendatos,
1589 2981 1725 3045 Non
1770 2983 1991 3046 sinceri
2043 2986 2090 3059 1,
2140 2982 2214 3046 de
2262 3001 2380 3045 non
2427 2985 2489 3057 O,
2540 2983 2647 3046 alii
2697 2982 2772 3045 de
2815 2984 3010 3066 parte.

472 3071 651 3129 Misti
698 3070 938 3129 XXIV.
987 3072 1089 3142 81,
1135 3076 1159 3130 i
1204 3071 1359 3131 Secr.
1399 3090 1557 3132 cons,
1602 3091 1720 3147 roy.
1756 3073 1832 3130 B.
1885 3075 1988 3143 12,
2034 3090 2075 3131 u
2120 3074 2459 3133 mletackom
2505 3076 2737 3134 arkivu.

704 3288 1171 3369 CXXXIV.
1228 3289 1433 3371 God.
1490 3289 1716 3371 1348.
1774 3290 1876 3372 10
1931 3291 2259 3391 srpnja,
2304 3311 2365 3370 u
2421 3289 2805 3373 Mleteih.

386 3416 646 3474 Izabran
683 3415 877 3489 odbor,
927 3415 1006 3473 da
1050 3415 1297 3487 prosudi
1342 3418 1530 3474 secari
1594 3416 1776 3474 ίιόαόε
1823 3434 1884 3475 se
1932 3416 2142 3475 Hvara
2169 3462 2182 3484 ‚
2231 3417 2429 3486 Krete,
2487 3418 2738 3477 Korona
2780 3419 2802 3475 z·
2847 3419 3112 3487 Moto-na,

1060 3506 1083 3561 i
1128 3521 1160 3562 ο
1201 3505 1332 3577 njih
1367 3505 1525 3578 svoje
1574 3506 1828 3578 mnicnje
1863 3506 2125 3577 pismeno
2162 3505 2438 3577 podnese.

599 3641 787 3706 1348.
835 3642 932 3706 die
979 3643 1038 3707 X
1083 3642 1237 3717 iulii,
1285 3650 1500 3726 capta:
1549 3662 1687 3707 cum
1735 3643 1897 3707 inter
1928 3642 2167 3726 aliquos
2199 3642 2362 3707 cives
2409 3646 2477 3708 et
2518 3644 2779 3709 clericos
2813 3644 2887 3707 de
2922 3645 3112 3708 Farra

388 3733 450 3793 et
495 3730 695 3793 Braza
755 3734 899 3793 sunt
964 3732 1094 3795 orte
1151 3732 1352 3813 alique
1412 3731 1754 3796 differentie
1823 3732 2133 3796 occasione
2199 3731 2592 3814 episcopatus
2645 3733 2875 3807 hosne,
2920 3733 3110 3795 etiam

387 3838 523 3882 eum
570 3819 877 3900 potestate
925 3837 1054 3894 sue,
1104 3838 1251 3900 quas
1299 3820 1543 3901 expedit
1590 3820 1966 3890 examinari,
2032 3822 2095 3883 et
2156 3819 2280 3883 sint
2340 3820 2531 3884 etiam
2575 3822 2636 3884 in
2688 3820 2857 3883 curia
2902 3820 3109 3902 plures

388 3905 593 3970 littere
638 3906 713 3970 de
763 3903 947 3986 Creta
994 3910 1057 3971 et
1104 3906 1332 3971 Corone
1391 3910 1455 3971 et
1502 3907 1835 3984 Mothone,
1885 3927 2000 3990 que
2070 3907 2260 3972 etiam
2324 3910 2574 3991 egerent
2630 3907 3106 3972 examinatione:

389 3994 556 4057 vadit
603 4013 744 4075 pars
791 3994 951 4076 quod
998 3995 1304 4077 eligantur
1349 3996 1475 4059 tres
1524 3996 1834 4078 sapientes
1881 4016 1988 4077 per
2036 3995 2396 4060 electionem
2444 3995 2505 4058 in
2541 3997 2667 4059 isto
2701 3996 2973 4071 consili0‚
3004 3996 3108 4078 qui

389 4083 734 4146 examinent
778 4082 974 4146 dictas
1025 4083 1453 4165 (differentias)
1520 4084 1933 4165 predictorum
1985 4083 2059 4147 de
2105 4085 2303 4147 Lesna
2376 4086 2439 4147 et
2503 4104 2713 4149 omnes
2771 4085 3108 4166 scripturas

389 4170 681 4234 facientes
730 4170 805 4234 ad
855 4170 1108 4245 sactum,
1158 4175 1222 4235 et
1266 4171 1519 4235 audiant
1566 4174 1792 4252 parteS,
1844 4175 1907 4236 et
1955 4171 2244 4235 similiter
2287 4172 2636 4235 examinent
2682 4172 2925 4236 litteras
2974 4193 3113 4255 pre-

389 4257 581 4322 dictas
625 4260 696 4322 de
745 4258 929 4322 Creta
976 4264 1038 4321 et
1072 4258 1294 4324 Coroni
1342 4262 1404 4323 et
1449 4260 1727 4324 Mothoni
1775 4262 1838 4323 et
1883 4278 2094 4323 omnes
2138 4260 2472 4341 scripturas
2509 4259 2802 4325 facientes
2850 4261 2924 4324 ad
2977 4281 3110 4342 pre-

390 4346 575 4422 dicta,
622 4350 686 4410 et
733 4366 915 4427 super
969 4347 1088 4410 hiis
1138 4347 1421 4411 omnibus
1469 4349 1615 4411 dent
1660 4348 1832 4411 nobis
1896 4347 2220 4411 consilium
2270 4366 2476 4411 eorum
2523 4348 2585 4412 in
2633 4348 2917 4431 scriptiS‚
2967 4368 3106 4413 cum

389 4452 506 4516 quo
553 4435 781 4498 erimus
826 4436 945 4508 hic,
998 4439 1060 4499 et
1106 4434 1230 4509 fiet,
1282 4434 1445 4498 sicut
1490 4435 1830 4514 videbitur3
1896 4441 1958 4499 et
2019 4435 2282 4517 quilibet
2337 4436 2532 4517 possit
2576 4455 2795 4518 ponere
2843 4439 3106 4518 partem,

392 4524 454 4584 et
498 4523 765 4586 habeant
814 4524 1147 4586 terminum
1196 4543 1300 4604 per
1348 4525 1549 4586 totum
1596 4528 1939 4605 presentem
1990 4543 2262 4586 mensem
2311 4523 2462 4598 iulii,
2505 4527 2568 4586 et
2616 4526 2867 4588 vocetur
2910 4524 3107 4589 consi-

388 4610 540 4673 lium
587 4611 753 4674 omni
788 4611 916 4674 vice
965 4612 1078 4674 sub
1105 4631 1260 4693 pena
1301 4612 1635 4675 solidorum
1661 4612 1737 4675 X.
1785 4613 1863 4675 Et
1896 4613 2219 4674 tencantur
2243 4609 2394 4673 dicti
2438 4612 2744 4691 sapientes
2779 4612 3102 4677 convenire

394 4716 502 4779 pro
548 4700 727 4763 factis
776 4698 1067 4780 predictis
1134 4699 1635 4780 quandocumque
1709 4702 1771 4762 et
1817 4700 2364 4782 quocienscumque
2432 4698 2547 4760 sibi
2605 4700 2951 4780 imponetur
2996 4716 3103 4779 per

392 4786 725 4851 dominium
775 4786 893 4850 sub
938 4804 1092 4868 pena
1142 4787 1474 4853 solidorum
1518 4787 1576 4850 X
1623 4806 1731 4870 pro
1786 4786 2058 4869 quolibet
2101 4787 2164 4849 et
2208 4786 2483 4866 qualibet
2532 4786 2678 4849 vice.
