3620 5282
2949 414 2950 419 ,
2987 356 3119 424 219

392 532 721 599 mandetur
765 532 995 598 nostris
1033 533 1364 600 comitibus
1410 534 1698 618 Tragurii
1745 536 1809 600 et
1856 532 2116 617 Spalati,
2167 534 2324 618 quod
2373 533 2634 600 debeant
2674 551 3006 616 procurare
3053 535 3120 599 et

389 621 624 704 operari
670 639 780 704 pro
828 640 1003 704 posse
1050 623 1123 685 (16
1170 622 1618 687 reconciliando
1664 624 1922 688 insimul
1969 621 2251 687 dominas
2285 621 2651 700 antedictae,
2702 624 2766 686 et
2812 623 2967 704 quod
3011 640 3119 704 pa-

398 708 565 773 cifice
613 729 679 773 se
708 710 998 777 ,tractent
1042 712 1107 774 et
1151 710 1366 775 vivant
1409 710 1490 774 ad
1537 710 1841 787 invicem3
1887 712 1952 775 et
1997 711 2047 774 si
2098 711 2209 775 hoc
2255 709 2457 774 facere
2504 728 2624 774 non
2666 712 2975 792 poterunt,
3025 728 3121 773 re-

392 797 666 897 scribant
711 797 891 897 nebis
937 797 1317 863 differencias
1364 816 1576 863 earum
1623 802 1686 864 et
1728 817 1912 864 suum
1960 799 2293 863 consilium
2335 798 2679 881 superinde.
2747 797 2836 861 De
2885 815 3007 862 non
3054 797 3117 875 5,

389 884 933 1035 ΠΟῘΙΙΠΞΞῘὶΟἛΧῗΙ
975 976 1076 1046 65,
1121 993 1165 1035 u
1209 976 1548 1037 mletah‘kom
1593 977 1828 1037 arkivu.

598 1161 1113 1247 cccxxvl.
1189 1164 1833 1251 oon.1351.2o
1889 1164 2334 1265 kolovoza,
2392 1187 2447 1247 u
2501 1112 2895 1247 metam.

386 1291 598 1349 Knezu
649 1290 1062 1366 ἔὶὸεηίὐΙοοηηι,
1111 1293 1266 1351 nelca
1300 1310 1384 1365 po
1424 1293 1750 1365 poslaniku
1797 1290 2040 1366 potraii
2084 1293 2161 1351 od
2203 1292 2568 1366 bosanskoya
2627 1292 2786 1350 bana
2831 1293 3122 1351 naknadu

384 1378 534 1436 §teta
579 1377 656 1437 od
700 1379 954 1437 banovih
983 1380 1299 1453 podanika
1344 1366 1753 1440 S'c'benicanom
1799 1380 2141 1449 nanesenih,
2190 1398 2229 1438 a
2273 1397 2350 1439 on
2371 1382 2535 1453 paleo
2567 1380 2720 1438 neka
2765 1380 3119 1438 nadoknadi

386 1466 560 1523 §leode
609 1465 685 1523 od
718 1452 1075 1526 Sabenieana
1121 1468 1391 1527 hanovim
1426 1467 1842 1542 podloznikom
1889 1469 2192 1541 ueinjenoe
2240 1485 2272 1526 o
2318 1468 2436 1527 cem
2482 1485 2543 1527 se
2591 1468 2705 1525 ban
2757 1468 3063 1540 izviescuje
3097 1469 3119 1525 i

390 1553 543 1623 moli,
587 1553 743 1612 nelca
774 1555 1150 1627 ΡνϋαιεζῘεΙσί
1185 1560 1450 1629 postupa
1494 1572 1525 1615 s
1555 1556 1911 1615 mletaclcimi
1931 1556 2251 1629 podam’ci,
2307 1574 2345 1614 a
2377 1556 2456 1614 da
2490 1556 2557 1628 je
2603 1554 2883 1614 naloz'eno
2932 1557 3122 1614 knezu

850 1643 1265 1713 §ibenickomm
1296 1646 1448 1703 nelca
1479 1645 1591 1703 isto
1624 1645 1760 1704 taho
1792 1646 1816 1703 i
1846 1662 1922 1704 on·
1959 1648 2224 1717 postupa
2253 1660 2324 1702 sa
2356 1644 2665 1702 hanovimi.

604 1760 791 1826 1351.
842 1761 1177 1828 indictione
1223 1763 1333 1828 IV.
1382 1763 1468 1827 20
1517 1762 1787 1847 augusti.
1839 1761 2160 1847 Sapientes
2196 1761 2539 1828 Sclavonie.
2590 1760 2824 1844 Capta:
2868 1764 2933 1826 et
2964 1760 3115 1825 scri-

389 1848 572 1914 batur
604 1848 822 1914 comiti
870 1853 1078 1915 nostro
1129 1850 1401 1916 Sibenici
1451 1853 1524 1916 de
1572 1851 1932 1934 receptione
1963 1851 2314 1915 litterarum
2362 1848 2598 1913 domini
2665 1848 2803 1914 bani
2867 1848 3121 1925 Rosiae,

387 1954 647 2018 quarum
694 1938 1044 2020 exemplum
1093 1939 1565 2005 transmictatur
1612 1938 1833 2017 eidem,
1881 1937 2229 2003 mandando
2277 1937 2351 2014 ei,
2403 1936 2561 2019 quod
2589 1956 2778 2001 unum
2826 1937 3115 1999 nuncium

385 2023 537 2087 bene
582 2023 994 2090 informatum
1040 2025 1115 2090 de
1160 2027 1408 2091 damnis
1457 2027 1576 2091 sibi
1623 2027 1790 2091 datis
1839 2027 1916 2091 ad
1964 2026 2167 2109 ipsum
2216 2025 2535 2090 dominum
2604 2025 2827 2088 banum
2889 2024 3117 2087 debeat

387 2110 714 2189 destinare,
762 2114 1106 2195 petiturum
1156 2114 1618 2179 restitutionem
1665 2114 2031 2179 damnorum
2079 2113 2539 2195 premissorum.
2594 2112 2677 2176 Et
2708 2111 2870 2193 quod
2902 2131 2935 2175 e
2967 2129 3114 2174 con·

389 2216 562 2262 verso
607 2199 737 2280 ipse
777 2219 983 2265 comes
1030 2203 1358 2267 restituere
1400 2202 1622 2266 debeat
1667 2202 1870 2267 eidem
1933 2201 2179 2265 domino
2229 2202 2384 2265 bano
2443 2217 2649 2264 servos
2713 2217 2893 2275 sune,
2949 2198 3003 2261 si
3054 2199 3116 2260 in

388 2302 495 2348 suo
546 2286 833 2352 districtu
880 2289 1302 2373 contingerint
1347 2289 1622 2371 reperiri,
1670 2289 1944 2355 narando
1984 2288 2184 2353 eidem
2248 2288 2461 2352 comiti
2509 2290 2581 2352 de
2630 2286 2838 2351 amore
2895 2286 3116 2351 intimo

388 2373 549 2436 inter
595 2393 705 2439 nos
752 2378 817 2439 et
860 2376 1068 2459 ipsum
1116 2377 1430 2441 dominum
1479 2377 1706 2442 banum
1755 2381 2019 2455 servato,
2072 2378 2136 2440 et
2178 2377 2340 2458 quod
2375 2376 2592 2439 debeat
2624 2393 2831 2439 secum
2867 2375 3117 2456 pacifice

387 2463 778 2543 pertransii-,e
829 2463 971 2546 quia
1016 2466 1272 2546 tempus
1320 2484 1437 2529 non
1486 2467 1582 2530 est
1622 2467 1697 2529 ad
1747 2484 1993 2547 presens
2041 2464 2373 2528 discordias
2422 2463 2738 2527 suscitare.

594 2549 829 2632 Capta.
880 2554 944 2616 et
986 2551 1278 2616 scribitur
1315 2552 1436 2634 ipsi
1482 2552 1729 2617 domino
1777 2555 1932 2617 bano
1967 2551 2041 2616 de
2074 2552 2418 2634 receptione
2449 2550 2798 2615 litterarum
2837 2519 3114 2627 suarum,

391 2636 782 2719 regratiando
832 2639 951 2704 sibi
997 2641 1070 2706 de
1119 2639 1278 2705 bona
1327 2640 1665 2718 voluntate,
1714 2661 1898 2723 quam
1962 2639 2226 2705 vidimus
2292 2659 2434 2704 eum
2484 2637 2739 2714 habere,
2790 2640 2855 2702 et
2916 2637 3115 2702 eidem

2619 2776 2634 2804 ἲ

387 2831 524 2876 cum
574 2815 863 2896 gentibus
911 2815 1039 2879 suis
1086 2816 1337 2897 pacifice
1386 2817 1612 2882 debeat
1658 2835 1723 2881 se
1766 2816 2014 2892 habere,
2063 2814 2425 2879 abstinendo
2487 2833 2552 2878 se
2599 2832 2636 2878 a
2683 2813 2960 2897 qualibet
3007 2831 3117 2876 no-

386 2899 578 2964 vitate
626 2901 827 2966 fienda
873 2902 1137 2967 subditis
1185 2902 1378 2986 ipsius
1425 2904 1655 2968 domini
1701 2903 1864 2982 bani,
1913 2903 2184 2986 rogando
2231 2921 2392 2980 eum,
2442 2900 2603 2983 quod
2649 2919 2795 2984 erga
2835 2899 3117 2964 subditos

387 2990 625 3051 nostros
673 2988 963 3058 similiter
1009 2989 1232 3056 debeat
1277 3011 1343 3055 se
1388 2991 1633 3057 habere.
1684 2991 1775 3056 De
1820 3010 1942 3056 non
1989 2992 2052 3068 O,
2103 3009 2221 3054 non
2269 2989 2491 3054 sinceri
2544 2989 2606 3052 3.

467 3079 648 3138 Misti
699 3079 826 3138 XX
840 3081 942 3141 VI.
994 3084 1093 3150 66,
1130 3099 1173 3140 u
1216 3082 1559 3143 mletac‘kom
1606 3084 1838 3142 arkivu.

599 3265 1163 3351 CCCXXVII.
1223 3270 1429 3353 God.
1486 3269 1704 3355 1351.
1761 3271 1856 3354 31
1911 3269 2359 3372 kolovoza‚
2413 3293 2473 3352 u
2530 3269 2921 3352 Mletclh.

386 3393 549 3452 Rada·
592 3395 834 3469 izyreda
895 3414 937 3454 u
983 3396 1170 3471 Payu,
1224 3397 1496 3470 upucfuju
1557 3414 1618 3456 se
1670 3398 1993 3470 providurc'
2051 3416 2093 3456 u
2150 3396 2531 3472 Dalmaciju‚
2602 3399 2753 3456 nelca
2804 3398 3031 3471 prodju
3081 3416 3118 3455 ιι

768 3484 914 3557 Pay,
956 3485 1113 3558 yracl
1157 3486 1362 3554 amire,
1411 3504 1448 3543 a
1494 3486 1807 3544 uzrocnike
1855 3485 2091 3560 izyreda
2129 3503 2170 3543 u
2217 3486 2442 3546 Mletke
2484 3486 2632 3559 odpr
2635 3504 2768 3545 eme

598 3600 785 3666 1351.
834 3603 931 3667 die
979 3604 1200 3668 ultimo
1246 3603 1515 3687 augusti.
1567 3602 1938 3682 Consiliarii,
1988 3606 2194 3689 capita
2239 3606 2367 3684 XL,
2418 3606 2728 3689 sapientes
2769 3606 3114 3671 Sclavenie.

386 3686 611 3771 Capta·
655 3690 799 3771 quia
845 3708 1013 3755 error
1071 3694 1135 3756 et
1196 3691 1610 3756 inobedientia
1673 3693 2003 3757 commissa
2063 3712 2172 3775 per
2223 3693 2529 3776 Pagenses
2593 3712 2716 3758 non
2781 3696 2926 3757 suut
2991 3696 3104 3757 sub

391 3776 634 3841 silentio
698 3777 1107 3843 transeunda:
1173 3779 1343 3843 vadit
1389 3797 1529 3860 pars
1590 3797 1698 3861 pro
1759 3780 1986 3845 honore
2052 3783 2260 3845 nostro
2321 3784 2384 3845 et
2446 3782 2721 3864 exemplo
2787 3800 2998 3844 eorum
3049 3786 3113 3845 et

389 3865 656 3928 aliorum
710 3865 772 3929 in
811 3868 1148 3948 posterum,
1199 3866 1435 3950 quode
1407 3867 1714 3931 .cribatur
1754 3866 1992 3932 duobus
2053 3868 2468 3950 provisoribus
2519 3869 2776 3944 nostrie,
2851 3867 2954 3949 qui
3003 3868 3111 3930 de-

290 4021 293 4022 .
384 3953 530 4015 bent
576 3971 931 4032 remanere,
981 3953 1270 4019 videlicet
1314 3974 1412 4018 ser
1457 3955 1782 4019 Francisco
1832 3955 2002 4019 Bono
2050 3963 2112 4020 et
2162 3975 2263 4020 ser
2308 3958 2496 4020 Petro
2564 3954 2892 4030 Michaeli,
2956 3956 3115 4037 quod

386 4039 601 4103 statim
650 4041 787 4104 viso
839 4043 1047 4106 nostro
1095 4041 1386 4106 mandato
1435 4042 1699 4106 debeant
1735 4043 1824 4106 ire
1873 4043 2152 4124 Pagum,
2205 4047 2269 4108 et
2317 4045 2404 4107 ibi
2448 4043 2634 4106 simul
2682 4062 2820 4106 cum
2870 4042 3114 4118 comite,

385 4128 674 4208 expositis
721 4127 849 4192 illis
898 4129 1122 4205 verbiS,
1173 4148 1289 4211 que
1339 4129 1724 4207 videbuntur,
1774 4131 2066 4196 conscilio
2114 4145 2178 4195 et
2215 4130 2603 4206 comunitati,
2651 4129 2870 4194 deinde
2912 4132 3118 4194 osten-

387 4213 579 4279 dendo
626 4215 1022 4298 gravitatem,
1072 4236 1258 4299 quam
1307 4217 1529 4281 merito
1574 4217 1876 4284 debemus
1924 4219 2341 4300 assumpsisse
2389 4220 2462 4281 de
2524 4217 2850 4282 inhonesto
2916 4218 3113 4294 mod0,

385 4320 559 4383 quem
606 4304 953 4381 tenuerunt,
1002 4306 1357 4382 recitanteS,
1410 4324 1592 4389 quam
1638 4305 1899 4388 benigne
1947 4309 2010 4370 et
2055 4306 2318 4371 dulciter
2366 4324 2466 4370 eos
2522 4324 2765 4386 semper
2811 4305 3111 4374 tractavi-

385 4408 517 4454 mus
565 4393 630 4455 et
675 4393 947 4456 tractare
991 4391 1393 4468 intendimus,
1445 4395 1775 4474 procurent
1826 4394 1991 4475 ipsos
2039 4412 2327 4458 amouere
2376 4396 2439 4457 et
2485 4392 2875 4457 reconciliare
2899 4412 3116 4476 quam-

385 4478 599 4542 melius
643 4480 955 4561 poterunt,
1008 4481 1072 4542 et
1116 4479 1280 4545 facto
1324 4480 1459 4558 hoc,
1508 4479 1741 4544 faciant
1790 4498 2003 4544 omnes
2052 4485 2176 4546 tres
2240 4480 2702 4564 inquisitionem
2750 4481 3116 4564 diligentem

384 4564 456 4629 de
500 4567 639 4644 hiiS,
690 4566 795 4649 qui
844 4566 1184 4648 culpabiles
1247 4566 1496 4631 fuerunt
1559 4585 1850 4632 excessus
1914 4568 2174 4649 prefati,
2237 4569 2301 4631 et
2364 4569 2436 4630 de
2486 4566 2650 4641 illis,
2718 4567 2822 4647 qui
2869 4568 3117 4654 fuerunt-

386 4654 581 4735 magis
628 4653 989 4736 culpabileS,
1043 4654 1301 4719 mittant
1346 4659 1473 4719 tres
1522 4654 1622 4718 vel
1668 4658 1942 4737 quatuor
1987 4653 2332 4730 VeneciaS,
2404 4656 2472 4717 ut
2510 4652 2709 4735 possit
2755 4654 2889 4717 fieri
2937 4655 3113 4730 illud,

387 4741 540 4822 quod
587 4740 776 4805 fuerit
823 4740 1014 4805 honor
1060 4745 1302 4819 noster3
1366 4743 1731 4840 imponendo
1804 4741 1968 4819 illis,
2034 4760 2188 4824 quos
2251 4739 2805 4804 determinaverint
2865 4741 3115 4803 mittere
