3620 5282
540 339 671 405 366

542 535 657 598 que
704 534 812 596 per
857 513 994 579 illos
1042 514 1161 577 sibi
1209 516 1458 597 arrepta
1504 514 1749 578 fueraut
1793 516 1859 578 et
1906 513 2180 579 indebite
2233 515 2625 594 tenebantur,
2682 515 2790 579 sed
2831 516 2972 598 quia
3006 515 3273 593 sciebat,

543 604 981 684 imperatorem
1029 603 1312 665 Basitum
1363 604 1652 666 continno
1699 602 1993 667 anhelare
2042 602 2117 667 ad
2167 603 2583 667 rehabendum
2647 604 2972 668 civitatem
3015 604 3267 686 predic·

543 695 698 767 tam,
746 693 818 753 ut
860 709 998 754 cnm
1044 691 1178 771 ipsa
1222 694 1429 772 posset
1473 691 1679 772 partes
1725 691 1879 753 alias
1928 689 2375 754 circhavicinas
2425 694 2556 755 tam
2604 709 2747 754 suas
2780 710 2962 773 quam
2996 693 3267 757 aliorum

544 779 607 841 in
655 781 1081 860 contemptum
1132 777 1456 841 christiani
1528 779 1798 841 nominis
1856 778 2103 842 facilius
2166 779 2517 860 subiugare,
2592 781 2858 843 maxime
2926 779 3277 857 dubitabat,

541 884 689 949 ymo
734 865 1080 929 clarissime
1128 867 1552 948 cognoscebat,
1604 865 1737 947 ipsa
1782 866 1914 929 loca
1960 864 2289 930 defendere
2338 871 2405 931 et
2451 871 2854 931 manutenere
2904 885 3022 930 non
3072 886 3279 950 posse,

544 956 608 1015 et
654 955 977 1034 propterea
1026 970 1135 1033 pro
1184 955 1406 1017 honore
1450 953 1586 1017 fidei
1636 954 1894 1017 catolice
1942 957 2005 1016 et
2050 953 2252 1017 salute
2300 955 2648 1018 animarum
2694 959 2756 1019 et
2802 973 3125 1036 corporum
3174 956 3275 1020 tot

539 1040 819 1104 fidelium
870 1040 1372 1116 christianorum,
1423 1045 1572 1122 quot
1616 1045 1761 1104 sunt
1810 1041 1871 1103 in
1918 1042 2200 1122 partibus
2246 1044 2595 1113 antedictis,
2656 1044 2883 1123 requiri
2933 1043 3000 1107 et
3064 1043 3273 1126 rogari

546 1128 765 1192 fecerit
810 1128 1277 1191 serenissimum
1321 1129 1641 1192 dominum
1681 1130 1904 1192 ducem
1956 1129 2299 1209 predictum
2347 1132 2412 1194 et
2457 1149 2642 1194 suum
2702 1131 3069 1205 dominium,
3119 1149 3276 1213 qua-

539 1218 721 1279 tenus
766 1220 1089 1297 tamquam
1139 1215 1516 1279 christianus
1563 1217 1851 1298 princeps
1890 1218 2056 1280 velet
2102 1218 2304 1298 ipsam
2339 1219 2660 1282 civitatem
2695 1216 2940 1282 Scutari
2966 1224 3032 1282 et
3064 1218 3279 1283 locum

542 1303 817 1367 Drivasti
866 1308 931 1366 et
976 1308 1147 1367 certa
1193 1304 1316 1367 alia
1364 1303 1499 1368 loca
1545 1323 1658 1368 sna
1699 1304 1813 1368 sub
1864 1305 2155 1382 dominio,
2206 1307 2514 1387 potestate
2564 1309 2627 1369 et
2662 1306 2934 1386 potentia
2968 1324 3080 1370 sua
3103 1306 3273 1370 reci-

546 1409 689 1472 pere
737 1392 801 1454 et
847 1394 1190 1473 acceptare,
1240 1410 1379 1455 cum
1422 1394 1674 1472 paratus
1714 1392 1801 1455 sit
1847 1392 1957 1455 illa
2005 1411 2144 1457 cum
2173 1393 2411 1457 iuribus
2444 1398 2507 1457 et
2546 1394 3078 1458 iurisdictionibus
3112 1393 3271 1471 suiS,

548 1479 817 1542 dominio
866 1497 1033 1543 mero
1081 1481 1145 1542 et
1193 1479 1382 1543 mixto
1415 1479 1674 1562 imperio
1722 1479 1988 1543 illariter
2035 1481 2155 1542 sibi
2188 1480 2352 1556 dare,
2389 1482 2461 1545 ut
2502 1481 2593 1544 ita
2624 1481 2778 1545 salvi
2806 1482 2960 1545 fiant
3003 1480 3274 1546 subiecti

548 1566 756 1648 populi
807 1566 868 1629 in
903 1567 1086 1630 terris
1132 1566 1303 1648 ipsiS,
1353 1568 1417 1630 et
1458 1586 1567 1648 per
1612 1586 1993 1648 consequens
2040 1569 2203 1631 idem
2254 1568 2544 1632 dominus
2591 1568 2898 1651 Georgius
2936 1587 3075 1634 cum
3125 1568 3278 1633 aliis

545 1654 730 1717 terris
777 1657 843 1718 et
888 1654 1042 1718 locis
1088 1656 1216 1718 suis
1266 1655 1645 1718 restantibus
1692 1658 1757 1717 et
1802 1655 1986 1718 ceteri
2034 1655 2432 1721 circhavicini
2506 1656 2775 1737 partium
2825 1656 3275 1739 predictarum.

546 1741 635 1805 Et
679 1742 814 1822 ipse
861 1741 1326 1805 illustrissimus
1373 1747 1435 1805 et
1482 1741 2041 1806 excellentissimus
2104 1744 2390 1807 dominus
2455 1745 2738 1809 dominus
2784 1745 2908 1808 dux
2970 1763 3276 1826 suumque

545 1829 891 1893 dominium
935 1830 1357 1904 Venetiarum,
1405 1829 1556 1894 licet
1602 1829 1768 1894 clare
1816 1831 2065 1896 videant
2110 1835 2175 1896 et
2218 1834 2594 1914 cognoscant
2639 1832 2825 1896 dubia
2871 1835 2935 1896 et
2968 1832 3269 1915 pericula,

541 1916 789 1981 labores
837 1917 1026 1981 etiam
1074 1920 1138 1981 et
1183 1935 1502 2000 expensas,
1549 1919 1654 2000 qui
1698 1922 1762 1981 et
1812 1938 1932 2000 que
1979 1919 2345 2002 plerumque
2387 1919 2593 1984 solent
2638 1940 2710 1984 ex
2757 1920 2992 1984 talibus
3060 1921 3260 1984 intro·

542 2004 945 2068 missionibus
1014 2006 1275 2081 evenire,
1347 2023 1557 2069 eorum
1627 2007 2088 2088 progenitorum
2159 2007 2423 2091 vestigia
2491 2003 2833 2083 imitantes,
2901 2009 3062 2072 inter
3107 2007 3266 2072 alios

542 2091 934 2156 christicolas
976 2093 1229 2156 fuerunt
1277 2111 1522 2173 semper
1571 2112 1710 2158 vere
1760 2095 1898 2158 fidei
1948 2094 2218 2160 cultores
2267 2099 2329 2159 et
2374 2096 2694 2177 prencipui
2732 2095 3106 2172 defensoreS,
3141 2095 3271 2158 dis-

543 2180 729 2260 positi
776 2178 920 2254 sint,
968 2180 1266 2261 predictis
1313 2180 1518 2244 dubiis
1566 2185 1629 2246 et
1674 2181 1965 2263 periculis
1996 2183 2073 2245 ob
2115 2183 2211 2247 dei
2242 2183 2645 2248 reverentiam
2692 2184 3120 2266 prostergatiS,
3156 2202 3266 2265 pro

542 2268 1005 2331 conservatione
1051 2267 1193 2331 fidei
1245 2286 1352 2331 sue
1398 2271 1608 2332 sancte
1656 2273 1720 2332 et
1766 2270 1968 2333 salute
2017 2272 2112 2335 tot
2157 2270 2433 2334 fidelium
2479 2271 2962 2336 christianorum
2997 2272 3057 2334 in
3092 2288 3262 2334 com-

539 2353 849 2436 placentia
894 2357 1087 2419 etiam
1133 2354 1282 2420 dicti
1330 2355 1562 2420 domini
1612 2355 1886 2439 Georgii,
1936 2377 2119 2441 quem
2161 2359 2397 2423 sincere
2443 2358 2794 2423 dilexerunt
2839 2360 2904 2423 et
2968 2359 3263 2440 diligunt,

543 2444 744 2523 ipsam
795 2443 1115 2507 civitatem
1166 2443 1410 2508 Scutari
1459 2448 1523 2507 et
1566 2444 1690 2509 alia
1736 2445 1890 2522 loca,
1940 2464 2057 2528 qne
2126 2446 2215 2511 eis
2285 2447 2433 2510 dare
2494 2448 2652 2523 vult,
2718 2466 2794 2511 ne
2862 2446 3124 2511 redeant
3185 2447 3266 2510 ad

542 2549 759 2595 manus
804 2529 1077 2611 ipsorum
1140 2531 1525 2595 Turchorum
1598 2537 2059 2614 persecutorum
2134 2534 2348 2598 christi
2427 2535 2695 2599 nominis
2770 2537 3113 2616 acceptare.
3196 2535 3266 2598 Id

541 2619 704 2683 circo
753 2618 981 2683 nobilis
1029 2620 1092 2681 et
1139 2618 1385 2700 sapiens
1423 2621 1518 2685 vir
1565 2620 1849 2686 dominus
1913 2620 2203 2687 Nicolaus
2269 2622 2577 2705 Delphino
2647 2624 2957 2705 quondam
3026 2621 3267 2687 domini

544 2706 824 2771 Galeacii
903 2705 1282 2770 honorabilis
1329 2708 1482 2771 civis
1553 2708 1975 2786 Venetiarum,
2042 2710 2313 2775 sindicus
2386 2714 2449 2774 et
2510 2714 2871 2793 procurator
2932 2729 3006 2776 ac
3079 2729 3274 2793 nego-

545 2794 778 2858 tiorum
826 2795 1036 2876 gestor
1084 2795 1274 2875 ipsius
1316 2797 1691 2860 serenissimi
1741 2800 1805 2862 et
1851 2799 2360 2862 excellentissimi
2408 2798 2642 2862 domini
2706 2798 2941 2863 domini
3011 2798 3272 2863 Antonii

544 2882 812 2946 Venerio
858 2882 955 2945 dei
1004 2882 1209 2964 gratia
1255 2882 1453 2947 incliti
1498 2883 1671 2949 ducis
1718 2884 2125 2950 Venetiarnm
2175 2888 2292 2950 etc.
2360 2891 2422 2949 et
2478 2891 2823 2950 communis
2858 2887 3267 2951 venetiarum

544 2971 621 3034 ad
669 2969 1066 3052 infrascripta
1111 2972 1175 3035 et
1220 2970 1341 3034 alia
1389 2974 1722 3036 exercenda
1770 2973 2124 3054 specialiter
2166 2975 2408 3038 creatus
2454 2974 2520 3037 et
2557 2975 2952 3051 constitutae,
3001 2977 3075 3038 ut
3118 2992 3273 3038 con-

542 3060 672 3121 stat
718 3056 1131 3121 instrumento
1180 3058 1427 3139 publico
1474 3060 1817 3125 sindicatus
1864 3063 2094 3144 scripto
2141 3080 2325 3125 manu
2374 3062 2608 3144 providi
2655 3062 2768 3126 visi
2818 3061 3126 3126 Johannis
3191 3061 3273 3125 de

544 3144 771 3209 Ottedo
818 3146 1119 3227 quondam
1170 3165 1268 3210 ser
1312 3144 1557 3211 Andree
1606 3148 1913 3229 imperiali
1960 3150 2331 3214 auctoritate
2374 3149 2595 3213 notarii
2641 3155 2703 3214 et
2747 3150 3014 3214 ducatus
3057 3149 3271 3214 Vene-

546 3232 784 3296 tiarum
834 3233 1034 3297 scribe
1084 3234 1373 3314 predictis
1420 3253 1578 3299 anno
1625 3239 1689 3299 et
1732 3236 2085 3315 indictione,
2127 3237 2226 3300 die
2272 3255 2417 3302 vero
2452 3238 2753 3320 vigesimo
2786 3238 2986 3318 primo
3024 3241 3271 3302 mensis

543 3321 783 3397 marcii,
829 3339 864 3384 a
912 3340 1010 3385 me
1057 3322 1291 3385 notario
1340 3321 1729 3404 infrascripto
1779 3324 1909 3389 viso
1956 3328 2020 3388 et
2079 3323 2259 3403 lect0,
2330 3324 2663 3389 sindicario
2725 3325 2972 3389 nomine
3038 3324 3273 3406 prefati

542 3408 775 3472 domini
824 3408 995 3472 ducis
1044 3412 1108 3473 et
1154 3412 1499 3474 communis
1550 3411 1950 3476 Venetiarum
1997 3432 2070 3477 ex
2120 3416 2290 3493 parte
2338 3433 2476 3491 una,
2519 3416 2583 3477 et
2620 3413 2847 3477 nobilis
2880 3432 2955 3476 ac
2987 3412 3269 3478 circnm-

541 3496 736 3575 specti
783 3496 897 3559 viri
944 3495 1230 3560 dominus
1277 3498 1511 3580 Helyas
1558 3500 1870 3580 quondam
1915 3501 2140 3564 Marini
2189 3505 2251 3563 et
2298 3499 2622 3565 Chinesius
2685 3501 3047 3583 supradicti,
3124 3503 3264 3564 sin-

541 3582 682 3660 dici,
734 3588 1160 3663 procuratores
1208 3588 1271 3649 et
1318 3586 1701 3668 negotiorum
1748 3593 2026 3669 gestores
2073 3588 2223 3652 dicti
2272 3590 2587 3671 magnifici
2618 3589 2682 3653 et
2715 3589 2990 3670 potentis
3023 3589 3269 3653 domini

541 3671 778 3734 domini
825 3671 1070 3754 Georgii
1120 3671 1504 3737 Stracimerii
1552 3675 1623 3738 de
1674 3675 1898 3753 Balsis,
1944 3676 2240 3740 habentes
2288 3677 2579 3741 similiter
2620 3677 2696 3741 ad
2746 3676 3150 3758 infrascripta
3199 3680 3274 3742 et

543 3760 665 3823 alia
704 3759 983 3824 facienda
1026 3761 1447 3842 plenissimam
1489 3762 1863 3837 libertatem,
1933 3766 2004 3826 ut
2063 3766 2306 3828 constat
2367 3764 2612 3845 publico
2658 3765 3078 3828 instrumento
3125 3784 3274 3846 pro-

542 3847 835 3911 curatorii
881 3849 944 3911 et
987 3848 1282 3924 mandati,
1332 3851 1559 3930 scripto
1610 3870 1794 3915 manu
1839 3850 2142 3915 Johannis
2190 3851 2265 3916 de
2309 3852 2590 3935 Morigiis
2637 3853 2946 3933 quondam
3000 3852 3273 3918 Antonii

543 3936 616 3997 de
665 3934 1013 3999 Mediolano
1061 3936 1369 4017 imperiali
1418 3938 1790 4003 anctoritate
1839 3939 2062 4003 notarii
2096 3939 2158 4002 in
2194 3940 2563 4004 millessimo
2596 3940 3035 4005 trecentesimo
3071 3958 3271 4006 nona-

540 4023 778 4105 gesimo
824 4025 1055 4105 quint0,
1106 4023 1436 4088 indictione
1481 4030 1716 4106 quarta,
1767 4027 1863 4092 die
1911 4027 2151 4091 decimo
2198 4028 2430 4092 mensis
2480 4029 2849 4105 novembriS,
2900 4029 2962 4091 in
3010 4028 3278 4094 civitate

543 4110 856 4192 Dulcigni,
906 4130 942 4176 a
990 4131 1086 4176 me
1130 4114 1368 4176 notario
1418 4112 1815 4196 infrascripto
1862 4114 2051 4181 etiam
2101 4116 2230 4180 viso
2277 4119 2340 4179 et
2385 4117 2563 4192 lecte,
2614 4136 2684 4179 ex
2718 4115 2890 4197 parte
2922 4115 3150 4192 altera,
3186 4117 3270 4181 ad

543 4196 943 4349 ἓηξωεοᾶἰρω
990 4203 1174 4351 ραοῐὲε,
1218 4203 1284 4263 et
1327 4202 1755 4267 conventiones
1803 4207 2038 4285 sponte,
2080 4202 2441 4283 deliberate,
2487 4204 2860 4268 unanimiter
2894 4208 2963 4268 et
3009 4223 3276 4270 concor-

591 4307 608 4349 1
645 4306 708 4349 er
807 4305 1106 4351 evenerun
1147 4336 1159 4349 .

755 4392 961 4455 Primo
1007 4392 1276 4473 quidem,
1326 4392 1484 4474 qnod
1534 4395 1666 4476 ipse
1714 4395 2085 4478 magnificus
2162 4397 2449 4461 dominus
2520 4396 2821 4480 Georgius
2869 4394 3275 4477 Stracimeri,

543 4478 825 4542 dominus
873 4480 1079 4549 Zente‚
1130 4481 1274 4543 dare
1323 4482 1544 4546 debeat
1590 4482 1705 4563 ipsi
1754 4484 2151 4549 serenissimo
2193 4485 2438 4549 domino
2485 4486 2620 4549 duci
2669 4490 2731 4548 et
2777 4486 3092 4549 communi
3148 4486 3278 4551 Ve-

543 4567 849 4629 netiarum
898 4586 1007 4631 seu
1055 4568 1425 4631 habentibus
1474 4572 1551 4633 ab
1580 4573 1686 4634 ‚eis
1730 4573 2058 4636 arbitrium
2110 4576 2173 4637 et
2233 4575 2605 4653 potestatem
2668 4574 2804 4654 ipsa
2850 4573 2990 4636 loca
3036 4573 3277 4656 accipi·

544 4652 685 4715 endi
721 4657 784 4715 et
828 4655 1206 4735 acceptandi,
1258 4655 1578 4721 civitatem
1628 4657 1880 4723 Scutari
1925 4679 2067 4724 cum
2117 4665 2324 4725 castro
2372 4680 2483 4725 suo
2531 4664 2594 4724 et
2640 4680 2779 4725 cum
2829 4662 3125 4725 omuibus
3175 4664 3280 4726 in-

543 4739 852 4822 troitibuS,
927 4742 1201 4820 dohaniS,
1279 4744 1486 4823 datiis,
1544 4747 1821 4830 pedagiis
1890 4750 1955 4811 et
2015 4749 2281 4830 gabellis
2347 4752 2480 4814 tam
2540 4749 2741 4814 sancti
2800 4748 3008 4832 Sergii
3069 4768 3268 4832 qnam
