3620 5282
498 410 581 472 68

976 580 1107 662 cl.
1161 579 1367 662 Gon.
1404 578 1633 661 1348.
1687 579 1794 661 20
1851 577 2196 679 oiujka‚
2246 600 2306 658 u
2359 578 2750 659 mete-ih.

494 707 764 775 Εἰεὲεηο,
808 706 887 763 da
932 722 993 764 se
1033 707 1206 779 dique
1252 724 1293 763 u
1340 705 1668 777 Dalmaczji
1712 706 1784 762 do
1835 706 1962 762 500
2006 722 2289 762 mornara
2334 721 2409 763 za
2448 705 2665 777 yal-ijffi·
2714 704 2738 761 i
2783 704 2864 760 da
2906 719 2968 761 se
3001 719 3222 775 pozovc

580 795 761 853 Kresi
800 795 990 851 Juretn
1036 795 1319 867 Dchunac
1367 792 1699 861 Zadran-in,
1761 793 1916 849 nelca
1960 809 2020 850 se
2067 808 2142 849 za
2189 793 2269 850 15
2311 792 2474 851 dana
2519 809 2560 849 u
2607 790 2829 849 Mletke
2865 793 3130 863 pom-ati.

712 894 899 958 1348.
949 894 1047 958 die
1094 895 1179 957 20
1225 895 1460 970 marcii,
1523 896 1733 975 capta:
1799 893 1958 976 quod
2019 893 2215 974 possit
2272 894 2439 957 mitti
2502 893 2757 958 Jadram
2820 895 2886 957 et
2943 893 3020 956 ad
3066 893 3220 957 alias

497 983 697 1047 terras
745 985 990 1046 nostras
1039 981 1360 1046 Sclavonie
1421 1000 1531 1064 pro
1580 981 1933 1045 soldizando
1980 981 2258 1044 homines
2303 982 2358 1042 V
2404 983 2650 1045 centum
2692 999 2801 1063 pro
2864 981 3060 1062 galeis
3112 999 3219 1043 no-

497 1072 643 1134 stris
690 1069 936 1153 culphy,
985 1069 1149 1133 sicut
1194 1069 1501 1133 videbitur
1552 1067 1834 1145 domin0,
1892 1068 2258 1132 consiliariis
2321 1071 2384 1132 et
2443 1068 2750 1152 capitibus
2818 1068 2890 1131 de
2945 1067 3074 1144 XL,
3127 1067 3224 1131 vel

492 1157 711 1222 maiori
750 1157 915 1238 parti
960 1156 1254 1238 ipsorum.

705 1243 942 1326 Capta:
994 1244 1151 1326 quod
1202 1242 1405 1307 Cressi
1450 1243 1524 1306 de
1572 1242 1838 1325 Georgio
1891 1242 1964 1305 de
1989 1241 2196 1320 Jadre,
2247 1244 2585 1307 confinatus
2633 1242 2733 1306 hic
2767 1242 3044 1306 Venetiis
3078 1260 3217 1305 cum

493 1331 653 1411 aliie,
703 1332 807 1414 qui
854 1331 1096 1413 aufugit
1137 1331 1268 1394 sine
1315 1330 1575 1395 licencia
1622 1334 1683 1393 et
1730 1335 1943 1395 contra
1982 1332 2192 1393 nostra
2223 1333 2535 1408 mandata,
2585 1330 2806 1394 debeat
2842 1329 3206 1410 proclamari

492 1419 556 1482 in
603 1419 787 1483 scalis
832 1418 1122 1495 Rivoalti,
1172 1419 1242 1481 ut
1286 1417 1350 1481 in
1410 1419 1486 1481 15
1528 1418 1659 1482 dies
1702 1417 1928 1482 debeat
1975 1436 2325 1498 comparere
2373 1417 2449 1480 ad
2482 1416 2888 1481 excusandum
2932 1436 3016 1493 se,
3051 1417 3208 1480 alio-

493 1508 657 1588 quin,
696 1508 829 1589 ipso
877 1507 1138 1571 termino
1186 1505 1415 1588 elapSO,
1465 1505 1830 1588 procedatur
1890 1508 2103 1569 contra
2168 1506 2368 1585 ipsum
2418 1507 2481 1568 et
2521 1506 2651 1568 eius
2701 1504 2890 1581 bona,
2957 1522 3069 1568 sua
3116 1504 3223 1567 ab·

497 1594 700 1658 sentia
744 1611 862 1657 non
911 1593 1216 1657 obstante.

581 1685 762 1743 Misti
813 1684 1055 1745 XXIV.
1106 1686 1206 1753 68,
1243 1701 1285 1741 u
1329 1684 1669 1742 mletadkom
1714 1683 1948 1742 arkivu.

952 1872 1131 1954 CII.
1189 1871 1394 1954 God.
1433 1870 1663 1953 1348.
1719 1870 1827 1952 20
1866 1870 2205 1971 oZujka,
2259 1893 2318 1951 u
2376 1870 2769 1951 Mletcih.

491 1997 788 2059 Naloieno
834 1999 1023 2057 knezu
1069 1998 1479 2066 sibenich-omn,
1529 1998 1608 2055 da
1639 1999 1809 2069 nJ'eko
1840 1997 2088 2069 vdesenjc
2121 1996 2336 2066 izers&
2376 2015 2414 2054 α
2451 1997 2888 2069 vaadstojnikom
2919 2014 2960 2054 u
2994 1995 3219 2067 Ζαᾱνα,

492 2088 575 2145 da
621 2087 772 2145 σι’-εἶα
817 2087 1092 2159 vojnic'ku
1156 2087 1303 2153 cetu,
1365 2086 1504 2156 koja
1538 2086 1604 2157 ,ie
1665 2102 1875 2143 onamo
1940 2084 2374 2157 odpremljena,
2416 2085 2671 2156 odpravc
2719 2102 2759 2141 u
2804 2084 3062 2152 Mlctke,
3111 2086 3221 2141 ako

1267 2174 1391 2245 mje
1436 2190 1510 2232 za
1555 2174 1858 2246 siyurnost
1898 2173 2093 2244 yrada
2128 2173 2444 2244 potrebz'ta.

706 2275 895 2340 1348.
942 2275 1038 2339 die
1086 2275 1204 2339 XX
1267 2273 1503 2351 marcii,
1569 2274 1767 2356 prime
1830 2274 2203 2350 indictionis,
2274 2275 2486 2355 capta:
2554 2275 2712 2355 quod
2775 2273 2981 2337 littere
3058 2272 3216 2336 alias

488 2363 676 2426 misse
726 2363 1113 2427 Sibinichum
1161 2380 1270 2444 pro
1317 2379 1520 2425 sorore
1566 2362 1786 2426 Barthi
1837 2362 1912 2425 de
1947 2362 2210 2437 SloratO,
2260 2362 2636 2442 replicentur
2686 2360 2747 2422 in
2790 2362 2988 2424 forma
3033 2361 3220 2424 solita

490 2450 703 2514 comiti
752 2453 814 2515 et
855 2449 1164 2513 iudicibus
1213 2449 1490 2524 Sibinici,
1539 2450 1907 2513 auctoritate
1957 2448 2136 2512 huius
2185 2448 2443 2525 consilii,
2478 2447 2776 2524 addendo,
2825 2448 2983 2530 quod
3014 2466 3218 2511 comes

490 2540 552 2601 et
597 2537 827 2601 iudices
877 2536 1179 2602 Sibinichi
1243 2540 1488 2601 servent
1534 2539 1597 2600 et
1643 2535 1909 2613 faciant,
1976 2537 2136 2599 sicut
2183 2537 2243 2598 in
2313 2535 2492 2598 dictis
2556 2536 2784 2599 litteris
2852 2536 3217 2613 continetur,

486 2644 605 2690 non
654 2625 940 2690 obstante
987 2623 1198 2707 aliqua
1244 2624 1550 2706 sententia
1596 2644 1703 2688 seu
1730 2622 2176 2700 terminatione,
2228 2643 2342 2706 que
2389 2621 2555 2687 facta
2602 2622 2762 2686 foret
2787 2643 2895 2705 per
2945 2623 3213 2706 aliquem

484 2731 902 2796 precessorum
952 2731 1203 2777 suorum
1250 2731 1357 2776 seu
1406 2732 1514 2794 per
1560 2712 1794 2776 curiam
1845 2712 2124 2776 Sibinici.

698 2799 930 2884 Capta:
980 2799 1141 2882 quod
1189 2801 1496 2864 scribat-ur
1529 2799 1741 2862 comit-i
1790 2801 1854 2863 et
1901 2798 2268 2862 consiliariis
2310 2796 2522 2876 Jadre,
2574 2798 2732 2881 quod
2775 2799 2913 2863 illos
2948 2800 3211 2879 quatuor

492 2889 736 2951 nostros
785 2887 1041 2965 nobiles,
1091 2888 1247 2969 quod
1297 2888 1490 2968 pridie
1537 2887 1823 2950 misimus
1869 2887 2148 2964 Jadram,
2203 2889 2266 2949 et
2307 2884 2448 2949 illos
2494 2886 2731 2968 pedites
2781 2890 3066 2964 centurn,
3116 2885 3220 2968 qui

488 2974 736 3038 iverunt
781 2994 918 3038 cum
967 2975 1075 3050 eiS,
1126 2975 1176 3038 si
1223 2975 1316 3037 illi
1365 2974 1917 3056 Jad1·enseS,quos
1964 2974 2052 3037 eis
2092 2974 2470 3055 scripsimuS,
2521 2975 2679 3056 quod
2729 2975 3024 3037 deberent
3072 2976 3218 3038 mit-

489 3062 620 3125 tere
660 3064 833 3126 extra
878 3061 1154 3139 Jadram,
1207 3063 1592 3126 recesserunt
1653 3061 1727 3125 de
1793 3062 2390 3139 Jadra,remitte1e
2456 3062 2721 3127 debeant
2766 3062 3100 3138 veneciae,
3166 3062 3218 3124 si

485 3147 605 3211 alie
656 3150 965 3212 novitates
1013 3149 1096 3212 ibi
1141 3149 1531 3231 postmodum
1594 3166 1711 3211 non
1776 3150 2293 3230 supervenerunt,
2357 3152 2421 3213 et
2467 3149 2520 3212 si
2567 3149 2654 3212 eis
2719 3148 2980 3227 videtur,
3056 3147 3215 3230 quod

484 3235 693 3299 redere
738 3236 978 3317 possint
1026 3236 1321 3301 Venecias
1370 3237 1500 3300 sine
1547 3235 1820 3317 periculo
1870 3238 2031 3298 terre
2063 3235 2270 3300 Jadre.

569 3326 749 3384 Misti
800 3326 1030 3384 XXIV
1071 3328 1171 3396 68,
1220 3345 1261 3384 u
1308 3328 1523 3385 arkivu
1568 3327 1773 3385 mletac
1758 3327 1926 3384 Rom.

907 3496 1136 3580 CIII.
1193 3497 1399 3579 eoo.
1455 3497 1683 3579 1348.
1740 3498 1842 3580 23
1898 3497 2236 3598 ozujka,
2291 3520 2351 3578 u
2403 3496 2795 3578 metam.

492 3623 777 3695 Izkazuje
842 3640 902 3681 se
949 3626 1146 3696 jaima
1204 3623 1549 3681 zahvalnost
1591 3623 1833 3697 Frarqju
1891 3625 1960 3682 de
2011 3623 2362 3695 Ordelaphis
2414 3623 2753 3696 yospodaru
2801 3622 3010 3680 Forlia
3054 3626 3207 3692 εαιο,

599 3711 687 3769 §to
724 3727 785 3769 se
819 3711 977 3783 pred
1020 3711 1348 3783 agyam-hrt).
1396 3711 1642 3783 kraljem
1690 3730 1731 3770 u
1776 3712 2052 3783 Napulju
2092 3728 2164 3770 za
2209 3711 2487 3768 mletadke
2534 3711 2724 3768 senari
2766 3712 3091 3769 zauzimao.

696 3813 885 3875 1348.
935 3812 1035 3877 die
1084 3811 1297 3875 XXIII
1345 3813 1570 3891 martii,
1620 3815 1836 3894 capta:
1896 3831 2035 3875 cum
2085 3811 2365 3876 dominus
2416 3811 2781 3877 Franciscus
2830 3815 2902 3877 de
2951 3812 3208 3878 Ordela-

487 3896 673 3982 phiis,
722 3900 1006 3964 dominus
1056 3900 1445 3976 Francolivii,
1496 3900 1824 3981 aplicuerit
1887 3899 2265 3976 Forlivium,
2330 3903 2392 3964 et
2439 3900 2592 3963 utile
2640 3908 2702 3963 et
2748 3902 3074 3966 honestum
3124 3901 3208 3964 sit

488 3986 826 4064 ostendere,
866 3986 944 4050 ad
992 3990 1240 4069 gratum
1272 3988 1493 4051 habere
1541 3992 1603 4050 et
1650 3988 1877 4051 bonum
1927 4004 2031 4065 ea,
2092 4005 2207 4068 que
2268 3986 2433 4050 idem
2496 3988 2780 4052 dominus
2827 3990 2888 4052 in
2936 3989 3216 4053 nostrum

488 4073 760 4137 favorem
807 4093 954 4157 erga
1000 4075 1314 4138 dominum
1366 4094 1573 4156 regem
1622 4076 1939 4156 Hungarie
1996 4075 2205 4138 extitit
2249 4079 2576 4157 operatus,
2643 4077 3003 4154 consulunt,
3055 4077 3214 4159 quod

487 4160 562 4223 ad
607 4160 925 4224 dominum
973 4163 1354 4225 antedictum
1402 4163 1872 4226 transmittatur
1920 4161 2240 4226 Nicolinus
2285 4164 2561 4227 notarius
2608 4166 2772 4227 curie
2807 4164 3077 4242 maioris,
3112 4163 3210 4228 cui

487 4248 935 4326 committatur,
984 4250 1143 4332 quod
1192 4251 1332 4331 post
1379 4250 1818 4313 salutationem
1869 4250 1986 4313 sibi
2035 4249 2264 4313 factam
2307 4270 2419 4333 pro
2444 4255 2619 4333 parte
2667 4253 2893 4327 nostra,
2945 4255 3207 4333 exponat

483 4334 702 4411 eidem,
756 4338 912 4417 quod
939 4336 1359 4400 intelleximus
1407 4338 1470 4400 et
1515 4337 1850 4400 habuimus
1896 4356 2006 4419 per
2053 4337 2295 4402 litteras
2345 4340 2536 4403 nostri
2586 4339 2855 4402 consulis
2889 4338 3212 4420 NeapoliS,

476 4423 638 4502 quod
676 4422 811 4503 ipse
858 4424 1153 4488 tractavit
1200 4425 1263 4486 et
1308 4417 1657 4504 procurarit
1704 4442 1851 4506 erga
1898 4424 2213 4488 dominum
2278 4445 2485 4524 regem
2538 4426 2856 4509 Hungarie
2924 4426 3211 4491 honorem

480 4511 783 4587 nostrum,
834 4509 909 4573 de
956 4528 1074 4591 quo
1124 4510 1440 4573 dilectioni
1488 4529 1594 4575 sue
1644 4513 1941 4594 tanquam
1989 4514 2185 4576 amico
2217 4514 2503 4595 precipuo
2553 4516 2616 4577 et
2655 4513 2998 4579 honorabili
3045 4513 3198 4577 refe·

481 4595 679 4660 rimus
725 4597 1058 4660 immensas
1105 4598 1373 4678 gratias;
1424 4599 1485 4660 et
1532 4617 1671 4662 vere
1719 4618 1880 4662 nunc
1925 4599 2002 4662 ab
2054 4603 2299 4680 experto
2348 4601 2776 4684 cognoscimus
2840 4600 3039 4681 operis
3097 4618 3202 4680 per

474 4681 766 4746 effectum
815 4684 1202 4765 antiquatam
1249 4682 1728 4748 benivolentiam
1780 4687 1843 4749 et
1889 4704 2182 4764 amorem,
2231 4707 2415 4770 quem
2462 4689 2536 4753 ad
2573 4706 2680 4752 nos
2710 4706 2952 4769 semper
2996 4703 3205 4767 gerere

471 4770 535 4834 et
580 4770 808 4835 habere
856 4771 1156 4847 ostendit,
1207 4773 1270 4835 et
1315 4770 1466 4835 licet
1516 4790 1793 4836 essemus
1840 4773 2082 4838 cunctis
2126 4775 2459 4841 honoribus
2506 4779 2568 4841 et
2625 4773 3026 4859 beneplacitis
3081 4773 3209 4838 suis
