3620 5282
561 316 687 383 152

555 493 714 559 simo
783 493 997 577 prime,
1069 494 1404 559 indictione
1459 496 1698 578 quarta,
1770 496 1870 561 die
1930 496 2092 579 jovis
2159 496 2396 562 decimo
2457 498 2668 564 octavo
2737 500 2961 564 mensis
3026 501 3263 582 apriliS,

555 583 779 661 Padue,
829 585 891 647 in
937 582 1190 666 palaciis
1235 584 1690 649 habitationum
1733 585 2260 668 infrascriptorum
2323 586 2705 651 dominorum
2775 590 2968 670 patris
3031 591 3095 653 et
3152 590 3261 654 filii

555 671 616 734 in
651 689 898 736 camera
944 691 981 735 a
1026 671 1292 753 quadriS,
1345 672 1732 755 presentibus
1778 674 2045 757 egregiis
2092 677 2156 738 et
2200 675 2469 739 strenuis
2517 675 2823 740 militibus
2869 678 3113 741 domino
3144 678 3262 741 Bo-

553 758 774 823 nifacio
839 759 914 823 66
984 759 1213 841 Luppis
1281 760 1356 823 de
1414 759 1639 826 Parma
1708 762 2062 827 marchione
2120 763 2402 835 Soranee,
2474 764 2600 827 filio
2664 766 2967 847 quondam
3031 765 3259 848 egregii

553 846 776 911 militis
821 848 1049 911 domini
1099 848 1383 931 Ugulotti
1432 849 1505 913 de
1551 850 1782 932 Luppis
1829 850 1902 915 de
1950 852 2172 914 Parma
2216 851 2291 916 de
2333 853 2649 917 contracta
2694 853 2892 916 sancti
2939 854 3137 918 Firmi
3189 855 3261 917 de

552 934 785 1013 Padua,
831 937 1075 1001 domino
1119 937 1348 1002 Romeo
1408 936 1484 1001 de
1527 937 1772 1019 Pepolis
1833 937 1910 1003 de
1964 939 2237 1003 Bononia
2293 939 2601 1022 quondam
2663 940 2973 1022 magnifici
3036 942 3259 1005 domini

549 1022 849 1089 Johannis
899 1022 973 1087 de
1018 1025 1268 1108 Pepulis
1316 1026 1524 1090 Padue
1571 1026 1910 1092 habitantis
1976 1028 2036 1090 in
2100 1029 2382 1093 contrata
2428 1028 2676 1110 Braydi,
2740 1048 2813 1092 ac
2871 1029 3120 1093 domino
3168 1028 3263 1093 Si-

551 1130 730 1177 mone
774 1112 849 1175 de
893 1112 1121 1195 Luppis
1180 1115 1254 1177 de
1317 1114 1559 1192 Parma,
1620 1114 1974 1179 marchione
2035 1114 2318 1194 Soranee,
2381 1118 2687 1197 quondam
2748 1117 2972 1182 nobilis
3040 1117 3261 1183 militis

549 1199 780 1264 domini
826 1199 1128 1265 Gnidonis
1168 1201 1246 1265 de
1291 1202 1525 1284 Luppis
1569 1202 1644 1267 de
1692 1204 1918 1268 Parma
1963 1205 2035 1268 de
2081 1205 2394 1269 contracta
2425 1205 2587 1268 domi
2633 1207 2705 1268 de
2738 1206 2962 1282 Padua,
3012 1206 3260 1289 egregio

551 1286 756 1370 legum
822 1287 1066 1354 doctore
1125 1291 1371 1355 domino
1415 1292 1729 1373 Paganino
1790 1294 1864 1356 de
1925 1292 2067 1357 Sala
2122 1294 2254 1357 cive
2323 1295 2555 1358 Patavo
2616 1292 2742 1357 filio
2785 1291 3096 1376 quondam
3157 1295 3263 1358 do-

549 1376 703 1440 mini
749 1375 962 1463 Cpradi
1010 1379 1084 1442 de
1132 1378 1280 1444 Sala
1324 1378 1400 1443 de
1438 1382 1755 1444 contracta
1788 1382 1985 1444 sancti
2019 1380 2354 1457 Laurentii,
2401 1381 2606 1445 nobile
2640 1382 2768 1446 viro
2801 1380 3036 1447 Checco
3071 1400 3262 1464 quon-

550 1467 694 1529 dam
740 1465 907 1528 Petri
952 1466 1025 1530 de
1070 1467 1272 1531 Leone
1316 1467 1391 1530 de
1434 1469 1647 1532 Padua
1693 1469 1766 1532 de
1813 1471 2097 1533 contrata
2157 1472 2364 1533 sancte
2427 1469 2633 1546 Lucie,
2696 1472 2759 1533 et
2819 1471 3264 1552 circumspecto

550 1554 617 1617 et
661 1552 958 1635 prudente
1005 1555 1132 1619 viro
1176 1575 1275 1619 ser
1335 1557 1659 1620 Francisco
1721 1556 2028 1622 Turcbeto
2090 1557 2463 1640 infrascripti
2525 1557 2754 1622 domini
2816 1558 3132 1624 Francisci
3190 1559 3262 1623 de

550 1640 833 1707 Carraria
899 1641 1305 1708 referendario
1366 1643 1494 1709 filio
1556 1646 1862 1727 quondam
1920 1664 2019 1710 ser
2080 1644 2380 1709 Anthonii
2441 1646 2732 1710 Turcheti
2810 1648 2881 1710 de
2942 1649 3262 1712 contracta

551 1731 715 1794 domi
763 1732 836 1794 de
885 1731 1118 1809 Padua,
1166 1732 1432 1796 testibus
1480 1733 1711 1797 vocatis
1758 1737 1825 1797 et
1871 1734 2101 1816 rogatis
2147 1740 2210 1797 et
2268 1733 2429 1799 61113.
2491 1735 2707 1816 Ibique
2773 1734 3142 1817 magnificus
3200 1738 3264 1800 et

548 1820 823 1883 excelsus
858 1819 1137 1883 dominus
1183 1819 1469 1885 dominus
1517 1821 1879 1885 Franciscus
1940 1824 2013 1886 de
2074 1822 2357 1887 Carraria
2415 1823 2618 1886 l‘adue
2678 1823 2794 1887 etc.
2855 1827 3042 1888 natus
3110 1823 3257 1887 olim

549 1907 747 1971 felicis
792 1907 1234 1973 recordationis
1298 1910 1614 1991 magnifici
1659 1909 1892 1973 domini
1937 1910 2152 1976 Jacobi
2214 1910 2290 1973 de
2335 1908 2618 1975 Carraria
2678 1910 2968 1975 similiter
3033 1911 3256 1976 domini

549 1994 778 2060 domini
825 1997 1049 2073 Padue,
1097 2014 1166 2061 ac
1213 1997 1582 2080 magnificus
1644 2000 1826 2061 natus
1890 2001 2019 2063 eius
2081 2000 2366 2062 dominus
2424 1997 2788 2063 Franciscus
2855 1999 2930 2063 de
2979 1998 3260 2064 Carraria

548 2084 938 2162 auctoritate,
986 2103 1281 2150 consensu
1329 2087 1394 2150 et
1437 2086 1687 2150 licentia
1733 2085 1886 2149 dicti
1934 2086 2242 2169 magnifici
2289 2087 2585 2167 genitoris
2639 2088 2734 2150 sui
2772 2086 3007 2151 domini
3070 2090 3261 2153 Fran-

549 2171 696 2236 cisci
742 2173 816 2236 de
863 2171 1142 2238 Carraria
1190 2173 1276 2237 ibi
1321 2174 1647 2255 presentis,
1699 2174 1980 2253 volentiS,
2028 2174 2469 2239 consentientis
2515 2176 2579 2238 et
2624 2174 2987 2257 parabolam
3025 2177 3258 2241 616611-

549 2260 653 2339 tis,
703 2264 954 2342 uterque
1005 2263 1274 2343 ipsorum
1318 2262 1377 2325 in
1427 2262 1692 2326 solidum
1739 2266 1803 2326 et
1849 2281 1956 2343 pro
2002 2282 2068 2327 se
2113 2262 2277 2327 omni
2325 2262 2477 2340 iure,
2525 2264 2642 2339 via,
2692 2265 2869 2327 modo
2926 2264 2992 2327 et
3041 2263 3258 2351 forma,

547 2348 769 2431 quibus
815 2348 1036 2413 melius
1083 2351 1147 2414 et
1191 2348 1498 2415 efficacius
1543 2355 1877 2432 potuerunt
1920 2352 1985 2415 et
2032 2352 2304 2432 possunt,
2353 2370 2461 2432 pro
2507 2371 2571 2415 se
2596 2353 2890 2416 eteorum
2931 2352 3260 2417 heredibus

547 2439 610 2503 et
653 2437 1107 2502 successoribus
1153 2438 1370 2519 sponte
1415 2440 1480 2503 et
1519 2458 1592 2502 ex
1637 2442 1810 2503 certa
1852 2440 2110 2504 scientia
2141 2438 2432 2517 fecerunt,
2477 2439 2931 2503 constituerunt
2979 2445 3047 2504 et
3093 2460 3259 2505 crea-

548 2526 767 2591 verunt
809 2526 875 2590 et
918 2526 1352 2592 ordinaverunt
1396 2528 1679 2609 egregios
1725 2529 1790 2591 et
1836 2526 2223 2593 honorabiles
2276 2528 2436 2592 viros
2492 2528 2804 2591 dominum
2838 2527 3256 2593 Arsendinum

548 2616 623 2679 (16
669 2612 968 2679 Arsendis
1011 2616 1085 2680 de
1131 2613 1400 2680 Forlivio
1448 2616 1655 2698 legum
1704 2615 2014 2681 doctorem
2065 2616 2377 2694 eximium,
2425 2620 2641 2682 natum
2697 2615 3005 2698 quondam
3071 2617 3261 2683 famo-

545 2701 775 2767 sissimi
821 2703 1029 2786 legum
1077 2703 1340 2769 doctoris
1384 2704 1616 2769 domini
1663 2703 1955 2787 Raynerii
2001 2707 2073 2769 de
2118 2705 2405 2782 Forlivi0,
2464 2705 2776 2770 dominum
2824 2706 3144 2771 Thadeum
3189 2708 3260 2770 de

545 2790 879 2874 Azoguidis
927 2793 1369 2857 Bononiensem
1418 2791 1704 2869 militem,
1741 2793 2057 2858 dominum
2110 2792 2491 2858 Anthonium
2538 2794 2613 2857 de
2660 2793 2875 2857 Zechis
2939 2793 3018 2858 de
3067 2794 3259 2860 Pede-

544 2880 852 2944 montium
918 2880 1128 2964 legum
1171 2880 1504 2958 doctorem,
1575 2881 1769 2962 ipsius
1816 2881 2127 2963 magnifici
2197 2881 2432 2946 domiui
2472 2881 2683 2945 Padue
2760 2882 3111 2964 generalem
3173 2884 3262 2947 vi-

548 2968 801 3046 carium,
851 2968 1048 3034 filium
1094 2971 1402 3051 quondam
1449 2969 1682 3034 domini
1728 2969 2039 3034 Manuelis
2087 2970 2161 3034 de
2208 2969 2666 3048 Montecalerio,
2733 2988 2842 3034 nec
2896 2990 3019 3034 non
3066 2972 3250 3034 domi-

545 3075 693 3121 num
742 3056 1049 3122 <Iacobum
1096 3057 1473 3122 Turchetum
1537 3057 1745 3140 legum
1803 3057 2112 3122 doctorem
2181 3058 2379 3121 filium
2440 3057 2746 3140 quondam
2816 3077 2913 3122 ser
2960 3057 3259 3124 Anthonii

544 3144 834 3210 Turcheti
877 3144 1074 3210 civem
1123 3147 1445 3220 Patavum,
1494 3164 1706 3209 omnes
1754 3148 1963 3211 Padue
2022 3145 2399 3211 habitatores
2459 3146 2545 3209 ibi
2610 3150 2922 3227 presentes
2986 3150 3053 3211 et
3112 3166 3261 3212 onus

547 3232 826 3298 mandati
871 3236 1089 3315 sponte
1130 3232 1529 3316 suscipientes
1574 3233 1916 3315 quemlibet
1961 3253 2169 3299 eorum
2230 3233 2291 3297 in
2356 3232 2642 3313 solidum,
2714 3235 2802 3298 ita
2861 3235 3021 3316 quod
3083 3254 3261 3299 occu·

546 3322 751 3405 pantis
791 3320 1056 3387 conditio
1106 3322 1300 3403 potior
1345 3339 1465 3385 non
1510 3321 1753 3398 existat,
1801 3325 1865 3387 et
1912 3323 1993 3398 id,
2041 3322 2200 3404 quod
2248 3341 2402 3386 unus
2444 3323 2722 3404 ipsorum
2779 3322 3027 3404 incepit,
3100 3325 3257 3388 alius

546 3408 745 3492 possit
788 3408 1071 3487 mediare,
1121 3409 1403 3492 prosequi
1451 3412 1516 3475 et
1561 3410 1756 3487 finire,
1802 3430 1945 3476 suos
1992 3414 2192 3475 certos
2238 3412 2302 3473 et
2346 3428 2518 3475 veros
2552 3410 2825 3486 6666163,
2870 3410 3112 3490 11113363,
3158 3431 3257 3476 ac-

546 3501 726 3575 toreS,
771 3498 1156 3579 negotiorum
1202 3501 1480 3581 gestores
1540 3500 1605 3563 et
1648 3498 1959 3581 legitimos
2018 3503 2080 3562 et
2127 3499 2423 3580 speciales
2480 3500 2901 3580 procuratores
2963 3502 3028 3562 et
3091 3499 3259 3581 quic-

545 3585 714 3670 quid,
778 3585 980 3669 magis
1038 3586 1262 3650 melius
1323 3589 1388 3650 et
1446 3586 1711 3669 amplius
1771 3588 2023 3664 censeri,
2087 3586 2209 3651 dici
2255 3591 2318 3650 et
2363 3606 2496 3652 esse
2542 3589 2801 3668 possunt
2858 3586 3253 3652 inomnibus

545 3676 676 3740 suis
717 3676 780 3738 et
823 3675 1165 3739 communis
1212 3675 1421 3739 Padue
1470 3675 1691 3752 666313,
1740 3675 1977 3752 litibus,
2026 3674 2461 3739 controversiis
2508 3679 2572 3739 et
2638 3674 2903 3757 querelis
2968 3676 3253 3740 civilibus

546 3764 611 3829 et
654 3761 1083 3827 criminalibus
1125 3762 1513 3845 presentibus
1560 3765 1624 3828 et
1671 3763 1913 3840 futuriS,
1962 3764 2027 3827 et
2071 3762 2422 3846 specialiter
2466 3764 2543 3827 ad
2587 3761 3001 3842 tractandum,
3060 3764 3252 3828 inien-

546 3854 712 3926 dum,
769 3851 1215 3933 complendum,
1263 3851 1629 3929 faciendum,
1694 3851 2082 3927 firmandum,
2156 3851 2568 3917 ultimandum
2637 3853 2703 3916 et
2769 3850 3249 3916 concludendum

544 3938 786 4006 nomine
833 3938 1295 4022 magnificorum
1342 3938 1730 4005 dominorum
1763 3940 1962 4022 patris
2010 3942 2073 4003 et
2122 3940 2231 4004 filii
2277 3942 2341 4004 et
2384 3940 2728 4004 communis
2762 3939 2971 4003 Padue
3008 3939 3246 4017 bonam,

545 4046 773 4107 veram,
819 4045 1055 4109 puram,
1102 4027 1426 4106 sinceram,
1473 4028 1852 4111 perpetuam,
1899 4029 2157 4093 solidam
2203 4029 2267 4092 et
2313 4027 2711 4118 tranquillam
2759 4045 2991 4109 pacem,
3034 4027 3251 4092 unani-

545 4118 832 4185 mitatem
877 4115 942 4180 et
988 4115 1372 4183 concordiam
1415 4134 1557 4181 cum
1606 4116 1849 4181 illustre
1892 4120 1954 4180 et
2017 4115 2340 4199 magnifico
2409 4116 2652 4180 domino
2715 4115 2958 4181 domino
3003 4114 3249 4180 Andrea

546 4205 886 4271 Contareno
933 4204 1029 4269 dei
1073 4205 1280 4287 gratia
1331 4204 1482 4269 (1666
1525 4202 1934 4269 Veneciarum
1982 4206 2098 4269 etc.
2147 4208 2210 4268 et
2254 4222 2394 4269 cum
2440 4205 2573 4287 ipso
2614 4206 2926 4270 communi
2954 4203 3248 4269 Venecia-

544 4312 680 4358 rum
728 4312 834 4357 seu
880 4311 1020 4358 cum
1066 4311 1274 4357 eorum
1321 4292 1820 4375 procuratoribus
1868 4295 1929 4356 et
1974 4292 2225 4358 sindicis
2271 4291 2349 4356 ad
2396 4293 2506 4357 hec
2544 4291 2821 4375 legitime
2891 4289 3244 4357 constitutis

546 4383 619 4446 de
664 4380 950 4446 omnibus
992 4381 1055 4446 et
1098 4381 1358 4465 singulis
1403 4382 1660 4463 guerri8‚
1730 4380 2067 4457 6136616113,
2137 4379 2431 4457 613316113,
2502 4381 3008 4459 613666316611163,
3075 4379 3248 4444 diffe-

543 4467 779 4548 rentiiS,
826 4469 1269 4551 questionibuS,
1315 4468 1533 4536 litibus
1580 4473 1645 4535 et
1688 4468 2117 4535 controversiis
2157 4469 2538 4534 vertentibus
2585 4471 2649 4535 et
2693 4468 3094 4534 existentibus
3139 4485 3244 4531 seu

545 4557 722 4635 verti,
769 4556 1029 4622 existere
1077 4558 1141 4621 et
1184 4576 1318 4623 esse
1362 4560 1615 4641 possent
1662 4558 1821 4623 inter
1867 4558 2135 4640 prefatos
2181 4556 2541 4640 magnificos
2587 4559 2867 4622 dominos
2900 4558 3133 4639 patrem
3182 4557 3246 4618 et

546 4643 743 4709 filium
790 4644 866 4709 66
912 4644 1196 4709 Carraria
1242 4666 1350 4711 seu
1395 4665 1716 4711 commune
1750 4646 1955 4712 Padue
2001 4665 2072 4710 ex
2120 4648 2291 4728 parte
2324 4664 2445 4709 una
2489 4648 2553 4711 et
2597 4645 2903 4728 prefatum
2938 4643 3239 4711 dominum

545 4732 764 4796 ducem
808 4734 872 4797 et
915 4750 1238 4798 commune
1285 4735 1687 4800 veneciarum
1734 4737 1796 4798 et
1842 4735 2227 4815 adherenteS,
2276 4732 2576 4814 3111161163,
2624 4733 2833 4800 1166163
2865 4736 2928 4800 et
2959 4748 3240 4814 sequaces
