3620 5282
603 363 726 429 160

596 540 793 605 dictos
838 537 1120 601 dominos
1165 535 1612 603 constituentes
1651 537 1921 602 fideliter
1981 538 2199 621 scripsi
2259 539 2322 601 et
2382 536 2712 620 publicavi,
2778 537 2930 603 meis
2996 539 3171 622 signo
3235 541 3294 601 et

597 628 843 693 nomine
890 625 1188 708 appositis
1235 628 1541 690 consuetis
1590 628 1649 689 in
1700 627 2125 690 testimonium
2177 626 2629 708 premissorum.

804 715 998 779 Tenor
1036 718 1417 777 instrumenti
1459 713 1655 792 siyillo
1699 717 2134 792 Aquileqiensis
2179 719 2430 791 capituli
2472 718 2738 792 siyillatc'.
2804 716 2872 778 ln
2918 712 3150 780 Christi
3195 733 3295 777 no-

599 801 762 867 mine
809 821 1007 866 amen.
1054 803 1236 867 Anno
1283 804 1627 867 nativitatis
1676 804 1947 867 eiusdem
1998 803 2332 867 millesimo
2396 803 2829 868 trecentesimo
2889 804 3294 886 octuagesimo

597 893 814 973 primo,
864 890 1192 954 indictione
1242 894 1481 973 quarta,
1532 892 1629 954 die
1675 893 1994 967 undecimo
2059 891 2289 973 mensis
2351 891 2633 967 ianuarii,
2684 890 3023 975 Aquilegie,
3087 894 3146 955 in
3207 910 3297 954 ec·

597 979 784 1043 clesia
827 978 1272 1063 Aquilegiensi,
1326 981 1384 1043 in
1432 980 1580 1057 loco,
1633 981 1693 1044 in
1741 999 1859 1062 quo
1906 981 2067 1043 dicte
2113 979 2371 1043 ecclesie
2416 979 2758 1063 capitulum
2832 998 2937 1060 pro
3008 979 3298 1062 capitula-

596 1067 768 1131 ribus
836 1068 1076 1131 actibus
1141 1068 1528 1150 expediendis
1592 1071 1655 1133 et
1721 1069 1989 1151 negociis
2051 1069 2499 1149 pertractandis
2561 1070 2877 1131 consuevit
2945 1069 3177 1132 evocari
3241 1070 3299 1131 et

598 1157 974 1238 congregari.
1025 1155 1423 1220 Presentibus
1466 1157 1775 1221 nobilibus
1826 1157 1973 1219 viris
2020 1156 2316 1220 dominis:
2374 1158 2652 1237 Praegna
2699 1155 2773 1217 de
2807 1156 3093 1238 Sbroglia
3137 1174 3295 1234 vaca,

597 1244 879 1309 ,Iohanne
927 1243 1193 1308 Furlano
1236 1246 1428 1308 fratre
1476 1244 1853 1325 infrascripti
1899 1244 2130 1308 domini
2178 1245 2484 1308 Frederici
2559 1243 2634 1307 de
2681 1244 2985 1322 Feminis,
3054 1244 3297 1309 Nicolao

601 1332 676 1396 de
724 1332 1057 1411 Strasoldo,
1104 1331 1419 1397 Leonardo
1467 1333 1540 1396 de
1588 1331 1947 1397 Castellerio
1993 1336 2056 1396 et
2098 1332 2330 1397 Bucino
2378 1332 2463 1396 'de
2526 1330 2837 1395 Strascldo
2897 1333 3179 1409 testibuS,
3240 1337 3299 1395 et

517 1486 524 1492 ,
599 1420 737 1484 aliis
784 1420 861 1483 ad
904 1421 1015 1484 hec
1059 1420 1408 1502 specialiter
1457 1421 1686 1486 vocatis
1734 1424 1796 1484 et
1845 1422 2096 1503 rogatis.
2150 1420 2490 1485 Convocato
2536 1421 2600 1484 et
2643 1425 3018 1503 congregato
3073 1422 3132 1484 in
3177 1421 3299 1483 loco

600 1509 955 1589 supradicto
997 1507 1159 1571 dicte
1205 1509 1459 1573 ecclesie
1509 1509 1961 1591 Aquilegiensis
2006 1508 2276 1590 capitulo
2324 1528 2428 1590 pro
2489 1509 2892 1590 infrascriptis
2955 1509 3297 1585 tractandis

600 1597 854 1679 agendis
902 1600 966 1659 et
1013 1597 1409 1677 perficiendis,
1457 1599 1516 1660 in
1557 1616 1673 1679 quo
1721 1598 1966 1679 quidem
2016 1597 2288 1679 capitulo
2330 1598 2418 1661 sic
2464 1600 2832 1678 congregato
2903 1597 3300 1661 interfuerunt

599 1686 977 1749 venerabiles
1025 1685 1137 1748 viri
1178 1685 1405 1748 domini
1454 1685 1754 1767 Georgius
1824 1684 1899 1749 de
1948 1685 2153 1750 Fortis
2214 1685 2498 1763 decanus,
2564 1686 2973 1749 Hermacoras
3038 1686 3109 1750 de
3168 1686 3300 1748 Mu·

600 1775 788 1851 ruci0,
835 1773 1146 1839 Jobannes
1196 1774 1397 1836 senior
1435 1775 1509 1835 de
1557 1773 1616 1835 la
1660 1772 1872 1849 Turre,
1922 1774 2329 1837 Thomasinus
2372 1774 2445 1837 de
2492 1773 2834 1837 Pontarolis
2892 1775 2967 1837 de
3017 1772 3294 1849 FurliviO,

600 1861 913 1927 Johannes
965 1863 1162 1924 iunior
1208 1862 1379 1926 dela
1424 1861 1637 1933 Turre,
1682 1860 1993 1925 Johaunes
2063 1862 2137 1925 de
2198 1861 2531 1943 Spiritellis
2592 1862 2667 1925 de
2729 1861 2983 1926 civitate
3048 1861 3295 1937 Belluni,

599 1950 951 2015 Octobonus
990 1949 1065 2011 de
1112 1950 1362 2027 ceneta,
1411 1948 1825 2013 Christoforus
1872 1951 1946 2012 de
1995 1949 2506 2032 Spegnembergo,
2555 1949 2849 2014 Odoricus
2894 1953 2971 2015 de
3018 1950 3294 2033 Ragonia,

606 2038 920 2102 ‚lohannes
967 2037 1041 2101 de
1090 2036 1372 2101 Ribisino
1435 2040 1509 2103 de
1557 2036 1825 2101 Civitate
1868 2030 2127 2102 Austria
2187 2057 2294 2103 suo
2357 2040 2419 2102 et
2481 2039 2897 2121 procuratorio
2960 2038 3297 2102 nominibus

601 2127 832 2190 domini
881 2125 1114 2191 Mathei
1163 2127 1237 2189 de
1282 2127 1570 2191 Ravaniis
1615 2125 1689 2189 de
1737 2126 1950 2209 Regi0,
2022 2126 2327 2189 Antonius
2390 2127 2462 2190 de
2527 2127 2805 2204 VernetO,
2870 2126 3177 2191 Antonius
3229 2125 3298 2188 de

603 2215 884 2278 Rancone
930 2214 1005 2278 de
1055 2213 1262 2291 Utine,
1310 2216 1578 2279 Thomas
1625 2214 1701 2277 de
1735 2213 2251 2297 Spegnembergo‚
2297 2213 2607 2279 Johannes
2640 2216 2711 2278 de
2744 2176 2950 2290 lftino,
2999 2216 3297 2280 Johannes

606 2303 840 2367 Perotti
888 2305 960 2366 de
1006 2301 1361 2383 supradicta
1406 2304 1659 2368 civitate
1706 2302 1963 2366 Austria
2009 2321 2118 2368 sno
2182 2306 2246 2367 et
2305 2302 2719 2386 procuratorio
2788 2304 3138 2367 nominibus
3199 2301 3299 2365 do·

605 2391 755 2454 mini
796 2390 1011 2455 ‚Jacobi
1059 2392 1134 2455 de
1183 2390 1443 2472 Mutina,
1493 2393 1853 2456 Muschinus
1900 2391 1974 2454 de
2021 2391 2082 2455 la
2126 2391 2318 2454 Turre
2365 2394 2430 2455 et
2474 2392 2945 2455 Bartholorneus
3001 2395 3073 2455 de
3120 2392 3298 2455 Bobio

601 2480 870 2543 canonici
919 2479 1270 2562 prebendati
1312 2480 1549 2560 prefate
1594 2480 1848 2543 ecclesie
1899 2478 2346 2562 Aquilegiensis
2389 2482 2585 2543 totum
2632 2478 2827 2561 ipsius
2889 2480 3146 2544 ecclesie
3206 2497 3299 2543 ca·

605 2567 866 2650 pitulum
918 2571 1406 2649 representantes
1454 2570 1518 2631 et
1563 2567 1869 2632 facientes.
1917 2567 2069 2631 Cum
2118 2567 2326 2650 plures
2372 2567 2535 2631 dicte
2584 2567 2836 2631 ecclesie
2868 2568 3147 2632 canonici
3191 2585 3297 2631 non

602 2659 806 2720 essent
847 2660 1161 2739 presentes
1207 2675 1317 2721 nec
1363 2657 1644 2721 absentes
1693 2660 1751 2720 in
1796 2656 1945 2732 loce,
1996 2657 2054 2719 in
2096 2675 2214 2739 quo
2261 2656 2351 2720 vel
2399 2656 2475 2720 de
2524 2675 2642 2739 quo
2702 2659 2775 2721 de
2838 2658 2970 2720 iure
3036 2655 3300 2721 debuerit

593 2746 698 2808 vel
766 2745 841 2808 de
909 2744 1350 2809 consuetudine
1413 2746 1603 2826 ipsius
1671 2746 1926 2808 ecclesie
1987 2746 2368 2809 consueverit
2424 2745 2498 2808 ad
2548 2744 2936 2825 infrascripta
2999 2745 3097 2809 vel
3157 2744 3298 2809 alios

603 2835 777 2897 actus
824 2832 1197 2915 capitulores
1244 2834 1500 2910 evocari,
1547 2832 1805 2917 predicti
1855 2833 2141 2911 decanus,
2190 2832 2460 2897 canonici
2506 2838 2568 2896 et
2620 2833 2981 2914 capitulum,
3041 2835 3115 2898 ad
3163 2851 3297 2916 quos

605 2924 731 2985 tarn
779 2921 853 2984 de
901 2922 1033 2984 iure
1085 2940 1266 3003 quam
1309 2921 1564 3004 antiqua
1610 2925 1673 2985 et
1739 2919 2050 3004 legittima
2112 2921 2450 3003 prescripta
2512 2921 2952 2985 consuetudine
3013 2921 3301 3004 spectavit

603 3013 667 3074 et
713 3008 1011 3092 pertinuit
1060 3009 1451 3091 patriarchali
1501 3012 1641 3073 sede
1686 3009 2116 3092 Aquilegiense
2166 3011 2420 3072 vacante
2466 3009 2667 3073 omnis
2713 3010 2777 3072 et
2839 3012 3191 3074 omnimoda
3244 3010 3297 3071 in

605 3097 1036 3180 spiritualibus
1084 3101 1147 3161 et
1194 3099 1630 3180 temporalibus
1683 3098 2027 3162 iurisdictio
2075 3100 2136 3161 et
2182 3101 2451 3178 potestas
2499 3100 2559 3160 et
2608 3096 3052 3163 iurisdictionis
3099 3103 3162 3164 et
3205 3116 3300 3178 po·

606 3186 854 3250 testatis
900 3185 1261 3250 exercicium
1310 3189 1373 3249 et
1410 3190 1762 3251 cunctorum
1814 3186 2138 3268 dispositio
2181 3189 2243 3247 et
2290 3186 2593 3250 ordinatio
2635 3186 2694 3249 in
2741 3187 2873 3250 tota
2905 3188 3111 3268 patria
3142 3186 3300 3250 Fori-

598 3274 742 3358 julii
789 3278 852 3338 et
897 3276 1066 3338 extra
1113 3275 1171 3336 in
1217 3272 1387 3349 locis,
1435 3275 1508 3338 de
1553 3274 1702 3337 locis
1749 3276 1813 3338 et
1860 3275 2021 3338 circa
2066 3274 2200 3337 loca
2245 3274 2495 3338 ecclesie
2560 3273 2791 3357 prefate
2853 3273 3297 3358 Aquilegiensis

604 3363 901 3440 subiecta,
943 3366 1127 3445 prout
1171 3363 1235 3426 et
1273 3362 1781 3444 quemadmodum
1846 3361 2117 3443 predicta
2164 3363 2228 3425 et
2293 3361 2605 3444 quodlibet
2669 3363 3081 3444 predictorum
3140 3381 3300 3445 spee-

605 3452 744 3514 tant
788 3452 853 3514 et
897 3451 1206 3530 pertinent
1250 3453 1313 3512 et
1359 3455 1638 3532 spectare
1683 3453 1747 3513 et
1793 3451 2096 3531 pertinere
2141 3452 2395 3531 possunt
2439 3452 2510 3513 ad
2545 3450 2861 3515 dominum
2896 3452 3298 3533 patriarcham

605 3537 1127 3621 A'quilegiensem,
1181 3541 1323 3601 dum
1373 3539 1564 3602 vitam
1615 3540 1782 3601 tenet
1830 3539 1888 3602 in
1938 3539 2237 3615 humanis,
2288 3540 2352 3602 et
2397 3539 2650 3604 ecclesie
2697 3538 3117 3622 Aquilegiensi
3174 3558 3298 3621 pre-

606 3627 768 3690 sidet
813 3627 1135 3706 antedicte,
1184 3628 1259 3690 ad
1308 3645 1458 3708 quos
1506 3628 1692 3691 etiam
1741 3626 2063 3705 decanum,
2113 3627 2430 3690 canonicos
2478 3630 2540 3690 et
2600 3627 2941 3711 capitulum
3014 3625 3300 3711 spectavit

606 3718 670 3780 et
713 3717 1006 3799 pertinuit
1051 3716 1288 3797 spectat
1333 3716 1398 3778 et
1444 3716 1708 3797 pertinet
1754 3715 2004 3796 eligere,
2054 3715 2353 3791 ordinare,
2423 3734 2645 3793 creare,
2710 3715 2907 3779 facere
2968 3719 3034 3780 et
3084 3715 3298 3781 consti-

607 3807 777 3868 tuere
827 3803 1274 3867 vicedominum
1323 3804 1396 3866 ad
1445 3803 1730 3886 generale
1777 3805 2072 3886 regimen,
2135 3804 2661 3885 gubernationem,
2728 3803 3184 3884 dispositionem
3243 3805 3299 3864 et

607 3893 1016 3957 defensionem
1064 3893 1423 3956 cunctorum
1468 3892 1527 3954 in
1577 3891 2020 3973 temporalibus
2066 3890 2322 3955 ecclesie
2383 3893 2446 3955 et
2506 3893 2701 3973 patrie
2762 3892 3172 3974 predictorum
3240 3889 3297 3952 et

609 3984 841 4045 ceteros
911 3980 1204 4045 officiales
1271 3980 1588 4063 generales
1649 3981 1711 4042 et
1771 3979 2174 4061 particulares
2234 3986 2362 4044 tam
2413 3980 2473 4043 in
2519 3979 2960 4061 temporalibus
3020 4000 3197 4064 quam
3239 3978 3294 4040 in

609 4070 1056 4152 spiritualibuS,
1105 4073 1168 4132 et
1213 4088 1245 4132 e
1291 4086 1582 4132 converso
1642 4067 2122 4151 quibuscumque
2185 4067 2534 4132 nominibus
2593 4071 2975 4147 censeantur,
3036 4067 3297 4134 conside-

610 4160 835 4235 rantes,
886 4158 1083 4222 dictas
1129 4154 1449 4220 ecclesiam
1498 4156 1997 4239 Aquilegiensem
2063 4158 2127 4218 et
2190 4156 2452 4237 patriam
2518 4157 2796 4220 Foriiulii
2855 4156 2980 4222 fore
3041 4158 3115 4222 de
3174 4173 3299 4236 pre·

610 4246 770 4311 senti
818 4265 1030 4311 earum
1080 4248 1345 4327 pastore,
1393 4247 1629 4310 rectore
1675 4247 1738 4308 et
1782 4244 2028 4309 domino
2073 4244 2435 4308 destitutam
2472 4250 2534 4307 et
2565 4246 2904 4310 desolatam
2931 4265 3037 4327 per
3072 4244 3294 4310 obitum

611 4336 708 4417 pie
769 4336 1058 4399 memorie
1111 4332 1603 4397 reverendissimi
1659 4333 1966 4415 qnondam
2028 4332 2087 4395 in
2153 4331 2380 4396 christo
2444 4332 2638 4415 patris
2701 4335 2763 4396 et
2808 4334 3032 4397 domini
3081 4329 3297 4398 domini

612 4422 970 4505 Marquardi
1025 4420 1232 4487 ultimi
1273 4421 1439 4484 dicte
1500 4421 1755 4484 ecclesie
1818 4420 2275 4503 Aquilegiensis
2338 4421 2681 4502 patriarche
2751 4422 2814 4484 et
2875 4421 3187 4503 potestatis
3243 4418 3299 4479 et

611 4512 774 4575 dicte
821 4509 1019 4591 patrie
1065 4509 1346 4573 Foriinlii
1396 4510 1623 4574 domini
1670 4508 1995 4592 generalis,
2032 4512 2097 4572 et
2142 4508 2307 4591 ipsas
2354 4509 2672 4573 ecclesiam
2734 4511 2798 4573 et
2843 4511 3102 4592 patriam
3150 4505 3296 4569 indi·

610 4618 756 4682 gere
805 4599 1144 4680 provisione
1188 4599 1252 4661 et
1296 4598 1499 4661 studio
1547 4599 1757 4680 magni
1804 4599 1869 4660 et
1912 4598 2166 4661 studiosi
2216 4597 2533 4679 regiminis
2573 4600 2638 4661 et
2684 4598 2997 4681 diligentis
3057 4600 3117 4662 et
3170 4610 3295 4676 pro-

611 4687 749 4753 vide
798 4685 1278 4767 gubernationis
1326 4688 1388 4748 et
1432 4705 1497 4749 se
1542 4704 1656 4749 nou
1703 4704 1883 4766 posse
1929 4685 2005 4748 ad
2053 4684 2299 4784 singula
2344 4687 2408 4749 et
2451 4686 2511 4748 in
2567 4686 2831 4769 singulis
2891 4687 3182 4763 sufficere,
3239 4681 3296 4742 et

612 4793 730 4839 non
777 4777 994 4840 decere
1039 4791 1141 4838 eos
1188 4774 1354 4838 circa
1397 4775 1602 4839 omnia
1646 4775 2031 4840 occurrentia
2073 4772 2339 4840 maxime
2384 4775 2445 4838 in
2495 4774 2932 4857 temporalibus
2993 4794 3056 4841 se
3102 4775 3293 4838 actua·
