3620 5282
2924 367 3045 436 421

594 538 1078 620 DLXXIX.
1135 539 1337 622 God.
1397 542 1625 640 1399,
1679 541 1728 624 3
1781 543 2239 647 listopada,
2294 567 2353 626 u
2406 545 2801 630 Mletcih.

327 681 547 741 Budud
592 700 654 741 se
699 683 1014 743 iznevierio
1059 684 1382 743 skadarski
1422 686 1446 742 i
1488 686 1781 745 drivatski
1827 688 2016 755 kotar,
2062 689 2212 761 §alja
2258 706 2319 747 se
2366 707 2578 749 onamo
2624 692 2899 762 vojnicka
2940 710 3051 765 po-

490 771 631 839 mot‘,
678 776 732 829 te
778 788 838 830 se
884 772 1205 847 odredjuje‚
1251 773 1329 830 da
1360 789 1436 831 se
1483 776 1505 831 i
1544 775 1728 847 yal‘v'e
1771 775 1914 833 kroz
1955 776 2127 834 rieku
2169 780 2447 849 protisnu
2492 778 2565 836 do
2612 778 2871 839 Slcadra.

540 888 726 954 1399.
776 890 874 954 die
922 892 1112 955 tercio
1145 893 1436 955 octubris,
1474 892 1796 974 Sapientes
1829 894 2088 968 consilii,
2117 896 2430 976 sapientes
2464 897 2766 961 ordinum.
2815 898 3044 981 Capta:

326 996 488 1050 cnm,
535 979 698 1041 sicut
742 978 963 1042 scribit
1035 982 1242 1043 nostro
1312 980 1584 1044 dominio
1656 981 1882 1044 nobilis
1954 983 2045 1046 vir
2092 1001 2189 1045 ser
2229 982 2523 1047 Nicolaus
2578 984 2784 1049 Polani
2840 1005 3046 1049 comes

325 1070 387 1125 et-
436 1066 793 1145 capitaneus
845 1065 1113 1142 Scutari,
1164 1070 1295 1130 tota
1343 1069 1660 1131 contracta
1732 1070 2058 1133 rebellavit
2125 1074 2326 1134 nostro
2396 1070 2686 1148 dominio,
2757 1075 2845 1138 ita
2889 1076 3044 1156 quod

329 1170 444 1214 non
498 1154 798 1217 remansit
846 1154 963 1216 nisi
1012 1155 1396 1218 solummodo
1442 1156 1661 1219 civitas
1711 1155 1954 1220 Scutari
2004 1161 2067 1219 et
2116 1157 2388 1220 Drivasti
2440 1160 2796 1223 obedientes
2846 1162 3043 1237 nobiS‚

222 1314 225 1321 Ι
322 1244 387 1303 et
426 1244 751 1322 propterea
797 1243 1207 1305 necessarium
1259 1243 1347 1305 sit
1390 1243 1711 1324 providere
1756 1244 1833 1307 ad
1884 1245 2226 1308 custodiam
2300 1250 2364 1307 et
2423 1245 2836 1310 defensionem
2906 1268 3045 1312 cas-

323 1328 555 1391 trorum
605 1328 907 1393 dictarum
960 1330 1306 1406 civitatum,
1357 1335 1427 1392 ut
1472 1330 1531 1393 in
1579 1331 1743 1394 omni
1815 1351 1959 1395 casu
2034 1334 2271 1413 possint
2341 1332 2582 1396 defendi
2627 1336 2702 1404 ad
2752 1335 3041 1399 honorem

326 1417 517 1479 nostri
570 1416 857 1491 dominii3
909 1418 1076 1481 vadit
1109 1435 1271 1499 pars,
1319 1417 1481 1499 quod
1514 1421 1946 1483 committatur
1982 1420 2208 1483 nostris
2247 1420 2624 1484 solutoribus
2657 1424 3044 1494 armamenti,

321 1504 479 1583 qnod
528 1507 758 1586 quanto
823 1505 1090 1584 prestius
1165 1505 1294 1568 fieri
1369 1507 1596 1586 poterit
1635 1507 1900 1570 solidare
1949 1507 2217 1570 debeant
2265 1507 2483 1589 viginti
2539 1509 2720 1573 bonos
2769 1515 2829 1572 et
2874 1511 3046 1574 suffi-

324 1590 555 1654 cientes
601 1592 946 1655 balistarios
993 1591 1265 1656 forenses
1313 1612 1421 1674 pro
1472 1594 1770 1658 mittendo
1818 1594 2167 1671 Scutarum‚
2218 1594 2319 1676 qui
2368 1594 2574 1658 subito
2632 1614 2771 1660 cum
2817 1595 3046 1661 fuerint

324 1678 576 1741 solidati
626 1678 795 1743 mitti
842 1678 1109 1743 debeant
1154 1678 1519 1757 Scutarum3
1588 1682 2030 1747 committendo
2076 1682 2286 1746 comiti
2354 1683 2417 1745 et
2484 1684 2822 1764 capitaneo,
2885 1683 3045 1765 quod

326 1765 403 1831 de
448 1764 575 1829 illis
623 1766 910 1846 disponat
955 1769 1034 1831 ad
1076 1768 1422 1833 custodiam
1471 1769 1774 1833 dictorum
1827 1774 2189 1841 castrorum,
2232 1773 2414 1850 prout
2478 1771 2831 1852 cognoverit
2890 1790 3041 1853 opus

321 1851 484 1927 fore;
534 1854 606 1917 de
655 1854 831 1917 soldo
876 1857 1087 1919 antem
1136 1855 1443 1919 dictorum
1494 1856 1954 1921 balistariorum
2033 1861 2097 1921 et
2163 1856 2342 1921 firma
2413 1874 2484 1921 ac
2555 1860 2628 1922 de
2678 1858 2877 1934 modo,
2926 1877 3043 1940 quo

324 1940 458 2004 fieri
508 1941 847 2016 habebunt,
897 1942 1199 2024 provideri
1250 1943 1469 2007 debeat
1512 1963 1620 2025 per
1666 1944 1996 2026 collegium
2062 1944 2314 2020 domini,
2383 1944 2895 2024 consiliariorum,
2940 1964 3042 2009 ca-

322 2028 521 2108 pitum
571 2032 633 2093 et
682 2029 1031 2111 sapientum
1082 2030 1401 2113 utriusque
1448 2050 1685 2108 manuS‚
1734 2034 1916 2113 prout
1959 2031 2052 2096 eis
2097 2031 2406 2095 videbitur
2451 2050 2604 2114 opus
2645 2033 2795 2110 fore,
2843 2050 2914 2097 ac
2946 2033 3039 2097 in-

320 2133 503 2197 super
551 2118 941 2198 provideatur
987 2137 1091 2198 per
1136 2117 1478 2183 dominium
1519 2118 1593 2181 de
1642 2118 1942 2184 mittendo
1991 2119 2229 2202 prefato
2274 2121 2488 2183 comiti
2555 2120 2803 2184 Scutari
2849 2119 3040 2185 dena-

320 2203 461 2279 rioS‚
509 2204 827 2286 pulverem
877 2223 914 2269 a
961 2205 1313 2270 bombardis
1360 2207 1423 2269 et
1467 2207 1625 2269 alias
1674 2227 1771 2270 res
1820 2207 2168 2290 requisitae,
2234 2210 2416 2286 prout
2481 2206 2790 2271 videbitur
2855 2227 3037 2290 expe-

321 2289 486 2365 dire;
536 2294 600 2354 et
645 2292 939 2356 similiter
986 2294 1291 2357 scribatur
1339 2294 1545 2357 baiulo
1593 2297 1655 2357 et
1696 2296 2016 2370 capitaneo
2085 2296 2296 2358 nostro
2366 2293 2681 2371 Durachii‚
2753 2294 2935 2378 quod,
2982 2294 3035 2358 si

321 2376 441 2458 ipsi
488 2379 703 2443 comiti
751 2381 815 2443 et
858 2382 1182 2462 capitaneo
1231 2385 1440 2445 nostro
1479 2379 1722 2446 Scutari
1767 2384 1935 2446 esset
1981 2383 2324 2447 necessaria
2389 2382 2716 2457 subventio
2789 2384 3035 2464 brigan-

323 2464 457 2542 tini,
493 2485 671 2550 quem
722 2467 804 2531 ibi
855 2468 1046 2532 habet
1086 2468 1183 2532 vel
1230 2468 1488 2533 alterius
1524 2470 1643 2545 rei,
1693 2467 1853 2551 quod
1903 2471 2034 2553 ipse
2100 2468 2220 2534 sibi
2284 2468 2512 2534 debeat
2557 2470 2883 2539 subvenire
2927 2489 3035 2552 pro

317 2555 780 2618 conservatione
828 2555 1118 2619 locorum.
1170 2557 1257 2619 De
1305 2551 1479 2639 parte
1530 2593 1599 2601 ψ-
1656 2556 1763 2619 48.

529 2643 729 2707 Nota:
781 2644 937 2725 quod
986 2662 1092 2726 per
1131 2645 1462 2728 collegium
1514 2646 1933 2727 supradictum
1985 2646 2384 2709 terminatum
2435 2644 2570 2722 fuit,
2622 2644 2777 2727 quod
2826 2663 3040 2727 supra-

318 2727 468 2793 dicti
519 2729 850 2794 ballistarii
899 2732 1123 2795 habere
1173 2732 1439 2795 debeant
1486 2733 1675 2796 libras
1722 2733 2026 2810 sexdecim
2079 2733 2139 2796 in
2174 2751 2385 2796 mense
2422 2735 2487 2797 et
2520 2733 2752 2797 ratione
2787 2735 3039 2808 mensiS,

320 2834 545 2899 pagam
599 2820 862 2900 quatuor
908 2820 1215 2883 mensium
1265 2826 1328 2883 et
1376 2822 1609 2884 ratione
1657 2820 1916 2884 aliorum
1965 2824 2246 2902 quatuor.

536 2905 647 2970 Ser
690 2907 910 2970 Petrus
957 2905 1161 2970 Gauro
1207 2907 1630 2971 consiliarius:
1701 2909 1854 2983 vult,
1927 2909 2106 2989 qnod,
2183 2909 2256 2971 ut
2326 2906 2431 2970 ille
2478 2906 2766 2970 civitates
2815 2907 3036 2971 melius

204 3041 215 3048 .
318 2993 663 3056 conservari
713 2994 959 3058 valeant
1005 2996 1080 3058 ad
1145 2997 1422 3057 nostrum
1496 2997 1809 3070 honorem,
1862 2997 1925 3058 et
1971 2994 2178 3058 reduci
2236 2997 2574 3072 contracta,
2648 2996 2836 3076 utque
2904 2994 3032 3058 fieri

317 3079 515 3159 possit
562 3080 643 3155 id,
695 3081 852 3164 quod
903 3082 1034 3145 fieri
1082 3082 1341 3146 habebit
1388 3084 1447 3146 in
1495 3083 1678 3146 dictis
1725 3083 2030 3163 partibus,
2065 3082 2194 3146 fieri
2232 3082 2454 3145 debeat
2501 3084 2729 3163 quanto
2764 3083 3035 3164 prestius

316 3186 448 3229 esse
490 3168 719 3249 poterit
764 3170 1009 3233 centnm
1059 3168 1295 3251 pedites
1344 3170 1457 3233 sub
1509 3173 1774 3253 quatuor
1820 3169 2329 3233 comestabilibus
2381 3168 2549 3232 bonis
2616 3172 2679 3231 et
2725 3169 3039 3233 sufficien-

321 3252 491 3318 tibus
540 3255 832 3332 forenseS,
883 3257 1045 3319 inter
1092 3275 1243 3338 quos
1310 3257 1436 3321 sint
1504 3276 1713 3339 quam*
1759 3258 1966 3339 plnres
2037 3256 2366 3320 ballistarii
2435 3274 2566 3320 esse
2643 3259 2929 3337 poterunt
2975 3259 3038 3318 et

317 3341 545 3405 saltem
597 3345 892 3407 medietas
939 3363 1080 3407 cum
1130 3344 1236 3409 illo
1281 3344 1453 3409 soldo
1498 3346 1561 3408 et
1607 3345 1793 3432 firma
1835 3363 1906 3409 ac
1953 3349 2061 3425 per
2124 3343 2261 3408 illas
2325 3345 2455 3406 vias
2519 3349 2582 3405 et
2652 3343 2881 3422 modos,
2932 3345 3033 3427 qui
3110 3388 3125 3399 ,

317 3428 550 3494 suerint
595 3431 918 3496 deliberati
969 3451 1073 3513 per
1120 3431 1449 3513 collegium
1500 3432 1753 3505 domini,
1826 3432 2338 3507 consiliariorum,
2412 3432 2687 3510 capitum
2761 3440 2824 3494 et
2869 3431 3034 3511 sapi-

312 3518 897 3601 entumxutrinsqne
943 3538 1179 3595 manus
1227 3520 1331 3601 qui
1380 3539 1518 3583 cum
1570 3519 1790 3583 soldati
1841 3523 1904 3583 et
1944 3520 2091 3582 sacti
2142 3520 2339 3595 erunt,
2393 3519 2722 3581 mittantur
2767 3521 2841 3582 ad
2892 3520 3031 3583 illas

312 3607 540 3685 partes,
591 3609 654 3669 et
700 3607 1054 3670 dividantur
1101 3606 1175 3670 ad
1226 3609 1568 3670 custodiam
1619 3607 1911 3681 locorum,
1961 3608 2127 3670 sicut
2177 3606 2388 3670 utilius
2439 3609 2502 3668 et
2558 3605 2776 3668 melius
2847 3625 3028 3687 appa-

310 3693 490 3757 rebit.
544 3694 773 3757 Verum
828 3696 970 3777 quia
1015 3713 1121 3775 per
1166 3694 1297 3770 illa,
1339 3714 1455 3777 que
1504 3694 1657 3758 dicit
1700 3694 2139 3771 comestabilis‚
2212 3695 2312 3775 qui
2382 3695 2553 3756 venit
2620 3695 2690 3755 de
2762 3693 3028 3769 Scutari,

309 3783 475 3843 esset
522 3781 697 3845 valde
743 3782 893 3845 utile
940 3784 1002 3844 et
1046 3781 1452 3858 fructuosum,
1502 3784 1659 3863 quod
1708 3782 1884 3862 galee
1932 3785 2136 3844 nostre
2184 3800 2249 3843 se
2296 3783 2735 3862 presentarent
2774 3784 2837 3844 et
2869 3782 3030 3844 irent

309 3867 371 3930 in
416 3866 758 3933 fiumeriam
806 3869 1069 3948 Scutari,
1118 3871 1515 3932 commitatur
1561 3889 1658 3933 ser
1709 3869 1951 3933 Andree
2000 3871 2071 3932 de
2117 3868 2350 3932 Molino
2422 3867 2873 3950 vicecapitaneo
2922 3885 3027 3930 uo-

311 3958 441 4018 stro
489 3957 695 4039 culphi
746 3959 809 4020 et
854 3955 994 4019 aliis
1046 3957 1268 4020 nostris
1316 3955 1532 4037 galeis,
1577 3976 1692 4038 que
1742 3958 2019 4021 venirent
2061 3957 2225 4019 intra
2276 3955 2591 4037 culphum,
2629 3957 2806 4036 quod,
2844 3956 3028 4018 intel-

308 4042 553 4123 ligendo
596 4064 661 4108 se
707 4059 850 4108 cum
900 4043 1125 4107 comite
1193 4046 1257 4107 et
1319 4043 1639 4124 capitaneo
1709 4048 1918 4108 nostro
1988 4043 2252 4119 Scutari,
2324 4043 2554 4106 intrare
2601 4043 2822 4106 debeat
2873 4042 3030 4106 infra

311 4127 538 4194 dictam
590 4131 956 4201 flumeriam‚
1007 4135 1072 4194 et
1118 4133 1205 4195 ire
1252 4150 1499 4196 sursum
1552 4151 1740 4213 usque
1787 4133 1862 4195 ad
1920 4132 2150 4195 dictum
2224 4127 2443 4202 locum,
2517 4129 2617 4212 qui
2692 4130 2813 4193 sibi
2864 4131 3028 4193 vide-

314 4216 479 4280 bitur
526 4238 634 4300 pro
680 4220 1055 4283 asecurando
1101 4222 1165 4282 et
1214 4219 1551 4283 reducendo
1598 4221 1965 4291 contratam,
2038 4237 2155 4282 non
2227 4218 2501 4299 ponendo
2552 4220 2760 4281 tamen
2810 4222 3027 4298 gentes

308 4306 553 4369 nostras
600 4306 663 4370 in
711 4310 962 4382 terram,
1014 4325 1123 4370 nec
1156 4305 1515 4372 subiicendo
1564 4326 1628 4369 se
1676 4307 1863 4370 alicui
1910 4306 2200 4387 periculo,
2250 4308 2314 4368 et
2383 4306 2671 4368 mittatur
2742 4304 3031 4386 pecunisa

309 4394 372 4454 et
417 4393 574 4457 alias
621 4413 717 4458 res
768 4394 1118 4476 requisitas,
1169 4403 1232 4456 et
1278 4392 1567 4457 similiter
1614 4394 1921 4457 scribatur
1970 4393 2174 4457 baiulo
2221 4395 2286 4455 et
2341 4393 2659 4474 capitaneo
2712 4391 3026 4464 Durachii‚

306 4482 375 4541 nt
421 4478 642 4544 dicunt
687 4482 997 4564 sapientes
1067 4481 1309 4545 consilii
1388 4484 1450 4543 et
1518 4480 1822 4546 ordinum.
1902 4482 1993 4544 De
2055 4484 2228 4562 parte
2305 4480 2409 4555 25,
2492 4479 2564 4542 de
2642 4496 2758 4541 non
2801 4478 2862 4554 Ο,
2913 4497 3029 4542 non

303 4566 521 4630 sinceri
569 4567 627 4632 7.

392 4673 572 4733 Misti
620 4674 782 4752 XL}
798 4674 861 4735 V.
913 4676 1057 4748 127,
1106 4694 1144 4735 u
1195 4677 1351 4737 meet.
1388 4679 1623 4739 arkivu.
