3620 5282
532 315 663 381 372

533 495 596 556 et
642 491 804 576 quod
850 492 1129 557 contrata
1175 493 1387 556 nostra
1447 493 1764 555 remaneat
1826 509 1965 555 cum
2036 491 2373 556 securitate
2441 494 2504 555 et
2570 492 3013 557 nichilominus
3076 493 3128 556 si
3177 493 3242 555 in

534 581 737 646 reditu
784 580 1064 655 duorum,
1113 580 1217 664 qui
1265 580 1575 658 redibunt,
1616 580 1926 644 videbitur
1976 582 2047 644 de
2096 580 2357 644 tenendo
2404 581 2475 643 de
2523 580 2664 644 aliis
2698 580 2897 643 modis
2930 599 3070 644 cum
3104 600 3245 662 pre-

532 668 742 748 dictis,
781 668 947 732 istud
999 669 1131 732 fieri
1180 670 1406 750 poterit
1452 688 1559 750 pro
1608 669 1764 732 bono
1812 669 2218 749 agendorum.
2270 669 2392 732 Vos
2440 669 2628 732 etiam
2664 668 2825 732 ultra
2856 670 2969 733 hoc
3001 688 3038 732 a
3070 674 3245 749 parte

533 762 743 823 vostra
788 757 851 821 et
898 757 960 819 in
1008 759 1217 820 nostro
1264 756 1581 821 territorio
1629 755 1912 839 regulare
1954 756 2232 821 debeatis
2273 757 2486 821 taliter
2532 759 2846 821 custodias
2894 761 3132 821 vestras
3182 760 3246 819 et

535 848 754 928 gentes
803 847 1066 920 vestraS,
1115 843 1273 926 quod
1320 846 1385 908 in
1434 844 1602 908 omni
1648 864 1791 909 casu
1845 846 2093 927 possitis
2134 846 2359 909 habere
2414 847 2850 928 provisionem,
2900 847 3050 928 quia
3098 865 3241 908 cum

531 932 801 999 habetur
851 932 1123 1015 provisio
1169 932 1244 997 de
1290 933 1407 1006 his,
1456 951 1572 1014 que
1617 934 1895 997 accidere
1942 940 2219 1015 possunt,
2270 934 2474 998 minus
2522 934 2829 997 incomodi
2877 937 3005 1015 pati
3063 936 3241 998 solet.

742 1022 1001 1103 Insuper
1047 1022 1193 1103 quia
1231 1040 1352 1085 una
1396 1020 1473 1084 de
1521 1021 1968 1103 principalibus
2032 1023 2232 1099 rebus,
2302 1024 2378 1085 ad
2448 1041 2598 1103 quas
2667 1022 2922 1086 volendo
2973 1023 3241 1086 retinere

531 1109 655 1173 ista
700 1110 857 1187 loca,
910 1128 1028 1191 que
1076 1109 1251 1172 nobis
1300 1111 1544 1184 dantur,
1593 1113 1655 1172 et
1698 1110 2053 1192 specialiter
2102 1112 2417 1174 civitatem
2472 1111 2736 1186 Scutari,
2810 1112 3067 1193 vigilare
3136 1111 3245 1173 de-

531 1199 769 1272 bemuS,
819 1201 983 1262 esset
1029 1198 1102 1261 de
1149 1198 1427 1262 habendo
1471 1196 1699 1261 flumen
1751 1199 2015 1262 liberum
2066 1201 2129 1260 et
2176 1200 2527 1280 expeditum
2578 1201 2685 1277 ita,
2737 1201 2897 1282 quod
2928 1218 3068 1263 cum
3106 1218 3273 1261 nos-·

529 1287 649 1350 tris
702 1285 965 1368 navigiis
1009 1304 1363 1350 succurrere
1413 1304 1728 1366 possemus
1776 1288 1940 1351 dicto
1991 1286 2141 1363 1000,
2192 1288 2477 1352 volumus
2509 1290 2573 1351 et
2608 1288 3241 1358 comittimus'vobis,

533 1374 693 1457 quod
739 1373 1018 1437 debeatis
1069 1375 1219 1439 bene
1266 1378 1328 1436 et
1375 1375 1707 1457 diligenter
1774 1375 2125 1439 examinare
2204 1379 2404 1440 totum
2473 1375 2682 1440 lacum
2752 1376 2950 1452 illum,
3001 1376 3107 1458 qui
3157 1376 3241 1439 ibi

530 1466 644 1537 est,
694 1465 757 1526 et
803 1462 1036 1526 insulas
1080 1463 1142 1526 in
1190 1481 1261 1527 eo
1309 1464 1644 1526 existentes
1715 1481 1785 1526 ac
1857 1463 2244 1527 condiciones
2315 1464 2448 1527 eius
2511 1468 2574 1528 et
2636 1465 2826 1528 situm
2879 1470 2943 1527 et
2987 1463 3243 1538 flumen,

530 1550 690 1632 quod
740 1550 974 1614 labitur
1021 1569 1213 1632 usque
1260 1551 1335 1614 ad
1383 1551 1683 1613 marinam
1733 1570 1803 1614 ex
1852 1552 1960 1614 illo
2008 1551 2165 1629 lacu,
2215 1552 2649 1616 descendentes
2694 1553 2859 1634 ripas
2906 1553 3060 1628 eius,
3112 1570 3248 1615 mo-

529 1637 794 1709 lendina.
845 1639 1183 1720 pischerias
1229 1645 1293 1702 et
1336 1641 1541 1702 omnia
1587 1640 1729 1714 alia,
1781 1658 1898 1721 que
1947 1658 2132 1721 supra
2181 1643 2244 1703 et
2290 1640 2349 1702 in
2399 1660 2468 1704 eo
2517 1647 2681 1717 sunt,
2717 1646 2779 1704 et
2812 1642 3245 1722 videmusque

534 1744 652 1807 quo
702 1727 791 1789 ire
834 1745 1159 1808 possemus
1208 1745 1348 1791 cum
1399 1728 1662 1810 navigiis
1709 1729 1771 1791 et
1819 1729 1994 1791 cuius
2062 1729 2454 1800 condicionis.
2533 1736 2594 1792 et
2663 1729 2716 1792 si
2788 1736 2953 1792 esset
3021 1731 3247 1792 modus

531 1813 814 1897 possendi
863 1814 1206 1896 providere.
1256 1817 1410 1897 quod
1460 1834 1780 1896 possemus
1830 1816 1918 1878 ire
1963 1835 2154 1898 usque
2201 1815 2276 1880 ad
2331 1817 2668 1881 civitatem.
2732 1825 2794 1881 et
2840 1818 2977 1899 quis
3023 1817 3246 1881 modus

533 1906 598 1966 et
641 1922 783 1966 cum
830 1904 1054 1983 quibus
1103 1903 1369 1985 navigiis
1417 1903 1712 1967 damnum
1761 1907 1824 1966 et
1866 1904 2275 1978 incomodum,
2326 1907 2481 1987 quod
2532 1909 2892 1987 sequeretur
2937 1907 3070 1969 illis
3105 1925 3248 1970 nos-

531 1991 649 2054 tris
697 1990 983 2055 fidelibus
1031 1994 1096 2054 et
1145 1996 1353 2055 nostro
1399 1992 1711 2056 communi
1759 2010 1831 2054 ex
1898 1990 2032 2066 hoc,
2106 1997 2168 2056 et
2224 1994 2413 2057 etiam
2461 2011 2810 2076 expensam,
2861 2014 2981 2076 que
3027 1995 3247 2058 subin-

532 2081 721 2156 trare,
771 2081 835 2142 et
879 2079 1089 2143 omnia
1134 2079 1278 2157 alia,
1330 2098 1447 2160 que
1495 2080 1704 2144 circha
1750 2079 1863 2144 hoc
1909 2080 2140 2144 fuerint
2208 2087 2527 2161 oportuna,
2588 2085 2866 2164 ponendo
2931 2102 3042 2146 seu
3101 2083 3242 2163 poni

530 2164 812 2231 faciendo
858 2166 1068 2232 omina
1112 2170 1389 2231 ordinate
1436 2169 1496 2230 in
1546 2167 1816 2249 scriptis,
1866 2170 1935 2231 ut
1990 2168 2156 2233 clare
2215 2168 2325 2232 illa
2389 2172 2593 2234 videre
2640 2173 2948 2253 possimus
2996 2173 3061 2233 et
3110 2189 3234 2252 pro·

528 2257 732 2320 videre
780 2256 1117 2319 secundum
1166 2257 1328 2338 quod
1379 2256 1557 2320 nobis
1604 2256 1935 2320 videbitur.

737 2359 897 2424 Item
947 2361 1091 2442 quia
1136 2360 1299 2424 iuter
1339 2361 1463 2425 alia
1509 2364 1606 2425 est
1652 2362 1803 2425 utile
1849 2363 1912 2425 et
1958 2362 2396 2442 necessarium,
2447 2365 2605 2447 quod
2654 2367 2846 2429 strate
2895 2370 2957 2429 et
3010 2365 3242 2431 camini

530 2452 939 2514 mercatorum
1020 2455 1082 2511 et
1159 2451 1608 2534 mercationum
1691 2451 1885 2514 securi
1957 2451 2102 2523 sint,
2154 2453 2239 2514 ita
2287 2455 2442 2535 quod
2494 2459 2770 2517 mercata
2840 2456 3053 2517 nostra
3120 2466 3236 2517 tam

529 2538 730 2601 sancti
780 2536 984 2619 Sergii
1033 2555 1216 2620 quam
1260 2538 1386 2600 alia
1432 2538 1701 2602 habeant
1746 2557 1992 2602 cursum
2028 2545 2091 2602 et
2123 2539 2591 2615 inviamentum,
2628 2547 2690 2605 et
2722 2561 2831 2625 per
2862 2560 3237 2625 consegnens

531 2644 854 2691 commune
899 2628 1177 2690 nostrum
1225 2625 1486 2708 recipiat
1533 2627 1872 2692 utilitatem
1919 2647 2111 2703 suam,
2161 2628 2452 2693 introitus
2501 2649 2641 2695 suos
2689 2636 2752 2694 et
2822 2632 3243 2695 emolumenta

531 2733 641 2779 sua
690 2732 796 2795 pro
845 2714 999 2779 bono
1044 2713 1229 2778 etiam
1282 2720 1690 2779 mercatorum
1738 2734 2169 2781 conversorum
2220 2719 2279 2781 in
2331 2719 2515 2782 dictis
2585 2720 2884 2801 partibuS,
2961 2721 3245 2783 volumus

532 2804 598 2866 et
647 2802 1031 2867 comittimus
1073 2804 1268 2878 vobiS,
1319 2803 1500 2884 quod,
1548 2808 1798 2884 sumpta
1845 2803 1973 2868 illic
2017 2807 2089 2868 de
2137 2806 2250 2870 hoc
2299 2805 2726 2871 informatione
2774 2827 2918 2871 cum
2968 2808 3096 2871 illis
3137 2811 3248 2871 do-

535 2890 724 2953 minis
775 2890 999 2956 sclavis
1047 2893 1109 2953 et
1152 2889 1610 2970 albanensibus,
1662 2893 1763 2973 qui
1808 2892 1885 2954 ad
1918 2892 2030 2956 hoc
2080 2892 2379 2958 haberent
2412 2898 2773 2976 potentiam,
2823 2900 2887 2959 et
2931 2915 3074 2960 cum
3111 2899 3245 2978 qni-

531 2979 646 3043 bus
695 2978 944 3043 dabitur
989 2978 1163 3043 vobis
1209 2980 1556 3057 consilium,
1612 2998 1934 3061 procurare
1982 2982 2278 3060 debeatis,
2328 2985 2484 3065 quod
2534 2987 2730 3047 strate
2778 2987 2906 3047 sint
2954 2986 3145 3048 libere
3184 2989 3251 3048 et

531 3069 675 3148 apte
725 3067 1168 3131 mercatoribus
1216 3074 1278 3130 et
1327 3068 1823 3144 mercationibus,
1867 3072 1930 3130 et
1975 3071 2133 3151 quod
2182 3072 2423 3153 possint
2491 3091 2704 3136 secure
2773 3073 2860 3135 ire
2934 3081 2998 3137 et
3044 3075 3249 3138 redire

533 3174 644 3237 per
693 3155 1008 3219 territoria
1043 3173 1171 3231 sua,
1222 3159 1286 3219 et
1332 3156 1681 3237 specialiter
1727 3176 1864 3219 cum
1916 3159 2177 3239 quodam
2238 3159 2468 3223 Radice
2523 3159 2902 3237 Cernovicbi,
2969 3161 3076 3244 qui
3148 3165 3250 3225 est

534 3241 688 3306 civis
740 3247 966 3320 noster,
1040 3247 1105 3307 et
1172 3246 1241 3306 ut
1308 3245 1611 3307 sentimus
1680 3247 1776 3307 est
1822 3245 1998 3310 valde
2046 3254 2280 3328 potenS,
2339 3253 2402 3311 et
2449 3249 2723 3330 quotidie
2768 3270 2908 3312 cum
2953 3250 3248 3332 gentibus

537 3330 714 3393 vadit
761 3331 1156 3396 discurrendo
1203 3335 1513 3396 contratas
1552 3333 1788 3396 deinde.
1845 3332 2145 3397 Volumus
2185 3337 2394 3412 etiam,
2466 3337 2625 3418 quod
2687 3338 2887 3401 eidem
2938 3340 3253 3401 instanter

533 3419 964 3483 recomendare
1011 3420 1106 3483 vel
1154 3420 1578 3484 recomendari
1639 3420 1837 3485 facere
1883 3422 2159 3486 debeatis
2200 3427 2374 3505 parte
2422 3428 2633 3489 nostra
2679 3427 2995 3490 civitatem
3038 3424 3248 3490 Catari

535 3508 600 3571 et
675 3506 813 3569 illos
889 3508 1072 3583 cives,
1156 3507 1262 3590 qui
1338 3512 1486 3573 sunt
1545 3510 1737 3573 nostri
1817 3510 2115 3589 speciales
2162 3513 2344 3576 amici
2393 3517 2455 3576 et
2500 3513 2615 3577 hoc
2653 3514 3020 3578 habebimus
3070 3516 3252 3579 valde

534 3595 787 3676 gratum
837 3594 897 3658 in
944 3597 1205 3672 tantum,
1254 3599 1410 3676 quod
1481 3598 1558 3661 ad
1632 3598 2014 3680 beneplacita
2075 3617 2188 3662 sna
2250 3600 2635 3682 amplissime
2681 3622 2788 3667 nos
2834 3602 3141 3684 disponet,
3196 3604 3250 3667 si

534 3680 950 3764 complacebit
995 3683 1193 3747 nobis.

747 3770 1005 3851 Insuper
1068 3772 1212 3854 quia
1271 3773 1344 3836 ut
1403 3771 1580 3836 scitis
1647 3773 1945 3837 habemus
2008 3774 2068 3837 in
2142 3775 2325 3840 dictis
2401 3778 2680 3859 partibus
2728 3781 3001 3843 castrum
3047 3779 3253 3859 Lexii,

536 3859 691 3941 quod
740 3877 1055 3941 nunquam
1102 3859 1342 3923 visitari
1391 3858 1665 3924 fecimus
1715 3866 1779 3924 et
1823 3862 2124 3926 vellemus
2172 3864 2439 3930 libenter
2485 3867 2818 3942 informari,
2873 3869 2931 3930 in
2968 3886 3086 3950 quo
3122 3874 3256 3932 ter-

539 3948 709 4011 mino
756 3950 856 4011 est
899 3949 963 4011 et
1008 3947 1311 4030 quomodo
1358 3949 1443 4011 sit
1488 3948 1562 4011 de
1610 3954 1886 4014 mercato
1934 3952 2083 4014 salis
2130 3955 2194 4016 et
2229 3953 2303 4017 de
2350 3955 2706 4018 introitibus
2770 3955 2961 4026 illius,
3007 3955 3134 4037 qui,
3181 3960 3256 4022 ut-

539 4033 861 4099 informati
910 4054 1145 4109 sumuS,
1196 4034 1489 4099 deberent
1537 4055 1670 4099 esse
1737 4039 1944 4115 multi,
2014 4040 2319 4115 volumus,
2369 4044 2521 4124 quod
2570 4044 2809 4125 quando
2859 4043 3030 4109 vobis
3079 4046 3257 4111 vide·

540 4122 728 4200 bitur,
777 4113 1080 4206 possendo
1129 4124 1293 4188 istud
1355 4123 1555 4187 facere
1618 4143 1760 4188 cum
1831 4129 2162 4191 securitate
2225 4149 2620 4210 personarum
2692 4135 3061 4208 vestrarum,
3131 4134 3259 4201 duo

542 4214 819 4275 vestrum
863 4213 953 4274 ire
999 4211 1267 4275 debeant
1311 4213 1385 4274 ad
1426 4211 1751 4275 videndum
1779 4219 1845 4277 et
1889 4217 2364 4281 examinandum
2414 4220 2643 4283 dictum
2681 4218 2881 4284 locum
2917 4224 2980 4284 et
3011 4223 3256 4300 modos,

541 4301 645 4381 qui
693 4302 975 4363 servatur
1021 4299 1083 4363 in
1133 4299 1258 4362 illis
1304 4299 1662 4375 redditibuS,
1712 4307 1777 4364 et
1823 4304 2007 4367 etiam
2056 4306 2263 4370 omnia
2311 4307 2447 4383 alia,
2482 4326 2595 4388 que
2638 4308 2807 4371 vobis
2842 4309 3264 4378 examinanda

541 4387 930 4462 videbuntur,
982 4390 1052 4451 ut
1097 4406 1235 4450 cum
1286 4387 1396 4451 illa
1444 4389 1874 4454 informatione
1921 4410 2135 4457 sumus
2184 4396 2254 4457 de
2300 4395 2584 4458 omnibus
2629 4394 2968 4461 informati.
3020 4397 3260 4467 Verum

541 4474 596 4538 si
648 4493 764 4538 non
817 4477 1078 4555 possetis
1127 4476 1213 4537 ire
1255 4494 1361 4557 per
1400 4479 1651 4553 terram,
1722 4483 1786 4541 et
1855 4479 2165 4544 videretur
2233 4483 2405 4547 vobis
2452 4483 2526 4545 de
2575 4483 2876 4550 mittendo
2927 4504 3036 4567 pro
3077 4488 3260 4573 ligno

540 4560 859 4633 Durachii.
914 4563 984 4625 ut
1032 4565 1087 4625 in
1136 4562 1248 4626 illo
1298 4565 1548 4644 possitis
1598 4567 1704 4643 ire,
1757 4566 1994 4647 placeat
2039 4569 2235 4644 nobiS,
2284 4572 2439 4651 quod
2484 4572 2752 4635 mittatis
2801 4592 2910 4655 pro
2975 4575 3130 4657 ipso,
3190 4582 3260 4642 et

543 4649 621 4711 ob
663 4648 780 4713 hoc
821 4648 953 4712 fieri
1005 4650 1263 4714 fecimus
1311 4653 1481 4715 vobis
1527 4652 1742 4717 literas
1789 4660 2028 4719 nostras
2079 4657 2283 4721 baiulo
2333 4664 2396 4722 et
2456 4662 2775 4742 capitaneo
2848 4669 3057 4724 nostro
3125 4665 3264 4729 Du—

542 4735 755 4821 rachii,
804 4739 876 4799 ut
923 4737 1124 4823 ipsum
1174 4739 1251 4805 ad
1299 4757 1545 4805 omnem
1593 4746 1862 4806 vestram
1928 4745 2387 4825 requisitionem
2456 4749 2625 4811 vobis
2685 4748 2941 4813 mittere
3005 4750 3259 4821 debeat.
