3620 5282
458 294 589 362 408

461 473 711 539 modum
760 471 823 536 in
866 472 1240 536 testamento
1285 470 1545 554 predicti
1594 471 1653 535 d.
1702 468 1974 534 Marsilii
2021 464 2092 533 de
2140 469 2406 554 Georgio
2454 470 2831 546 denotatam,
2879 468 2986 533 ubi
3032 486 3179 533 con-

462 561 614 626 ditio
659 560 856 642 ipsius
902 560 1255 637 comitatuS‚
1306 558 1571 643 qualiter
1635 559 1918 622 devenire
1965 558 2152 621 debet
2198 559 2270 621 de
2326 558 2549 621 herede
2599 558 2660 620 in
2704 556 2994 620 heredem
3045 557 3176 638 ple-

460 649 599 713 nius
646 648 990 712 continetur
1036 647 1112 712 de
1161 648 1285 711 iam
1330 646 1495 710 dicto
1542 645 1846 709 comitatu
1902 644 2164 709 Curzule
2211 646 2274 708 et
2320 644 2585 721 Melete,
2634 646 2698 707 et
2741 644 3027 707 omnibus
3073 643 3180 707 ho-

464 735 887 812 norificentiis,
915 735 1242 817 homagiis,
1287 734 1486 798 feudis
1512 751 1583 797 ac
1616 733 1901 796 omnibus
1938 733 2301 808 rationibus,
2350 731 2903 808 iurisdictionibuS‚
2946 731 3179 793 iuribus

464 825 529 886 et
573 822 964 905 pertinentiis
1011 823 1086 885 ad
1131 821 1553 904 supradictum
1599 820 1969 883 comitatum
2007 818 2267 883 Curzule
2332 821 2396 883 et
2440 820 2669 883 Melete
2734 817 3183 899 spectantibus,

466 908 542 973 de
591 927 710 991 quo
756 912 886 973 toto
934 909 1207 991 predicto
1240 908 1542 971 comitatu
1566 906 1828 972 Curzule
1858 910 1921 971 et
1945 906 2192 984 Melete,
2243 908 2306 970 et
2353 907 2656 985 omnibuS‚
2708 924 2823 988 que
2868 906 2944 969 ad
2977 905 3184 986 ipsum

466 998 831 1061 comitatum
879 998 1190 1078 pertinent
1235 998 1350 1060 etc.

551 1086 805 1159 Rayusi.
871 1086 1100 1160 Scoylio
1142 1087 1299 1145 della
1364 1083 1601 1145 Caecia.
1667 1082 1919 1143 Gamera
1980 1084 2074 1144 dei
2133 1082 2369 1155 confini.
2422 1083 2760 1152 Dalmazia,
2827 1083 3001 1141 busta
3048 1084 3104 1151 4,
3147 1099 3188 1139 u

462 1174 802 1233 mletackom
847 1174 1079 1233 arkivu.

870 1362 1102 1443 xm.
1178 1301 1383 1444 eon.
1435 1361 1656 1443 1274.
1712 1358 1815 1442 25
1870 1358 2316 1458 kolovoza‚
2367 1381 2430 1440 u
2487 1358 2792 1449 zanni.

704 1488 840 1546 Μὶν
884 1489 1179 1547 αἰαηαόεη
1227 1489 1426 1561 medju
1471 1486 1832 1560 republikom
1878 1486 2216 1544 mletackom
2262 1486 2285 1543 i
2330 1485 2610 1543 omiskom
2656 1484 2935 1543 ebcinom.

679 1606 752 1670 In
800 1607 1043 1672 nomine
1090 1608 1319 1672 domini
1366 1607 1464 1672 dei
1513 1606 1709 1671 eterni
1755 1625 1956 1670 amen.
2028 1605 2207 1671 Anno
2255 1607 2605 1672 nativitatis
2653 1605 2928 1671 eiusdem
2976 1605 3179 1670 mille-

475 1696 632 1760 simo
680 1695 1102 1759 ducentesimo
1151 1695 1605 1778 septuagesimo
1669 1698 1919 1775 quarto,
1984 1695 2317 1759 indictione
2378 1696 2675 1771 secunda,
2727 1694 2825 1758 die
2893 1693 3186 1757 vicesimo

476 1783 690 1865 quinto
738 1783 970 1847 mensis
1018 1783 1284 1865 augusti,
1334 1783 1395 1846 in
1444 1781 1702 1864 palacio,
1755 1780 1861 1844 ubi
1908 1801 2068 1846 nunc
2116 1783 2376 1846 comites
2422 1781 2613 1847 Jadre
2679 1783 3030 1856 morantur,
3082 1780 3184 1845 ubi

480 1870 738 1934 consilia
782 1869 971 1934 Jadre
1012 1872 1187 1946 finnt,
1240 1870 1630 1950 presentibus
1678 1867 1827 1932 viris
1869 1869 2179 1933 nobilibus
2222 1870 2489 1950 Lumpre
2536 1871 2610 1933 de
2656 1868 2940 1942 Nichola‚
2990 1868 3187 1931 Pasca

473 1956 809 2034 Varicassi,
853 1975 1015 2021 nunc
1060 1956 1365 2020 iudicibus
1411 1955 1625 2034 Jadre‚
1675 1953 1833 2019 Cosa
1881 1956 2172 2034 Saladim,
2223 1956 2435 2020 Micha
2493 1957 2730 2021 Bochez
2776 1960 2840 2020 et
2885 1955 3188 2038 Vulcigna
3244 1962 3259 1975 ’

467 2043 544 2107 de
590 2044 878 2121 Grinan0‚
928 2044 1214 2108 omnibus
1261 2043 1497 2107 civibus
1543 2042 1755 2120 Jadre‚
1803 2044 1868 2106 et
1913 2044 2052 2107 aliis
2103 2045 2401 2124 pluribus,
2450 2043 2853 2125 Temporibus
2902 2041 3184 2124 equidem

469 2130 785 2213 magnifici
827 2132 943 2195 viri
990 2131 1220 2195 domini
1267 2129 1593 2194 Laurencii
1632 2130 1891 2211 Teupoli
1936 2131 2199 2195 illustris
2244 2131 2652 2195 veneciarum
2699 2130 2890 2206 ducis,
2943 2131 3005 2192 et
3054 2147 3186 2192 ma-

469 2218 655 2301 gistri
698 2217 1020 2282 Laurencii
1069 2217 1516 2299 archiepiscopi
1564 2216 1922 2293 Jadrensis‚
1986 2237 2058 2281 ac
2124 2218 2239 2281 viri
2302 2218 2527 2282 nobilis
2591 2218 2824 2281 domini
2868 2216 3185 2281 Albertini

465 2304 836 2369 Mauroceno
884 2306 1114 2387 egregii
1162 2304 1407 2369 comitis
1453 2304 1664 2369 Jadre.
1736 2304 1826 2369 Ut
1871 2305 1934 2367 in
1993 2307 2165 2369 statu
2214 2305 2467 2387 pacifico
2514 2308 2578 2370 et
2641 2306 2847 2387 quieto
2907 2303 3186 2385 prefatus

465 2392 751 2456 dominus
798 2392 1174 2457 Laurencius
1221 2392 1493 2474 Teupolo
1542 2392 1684 2467 dux,
1753 2409 2079 2455 commune
2128 2396 2191 2455 et
2237 2392 2513 2457 homines
2562 2391 2839 2474 predicte
2887 2392 3184 2456 Venecia-

466 2497 605 2542 rum
653 2478 924 2542 civitatis
968 2482 1268 2543 una'cum
1313 2480 1441 2542 suis
1489 2478 1776 2542 fidelibus
1826 2480 2176 2560 specialiter
2224 2498 2361 2543 cum
2429 2479 3181 2543 circumvicinissnorum

463 2564 744 2629 fidelium
785 2567 1079 2630 maneant
1124 2566 1189 2628 in
1236 2569 1537 2630 eternum.
1587 2565 1823 2629 Idcirco
1871 2565 2155 2631 noverint
2178 2565 2453 2632 universi
2500 2567 2848 2648 presentem
2897 2565 3183 2648 paginam

469 2654 828 2734 inspecturi,
869 2654 1029 2735 quod
1078 2655 1152 2717 ad
1204 2654 1586 2736 presenciam
1637 2652 1898 2735 predicti
1959 2653 2192 2718 domini
2258 2654 2569 2719 Albertini
2642 2653 2879 2736 egregii
2941 2654 3187 2718 comitis

466 2740 658 2806 Jadre
704 2760 818 2805 nec
864 2759 983 2805 non
1030 2741 1413 2806 dominorum
1463 2741 1767 2806 Johannis
1818 2739 2094 2812 (lornarii
2143 2744 2207 2805 et
2248 2741 2490 2805 Nicolai
2540 2741 2773 2819 Minio,
2842 2740 3187 2805 consiliari-

467 2846 640 2892 orum
689 2828 962 2894 civitatis
1007 2829 1330 2912 presentiS‚
1373 2830 1488 2892 viri
1534 2829 1771 2893 nobiles
1820 2847 2022 2893 comes
2051 2829 2255 2892 Rados
2303 2832 2366 2892 et
2410 2830 2745 2910 Bogdanus
2792 2826 2868 2891 de
2906 2826 3186 2891 Almesio

466 2934 577 2980 suo
620 2915 883 2994 nomine,
932 2916 1400 2980 communitatis
1448 2919 1510 2981 et
1556 2914 1875 2981 hominum
1910 2915 2172 2980 Almesii
2211 2917 2542 2992 venienteS‚
2595 2917 2882 2979 dixerunt
2927 2917 2990 2978 et
3038 2932 3178 2995 pro-

464 3005 802 3084 posuerunt
845 3022 950 3085 pro
997 3007 1169 3085 parte
1217 3021 1349 3077 sua,
1398 3004 1863 3068 communitatis
1911 3005 1975 3068 et
2019 3002 2336 3066 hominum
2384 3002 2547 3067 dicte
2610 3005 2806 3079 terre,
2875 3001 3032 3083 quod
3080 3019 3184 3064 vo-

466 3087 674 3152 luntas
722 3107 832 3153 sua
879 3091 983 3153 diu
1030 3092 1321 3154 extiterat
1367 3092 1429 3152 et
1475 3109 1636 3154 nunc
1674 3092 1810 3154 erat
1856 3110 1920 3155 se
1968 3090 2451 3167 reconciliandi,
2500 3092 2564 3154 et
2609 3090 2685 3153 ad
2733 3089 2962 3154 domini
3014 3087 3189 3153 ducis

466 3176 532 3238 et
577 3177 921 3239 communis
967 3176 1369 3240 Veneciarum
1419 3178 1681 3258 gratiam
1732 3177 2034 3256 veniendi,
2080 3196 2144 3241 se
2192 3195 2413 3258 pronos
2445 3179 2509 3241 et
2539 3175 2807 3241 humiles
2854 3175 3183 3241 offerentes

471 3261 782 3325 mandatis
831 3263 1023 3343 ipsius
1069 3263 1301 3327 domini
1352 3262 1526 3327 ducis
1573 3265 1636 3326 et
1680 3264 2024 3328 communis
2086 3265 2491 3329 Veneciarum
2554 3264 2892 3345 supradicti
2941 3263 3189 3327 obedire

471 3350 800 3431 perpetuo;
850 3351 1130 3431 petentes
1175 3351 1362 3414 etiam
1410 3352 1475 3413 et
1520 3369 1657 3413 cum
1708 3351 2011 3415 instantia
2075 3352 2456 3432 requirentes
2504 3370 2720 3432 pacem
2768 3354 2830 3414 et
2876 3351 3187 3414 desidera-

469 3437 605 3499 tum
655 3435 1047 3500 concordium
1094 3454 1233 3500 cum
1284 3439 1412 3516 ipso
1458 3436 1704 3500 domino
1752 3438 1903 3501 duce
1951 3441 2016 3503 et
2068 3440 2379 3503 communi
2429 3439 2834 3502 Veneciarum
2896 3439 2959 3502 in
3019 3437 3188 3501 sutu-

465 3540 625 3586 rum.
675 3521 853 3587 Unde
898 3523 993 3586 vir
1039 3523 1265 3586 nobilis
1312 3523 1701 3605 supradictus
1749 3525 2036 3590 dominus
2073 3525 2434 3590 Albertinus
2463 3525 2834 3589 Mauroceno
2882 3544 3001 3589 una
3044 3542 3185 3588 cum

472 3609 603 3674 suis
649 3609 1014 3674 consiliariis
1062 3611 1339 3690 superius
1386 3611 1700 3675 annotatis
1747 3611 2013 3694 plenam,
2064 3632 2279 3677 sanam
2327 3616 2390 3676 et
2437 3613 2744 3695 integram
2807 3612 3041 3677 habens
3087 3628 3190 3674 co-

463 3696 819 3761 missionem
866 3717 903 3762 a
949 3696 1184 3778 prefato
1229 3697 1474 3762 domino
1520 3699 1671 3762 duce
1718 3702 1783 3763 et
1825 3700 2139 3764 communi
2187 3699 2593 3764 Veneciarum
2640 3700 2990 3782 supradicto
3015 3698 3190 3763 bulla

463 3783 758 3866 plumbea
805 3784 1096 3867 pendenti
1143 3787 1435 3849 consueta
1481 3786 1784 3849 munitam
1835 3788 2164 3861 tractandi,
2213 3786 2478 3851 faciendi
2524 3789 2588 3851 et
2626 3787 2971 3851 liberaliter
3014 3785 3185 3849 affir-

463 3871 672 3935 mandi
721 3890 935 3954 pacem
985 3872 1048 3935 et
1091 3892 1305 3936 verum
1355 3872 1744 3937 concordium
1817 3893 1961 3936 cum
2006 3875 2187 3938 dictis
2237 3875 2548 3938 nobilibus
2594 3874 2823 3939 comite
2871 3873 3075 3938 Bados
3123 3875 3189 3936 et

466 3958 757 4041 Bogdano
803 3977 931 4036 suo,
982 3959 1447 4023 communitatis
1494 3962 1558 4022 et
1590 3959 1912 4023 hominum
1939 3957 2205 4026 Almesii
2240 3963 2483 4025 nomine
2517 3963 2712 4043 ipsius
2743 3960 2977 4025 domini
3011 3959 3187 4023 ducis

465 4046 530 4109 et
573 4045 917 4110 communis
964 4046 1374 4111 Veneciarum
1423 4046 1763 4127 supradicti
1808 4047 2053 4112 nomine
2119 4052 2293 4130 prout
2355 4049 2418 4112 in
2467 4049 2638 4113 dicta
2697 4048 3065 4113 comissione
3113 4048 3186 4110 de

466 4133 652 4197 verbo
698 4132 776 4196 ad
824 4132 1077 4197 verbum
1125 4133 1380 4197 inferius
1430 4134 1732 4215 inscripta
1778 4136 2130 4199 continetur
2176 4154 2493 4216 expresse,
2544 4135 2710 4200 facta
2765 4137 2831 4199 et
2861 4134 3184 4217 publicata

465 4235 573 4298 per
618 4217 968 4284 Conradum
1016 4221 1320 4284 notarium
1390 4222 1454 4285 et
1498 4221 1734 4285 ducalis
1798 4223 1939 4285 aule
2006 4222 2408 4287 Veneciarum
2458 4222 2921 4300 cancellarium,
2970 4240 3183 4286 eorum

466 4303 767 4369 nobilium
815 4305 1078 4388 benigne
1127 4308 1533 4387 peticionibus
1581 4312 1643 4372 et
1689 4309 2255 4392 supplicacionibus
2320 4309 2850 4385 condescendens,
2916 4328 3019 4374 eos
3086 4326 3192 4372 no·

464 4389 629 4452 mine
677 4392 953 4471 ipsorum
1000 4393 1467 4458 communitatis
1514 4398 1579 4459 et
1626 4396 1948 4460 hominum
1999 4396 2250 4460 Almisii
2299 4395 2377 4460 ad
2424 4415 2639 4477 pacem
2709 4399 2773 4459 et
2831 4395 3187 4478 perpetuale

464 4477 849 4541 concordium
897 4479 1129 4562 recepit
1176 4482 1239 4544 in
1285 4482 1446 4544 hunc
1495 4481 1764 4557 modum,
1814 4485 1888 4546 ut
1932 4483 2093 4547 infra
2126 4483 2814 4566 legiturmobtinendum.
2865 4481 3183 4564 Imprimis

464 4560 751 4626 videlicet
795 4565 955 4644 quod
1003 4567 1165 4631 idem
1212 4567 1497 4632 dominus
1543 4568 1906 4634 Albertinus
1972 4589 2173 4635 comes
2220 4568 2412 4635 Jadre
2456 4588 2576 4635 una
2623 4588 2765 4634 cum
2814 4569 3187 4635 consiliariis

463 4647 831 4730 supradictis
878 4651 1010 4715 vice
1051 4656 1116 4716 et
1161 4654 1407 4718 nomine
1453 4655 1683 4720 domini
1732 4656 1924 4734 duciS‚
1988 4656 2458 4722 communitatis
2504 4660 2570 4721 et
2615 4657 2934 4722 hominum
2984 4656 3185 4720 Vene-
