3620 5282
3078 398 3155 462 τι

857 564 1062 647 CVI.
1133 564 1339 647 God.
1397 565 1625 647 1348.
1684 566 1787 647 29
1845 566 2189 667 etanta,
2244 588 2304 646 u
2358 566 2747 648 Mletcih.

428 689 580 763 Doa'e
624 707 687 750 se
733 689 1032 750 Paianom
1065 692 1209 750 brod
1254 693 1277 749 i
1313 692 1504 762 niesto
1536 692 1745 764 oruija
1777 693 1904 765 pod
1936 694 2206 765 qu'etom,
2254 692 2334 751 da
2356 709 2453 750 sve
2482 709 2557 751 za
2581 694 2745 766 njeki
2780 666 2888 753 rok
2918 695 3156 767 izplate.

645 810 831 874 1348.
873 810 1209 875 indictione
1256 812 1474 893 prima,
1539 811 1638 875 die
1689 811 1773 875 29
1805 813 2044 888 marcii,
2078 814 2308 897 capta:
2356 815 2514 894 quod
2539 813 2617 876 ad
2643 814 3161 897 supplicacionem

430 896 600 961 nobis
646 897 878 961 factam
925 918 1033 980 per
1083 899 1549 963 ambaxatorem
1624 899 2091 964 communitatis
2156 901 2312 983 Pagi
2375 901 2743 965 concedatur
2806 902 2922 967 sibi
2971 913 3157 968 unuin

429 986 662 1067 lignum
712 1004 936 1049 novum
982 986 1055 1049 de
1107 985 1298 1049 remis
1347 986 1432 1049 26
1467 986 1594 1069 (ex)
1627 988 1921 1051 arsenatu
1959 989 2165 1052 nostro
2228 1006 2368 1053 cum
2416 989 2703 1052 omnibus
2751 990 2877 1053 suis
2924 990 3159 1054 coredis

430 1075 490 1136 et
532 1073 930 1137 furnimentis
977 1092 1087 1155 per
1133 1073 1631 1151 extimacionem,
1697 1074 2096 1139 medietatem
2159 1075 2332 1139 cuius
2396 1076 2631 1140 solvere
2695 1076 2960 1141 debeant
3006 1077 3157 1142 dicti

428 1160 498 1223 de
542 1161 710 1244 Pago
758 1161 836 1223 ad
875 1161 1100 1224 festum
1152 1161 1349 1225 sancti
1405 1161 1685 1226 Micaelis
1732 1163 2098 1244 proximum,
2144 1164 2216 1226 et
2260 1162 2450 1226 aliam
2499 1164 2901 1227 medietatem
2950 1166 3026 1227 ad
3051 1165 3156 1228 ka-

429 1247 637 1311 lendas
674 1249 892 1330 aprilis
941 1251 1086 1312 tunc
1132 1248 1461 1330 sequentia,
1528 1249 1725 1313 dando
1771 1249 1848 1313 de
1893 1251 1982 1313 sic
2047 1248 2333 1314 solvendo
2392 1251 2601 1314 nostro
2649 1250 2960 1315 communi
3004 1253 3155 1335 ydo-

430 1353 605 1399 neam
653 1335 1009 1417 plezariam.
1058 1336 1143 1400 Et
1181 1337 1431 1416 insuper
1477 1337 1696 1400 dentur
1757 1336 1990 1400 eisdem
2057 1337 2331 1419 predicto
2395 1339 2570 1402 modo
2614 1356 2755 1402 curn
2803 1338 3153 1403 condicione
3207 1371 3211 1375 ⁴

427 1422 695 1486 solvendi
745 1425 857 1487 hec
901 1442 1091 1502 arma,
1155 1423 1460 1505 imprimis
1506 1442 1586 1505 pa
1635 1424 1888 1508 (vesios)
1939 1424 2043 1502 25,
2094 1424 2246 1488 item
2307 1423 2504 1488 lancie
2546 1425 2652 1503 50,
2704 1426 2853 1489 item
2899 1425 3154 1491 balliste

428 1509 635 1574 fulcite
682 1512 787 1585 20,
837 1512 986 1575 item
1037 1511 1269 1575 coracio
1317 1510 1402 1573 20
1453 1528 1591 1574 cum
1658 1511 2031 1575 cervelleriis
2064 1512 2173 1589 20,
2223 1514 2286 1574 et
2330 1511 2549 1576 adatur
2593 1513 2657 1576 in
2719 1514 3152 1578 commissione

425 1599 717 1663 comitum
767 1599 938 1682 Pagi,
989 1599 1150 1680 quod
1198 1598 1362 1663 omni
1416 1617 1622 1662 mense
1685 1598 2093 1682 personaliter
2152 1600 2475 1663 teneantur
2522 1603 2586 1663 et
2629 1600 2894 1663 debeant
2939 1600 3028 1665 ire
3073 1603 3151 1665 ad

423 1685 747 1749 videndum
809 1686 1044 1750 dictum
1099 1686 1373 1768 lignum,
1439 1686 1732 1750 cohrreda
1794 1688 1860 1751 et
1904 1703 2078 1749 arma
2123 1704 2234 1768 per
2264 1735 2278 1748 .
2313 1734 2327 1749 .
2365 1734 2427 1749 ..
2478 1687 2804 1769 aperiendo
2852 1690 3148 1766 mentem,

426 1774 581 1854 quod
637 1773 850 1837 taliter
912 1775 1346 1838 conserventur
1406 1773 1469 1835 et
1513 1772 1974 1851 custodiantur,
2023 1773 2183 1855 quod
2249 1773 2456 1854 aliqua
2516 1774 2858 1857 negliencia
2903 1776 3001 1840 vel
3046 1776 3152 1839 de-

420 1859 584 1924 fectu
630 1879 748 1924 non
782 1862 1197 1935 devastentur,
1245 1862 1351 1924 sed
1390 1859 1554 1941 quod
1593 1861 2047 1937 conserventur,
2102 1862 2174 1924 ut
2215 1862 2518 1942 optamus.

504 1950 669 2010 Scor.
706 1968 860 2010 conc.
909 1955 1095 2025 φοραί.
1144 1950 1218 2008 B.
1271 1953 1325 2008 1.
1366 1968 1410 2009 u
1452 1952 1795 2010 ndetackom
1841 1953 2075 2010 arkivu.

804 2110 1101 2221 svn.
1151 2139 1358 2221 ooo.
1412 2138 1642 2220 1348.
1696 2138 1800 2220 29
1856 2138 2197 2239 ozujka,
2255 2161 2315 2219 u
2368 2137 2759 2219 motem.

417 2266 518 2324 Na
562 2266 752 2338 izjave
788 2266 1114 2338 poslanika
1161 2265 1478 2338 troyirskih
1523 2266 1546 2322 i
1592 2265 1899 2337 spljetskih
1932 2282 1964 2323 o
1999 2282 2266 2337 pomoru,
2312 2266 2411 2337 koj
2440 2265 2639 2335 medju
2669 2266 2978 2337 njihovimi
3002 2284 3143 2340 yra-

807 2363 811 2367 ’
861 2353 1035 2425 djam'
1079 2353 1279 2431 hiemi,
1326 2353 1351 2410 i
1395 2370 1427 2411 o
1473 2353 1737 2425 haranjvae
1794 2350 1974 2426 Uyra,
2021 2353 2321 2426 odyovara
2364 2369 2426 2410 se
2469 2352 2708 2411 shodno.

632 2472 817 2536 1348.
867 2472 965 2536 die
1014 2472 1096 2535 29
1144 2468 1378 2550 marcii,
1426 2473 1640 2554 capta:
1690 2471 1853 2553 quod
1900 2470 2037 2535 istis
2084 2471 2585 2536 ambaxatoribus
2625 2471 2701 2537 de
2743 2472 3044 2554 Tragurio
3078 2474 3143 2537 et

413 2558 662 2641 Spaleto
707 2559 1150 2643 exponentibus
1195 2560 1638 2624 mortalitatem
1686 2577 1998 2643 magnam,
2047 2579 2162 2643 que
2221 2560 2384 2623 cives
2446 2577 2586 2623 suos
2632 2559 2879 2636 invasit,
2928 2562 2992 2623 et
3041 2560 3140 2624 in-

419 2649 730 2713 cursiones
778 2648 1234 2731 Hungarorum,
1283 2647 1725 2730 respondeatur
1771 2665 1914 2710 cum
1958 2648 2160 2712 verbis
2205 2647 2496 2726 abilibus,
2548 2649 2617 2711 ut
2662 2647 2944 2725 domino,
2994 2666 3137 2713 con-

419 2735 693 2812 siliariiS,
741 2735 1051 2817 capitibus
1096 2738 1160 2799 et
1203 2735 1598 2819 sapientibus
1646 2735 1988 2816 apparebit.

502 2824 644 2885 Secr
707 2842 861 2884 com.
902 2843 1023 2900 roy.
1070 2825 1145 2884 B.
1198 2829 1254 2895 1,
1289 2843 1333 2884 u
1376 2826 1592 2884 arkivu
1635 2826 1994 2884 mletac‘kom.

785 3013 1080 3095 CVIII.
1155 3013 1363 3096 flod.
1421 3013 1651 3095 1348.
1706 3013 1803 3095 31
1856 3012 2194 3113 offiujka,
2250 3034 2310 3092 u
2365 3010 2755 3094 Mletcin.

344 3117 347 3118 ⁷
418 3140 686 3213 Dua‘nski
731 3141 877 3200 knez
917 3121 1171 3212 stdvljen
1216 3159 1300 3199 na
1343 3141 1600 3208 slobodu,
1636 3141 1809 3212 posto
1855 3156 1917 3199 se
1962 3139 2224 3214 obvezcw,
2274 3139 2352 3196 da
2382 3138 2443 3196 όε
2471 3154 2569 3198 sve
2609 3139 2785 3198 §leode
2815 3139 3144 3199 mletackim

1181 3228 1595 3301 podloinikom
1638 3229 1909 3300 ucinjene
1952 3226 2363 3286 nadoknaditi.

630 3347 814 3411 1348.
856 3347 952 3411 die
991 3348 1214 3413 ultimo
1261 3347 1498 3426 marcii,
1546 3348 1759 3429 capta:
1809 3347 1955 3411 data
2002 3346 2333 3412 sufficienti
2383 3347 2649 3430 plezaria
2694 3366 2803 3431 per
2846 3352 3138 3416 comitem

416 3436 491 3498 de
536 3435 751 3518 Doyno
796 3436 869 3498 de
915 3435 1348 3500 satisfaciendo
1414 3435 1643 3499 damna
1703 3434 1851 3498 data
1913 3454 1948 3498 a
1996 3436 2257 3516 quatuor
2316 3436 2493 3499 annis
2555 3435 2745 3508 citra,
2812 3456 2926 3517 que
2970 3438 3139 3503 vide-

414 3523 645 3587 buntur
689 3522 955 3600 domino,
1002 3522 1385 3600 consiliariiS,
1437 3522 1745 3603 capitibus
1793 3524 1858 3586 et
1916 3523 2296 3602 sapientibus
2336 3522 2559 3586 debere
2601 3523 2886 3588 satisfieri
2934 3524 3008 3589 de
3041 3525 3138 3591 iu-

409 3609 606 3688 ribuS‚
659 3627 730 3672 ac
776 3610 966 3673 etiam
1013 3611 1087 3673 de
1136 3609 1572 3674 satisfaciendo
1633 3610 1860 3673 damna
1909 3608 2055 3673 data
2116 3610 2193 3673 ad
2254 3613 2536 3674 sanctum
2585 3609 2934 3675 Johannem
3000 3611 3139 3677 dela

409 3696 603 3774 Tuba,
655 3698 987 3760 secundum
1020 3697 1177 3779 quod
1213 3699 1685 3780 cognosceretur
1728 3716 1839 3779 per
1872 3696 2180 3777 sapientes
2210 3696 2383 3775 iuris,
2436 3697 2539 3778 qui
2584 3697 2952 3762 videbuntur
3000 3719 3139 3781 pre-

414 3782 625 3862 dictis,
675 3787 738 3847 et
782 3783 857 3848 de
904 3802 1024 3848 non
1071 3784 1334 3848 faciendi
1383 3784 1458 3848 de
1506 3785 1707 3848 cetero
1740 3784 2056 3859 lesionem,
2103 3783 2410 3849 robariam
2442 3784 2539 3849 vel
2569 3786 2864 3848 damnum
2911 3787 3139 3851 nostris

409 3869 715 3949 fidelibuS,
765 3890 874 3935 nec
922 3871 1289 3953 receptando
1335 3871 1607 3953 aliquem
1653 3872 1716 3935 in
1763 3871 1892 3935 suis
1939 3869 2111 3947 locis,
2161 3871 2265 3953 qui
2311 3872 2704 3953 procurasset
2768 3872 2865 3936 vel
2918 3890 3140 3955 procu-

408 3960 578 4022 raret
616 3957 815 4023 facere
862 3959 1162 4023 damnum
1212 3958 1398 4023 dictis
1446 3958 1640 4024 nostri
1689 3957 1993 4036 fidelibus,
2042 3962 2104 4023 et
2149 3961 2463 4023 reservato
2509 3958 2640 4023 iure
2688 3978 2797 4023 suo
2845 3977 3137 4040 quorum-

404 4044 581 4124 libet,
629 4047 732 4127 qui
783 4047 1018 4113 vellent
1064 4049 1274 4129 petere
1318 4048 1536 4110 contra
1582 4047 1814 4110 dictum
1863 4046 2179 4124 comitem,
2226 4047 2291 4109 et
2335 4045 2611 4110 faciendo
2640 4044 3137 4111 satisfaccionem

406 4151 810 4215 expensarum
856 4133 1161 4198 factarum
1209 4152 1317 4215 pro
1364 4134 1704 4197 retentione
1758 4132 1911 4197 dicti
1972 4134 2220 4197 comitis
2279 4135 2413 4197 tam
2475 4152 2580 4215 per
2626 4136 2919 4196 nostrum
2966 4135 3135 4217 capi·
3183 4161 3186 4164 ·

404 4222 658 4284 taneum
706 4220 1102 4304 Paysanatici
1149 4239 1332 4302 quam
1393 4220 1610 4298 aliter,
1676 4220 1840 4284 sicut
1902 4221 2194 4303 predictis
2245 4221 2590 4297 videbitur,
2662 4220 2867 4285 dictus
2929 4240 3135 4287 comes
3219 4273 3222 4276 .

408 4307 632 4371 debeat
670 4307 950 4372 relaxari.

493 4397 674 4456 Misti
723 4397 966 4457 XXIV.
1015 4400 1118 4468 69,
1164 4415 1208 4456 u
1245 4399 1461 4457 arkivu
1497 4396 1856 4458 mletdkom.
