3620 5282
2968 350 3094 416 367

1897 484 1912 507 X

582 518 923 602 Episcopus
971 522 1175 585 autem
1225 520 1554 585 Firmanus
1602 521 1902 585 remansit
1946 521 2190 599 Padue,
2259 523 2325 586 et
2378 522 2736 587 associando
2781 527 3097 607 ambaxia-

372 606 613 673 toribus
661 607 1106 691 dominiregiS,
1156 608 1304 671 dum
1352 608 1427 672 de
1453 608 1667 673 Padua
1692 610 2064 688 recederent,
2113 609 2383 673 obtinuit
2406 628 2514 691 per
2537 611 2702 692 ipsos
2750 611 2812 674 in
2844 614 3095 695 scriptis

372 694 572 779 redigi
619 713 865 760 omnem
912 696 1161 760 finalem
1205 696 1607 760 intentionem
1666 696 1935 778 ipsorum
2001 714 2188 779 supra
2251 697 2535 762 omnibus
2603 698 2886 762 articulis
2934 701 3094 765 trac-

370 783 543 846 tatus
591 786 654 847 et
699 783 898 847 modis
962 783 1241 847 tenendis
1305 784 1380 847 ad
1443 783 1862 847 executionem
1921 783 2228 866 ipsorum,
2292 787 2446 866 quod
2503 803 2817 868 nunquam
2863 786 3094 852 domini

371 870 655 954 Hungari
703 889 815 939 nec
863 871 924 934 in
971 870 1295 954 Hungaria
1339 889 1450 935 nec
1514 872 1576 934 in
1637 871 1916 935 Venetiis
1978 870 2179 936 facere
2236 873 2595 950 voluerant,
2662 875 2726 937 et
2787 874 2857 937 ut
2902 876 3097 940 maior

371 957 523 1022 fides
569 957 666 1022 illi
727 958 1031 1040 scripture
1077 958 1360 1036 daretur,
1432 977 1589 1022 unus
1636 977 1706 1021 ex
1774 958 2299 1023 ambaxiatoribus
2368 960 2596 1024 domini
2663 960 2825 1043 regis
2872 963 3094 1045 agendi

372 1046 743 1128 prepositus,
792 1046 1083 1111 videlicet
1126 1064 1191 1110 se
1239 1044 1603 1127 subscripsit
1648 1044 1894 1128 propria
1937 1065 2156 1126 manu,
2223 1049 2569 1111 asserentes
2619 1048 2738 1131 ipsi
2784 1051 3095 1115 ambaxia-

369 1135 553 1212 toreS,
600 1134 763 1215 quod
809 1134 863 1198 si
910 1152 1097 1216 supra
1141 1132 1432 1215 predictis
1478 1152 1581 1217 per
1627 1150 1731 1199 eos
1778 1134 2026 1216 scriptis
2073 1134 2540 1217 responderetur
2571 1136 2867 1215 totaliter,
2918 1140 3096 1202 erant

370 1222 568 1303 parati
614 1240 826 1304 pacem
874 1220 1155 1297 firmare;
1205 1223 1268 1285 et
1310 1221 1361 1285 si
1411 1240 1595 1303 supra
1641 1220 1929 1285 omnibus
1976 1240 2092 1285 non
2139 1223 2320 1304 plene
2351 1221 2841 1305 responderetur,
2880 1226 3094 1309 utpote

371 1309 746 1388 accessoriis,
795 1309 848 1373 si
896 1327 1081 1391 supra
1127 1308 1570 1390 principalibus
1633 1308 2034 1392 tangentibus
2094 1311 2410 1374 dominum
2473 1329 2681 1394 regem
2730 1313 2946 1377 taliter
2994 1333 3094 1378 re-

370 1397 789 1480 sponderetur,
839 1397 1001 1479 quod
1047 1395 1331 1461 dominus
1378 1415 1481 1460 rex
1531 1398 1737 1478 posset
1784 1415 2036 1462 numero
2082 1398 2446 1474 contentari,
2494 1399 2673 1462 unius
2713 1417 2923 1464 eorum
2972 1401 3093 1466 iret

373 1483 438 1548 in
482 1484 872 1567 Hungariam
938 1485 1002 1548 et
1061 1484 1221 1548 alter
1279 1486 1656 1562 remaneret,
1727 1487 1790 1548 et
1852 1486 2112 1566 treugua
2177 1489 2614 1567 prorogaretur
2658 1506 2769 1569 per
2815 1507 3091 1553 mensem

370 1589 680 1655 quousque
725 1573 965 1639 veniret
1009 1571 1323 1654 responsio
1370 1572 1598 1635 domini
1647 1571 1828 1654 regis,
1874 1571 1974 1637 cui
2019 1572 2419 1637 intendebant
2444 1573 2656 1637 taliter
2702 1576 3090 1656 persuadere,

371 1660 529 1741 quod
576 1660 909 1741 sperabant
954 1678 1168 1741 pacem
1217 1659 1499 1724 totaliter
1544 1658 1821 1723 formari.

581 1745 739 1812 Cum
785 1746 1067 1830 predicta
1112 1746 1326 1811 cedula
1375 1747 1463 1812 sic
1511 1747 1860 1829 subscripta
1904 1765 2184 1811 reversus
2231 1746 2349 1812 suit
2395 1746 2715 1830 episcopus
2763 1749 3091 1816 Firmanus

367 1833 667 1913 Paduam,
716 1854 899 1919 quem
949 1834 1091 1917 post
1138 1836 1441 1899 modicam
1487 1835 1701 1899 horam
1748 1834 2031 1899 dominus
2075 1834 2410 1917 Gregorius
2456 1838 2665 1901 custos
2691 1836 3090 1903 Varadiensis

368 1921 759 1987 decretorum
805 1922 1020 1988 doctor
1065 1922 1185 1986 fuit
1226 1923 1489 1986 secutus.
1538 1918 1654 1999 Qui
1693 1918 1940 2004 quidem
1988 1924 2197 1986 custos
2257 1922 2405 1987 licet
2470 1940 2588 1987 non
2650 1927 2816 1988 esset
2863 1924 3091 2008 princi-

366 2009 526 2093 palis
572 2010 974 2089 ambaxiator,
1024 2010 1236 2074 tamen
1283 2010 1426 2091 quia
1468 2009 1859 2073 consiliarius
1904 2009 2136 2073 domini
2183 2009 2351 2093 regis
2384 2008 2586 2074 fuerat
2631 2010 2695 2074 in
2742 2010 2879 2075 istis
2927 2016 3092 2077 trac-

365 2098 621 2177 tatibus,
671 2099 735 2162 et
779 2097 934 2162 dixit
981 2096 1146 2162 dicto
1194 2097 1479 2179 episcopo
1528 2096 1935 2173 Firmanensi,
1974 2097 2135 2179 quod
2183 2097 2326 2179 quia
2373 2097 2823 2163 ambaxiatores
2866 2099 2984 2182 ipsi
3021 2100 3084 2163 in

364 2203 582 2268 campo
629 2185 695 2250 et
739 2185 802 2249 in
848 2185 1080 2251 itenere
1127 2184 1470 2267 predictam
1517 2183 1798 2248 cedulam
1862 2184 2370 2266 subscripserant,
2413 2204 2530 2249 non
2578 2189 2908 2267 potuerant
2952 2205 3088 2251 eam

318 2274 440 2338 ·ad
476 2272 727 2356 plenum
775 2272 1144 2337 examinare.
1191 2272 1334 2336 Ideo
1384 2271 1581 2354 ipsam
1627 2270 2134 2348 examinandam,
2198 2273 2621 2356 corrigendam
2667 2275 2731 2338 et
2776 2275 3091 2339 declaran-

365 2361 506 2425 dam
553 2361 988 2425 commiserant
1033 2358 1152 2424 sibi
1201 2357 1432 2423 domini
1479 2359 1929 2423 ambaxiatores
1975 2359 2274 2442 predicti:
2317 2368 2380 2424 et
2425 2360 2585 2443 quod
2624 2363 3085 2443 responsionem

365 2448 750 2513 dominorum
812 2448 1188 2513 Venetorum
1248 2447 1643 2529 expectarent
1703 2445 2162 2511 ambaxiatores
2219 2447 2458 2512 domini
2525 2448 2687 2531 regis
2732 2450 2797 2514 in
2843 2450 3085 2530 castris,

365 2555 480 2620 que
527 2535 926 2619 detipnentur
969 2555 1078 2618 per
1124 2534 1441 2599 dominum
1488 2552 1697 2617 regem
1746 2553 1853 2616 per
1900 2534 2054 2600 duos
2101 2534 2250 2601 dies,

573 2623 914 2707 Episcopus
948 2623 1277 2688 Firmanus
1323 2639 1465 2687 cum
1512 2622 1676 2686 dicta
1721 2621 1940 2688 cedula
1986 2623 2050 2687 et
2094 2640 2236 2688 cum
2272 2622 2503 2688 vicario
2528 2622 2762 2689 domini
2811 2623 3085 2690 civitatis

365 2712 574 2777 Padue
622 2711 739 2776 ivit
784 2712 1099 2790 Venetias,
1151 2709 1256 2775 ubi
1303 2712 1437 2774 erat
1482 2709 1851 2775 reverendus
1900 2712 2072 2793 pater
2117 2710 2406 2775 dominus
2453 2710 2805 2776 Paretensis
2852 2712 3085 2794 episco-

362 2818 494 2882 pus,
544 2800 608 2864 et
655 2798 932 2882 exposito
979 2797 1223 2882 negotio
1269 2797 1433 2862 dicte
1479 2797 1693 2861 cedule
1753 2792 2000 2862 domino
2063 2799 2343 2880 episcopo
2407 2798 2716 2880 prefecto,
2782 2800 2915 2882 ipse
2977 2799 3087 2864 do-

362 2888 568 2952 minus
617 2888 933 2970 episcopus
981 2885 1355 2965 ParetensiS,
1400 2885 1664 2950 vicarius
1711 2886 1940 2949 domini
1987 2885 2194 2949 Padue
2255 2888 2320 2949 et
2384 2886 2707 2967 episcopus
2751 2887 3080 2952 Firmanus

362 2973 609 3039 iverunt
653 2974 729 3039 ad
777 2974 1093 3039 dominum
1140 2973 1379 3050 ducem,
1425 2991 1609 3055 quem
1656 2971 2020 3037 invenerunt
2066 2972 2128 3035 in
2177 2972 2442 3054 quodam
2467 2972 2723 3038 consilio
2770 2977 3083 3039 certorum

362 3062 667 3127 nobilium
737 3062 892 3128 forte
961 3079 1213 3125 numero
1282 3060 1696 3144 quadraginta
1755 3059 2192 3142 deputatorum
2263 3061 2338 3124 ad
2387 3058 2822 3141 providendum
2895 3081 3081 3144 supra

362 3168 607 3234 guerra.
656 3148 778 3229 Qui
824 3149 1108 3214 dominus
1145 3149 1263 3212 dux
1308 3146 1525 3224 voluit,
1575 3146 1735 3230 quod
1783 3146 1908 3211 illis
1956 3146 2345 3230 presentibus
2393 3150 2793 3229 exponeretur
2839 3147 3080 3214 factum

362 3237 575 3302 cedule
622 3238 686 3302 et
727 3238 916 3301 etiam
965 3237 1292 3320 legeretur,
1341 3236 1404 3299 et
1449 3234 1584 3298 ideo
1631 3236 1792 3299 lecta
1834 3233 1954 3298 fuit
2001 3237 2064 3298 et
2107 3235 2295 3298 etiam
2359 3235 2668 3317 exposita,
2733 3254 2918 3318 supra
2963 3257 3081 3322 quo

360 3324 642 3389 dominus
687 3324 813 3389 dux
857 3343 1000 3389 cum
1048 3322 1357 3388 nobilibus
1401 3322 1733 3386 antedictis
1765 3322 2021 3404 aliquali
2046 3323 2258 3386 habito
2298 3323 2571 3400 consilio,
2622 3325 3077 3405 responsionem

360 3412 506 3477 fecit
550 3412 764 3492 talem,
814 3413 972 3495 quod
1019 3429 1232 3493 pacem
1280 3428 1522 3491 semper
1567 3413 1940 3493 optaverunt
1984 3412 2048 3473 et
2088 3410 2322 3493 optant,
2373 3410 2436 3474 et
2481 3410 2586 3474 ubi
2629 3410 2899 3493 placeret
2946 3430 3079 3476 am-

360 3500 779 3565 baxiatoribus
825 3497 1058 3563 domini
1104 3497 1267 3580 regis
1326 3500 1590 3561 tractare
1652 3500 1713 3561 et
1775 3496 2101 3580 procedere
2164 3514 2351 3579 supra
2411 3496 2571 3576 hiis,
2635 3516 2752 3580 que
2799 3499 2966 3564 dicta
3013 3501 3077 3564 et

361 3588 677 3671 proposita
726 3586 1004 3652 Venetiis
1051 3586 1245 3662 erant,
1294 3585 1575 3649 dominus
1623 3585 1741 3648 dux
1786 3603 1927 3648 cum
1975 3603 2085 3649 suo
2147 3584 2401 3649 consilio
2461 3584 2752 3650 similiter
2814 3588 3079 3652 tractare

361 3676 425 3740 et
467 3675 797 3759 procedere
839 3676 974 3738 erat
1020 3673 1083 3736 in
1129 3674 1402 3736 tractatu
1452 3672 1721 3754 paratuS‚
1771 3673 1837 3736 et
1881 3671 2002 3736 alia
2050 3671 2361 3754 responsio
2406 3671 2630 3736 babere
2679 3691 2803 3737 non
2855 3673 3077 3755 potuit.

569 3763 766 3827 Erant
811 3760 975 3826 enim
1018 3759 1251 3824 domini
1295 3759 1510 3823 Veneti
1575 3759 1637 3822 in
1700 3778 1927 3842 magna
1988 3761 2390 3841 prepresitate
2451 3760 2672 3841 positi,
2743 3761 2885 3842 quia
2931 3760 3075 3825 finis

359 3851 757 3934 treuguarum
814 3849 1107 3926 instabat,
1155 3852 1219 3912 et
1263 3865 1476 3929 pacem
1526 3866 1645 3911 non
1691 3847 2017 3926 habebant,
2085 3850 2149 3910 et
2195 3847 2356 3910 inter
2404 3865 2504 3910 eos
2552 3847 2758 3929 opinio
2804 3850 2940 3910 erat
2980 3848 3074 3910 di-

358 3938 631 4022 vulgata,
680 3937 839 4020 quod
885 3937 1341 4000 ambaxiatores
1387 3934 1617 3999 domini
1665 3936 1830 4017 regis
1879 3952 1997 3998 non
2044 3934 2357 3999 venissent
2402 3951 2587 3997 causa
2632 3932 2919 3997 firmandi
2969 3952 3080 4017 pa-

359 4044 515 4105 cem,
564 4025 671 4090 sed
718 4041 905 4090 causa
951 4021 1359 4106 investigandi
1409 4021 1485 4086 de
1542 4022 1859 4087 voluntate
1907 4021 2202 4105 ipsorum,
2250 4023 2313 4085 et
2357 4021 2471 4085 hoc
2518 4040 2590 4084 ex
2637 4020 2898 4103 quadam
2940 4041 3081 4103 pre-

358 4113 733 4197 s'upositione
779 4110 1074 4175 tenebant
1118 4112 1369 4193 propter
1416 4112 1627 4174 modos
1677 4110 1951 4176 servatos
1999 4128 2240 4191 semper
2285 4108 2352 4171 in
2396 4109 2514 4172 isto
2548 4111 2819 4172 tractatu
2854 4109 3079 4192 ubique

355 4218 466 4283 per
510 4203 753 4282 partem
813 4198 1200 4263 dominorum
1259 4198 1735 4282 Hungarorum,
1800 4197 2080 4280 pluribus
2140 4195 2306 4261 enim
2370 4195 2604 4260 vicibus
2669 4200 3081 4263 convenerant

356 4290 565 4371 partes
603 4288 680 4352 ad
728 4288 1143 4362 tractandum,
1178 4288 1240 4349 et
1286 4285 1350 4348 in
1397 4285 1695 4367 principio
1759 4303 2002 4366 semper
2063 4283 2173 4347 illa
2233 4303 2339 4365 per
2401 4283 2682 4347 dominos
2746 4284 3079 4368 Hungaros

355 4376 745 4458 petebantur,
795 4393 912 4458 que
959 4374 1236 4438 sciebant
1280 4373 1398 4437 sibi
1441 4392 1558 4436 non
1605 4373 1873 4449 concedi,
1925 4375 1987 4435 et
2034 4390 2149 4452 que
2182 4369 2429 4435 fuerant
2467 4389 2711 4453 semper
2751 4372 3077 4457 denegata,

356 4465 418 4528 et
453 4464 603 4528 licet
646 4463 709 4527 in
757 4462 1131 4527 tractatibus
1180 4461 1329 4543 ipsis
1376 4461 1740 4525 descensum
1788 4459 1977 4523 fuerit
2030 4458 2107 4522 ad
2146 4458 2446 4522 articulos
2497 4460 2562 4523 et
2608 4460 2864 4541 species,
2914 4461 2971 4525 si
3014 4460 3079 4524 in

356 4570 471 4616 uno
517 4553 795 4616 tractatu
840 4551 1089 4632 propter
1131 4549 1335 4613 certas
1382 4547 1745 4613 diserencias
1792 4566 1916 4610 non
1963 4546 2437 4622 conveniebant,
2488 4548 2551 4609 et
2599 4548 2901 4611 tractatus
2949 4548 3079 4628 ipse

353 4638 826 4704 continuebatur
871 4655 1058 4719 supra
1098 4635 1446 4700 diserenciis
1489 4635 1658 4717 ipsis,
1708 4636 1826 4714 ipsi
1876 4633 2108 4697 domini
2156 4631 2448 4711 Hungari
2496 4632 2558 4696 in
2605 4633 2903 4715 principio
2949 4638 3078 4698 tra-

351 4728 557 4794 ctatus
600 4744 726 4792 non
770 4744 835 4791 se
881 4725 1186 4808 ponebant
1232 4725 1311 4789 ad
1356 4721 1847 4804 concordandum
1892 4718 2298 4798 differencias‚
2345 4718 2455 4783 sed
2478 4720 2773 4800 petebant
2818 4737 2856 4783 a
2899 4719 3071 4805 priu-
