3620 5282
546 346 634 414 58

552 543 686 589 cere
727 544 868 590 cum
907 545 1049 609 rege
1096 527 1425 610 Hungarie.
1493 529 1568 591 Et
1613 529 1757 611 quia
1821 530 1980 593 inter
2042 531 2245 592 cetera
2308 526 2478 590 favor
2522 525 2767 589 domine
2813 523 3021 606 regine
3067 521 3244 622 nobis

551 612 972 677 verisimiliter
1019 614 1307 697 prodesse
1353 615 1552 694 debet,
1602 635 1787 698 quam
1853 635 2097 699 sperare
2156 633 2481 697 possumus
2546 613 2817 678 invenire
2878 611 3248 693 disposltam

549 702 624 765 ad
671 719 849 766 omne
892 702 1118 766 bonum
1166 723 1273 785 pro
1319 704 1514 786 gratis
1539 705 1805 768 servitiis
1849 705 1966 769 sibi
1990 705 2317 788 impensis:
2367 702 2535 767 vadit
2559 720 2719 783 pare,
2769 699 2924 784 quod
2952 698 3250 763 mictatur

546 788 750 853 eidem
796 791 1037 855 domine
1080 793 1286 874 regine
1330 811 1435 873 per
1480 792 1658 856 illum
1700 794 1949 857 modum
1996 795 2234 857 etcum
2284 790 2409 855 illis
2456 789 2674 866 verbiS,
2724 808 2841 871 que
2871 786 3248 885 videbuntur

546 875 811 953 domino,
862 877 1241 956 consiliariiS,
1290 879 1595 961 capitibus
1657 882 1719 944 et
1758 881 2058 945 ambabus
2124 878 2401 943 manibus
2463 878 2807 961 sapientum
2870 875 2968 940 vel
3030 874 3248 939 maiori

547 966 711 1047 parti
757 965 936 1030 huius
984 966 1228 1049 collegii
1270 967 1347 1030 ad
1395 968 1863 1049 procurandum,
1912 969 2067 1051 quod
2113 988 2252 1032 cum
2300 968 2630 1031 mictamus
2667 968 2901 1029 nostros
2940 962 3248 1062 solemnes

547 1055 611 1117 et
672 1052 1060 1122 honorabiles
1120 1056 1567 1120 ambariatores
1628 1056 1706 1118 ad
1769 1057 2228 1121 serenissimum
2289 1054 2600 1119 dominum
2661 1072 2867 1136 regem
2923 1051 3246 1150 Hungarie

545 1140 742 1204 filium
791 1160 966 1205 suum
1015 1142 1093 1206 ad
1139 1144 1639 1226 congaudendum
1686 1144 1761 1207 de
1806 1163 1918 1208 sua
1963 1143 2283 1209 excellenti
2320 1145 2383 1206 et
2427 1143 2695 1225 gloriosa
2741 1141 2993 1205 victoria
3037 1139 3103 1204 et
3134 1141 3248 1237 tri-

544 1230 772 1310 umpho
813 1229 996 1312 digne
1043 1231 1311 1295 obtentis
1358 1230 1420 1295 in
1466 1229 1650 1314 regno
1690 1232 2034 1297 Jerusalem
2081 1234 2143 1296 et
2186 1230 2410 1308 Sicilie,
2470 1233 2533 1295 et
2573 1232 2646 1295 ad
2694 1229 3117 1310 exponendum
3164 1245 3242 1303 el,

545 1318 848 1398 quomodo
896 1336 1003 1382 nos
1051 1322 1116 1383 et
1160 1320 1368 1383 nostra
1414 1321 1823 1384 communitas
1868 1320 2279 1396 intendimus,
2327 1319 2489 1383 sicut
2532 1336 2771 1399 semper
2832 1315 3089 1380 fecimus
3133 1315 3246 1413 ha-

545 1404 688 1469 bere
735 1405 810 1469 ad
857 1425 1034 1471 suam
1082 1407 1470 1471 maiestatem
1520 1408 1845 1489 specialem
1893 1408 2277 1472 devotionem
2323 1410 2385 1471 et
2430 1425 2735 1481 amorem,
2783 1405 2846 1468 et
2890 1420 3100 1467 secum
3146 1421 3243 1501 yi-

543 1511 684 1557 vere
730 1494 793 1557 in
840 1495 1064 1576 quiete,
1112 1496 1352 1577 placeat
1399 1495 1558 1559 dicte
1605 1496 1846 1560 domine
1891 1496 2098 1579 regine
2143 1494 2527 1576 interponere
2560 1495 2763 1576 partes
2796 1509 2959 1568 suas,
3010 1492 3243 1589 uterus

544 1579 715 1645 filius
755 1581 1036 1646 dominus
1087 1603 1184 1646 rex
1231 1583 1546 1663 Hungarie
1589 1584 1739 1648 velit
1785 1602 1894 1647 nos
1938 1584 2159 1648 habere
2205 1602 2312 1664 pro
2359 1582 2576 1646 amicis
2623 1579 2859 1644 intimis
2890 1580 2954 1643 et
2984 1579 3242 1656 devotm,

546 1668 711 1733 sicut
755 1669 1212 1752 predecessores
1259 1672 1578 1736 retroactis
1624 1671 2004 1754 temporibus
2029 1671 2409 1744 habuerunt;
2458 1688 2573 1734 non
2620 1666 3016 1751 intelligendo
3062 1684 3248 1766 prop-

545 1760 732 1833 terea,
779 1757 937 1841 quod
984 1759 1276 1823 mictatur
1322 1758 1542 1841 aliquis
1579 1759 1654 1824 de
1700 1760 1917 1824 maiori
1962 1759 2235 1824 consilio,
2305 1760 2397 1824 De
2442 1778 2560 1824 non
2605 1757 2701 1833 17,
2750 1776 2867 1820 non
2913 1755 3134 1819 sinceri
3178 1753 3243 1820 4.

753 1843 980 1928 Capta:
1028 1847 1187 1928 quod
1227 1848 1522 1912 mictatur
1568 1848 1882 1912 Amadeus
1936 1847 2205 1911 notarius
2268 1847 2432 1911 curie
2483 1847 2559 1910 ad
2605 1845 2838 1910 curiam
2904 1859 3242 1919 romanam,

546 1933 648 2015 qui
696 1933 925 2014 poterit
976 1953 1109 1998 esse
1150 1936 1320 2000 utilis
1368 1937 1431 1999 et
1475 1935 1820 2001 fructuosus
1863 1936 2033 2000 nobis
2098 1953 2203 2016 pro
2248 1934 2685 1998 informacione
2747 1933 2957 1996 nostra
3003 1931 3067 1994 in
3110 1949 3244 1993 om-

396 2045 429 2072 ν
544 2020 726 2084 nibus
771 2020 952 2086 factis
991 2024 1215 2087 nostris
1264 2023 1602 2103 Sclavonie,
1661 2043 1800 2089 cum
1861 2044 1967 2106 per
2019 2041 2226 2088 omnes
2290 2022 2703 2087 verisimiliter
2750 2020 2914 2085 credi
2967 2017 3238 2095 debebit,

555 2108 716 2191 quod
763 2109 948 2175 vadat
989 2117 1099 2193 'pro
1145 2110 1322 2175 factis
1365 2110 1676 2176 Cavolani.
1718 2112 1819 2190 76,
1872 2114 1943 2176 de
1985 2131 2103 2176 non
2158 2112 2253 2189 18,
2300 2130 2417 2175 non
2466 2109 2685 2174 sinceri
2730 2109 2793 2173 5.

630 2199 788 2259 Secr.
835 2218 990 2260 cons.
1036 2220 1154 2276 roy.
1202 2201 1277 2260 A.
1326 2204 1426 2271 98,
1473 2222 1516 2262 u
1561 2205 1777 2262 arkivu
1817 2205 2173 2263 ndetabkom.

853 2390 1343 2472 LXXXIX.
1407 2392 1612 2475 God.
1666 2393 1896 2476 1348.
1952 2393 2000 2476 3
2054 2393 2390 2497 ozujka,
2443 2413 2503 2473 u
2556 2389 2944 2471 Mleteih.

545 2515 704 2591 Daje
749 2534 809 2576 se
856 2517 1030 2592 naloy
1078 2519 1453 2590 poslanikom
1475 2565 1488 2588 ,
1550 2521 1768 2579 iducim
1828 2522 1866 2580 k
1912 2521 2232 2595 aqam-hrt).
2280 2518 2480 2585 kraliu
2500 2563 2513 2589 ‚
2559 2518 2638 2575 da
2681 2533 2743 2575 se
2786 2534 2869 2574 na
2898 2518 3017 2588 put
3059 2518 3243 2572 slave.

756 2637 938 2703 1348.
989 2637 1085 2704 die
1132 2639 1319 2705 tercio
1367 2640 1594 2706 mensis
1641 2643 1874 2720 marcii,
1924 2645 2140 2725 capta:
2189 2661 2331 2706 cum
2370 2640 2529 2705 sicut
2554 2639 2817 2703 habetur
2856 2655 2963 2719 per
2991 2632 3237 2736 litteras

540 2727 615 2791 de
661 2726 923 2809 Neapoli
970 2728 1250 2793 dominus
1293 2749 1393 2794 rex
1440 2730 1755 2812 Hungarie
1817 2730 1942 2796 iam
2006 2729 2376 2795 concesserit
2434 2728 2680 2793 litteras
2740 2724 3086 2824 securitatis
3132 2740 3241 2821 pro

539 2816 767 2879 nostris
815 2815 1312 2881 ambaxatoribus
1360 2819 1676 2882 mittendis
1721 2819 1795 2883 ad
1843 2838 2002 2896 eum,
2052 2822 2115 2883 et
2160 2819 2236 2883 ob
2283 2818 2397 2881 hoc
2458 2816 2780 2897 expediens
2828 2832 2950 2877 non
2991 2814 3076 2875 sit
3118 2809 3242 2873 dif-

540 2904 695 2968 ferre
760 2905 835 2967 ad
897 2905 1340 2986 expectandum
1402 2909 1854 2989 responsionem
1920 2907 2272 2972 nuntiorum
2327 2907 2678 2970 nostrorum
2740 2902 3067 2966 missorum
3129 2916 3239 2982 pro

544 2991 778 3056 litteris
824 2993 1171 3057 securitatis
1216 2996 1503 3076 predicte,
1550 2998 1613 3060 et
1642 2995 1795 3059 utile
1842 2995 1926 3059 sit
1970 2995 2249 3077 pluribus
2281 2993 2658 3075 respectibus
2689 2990 2997 3056 solicitare
3042 3006 3241 3052 reces-

545 3098 683 3143 sum
729 3079 1193 3144 ambaxatorum
1228 3083 1608 3147 nostrorum:
1659 3083 1829 3147 vadit
1858 3102 2014 3165 pare,
2063 3084 2223 3164 quod
2268 3082 2416 3146 dicti
2457 3081 2883 3145 ambaxatores
2915 3078 3241 3141 teneantur

540 3167 825 3231 recedere
876 3167 937 3230 in
985 3169 1141 3232 bona
1192 3170 1396 3251 gratia
1441 3170 1515 3234 de
1561 3171 1844 3235 Veneciis
1891 3190 1999 3252 per
2044 3172 2235 3235 totam
2285 3169 2446 3233 diem
2494 3170 2635 3233 lune
2696 3166 3036 3250 proximam
3098 3162 3244 3262 sub7

538 3258 898 3337 sequenter,
947 3257 1010 3320 et
1055 3260 1337 3339 prosequi
1385 3277 1524 3322 cum
1569 3259 1734 3323 omni
1775 3259 2105 3341 diligencia
2153 3260 2217 3322 et
2246 3258 2447 3321 studio
2492 3259 2609 3321 iter
2640 3275 2850 3328 suum;
2897 3254 3001 3336 qui
3046 3253 3239 3352 nostri

543 3343 970 3415 ambaxatores
1019 3343 1249 3409 vadant
1294 3364 1434 3410 cum
1482 3346 1715 3411 duobus
1762 3347 1989 3411 nostris
2037 3347 2222 3431 lignis
2269 3345 2543 3410 Marchie
2574 3346 2638 3408 et
2668 3343 2867 3420 Istrie,
2917 3361 3033 3423 que
3065 3341 3238 3423 ligna

540 3431 787 3495 interim
834 3430 1207 3496 reforzentur
1253 3437 1316 3497 et
1359 3433 1704 3499 furniantur
1750 3435 1860 3498 XL
1905 3434 2075 3499 bonis
2137 3434 2484 3499 hominibus
2530 3434 2595 3497 et
2638 3431 2869 3496 duobus
2915 3428 3111 3529 bonis·
3136 3446 3240 3492 co-

540 3519 713 3583 mitis
758 3521 822 3585 et
865 3519 1099 3585 duobus
1148 3521 1318 3585 bonis
1367 3524 1637 3605 patronis
1684 3523 1843 3587 inter
1865 3524 2064 3601 amb0,
2112 3524 2182 3587 ut
2227 3522 2352 3586 sint
2397 3522 2549 3586 bene
2572 3522 2832 3593 armata,
2874 3537 2983 3601 pro
3013 3516 3234 3600 quibus

539 3606 723 3690 lignis
770 3606 986 3672 statim
1032 3607 1377 3688 mittantur,
1425 3612 1497 3675 ut
1541 3608 1839 3675 Venecias
1882 3610 2148 3675 veniant.
2194 3609 2299 3674 46.

749 3694 980 3778 Capta:
1029 3697 1188 3778 quod
1235 3698 1328 3762 die
1376 3698 1617 3763 sabbati
1679 3699 1956 3781 proxima
2015 3700 2077 3763 in
2142 3718 2318 3764 mane
2380 3699 2628 3764 vocetur
2685 3695 2854 3761 istud
2912 3691 3237 3759 consilium

539 3783 652 3848 sub
698 3802 853 3866 pena
900 3783 1234 3849 solidorum
1282 3786 1401 3851 XX
1445 3805 1552 3870 pro
1594 3790 1758 3851 resto
1820 3787 2270 3852 commissionis
2333 3786 2801 3864 ambaxatorum
2862 3785 3232 3859 nostrorum,

542 3874 606 3936 et
646 3872 861 3936 statim
909 3873 968 3935 in
1015 3872 1126 3938 hoc
1172 3875 1422 3939 consilio
1464 3876 1770 3958 eligantur
1815 3874 1910 3938 illi
1956 3875 2281 3956 sapienteS,
2330 3875 2435 3959 qui
2475 3876 2735 3939 restant.

744 3958 974 4043 Capta:
1018 3962 1173 4043 quod
1218 3963 1550 4027 secundum
1597 3965 1834 4046 partem
1880 3963 2074 4045 pridie
2105 3965 2350 4046 captam
2398 3964 2459 4027 in
2505 3964 2624 4027 isto
2669 3960 2922 4027 consilio
2949 3959 3238 4023 mittatur

535 4047 611 4111 ad
658 4047 1126 4130 significandum
1172 4049 1416 4115 domino
1466 4051 1733 4116 Martino
1776 4052 1910 4114 dela
1958 4050 2135 4117 Scala
2173 4052 2246 4115 de
2293 4051 2582 4115 missione
2628 4052 2975 4115 nostrorum
3020 4048 3238 4112 amba-

534 4138 816 4200 xatorum
862 4155 1001 4201 cum
1050 4136 1176 4200 illis
1223 4138 1443 4217 verbiS,
1494 4158 1610 4220 que
1670 4138 1951 4223 domino,
2014 4139 2397 4219 consiliariiS,
2462 4138 2765 4222 capitibus
2821 4139 2885 4202 et
2929 4136 3232 4201 ambabus

535 4223 818 4287 manibus
864 4224 1208 4306 sapientum
1256 4227 1354 4291 vel
1400 4226 1615 4292 maiori
1661 4227 1822 4309 parti
1868 4226 2251 4291 videbuntur.

744 4311 943 4376 Electi
990 4313 1298 4394 sapientes
1344 4334 1442 4379 ser
1488 4313 1765 4379 Andreas
1832 4312 2228 4399 Superantio,
2292 4334 2389 4381 ser
2434 4314 2811 4399 Pangracius
2856 4313 3231 4393 Justiniano,

427 4452 434 4464 ,
533 4417 643 4481 pro
689 4398 869 4464 factis
916 4398 1251 4465 Sclavonie.

623 4488 781 4550 δεον.
826 4507 983 4550 cons.
1028 4495 1215 4566 νομαί.
1261 4493 1356 4551 lib.
1402 4492 1477 4552 A.
1526 4496 1627 4564 99,
1672 4512 1716 4553 u
1760 4494 1977 4553 arkivu
2018 4495 2371 4554 mletadkom.
