3620 5282
2828 365 2957 433 477

482 538 1041 623 DCXXXIX.
1096 538 1301 622 (3011.
1357 537 1588 621 1403.
1642 538 1747 620 26
1799 538 2168 640 travnjae
2221 560 2282 620 u
2331 537 2723 623 Mletcih.

241 686 463 761 Οάὸϋα
508 703 570 747 se
613 703 697 746 na
740 703 887 745 novo
932 684 1165 757 zahffev
1208 683 1539 758 aqam-hrt).
1588 682 1790 755 krazja
1831 682 1997 756 ylede
2039 682 2257 755 izpzate
2289 684 2494 745 danka
2525 685 2741 760 iylede
2773 703 2956 762 unap-

854 773 1025 847 cem’a
1069 773 1321 847 mekoqa
1350 770 1620 846 poklada
1663 771 1963 845 stavb'ena
2003 789 2046 830 u
2090 771 2357 833 Mletcih.

459 895 647 959 1403.
696 893 1027 959 indictione
1067 892 1177 971 XI,
1225 892 1323 957 die
1368 892 1579 959 XXVI
1623 892 1861 976 aprilis.
1911 892 2023 959 Ser
2066 893 2289 958 Petrus
2350 892 2642 961 Cornario
2735 916 2955 980 procu-

235 986 432 1064 rator,
478 1002 577 1049 ser
623 982 970 1049 Ludovicus
1014 981 1378 1047 Lauredano
1424 985 1801 1065 procurator,
1850 1001 1951 1046 ser
1997 982 2378 1047 Benedictus
2415 981 2782 1066 Superancio
2817 1005 2958 1070 pro-

238 1074 507 1152 curator,
590 1091 689 1137 ser
762 1070 1044 1137 Albanus
1119 1069 1443 1148 Baduari0‚
1490 1088 1588 1135 ser
1654 1069 2033 1135 Rambertus
2097 1070 2288 1148 Geno,
2332 1072 2642 1153 sapientes
2694 1075 2957 1140 consilii.

239 1159 476 1245 Capta:
525 1161 684 1245 quod
731 1158 1169 1244 respondeatur
1213 1158 1622 1223 ambariatori
1668 1157 1904 1223 domini
1952 1158 2118 1241 regis
2179 1159 2500 1242 Hungarie
2546 1161 2626 1226 ad
2674 1164 2954 1229 ambari-

240 1253 438 1330 atam,
487 1267 674 1333 quam
718 1249 895 1314 nobis
944 1246 1213 1330 portavit
1257 1251 1431 1329 parte
1476 1264 1605 1326 sua,
1655 1245 1956 1311 videlicet
2001 1246 2081 1311 ad
2125 1246 2269 1311 illas
2316 1249 2471 1312 duas
2535 1251 2766 1333 partes,
2817 1251 2954 1336 qui-

239 1336 361 1403 bus
405 1356 525 1403 non
570 1339 670 1402 est
706 1337 851 1401 data
896 1335 1241 1420 responsio;
1288 1335 1354 1400 et
1399 1334 1601 1417 primo
1644 1334 1723 1399 ad
1773 1335 2048 1417 primam
2082 1335 2154 1399 de
2192 1335 2306 1400 VII
2338 1335 2541 1401 millia
2571 1339 2953 1418 ducatorum,

243 1426 359 1510 pro
405 1424 631 1509 quibus
679 1423 976 1492 habendis
1021 1441 1132 1506 pro
1178 1424 1464 1488 terminis
1510 1423 1736 1505 elapsis
1784 1424 1936 1487 dicit
1990 1423 2306 1489 dominum
2346 1443 2556 1508 regem
2604 1427 2844 1493 misisse
2878 1429 2955 1493 ad

240 1533 357 1581 nos
402 1513 910 1580 Bartholomeum
957 1510 1233 1590 Guidoti,
1284 1510 1608 1594 sperando,
1656 1512 1816 1594 quod
1861 1510 2220 1576 immediate
2294 1513 2452 1577 foret
2523 1514 2851 1597 expeditus
2918 1535 2956 1580 a

240 1602 443 1682 nobis,
490 1601 554 1667 et
598 1602 758 1685 quod
806 1600 1077 1666 multum
1123 1599 1488 1678 mirabatur,
1535 1602 1693 1683 quod
1739 1599 2013 1664 nondum
2060 1604 2192 1665 erat
2239 1601 2580 1684 expeditus,
2631 1622 2776 1668 cum
2850 1594 2956 1669 ne-

241 1692 436 1757 sciret
469 1690 985 1774 comprehendere
1033 1705 1301 1766 causam,
1337 1689 1401 1753 et
1428 1689 1757 1772 propterea
1796 1686 1989 1753 vellet
2034 1688 2298 1754 libenter
2345 1691 2501 1755 scire
2532 1707 2570 1755 a
2602 1692 2776 1757 nobis
2809 1709 2956 1758 cau-

244 1797 401 1857 sam,
445 1781 512 1855 et
556 1778 611 1844 si
655 1779 863 1843 dictus
911 1795 1060 1843 snus
1127 1776 1411 1842 dominus
1454 1795 1561 1840 rex
1608 1779 1741 1841 erat
1801 1776 1868 1840 in
1933 1775 2143 1860 aliqua
2208 1775 2408 1860 culpa,
2494 1781 2640 1862 quia
2697 1783 2952 1864 paratus

246 1870 385 1941 erat
426 1866 732 1950 corrigere
777 1883 1026 1932 omnem
1070 1883 1358 1943 errorem,
1435 1865 1539 1947 qui
1585 1864 1741 1930 foret
1773 1865 1951 1947 parte
1985 1883 2114 1943 sua,
2150 1868 2212 1930 et
2243 1864 2453 1932 facere
2484 1866 2639 1933 bene
2672 1869 2954 1934 debitum

248 1975 435 2022 suum
488 1958 605 2022 etc.
648 1953 822 2034 Quod
867 1953 1097 2020 veritas
1138 1953 1257 2033 est,
1302 1953 1463 2037 quod
1509 1970 1618 2017 nos
1649 1970 1686 2017 a
1723 1951 1823 2017 die
1864 1954 2008 2018 date
2038 1953 2381 2034 literarum,
2418 1974 2573 2037 quas
2604 1957 2783 2022 nobis
2815 1976 2955 2041 pre-

243 2044 628 2111 sentaverint
672 2045 855 2124 circa,
901 2041 1235 2108 habuimus
1280 2058 1468 2106 unam
1535 2040 1951 2107 ambasiatam
2017 2060 2122 2125 pro
2190 2042 2367 2126 parte
2411 2042 2646 2109 domini
2700 2047 2796 2111 sui
2845 2046 2956 2111 do-

247 2133 405 2200 mini
452 2133 620 2218 regis
667 2151 851 2216 super
897 2130 1063 2197 facto
1109 2131 1291 2195 istius
1331 2131 1607 2212 pecunie,
1656 2130 1834 2195 nobis
1881 2132 2189 2212 portatam
2235 2150 2345 2214 per
2390 2131 2628 2197 dictum
2689 2133 2953 2199 Bartho-

246 2221 545 2300 lameum,
593 2221 659 2285 et
703 2220 996 2286 similiter
1035 2221 1254 2302 postea
1298 2217 1374 2282 de
1425 2236 1637 2283 mense
1684 2217 1901 2282 marcii
1946 2218 2110 2284 circa
2157 2217 2277 2283 fine
2344 2222 2689 2304 recepimus
2737 2221 2952 2287 literas

245 2309 403 2375 dicti
448 2308 683 2375 domini
728 2309 895 2393 regis
939 2307 1119 2395 nobis
1166 2325 1274 2391 per
1321 2306 1581 2371 eundem
1631 2307 2024 2389 presentatas
2070 2325 2255 2389 super
2302 2307 2468 2374 dicta
2502 2311 2782 2390 materia,
2816 2312 2953 2394 qui-

246 2398 367 2463 bus
408 2396 808 2463 ambassiatis
855 2394 1137 2462 dedimus
1185 2394 1359 2460 illam
1399 2394 1879 2477 responsionem,
1929 2398 2045 2477 que
2112 2395 2288 2461 nobis
2351 2395 2609 2463 honesta
2654 2401 2721 2464 et
2762 2399 2952 2465 ratio-

242 2485 470 2552 nabilis
517 2486 650 2551 visa
694 2489 808 2563 est,
854 2485 1104 2567 propter
1149 2482 1312 2566 quod
1360 2502 1478 2549 non
1525 2482 1779 2548 videtur·
1816 2483 1991 2548 nobis
2059 2483 2387 2566 expediens
2460 2489 2820 2569 respondere
2887 2490 2953 2553 et

244 2576 449 2639 dicere
496 2573 616 2654 sibi
661 2573 832 2639 aliud
879 2571 1245 2656 superinde,
1274 2590 1419 2636 cum
1464 2571 1617 2636 certi
1666 2571 1883 2651 simus,
1932 2570 2097 2655 quod
2131 2572 2438 2656 sapientia
2470 2592 2582 2638 sua
2612 2593 2651 2639 a
2682 2576 2949 2643 Bartho-

240 2663 446 2729 lameo
491 2663 764 2746 predicto
830 2663 903 2726 de
965 2663 1103 2745 ipsa
1147 2662 1359 2726 nostra
1409 2662 1802 2743 responsione
1850 2660 1925 2726 ad
1990 2661 2240 2743 plenum
2321 2663 2529 2728 extitit
2598 2663 2947 2732 informata.

241 2750 724 2830 NichilominuS,
772 2751 1010 2835 quando
1059 2750 1257 2833 ipsam
1303 2748 1496 2814 vellet
1535 2748 1747 2814 audire
1793 2767 1832 2814 a
1877 2750 2072 2828 nobiS,
2121 2768 2231 2815 nos
2279 2750 2400 2816 sibi
2455 2751 2744 2831 diximus,
2792 2754 2950 2837 quod

241 2847 494 2924 propter
536 2840 777 2923 aliquas
822 2839 1021 2904 iustas
1067 2841 1134 2904 et
1163 2836 1561 2904 rationabiles
1593 2856 1812 2914 causas
1845 2855 1965 2902 non
2000 2839 2278 2904 videmus
2311 2857 2489 2923 posse
2522 2840 2667 2907 dare
2702 2862 2953 2926 respon-

245 2930 499 2995 sionem.
530 2928 607 2994 ad
650 2927 1137 3011 requisitionem,
1183 2945 1364 3009 quam
1413 2925 1589 2992 nobis
1629 2925 1903 2992 faciebat
1947 2926 2235 2992 dominus
2269 2945 2419 2994 suus
2466 2930 2801 3012 predictus.

454 3017 554 3081 Ad
598 3016 867 3099 primam
911 3018 1157 3099 partem
1202 3015 1485 3097 depositi,
1536 3016 1693 3097 quod
1741 3014 1896 3079 dicit
1964 3015 2185 3081 debere
2255 3016 2390 3082 fieri
2466 3037 2572 3099 per
2627 3022 2946 3086 dominum

243 3104 471 3170 ducem
515 3104 1024 3170 Aurelianensem
1066 3122 1175 3187 pro
1219 3101 1381 3168 facto
1426 3103 1892 3190 marchionatus
1940 3103 2350 3190 Lucemburgi
2398 3106 2519 3171 sibi
2567 3109 2803 3175 venditi
2834 3128 2945 3195 per

242 3193 566 3259 dominum
611 3192 1033 3259 marchionem
1077 3191 1120 3257 J
1126 3192 1335 3257 ustum
1378 3190 1671 3269 Moravie‚
1723 3191 1882 3275 quod
1928 3192 2131 3257 dictus
2174 3212 2280 3259 rex
2325 3196 2551 3260 asserit
2597 3198 2800 3280 ipsum
2847 3198 2943 3264 fa-

244 3300 382 3347 cere
428 3298 549 3346 nen
595 3280 886 3364 potuisse,
934 3300 1078 3346 cum
1119 3278 1313 3345 adse
1358 3281 1594 3360 spectet
1638 3281 1757 3344 etc.
1806 3283 1871 3344 et
1917 3283 2326 3365 sequestrum,
2374 3285 2532 3365 quod
2577 3284 2654 3351 de
2700 3286 2810 3351 illa
2841 3306 2948 3370 pe-

253 3370 436 3435 cunia
482 3369 670 3434 habet
716 3369 1073 3435 libertatem
1118 3367 1424 3443 faciendi3
1471 3368 1937 3449 respondeatur,
2002 3372 2159 3452 quod
2191 3369 2328 3436 ‘nos
2397 3372 2772 3454 ignoramuS,
2838 3394 2948 3442 nec

253 3458 509 3536 scimus,
554 3458 710 3541 quod
759 3457 1269 3541 aliqua,pecunia
1314 3457 1416 3521 hic
1461 3454 1806 3538 depositata
1853 3457 1937 3520 sit
1981 3457 2115 3540 ipsa
2159 3458 2234 3523 de
2280 3477 2467 3524 causa
2514 3462 2614 3526 vel
2659 3462 2820 3538 alia;
2886 3469 2950 3530 et

245 3546 300 3610 si
350 3545 582 3611 factum
630 3548 795 3611 esset
839 3545 937 3611 vel
981 3544 1176 3625 fieret,
1228 3544 1396 3610 istud
1444 3543 1663 3610 leviter
1703 3544 1840 3610 fieri
1882 3549 2092 3628 posset
2139 3548 2272 3613 sine
2316 3557 2529 3613 nostra
2574 3551 2803 3617 noticia
2850 3552 2949 3618 vel

244 3634 646 3712 conscientia,
694 3651 838 3700 cum
882 3634 1098 3698 civitas
1146 3635 1354 3698 nostra
1401 3635 1618 3714 potens
1666 3633 1750 3698 sit
1780 3635 1846 3698 et
1890 3632 2090 3699 libera
2131 3635 2438 3716 omnibus,
2475 3639 2541 3702 et
2569 3658 2780 3704 omnes
2812 3659 2949 3723 pos-

242 3724 396 3788 sunt
440 3722 638 3787 facere
686 3723 851 3787 facta
894 3740 1006 3787 sua
1051 3739 1170 3786 non
1215 3720 1494 3787 faciendo
1538 3722 1753 3786 contra
1833 3722 2077 3787 ordines
2126 3729 2385 3799 nostros,
2435 3744 2548 3790 nec
2591 3730 2666 3792 de
2715 3729 2947 3794 talibus

245 3810 430 3876 rebus
497 3828 610 3875 nos
671 3827 940 3893 unquam
1002 3809 1377 3892 impedimus
1436 3827 1549 3873 nec
1622 3810 2084 3892 impediremus,
2152 3812 2316 3878 Bene
2363 3817 2458 3878 est
2503 3833 2738 3894 verum,
2787 3818 2946 3899 quod

247 3902 462 3964 nostra
507 3899 727 3964 civitas
774 3899 962 3978 habet
1008 3899 1242 3964 indices
1286 3901 1349 3963 et
1396 3896 1621 3962 iudicia
1662 3898 1960 3976 ordinata,
2009 3900 2234 3982 quibus
2280 3902 2433 3968 talia
2481 3904 2546 3967 et
2588 3904 2820 3969 similia
2852 3906 2946 3970 iu-

245 3988 503 4054 diciaria
548 3989 818 4052 comissa
864 3989 1028 4065 sunt,
1079 3988 1144 4051 et
1187 3986 1241 4051 si
1288 3986 1512 4069 aliquis
1560 3986 1749 4052 vellet
1792 3987 1991 4052 facere
2025 3986 2181 4052 tales
2215 3992 2389 4055 actus
2431 3993 2945 4075 sequestrationis

244 4077 342 4141 vel
388 4075 642 4149 similes,
689 4077 853 4141 esset
897 4093 1163 4151 necesse,
1214 4075 1373 4158 quod
1421 4077 1875 4157 comparereret
1919 4094 2122 4141 coram
2188 4079 2294 4155 eis,
2370 4081 2433 4143 et
2507 4081 2643 4161 ipsi,
2709 4081 2943 4147 auditis

241 4164 541 4247 partibnS,
583 4164 1004 4229 deliberarent
1047 4166 1111 4228 et
1154 4164 1582 4241 terminarent,
1632 4164 1795 4230 sicut
1841 4164 1928 4228 eis
1972 4167 2314 4230 secundum
2358 4167 2455 4231 ius
2507 4175 2572 4233 et
2615 4169 2938 4235 iusticiam

238 4252 564 4318 honestum
604 4254 668 4318 et
714 4253 991 4317 debitum
1038 4251 1379 4328 videretur3
1426 4252 1518 4316 ita
1559 4252 1719 4335 quod
1768 4253 1944 4331 illud,
1991 4256 2149 4338 quod
2197 4274 2303 4337 per
2334 4273 2437 4320 eos
2468 4254 2662 4338 fieret,
2697 4258 2935 4324 sactum

236 4344 420 4420 esset,
469 4358 580 4406 nec
625 4342 702 4406 de
750 4341 981 4405 talibus
1030 4340 1365 4406 iudiciariis
1409 4340 1649 4405 actibus
1694 4359 1805 4405 nos
1852 4341 2314 4424 impediremus,
2366 4346 2438 4409 ut
2505 4344 2743 4411 dictum
2820 4350 2936 4416 est.

442 4429 537 4493 De
581 4429 757 4513 parte
804 4429 909 4507 64,
961 4447 1079 4493 non
1127 4428 1234 4507 33,
1282 4446 1404 4493 non
1447 4430 1669 4493 sinceri
1723 4425 1825 4494 17.

321 4537 559 4608 Secreta
610 4535 784 4600 Gon-3.
828 4534 979 4613 Roy.
1025 4537 1084 4599 I.
1129 4539 1273 4618 100,
1317 4524 1362 4596 'u
1402 4536 1557 4598 mlet.
1607 4537 1842 4599 arkivu.
