3620 5282
534 396 667 462 304

535 575 881 656 Stephanus
929 572 1284 638 Justiniano
1328 590 1534 637 comes
1600 572 1787 638 Jadre
1836 591 2023 637 manu
2085 592 2222 638 mea
2266 572 2624 655 subscripsi.
2685 571 2729 653 †
2770 573 2902 657 Ego
2948 572 3265 639 Johannes

540 662 922 729 Gradonicus
969 660 1157 726 Jadre
1205 660 1592 727 consiliarius
1639 679 1827 725 manu
1876 680 2014 724 mea
2073 661 2429 743 subscripsi.
2498 658 2542 740 †
2586 660 2717 741 Ego
2763 660 3137 743 Grisogonus
3187 661 3264 725 de

538 751 757 815 Mauro
804 748 984 813 iudex
1031 766 1284 812 manum
1332 766 1536 812 meam
1585 748 1749 812 misi.
1822 745 1866 827 †
1910 748 2039 831 Ego
2086 748 2435 813 Jurisclavo
2492 749 2568 812 de
2630 748 2818 830 Stope
2880 748 3266 812 examinator

540 857 724 903 mauu
774 854 914 901 mea
962 835 1320 918 subscripsi.
1391 833 1435 915 †
1478 836 1608 918 Ego
1675 834 2059 919 Grisogonus
2129 834 2297 900 filius
2341 836 2554 900 Duimi
2629 837 3007 900 camararius
3078 855 3264 901 manu

540 945 680 990 mea
726 923 1085 1005 subscripsi.
1133 922 1176 1002 †
1222 923 1353 1007 Ego
1403 924 1621 988 Vitaza
1662 924 1733 987 de
1782 922 2102 988 Scolatura
2150 942 2338 989 mauu
2387 942 2523 988 mea
2567 922 2930 1005 subscripsi.

749 1013 816 1077 L.
868 1011 929 1076 S.
995 1012 1127 1093 Ego
1176 1010 1399 1074 Petrus
1462 1009 1937 1075 Schandolarius
1999 1011 2304 1103 presbiter
2361 1011 2559 1076 sancti
2617 1010 3018 1093 Appolinaris
3065 1009 3262 1075 Jadre

539 1100 816 1164 notarius
862 1098 984 1161 hiis
1034 1098 1321 1179 predictis
1364 1097 1617 1163 interfui
1669 1100 1918 1179 rogatus
1964 1118 2072 1181 per
2135 1099 2494 1180 preceptum
2554 1096 2786 1162 domini
2850 1097 3132 1171 comitiS‚
3193 1100 3264 1161 ut

537 1187 741 1252 audivi
787 1186 943 1250 hanc
989 1187 1226 1249 cartam
1289 1184 1510 1268 scripsi
1556 1186 1619 1249 et
1663 1185 1977 1262 roboravi,
2048 1186 2113 1249 et
2174 1187 2351 1267 signo
2418 1188 2710 1249 consueto
2780 1183 3039 1267 signavi.
3129 1185 3262 1267 Ego

538 1272 791 1339 Marcus
840 1273 1004 1337 Zane
1052 1273 1324 1337 notarius
1371 1273 1538 1337 curie
1586 1275 1704 1337 etc.

632 1363 1198 1424 Commemorialium
1245 1364 1375 1421 111.
1428 1364 1572 1437 183,
1620 1380 1677 1421 u*
1707 1363 2044 1423 mletaokom
2092 1364 2329 1422 arkivu.

819 1551 1240 1634 XXXIII.
1287 1551 1493 1634 Gon.
1549 1551 1766 1634 1251.
1825 1552 1931 1633 24
1983 1551 2421 1650 kolovoza⁹
2475 1572 2537 1632 u
2590 1550 2979 1633 Mletcih.

537 1677 815 1739 Zadrani
849 1678 1184 1751 sporedjeni
1228 1675 1593 1736 Mletdanom
1638 1696 1681 1736 u
1726 1678 1920 1736 koliko
1963 1694 2026 1736 se
2073 1678 2247 1736 ticalo
2277 1677 2567 1751 avolenja
2613 1678 2876 1751 trqovine
2919 1678 2978 1737 iz
3021 1676 3261 1750 napuli-

1529 1765 1631 1823 ske
1676 1764 1892 1824 driave
1937 1783 1979 1824 u
2021 1764 2260 1824 metke.

746 1888 818 1950 In
866 1884 1109 1949 nomine
1155 1883 1257 1948 dei
1304 1884 1498 1948 eterni
1544 1902 1745 1949 amen.
1798 1885 1974 1949 Anno
2021 1886 2098 1949 ab
2147 1885 2564 1949 incarnatione
2608 1884 2836 1948 domini
2881 1883 3075 1949 nostri
3100 1883 3255 1948 Jesn

539 1972 771 2039 Christi
838 1972 1171 2036 millesimo
1238 1970 1662 2036 ducentesimo
1725 1972 2237 2054 quinquagesimo
2284 1973 2518 2055 primo,
2587 1973 2682 2036 die
2739 1974 2955 2037 octavo
3004 1974 3258 2036 exeunte

536 2080 747 2125 mense
794 2059 1062 2142 augusti,
1110 2058 1445 2123 indictione
1492 2077 1683 2136 nona,
1748 2059 2021 2124 Rivoalti
2084 2060 2232 2125 urbe
2296 2059 2498 2137 felici,
2570 2058 2633 2124 in
2695 2060 2935 2141 palacio
2998 2059 3258 2123 ducatus

534 2148 961 2224 Veneciarum,
1009 2146 1396 2228 presentibus
1444 2147 1709 2210 testibus
1760 2146 1994 2227 rogatis
2040 2147 2349 2211 nobilibus
2399 2148 2549 2211 viris
2575 2147 2840 2228 Lampre
2888 2146 3019 2211 filio
3066 2164 3260 2228 quon-

535 2236 678 2301 dam
727 2235 941 2298 Preste
990 2233 1064 2296 de
1109 2233 1322 2309 Daria,
1372 2232 1586 2297 Yvano
1636 2233 1761 2298 filio
1810 2234 2040 2298 Petrici
2087 2236 2162 2299 de
2203 2236 2408 2314 Forte,
2457 2233 2760 2298 Dimitrio
2803 2233 2907 2298 filo
2941 2233 3156 2297 Preste
3182 2232 3259 2296 de

536 2321 860 2397 MatafarO,
909 2320 1164 2385 Matheo
1211 2319 1339 2383 filio
1386 2322 1688 2403 quondam
1735 2321 2033 2386 Theodori
2081 2323 2494 2405 Thosaningi,
2538 2320 2788 2385 Andrea
2849 2321 2980 2385 filio
3028 2318 3257 2396 Bende,

533 2408 894 2485 Jadretinis‚
942 2407 1225 2472 Johanne
1291 2407 1578 2484 Barocio‚
1643 2408 2077 2472 Bartholomeo
2140 2409 2215 2472 de
2276 2408 2510 2491 Mugla,
2576 2409 2843 2472 Henrico
2892 2409 3257 2481 Fuscareno,

533 2495 858 2560 Dominico
906 2494 1248 2558 Arimundo
1295 2493 1369 2557 de
1416 2496 1731 2574 Veneciis,
1797 2500 1860 2558 et
1906 2495 2051 2559 aliis
2116 2496 2364 2573 multiS,
2429 2513 2637 2560 eoram
2699 2495 2944 2559 domino
3009 2494 3256 2558 Marino

534 2583 904 2648 Mauroceno
947 2582 1042 2646 dei
1088 2581 1293 2665 gratia
1337 2581 1551 2647 inclito
1598 2584 1748 2647 duce
1814 2582 2236 2648 veneciarum.
2309 2581 2438 2648 Nos
2492 2581 2840 2664 Stephanus
2889 2583 2960 2646 de
3025 2581 3253 2665 Pizega

534 2675 599 2736 et
645 2671 837 2736 Zerne
882 2670 958 2734 de
1004 2670 1264 2752 Mergia,
1313 2670 1518 2733 nuncii
1548 2674 1630 2733 *et
1672 2671 2104 2734 ambaxatores
2152 2669 2417 2748 comitiS,
2468 2670 2959 2735 consiliariorum
2992 2673 3056 2734 et
3086 2688 3255 2734 com-

535 2757 740 2823 munis
793 2758 1004 2833 Jadre,
1053 2757 1351 2821 habentes
1390 2756 1637 2840 plenam
1687 2758 2181 2822 commissionem
2229 2758 2307 2821 ab
2356 2758 2607 2832 eisdem,
2659 2760 2836 2821 tenor
2867 2759 3040 2822 cuius
3085 2775 3255 2821 com-

504 2845 847 2931 ‚missionis
896 2844 1147 2909 inferius
1193 2845 1560 2921 continetur,
1610 2844 2012 2909 concedentes
2061 2844 2449 2909 concedimus
2494 2847 2559 2909 et
2610 2845 3100 2909 determinamus
3148 2861 3258 2907 no·
3337 2864 3345 2873 ·

536 2933 699 2996 mine
739 2934 801 2996 et
847 2933 977 2997 vice
1025 2932 1440 3014 predictorum
1489 2932 1771 3009 comitis,
1820 2932 2308 2996 consiliariorum
2369 2935 2432 2995 et
2492 2934 2840 2996 communis
2891 2931 3128 3009 Jadre,
3185 2933 3258 2995 ut

535 3018 753 3083 amodo
798 3018 1113 3084 Jadratini
1160 3021 1231 3083 de
1277 3019 1619 3096 mercibus,
1691 3038 1843 3101 quas
1904 3018 2240 3083 detulerint
2301 3019 2597 3083 Venecias
2658 3019 2734 3083 de
2803 3037 2994 3101 regno
3045 3017 3257 3083 Sicilie

539 3108 668 3170 sive
709 3105 932 3188 Apulie
980 3109 1043 3170 et
1089 3109 1162 3169 de
1209 3106 1349 3169 aliis
1402 3107 1679 3187 partibus
1723 3104 2161 3188 undecumque,
2212 3106 2369 3170 illud
2417 3108 2657 3171 datium
2705 3106 3018 3171 communi
3054 3106 3258 3169 Vene-

541 3195 776 3257 ciarum
830 3196 889 3256 in
935 3193 1220 3256 Veneciis
1267 3192 1413 3256 dare
1460 3196 1523 3256 et
1568 3193 1805 3257 solvere
1841 3193 2104 3257 debeant
2150 3197 2213 3256 et
2260 3196 2603 3269 teneantur,
2655 3195 2816 3276 quod
2840 3193 3256 3257 constitutum

539 3283 634 3343 est
679 3279 774 3343 vel
822 3279 897 3342 de
945 3281 1148 3343 cetero
1196 3279 1383 3343 fuerit
1429 3281 1837 3343 constitutum
1888 3299 1995 3361 per
2041 3279 2358 3344 dominum
2405 3280 2622 3345 ducem
2675 3283 2740 3344 et
2785 3299 3111 3345 commune
3136 3279 3257 3342 Ve-

537 3365 853 3430 neciarum
900 3366 1084 3429 dandi
1133 3369 1195 3429 et
1241 3363 1515 3429 solvendi
1563 3367 1639 3430 ab
1687 3366 2039 3431 hominibus
2064 3368 2468 3432 Veneciarum
2519 3369 2580 3430 in
2609 3367 2891 3432 Veneciis
2939 3367 3255 3432 communi

539 3453 945 3516 Veneciarum
989 3470 1096 3534 pro
1142 3453 1306 3516 datio
1330 3452 1633 3518 dictorum
1662 3454 2229 3534 mencimoniorum,
2279 3473 2429 3537 quas
2454 3454 2673 3518 Veneti
2700 3454 2998 3519 Venecias
3031 3471 3255 3535 appor-

540 3542 766 3619 tarent,
815 3540 905 3603 ita
945 3539 1105 3620 quod
1149 3538 1457 3604 Jadratini
1504 3541 1565 3603 in
1614 3542 1794 3605 dictis
1841 3541 2189 3606 dationibus
2262 3543 2510 3625 equales
2556 3561 2689 3606 esse
2735 3542 3000 3606 debeant
3050 3541 3251 3604 Vene-

542 3629 766 3691 torum.
816 3628 1014 3691 Tenor
1061 3629 1267 3690 autem
1319 3628 1787 3704 commissionis,
1838 3630 2011 3692 cuius
2054 3630 2152 3692 est
2197 3630 2407 3693 habita
2453 3628 2734 3710 superius
2781 3629 3014 3692 mentio
3045 3677 3060 3703 ,
3109 3628 3256 3691 talis

540 3718 670 3779 est:
722 3714 793 3777 In
838 3714 1083 3777 nomine
1130 3714 1228 3778 dei
1279 3715 1469 3778 eterni
1520 3733 1720 3779 amen.
1770 3716 1948 3779 Anno
1994 3715 2072 3779 ab
2121 3717 2535 3780 incarnatione
2582 3716 2917 3780 millesimo
2963 3715 3257 3778 ducente·

540 3803 698 3866 simo
751 3801 1258 3885 quinquagesimo
1306 3801 1524 3884 primo,
1596 3821 1804 3866 mense
1869 3802 2051 3881 iulio,
2103 3803 2198 3866 die
2258 3806 2472 3884 quarto
2541 3804 2848 3880 intrante,
2920 3802 3255 3867 indictione

538 3908 715 3968 nona,
761 3887 972 3953 Jadre.
1012 3888 1489 3952 Committentes
1535 3890 1985 3953 committimus
2020 3909 2127 3955 nos
2160 3891 2406 3971 quidem
2454 3890 2812 3954 Bauduinus
2838 3887 3130 3968 Quirinus
3156 3888 3253 3952 dei

535 3977 738 4061 gratia
784 3994 989 4040 comes
1035 3975 1226 4040 Jadre
1273 3981 1336 4040 et
1380 3975 1690 4041 Johannes
1739 3976 2015 4042 Delfinus
2075 3995 2147 4042 ac
2193 3976 2472 4060 Raphael
2535 3978 2754 4041 Betani
2818 3977 3002 4040 ambo
3050 3976 3251 4039 consi-

536 4064 698 4127 liarii
744 4063 991 4127 comitis
1032 4083 1171 4128 cum
1220 4064 1447 4128 nostris
1503 4064 1807 4136 iudicibus
1872 4063 2086 4129 Preste
2150 4064 2481 4143 Matafari,
2549 4064 2715 4145 Papo
2777 4064 3123 4146 Petrogne,
3192 4064 3256 4127 et

538 4150 690 4215 Cosa
736 4150 1041 4227 Saladini,
1094 4169 1213 4215 una
1267 4170 1408 4215 cum
1471 4154 1677 4216 nostro
1722 4151 1978 4216 consilio
2041 4153 2323 4216 universo
2389 4152 2464 4216 ad
2525 4154 2797 4215 sonitum
2847 4169 3143 4231 campane
3184 4150 3246 4213 in

536 4238 794 4302 ecclesia
834 4237 1029 4302 sancti
1079 4238 1248 4303 Petri
1313 4239 1449 4303 novi
1515 4257 1682 4302 more
1738 4239 1920 4308 solito
1984 4243 2357 4322 congregato
2423 4257 2532 4320 per
2595 4257 2704 4303 nos
2771 4241 2835 4303 et
2893 4240 3251 4303 universum

536 4329 812 4388 nostrum
852 4343 1176 4390 commune
1221 4325 1520 4391 Jadrense
1568 4326 1740 4391 vobis
1789 4346 2053 4409 namque
2101 4327 2412 4391 nobilibus
2461 4324 2608 4389 viris
2656 4324 2968 4408 Stephano
3022 4324 3096 4389 de
3146 4324 3250 4387 Pi-

537 4431 686 4495 zega
723 4413 789 4476 et
833 4413 1023 4476 Zerne
1070 4414 1142 4477 de
1191 4412 1430 4495 Mergia
1473 4411 1718 4477 dilectis
1776 4415 2002 4478 nostris
2064 4413 2349 4478 fidelibus
2414 4414 2479 4478 et
2540 4413 2778 4477 nunciis
2844 4411 3240 4496 specialibuS,

535 4501 696 4581 quod
740 4498 827 4561 ire
873 4518 981 4580 pro
1050 4500 1223 4562 nobis
1288 4507 1350 4563 et
1418 4504 1627 4564 nostro
1698 4501 1945 4564 nomine
2008 4500 2284 4565 debbatis
2353 4500 2431 4564 ad
2476 4499 2662 4582 pedes
2708 4499 3122 4564 illustrissimi
3175 4515 3247 4562 ac

536 4585 852 4669 magnifici
898 4585 1130 4649 domini
1179 4587 1367 4650 nostri
1417 4586 1646 4652 Marini
1694 4587 2042 4652 Mauroceni
2075 4587 2171 4652 dei
2219 4588 2420 4670 gratia
2449 4588 2876 4664 Veneciarum,
2927 4585 3248 4651 Dalmacie

536 4677 726 4756 atque
773 4670 1057 4736 Obroatie
1098 4673 1294 4736 incliti
1343 4674 1514 4738 ducis
1563 4693 1673 4738 nec
1731 4693 1851 4738 non
1917 4677 2133 4757 quarte
2196 4675 2389 4756 partis
2452 4676 2516 4740 et
2571 4674 2824 4739 dimidie
2870 4675 3070 4738 tocius
3127 4673 3251 4736 im-

536 4761 691 4846 perii
736 4759 1034 4824 Romanie
1103 4760 1504 4825 dominatoris
1568 4761 1983 4826 strenuissimi
2045 4763 2123 4826 ad
2185 4763 2517 4843 petendum
2577 4763 2846 4846 gratiam
2894 4763 2959 4827 et
3005 4759 3251 4826 miseri-
