3620 5282
567 317 701 385 354

570 512 684 577 per
730 512 912 576 quem
960 510 1081 556 non
1130 510 1454 575 possumus
1504 508 1615 556 nos
1664 490 1962 574 impedire
2008 489 2073 555 in
2117 491 2440 556 Dalmatia
2486 510 2524 556 a
2567 490 2913 571 Quarnario
2978 510 3176 574 usque
3222 490 3305 556 ad

570 581 840 646 confines
890 580 1207 658 Durachii,
1260 582 1322 643 et
1371 581 1695 661 propterea
1744 580 1972 644 bonum
2016 582 2081 644 et
2148 580 2306 644 utile
2374 580 2457 644 sit
2527 581 2865 661 providere,
2937 581 3099 662 quod
3142 577 3302 644 illud

570 670 981 745 removeatur,
1032 671 1103 732 ut
1148 669 1456 750 possimus
1505 667 1730 731 melius
1794 669 1858 732 et
1924 667 2158 731 clarius
2202 667 2403 732 facere
2448 667 2613 732 facta
2658 670 2892 744 nostra,
2956 668 3304 744 ordinetur,

572 756 733 838 quod
785 758 1056 836 eligatur
1102 757 1160 819 in
1209 754 1323 818 hoo
1370 756 1628 819 consilio
1675 754 1753 818 ad
1817 754 2289 819 serenissimum
2337 757 2658 820 dominum
2708 774 2918 839 regem
2960 754 3312 837 Hungarie‚

574 845 701 925 qui,
753 845 825 908 ut
868 844 1152 921 habetur,
1197 845 1294 908 est
1340 862 1626 907 reversus
1674 843 1749 907 de
1795 843 2087 916 exercitu,
2139 843 2199 907 in
2247 861 2364 925 quo
2412 843 2531 907 fuit
2578 846 2793 907 contra
2854 842 3148 920 Turchos,
3196 861 3316 924 pro

571 930 952 995 condolendo
1000 932 1073 996 de
1121 936 1319 995 morte
1368 929 1761 995 serenissime
1809 930 2116 1013 quondam
2165 931 2408 996 domine
2456 932 2688 1014 regine,
2732 950 2849 1013 que
2897 935 3144 995 mortua
3191 933 3314 1007 est,

573 1020 720 1082 dum
772 1023 938 1084 esset
983 1020 1045 1082 iu
1095 1020 1193 1084 via
1242 1037 1384 1082 cum
1432 1020 1597 1082 dicto
1647 1021 1939 1095 exercitu,
1991 1023 2053 1082 et
2099 1037 2207 1101 pro
2256 1020 2631 1100 procurando
2680 1037 2791 1084 suo
2840 1018 2973 1083 loco
3036 1020 3101 1082 et
3148 1020 3316 1083 tem-

572 1124 727 1188 pore
776 1109 889 1171 hoc
932 1107 1162 1171 sactum
1212 1108 1276 1170 et
1322 1105 1464 1183 alia,
1514 1126 1630 1187 que
1678 1105 1796 1170 sibi
1847 1107 2160 1170 dabuntur
2207 1105 2271 1170 in
2330 1108 2661 1183 mandatiS,
2733 1125 2893 1171 unus
2958 1106 3306 1188 solempnis

576 1194 969 1260 ambassator
1019 1214 1123 1276 per
1170 1196 1321 1258 duas
1369 1213 1590 1258 manus
1638 1195 2009 1258 electionum
2060 1194 2125 1259 et
2171 1213 2356 1258 unam
2397 1214 2506 1276 per
2547 1193 2959 1276 scruptinium
3007 1194 3170 1259 inter
3200 1196 3310 1258 do-

576 1283 836 1359 minum,
884 1283 1287 1357 consiliarios
1318 1282 1528 1365 capita
1553 1285 1616 1345 et
1647 1283 1956 1363 sapientes
1988 1282 2315 1346 ambarum
2348 1301 2665 1357 manuum,
2694 1282 2853 1364 quod
2889 1281 3088 1363 possit
3115 1281 3318 1364 accipi

575 1369 651 1433 de
699 1371 862 1435 omni
913 1370 1046 1434 loco
1094 1375 1155 1434 et
1203 1370 1397 1434 offitio
1439 1373 1501 1433 et
1548 1370 1821 1435 iudicatu
1883 1370 2277 1452 petitionum,
2342 1372 2407 1434 et
2473 1372 2755 1434 teneatur
2818 1371 3189 1452 respondere
3239 1389 3316 1433 ea

576 1457 695 1535 die,
748 1476 871 1541 qua
916 1457 1106 1521 fuerit
1152 1456 1384 1522 electus
1427 1457 1521 1521 vel
1569 1456 1872 1540 sequenti,
1937 1476 2057 1522 non
2123 1458 2425 1540 possendo
2492 1457 2763 1522 refutare
2826 1459 2941 1521 sub
2987 1475 3148 1540 pena
3191 1456 3320 1521 lib-

577 1563 790 1609 rarum
842 1544 911 1622 C,
953 1548 1015 1609 et
1057 1547 1286 1610 habeat
1331 1548 1403 1610 de
1452 1545 1676 1610 salario
1723 1546 1979 1610 ducatos
2034 1546 2145 1610 XL
2190 1546 2256 1609 in
2320 1564 2529 1610 mense
2593 1544 2669 1610 de
2716 1546 2960 1627 quando
3008 1544 3206 1610 stabit
3255 1547 3318 1609 in

578 1633 932 1697 ambasiata
978 1634 1269 1714 predicta,
1321 1633 1597 1697 ducendo
1645 1651 1855 1697 secum
1903 1652 2095 1697 unum
2145 1633 2457 1698 notarium
2506 1652 2648 1697 cum
2696 1650 2815 1696 uno
2878 1632 3136 1712 famulo,
3186 1636 3318 1697 tres

577 1721 957 1797 domicellos,
1011 1740 1200 1785 unum
1249 1738 1468 1803 coqum
1519 1723 1583 1784 et
1629 1719 1780 1785 duos
1828 1723 2110 1804 ragacios
2159 1739 2229 1786 ac
2275 1740 2462 1785 unam
2507 1738 2811 1798 saumam,
2847 1723 2911 1784 et
2957 1721 3160 1802 possit
3206 1740 3315 1785 ex-

575 1808 841 1891 pendere
889 1808 1143 1873 ducatos
1184 1809 1455 1891 quinque
1501 1809 1561 1872 in
1610 1807 1711 1871 die
1757 1809 1821 1872 in
1854 1810 2142 1873 omnibus
2175 1810 2455 1890 expensis
2487 1808 3062 1891 quomodocumque
3094 1827 3314 1873 occur-

585 1896 869 1961 rentibus
908 1914 1016 1977 pro
1062 1915 1126 1961 se
1173 1901 1236 1959 et
1282 1895 1522 1960 familia
1569 1897 1864 1979 predicta,
1911 1915 2030 1960 non
2080 1896 2484 1979 intelligendo
2515 1898 2588 1960 de
2619 1895 2867 1960 nebulis
2893 1897 3308 1979 navigiorum,

587 1985 811 2048 scortis
860 1987 924 2046 et
968 1984 1202 2065 agociis
1249 2002 1568 2067 equorum,
1634 1985 1698 2048 et
1767 1985 2053 2048 teneatur
2098 1985 2398 2062 recedere,
2462 1985 2700 2066 quando
2741 1984 2861 2048 sibi
2908 1984 3315 2049 mandabitur

584 2092 693 2154 per
743 2071 1086 2136 dominium
1136 2089 1275 2135 cum
1324 2069 1432 2135 illa
1479 2072 1865 2148 comissione,
1916 2090 2032 2154 que
2080 2071 2135 2136 ei
2173 2072 2416 2137 dabitur
2461 2091 2572 2155 per
2616 2072 2783 2136 istud
2817 2072 3149 2136 consilium
3184 2077 3313 2137 tam

581 2177 766 2242 super
814 2160 1108 2241 predictis
1156 2177 1338 2241 quam
1388 2158 1555 2237 aliis,
1607 2178 1724 2242 que
1769 2160 1889 2223 sibi
1937 2160 2318 2225 comittenda
2365 2161 2739 2225 viderentur.

668 2267 909 2327 Secreta
959 2266 1213 2328 Consilii
1254 2268 1625 2343 Roqatorum
1672 2268 1745 2329 R.
1799 2266 1953 2345 120,
2001 2286 2044 2328 u
2090 2268 2248 2331 mlet.
2296 2269 2534 2329 arkivu.

1002 2456 1222 2539 uns.
1277 2456 1483 2540 eon.
1539 2455 1769 2541 1396.
1823 2457 1922 2540 21
1975 2454 2328 2560 simma,
2380 2481 2441 2540 u
2494 2457 2892 2541 materh.

580 2582 861 2651 Pozivzqu
905 2598 971 2640 se
1004 2581 1310 2657 poslanici
1362 2581 1612 2659 Gjoryy'a
1656 2582 2019 2644 Stracimira
2061 2585 2352 2659 zetslcoqa,
2399 2585 2555 2645 nelca
2600 2600 2660 2643 se
2705 2584 2915 2658 mave,
2952 2583 3084 2658 poa
3111 2583 3314 2658 kojimi

579 2673 765 2731 uuicti
808 2673 962 2731 kane
1003 2672 1260 2744 astrepit-2·
1307 2673 1604 2744 republiki
1649 2690 1691 2732 u
1736 2674 1851 2732 ime
1892 2689 2070 2747 svoya
2107 2674 2447 2748 qospodara
2486 2672 2729 2733 Skadar
2771 2673 2797 2731 i
2841 2673 3039 2747 ἄνηθα
3083 2676 3311 2733 miesta.

797 2788 984 2853 1395.
1036 2788 1372 2855 indictione
1417 2792 1526 2868 IV,
1576 2792 1673 2856 die
1721 2793 1800 2857 21
1853 2790 2140 2857 ianuarii.
2190 2791 2302 2858 Ser
2359 2790 2636 2857 Michael
2685 2791 2873 2858 Steno
2922 2796 3312 2874 procurator.

582 2898 681 2944 ser
728 2877 1032 2943 Fantinus
1079 2877 1344 2960 Georgio
1390 2879 1588 2957 mileS,
1635 2899 1737 2944 ser
1781 2880 2068 2945 Albanus
2120 2879 2443 2958 Baduari0,
2478 2876 2792 2963 sapientes
2826 2880 3098 2945 consilii.
3136 2877 3318 2959 Quod

584 2968 1033 3048 respondeatur
1079 2967 1220 3030 istis
1269 2967 1796 3033 ambasiatoribus
1868 2968 2101 3033 domini
2158 2968 2405 3050 Georgii
2471 2968 2816 3032 Stratimiri
2877 2970 2955 3031 ad
3021 2986 3111 3044 ea,
3197 2988 3320 3049 que

586 3055 768 3120 nobis
814 3058 1264 3135 proposuerunt
1312 3058 1375 3117 et
1420 3054 1725 3119 dederunt
1769 3055 1832 3120 in
1881 3057 2130 3138 scriptis
2176 3058 2248 3119 de
2297 3056 2573 3121 volutate
2620 3055 2855 3119 domini
2891 3056 2989 3120 sui
3014 3055 3077 3120 in
3112 3056 3323 3121 dando

587 3144 767 3208 nobis
817 3142 1134 3206 civitatem
1183 3140 1430 3206 Scutari
1476 3143 1539 3205 et
1584 3142 1789 3207 locum
1839 3143 2135 3220 Drivasti,
2185 3143 2348 3225 quod
2397 3162 2507 3208 nos
2553 3142 2732 3225 plene
2763 3142 3186 3207 intelleximus
3224 3163 3321 3222 ea,

589 3250 705 3312 que
752 3229 870 3310 ipsi
920 3233 1327 3311 exposuerunt
1376 3229 1572 3304 nobie,
1620 3235 1682 3293 et
1728 3231 2020 3295 similiter
2066 3230 2369 3295 dederunt
2415 3231 2479 3296 in
2525 3232 2793 3312 scriptis„
2843 3233 2908 3295 et
2954 3249 3050 3303 ea,
3086 3232 3163 3295 ad
3201 3251 3325 3313 que

587 3316 859 3381 finaliter
906 3318 1024 3398 ipsi
1071 3316 1359 3381 dixerunt
1402 3336 1580 3399 posse
1627 3318 2113 3383 condescendere
2168 3336 2276 3399 pro
2336 3322 2510 3399 parte
2539 3318 2808 3383 ’domini
2855 3320 2969 3383 sui.
3016 3319 3100 3382 Et
3145 3322 3326 3401 quia,

588 3406 752 3469 sicut
797 3405 885 3468 eis
930 3404 1216 3481 diximuS,
1278 3414 1420 3486 post
1467 3424 1645 3469 suum
1696 3425 2007 3489 recessum
2056 3425 2093 3470 a
2151 3405 2317 3470 dicto
2366 3424 2579 3471 eorum
2643 3406 2892 3471 domino
2952 3407 3324 3488 capitaneus

586 3496 795 3556 noster
840 3489 1064 3574 culphy
1109 3491 1229 3555 fuit
1277 3493 1682 3573 personaliter
1727 3513 1868 3558 cum
1914 3513 2002 3573 eo,
2051 3499 2114 3558 et
2165 3495 2241 3559 ab
2310 3494 2445 3576 ipso
2516 3494 2732 3558 habuit
2796 3495 3000 3578 magis
3073 3494 3325 3577 largam

586 3580 1060 3662 promissionem
1129 3582 1193 3643 et
1270 3580 1539 3644 multum
1604 3581 1740 3664 plus
1813 3585 1973 3660 ante,
2027 3601 2212 3665 quam
2260 3583 2376 3664 ipsi
2433 3582 2607 3647 nobis
2651 3582 2944 3656 dixerint,
2992 3580 3320 3647 credimus

587 3687 721 3733 esse
770 3667 1019 3744 bonum,
1069 3667 1230 3748 quod
1274 3668 1326 3731 si
1369 3667 1561 3732 alium
1609 3688 1728 3733 non
1774 3670 2006 3734 habent
2052 3689 2163 3734 nec
2201 3671 2277 3733 ad
2324 3670 2449 3734 alia
2495 3672 2752 3751 possunt
2795 3669 3318 3745 condescendere,

588 3774 773 3838 quam
820 3755 896 3818 ad
946 3774 1034 3831 ea,
1084 3774 1201 3837 que
1248 3756 1535 3819 dixerunt
1581 3758 1776 3833 nobiS,
1824 3758 1941 3838 ipsi
1991 3757 2089 3820 vel
2138 3776 2293 3821 unus
2339 3776 2548 3821 eorum
2599 3758 2946 3822 revertatur
2978 3757 3058 3821 ad
3107 3759 3316 3823 domi-

589 3863 737 3908 num
792 3861 994 3919 suum,
1040 3844 1104 3906 et
1152 3842 1487 3907 informent
1531 3863 1671 3908 eum
1717 3844 1792 3908 de
1842 3844 2065 3923 verbiS,
2116 3863 2230 3926 que
2279 3845 2611 3908 habuimus
2679 3846 2757 3909 ab
2805 3844 2939 3926 ipso
2987 3847 3328 3926 capitaneo

591 3932 840 4015 culphy,
888 3931 1193 3994 narrando
1273 3930 1393 3994 sibi
1463 3931 1750 3996 distincte
1818 3932 2042 4008 omnia,
2113 3951 2229 4013 que
2297 3932 2649 3996 habuerunt
2692 3951 2727 3996 a
2773 3933 2954 3996 nobis
3006 3934 3081 3998 de
3131 3934 3329 4000 dictis

591 4021 798 4086 verbis
845 4020 909 4083 et
954 4018 1030 4081 de
1077 4020 1287 4081 nostra
1327 4019 1691 4096 intentione,
1740 4021 1804 4083 et
1849 4020 2009 4102 quod
2052 4026 2368 4102 propterea
2422 4021 2689 4102 placeat,
2759 4020 2810 4083 si
2858 4019 3051 4085 habet
3115 4024 3334 4087 inten-

593 4108 826 4172 tionem
875 4105 1152 4170 veniendi
1201 4107 1279 4169 ad
1328 4107 1835 4188 compositionem
1886 4107 2203 4173 nobiscum
2236 4128 2418 4189 super
2452 4108 2635 4172 dictis
2668 4106 2871 4183 factiS,
2908 4108 3074 4172 sicut
3105 4113 3331 4174 osteu-

594 4196 708 4274 dit,
758 4194 992 4275 aperIre
1040 4194 1212 4257 nobis
1261 4195 1467 4275 ample
1499 4197 1694 4259 totam
1729 4213 1907 4258 suam
1940 4196 2188 4260 finalem
2223 4196 2645 4272 intentionem,
2674 4194 3218 4261 condescendendo
3244 4201 3328 4261 ad

590 4301 688 4346 res
734 4281 928 4345 iustas
976 4284 1041 4345 et
1090 4280 1509 4360 rationabiles,
1555 4285 1625 4346 ut
1672 4283 1870 4363 possit
1915 4284 2056 4365 poni
2102 4284 2241 4348 finis
2304 4285 2518 4366 gratus
2588 4288 2650 4347 et
2715 4283 2960 4347 debitus
3026 4284 3331 4350 omnibus

591 4369 859 4452 negotiis
908 4368 1260 4433 antedictis.
1308 4369 1392 4432 Et
1437 4370 1580 4453 quia
1626 4374 1723 4434 est
1768 4389 1866 4434 res
1909 4371 2171 4452 sapienS,
2221 4372 2382 4453 quod
2422 4372 2670 4435 interim
2702 4371 3041 4436 habeamus
3077 4373 3323 4437 bonum

590 4457 920 4522 consilium
967 4456 1041 4520 de
1088 4457 1207 4521 isto
1254 4457 1439 4534 fact0‚
1491 4457 1562 4530 si,
1611 4458 2084 4523 intromittendo
2132 4459 2299 4523 dicta
2356 4459 2507 4536 loca,
2557 4459 3118 4524 contrafaceremus
3178 4463 3326 4543 paci

590 4543 934 4626 Hungarie,
983 4543 1311 4627 collegium
1357 4544 1612 4622 domini,
1661 4546 2177 4625 consiliariorum,
2227 4547 2499 4628 capitum
2546 4551 2608 4610 et
2661 4547 3013 4628 sapientum
3064 4550 3319 4613 consilii

594 4632 659 4697 et
701 4631 987 4695 ordinum
1035 4632 1262 4696 habeat
1308 4632 1665 4698 libertatem
1714 4633 2003 4698 mittendi
2029 4652 2139 4715 pro
2171 4634 2296 4699 illis
2330 4635 2612 4717 propriiS,
2647 4655 2763 4717 que
2796 4634 2883 4697 eis
2919 4635 3323 4713 videbuntur,

590 4735 700 4805 pro
744 4718 1023 4785 habendo
1070 4718 1399 4786 consilium
1447 4739 1629 4786 suum
1676 4740 1861 4806 super
1908 4721 2091 4787 dictis
2149 4721 2352 4802 factiS,
2427 4725 2498 4788 ut
2563 4725 2776 4805 postea
2822 4722 2950 4786 illis
2996 4724 3316 4789 ambasia-
