3620 5282
443 359 565 424 126

436 533 486 595 si
537 531 703 596 facta
749 550 866 595 non
929 532 1154 606 essent,
1219 533 1281 592 et
1342 533 1520 612 prout
1589 533 1833 611 poterat
1892 532 2034 593 ante
2103 529 2447 611 presentem
2511 547 2817 611 guerram.
2877 526 3033 593 Sane
3078 530 3174 592 ta-

438 640 578 684 men
638 618 950 682 intellecto
1014 620 1171 700 quod
1217 619 1377 682 dicto
1424 637 1571 683 casu
1620 618 1934 682 occasione
2001 617 2301 698 presentis
2348 617 2514 698 pacis
2562 618 2657 681 vel
2718 616 3171 692 transactioniS,

440 708 534 771 vel
591 708 942 787 aliquorum
992 710 1420 769 contentorum
1471 707 1529 769 in
1576 707 1664 769 eis
1709 708 1840 768 sine
1888 706 2199 769 occasione
2240 704 2569 768 solutionis
2626 723 2731 768 seu
2779 704 3172 785 prestationis

438 795 599 858 dicte
646 794 1018 875 quantitatis
1089 796 1325 875 septem
1369 795 1610 857 milium
1660 797 2040 872 ducatorum,
2090 795 2163 856 ad
2212 811 2397 874 quam
2445 792 2597 856 dicti
2632 793 2853 855 Veneti
2901 811 2965 856 se
3012 792 3170 855 obli-

353 952 366 976 ,
440 884 762 964 gaverunt,
826 900 932 944 seu
996 882 1203 963 aliqua
1263 883 1577 945 occasione
1645 881 1737 944 vel
1801 900 1987 945 causa
2049 900 2118 943 ex
2170 880 2436 961 presenti
2485 899 2635 962 pace
2682 880 2779 943 vel
2844 881 3172 943 transacti-

443 989 554 1032 one
617 988 720 1032 seu
790 969 1133 1050 aliquorum
1198 972 1628 1033 contentorum
1694 969 1758 1031 in
1829 988 1920 1043 ea,
1974 968 2140 1032 dicto
2192 968 2437 1032 domino
2486 968 2618 1050 regi
2664 967 2905 1031 nullum
2968 968 3062 1031 ius
3106 968 3169 1029 in

436 1057 586 1137 ipsis
633 1055 842 1120 buccis
891 1057 988 1119 vel
1035 1056 1244 1139 aliqua
1292 1058 1558 1136 ipsarum
1625 1056 1999 1138 acquiratur,
2063 1058 2364 1137 augeatur
2425 1054 2520 1118 vel
2581 1055 2935 1136 amplietur,
3009 1055 3171 1120 ultra

436 1162 621 1226 quam
669 1143 928 1207 haberet
974 1149 1115 1207 ante
1162 1146 1497 1225 proximam
1547 1150 1898 1227 presentem
1948 1162 2254 1223 guerram.
2306 1141 2437 1205 Nec
2501 1143 2618 1223 ipsi
2688 1144 2998 1206 communi
3047 1142 3169 1207 Ve-

437 1234 746 1296 neciarum
796 1231 857 1295 in
907 1231 1102 1312 ipsius
1149 1232 1246 1297 vel
1293 1233 1499 1313 aliqua
1539 1235 1839 1314 ipsarum,
1890 1251 1996 1294 seu
2047 1230 2283 1294 iuribus
2316 1230 2445 1293 suis
2485 1229 2731 1312 aliquod
2766 1230 3167 1312 preiudicium

435 1321 783 1403 generetur,
855 1337 965 1382 nec
1011 1319 1108 1382 ius
1169 1319 1437 1400 aliquod,
1504 1327 1684 1402 rupta
1749 1338 1912 1400 pace,
1966 1322 2143 1399 prout
2211 1337 2414 1399 supra,
2488 1337 2595 1400 per
2657 1320 2850 1382 dictos
2900 1319 3167 1382 Venetos

436 1407 809 1490 acquisitum
857 1407 1246 1489 intelligatur
1293 1409 1454 1472 dicto
1501 1407 1810 1470 communi
1866 1407 2267 1470 Veneciarum
2319 1424 2429 1468 uec
2497 1406 2663 1470 dicto
2727 1407 2973 1470 domino
3035 1405 3162 1488 regi

438 1496 497 1559 in
541 1495 748 1577 aliquo
794 1494 1191 1558 diminutum.
1256 1495 1340 1558 Et
1395 1515 1501 1576 pro
1549 1496 1763 1559 maiori
1828 1495 2072 1558 cautela
2134 1496 2198 1557 et
2258 1493 2682 1558 stabilimento
2752 1495 3165 1574 predictorum

435 1584 596 1646 dicte
646 1584 851 1663 partes
900 1587 1223 1646 teneantur
1270 1584 1574 1646 ratificare
1643 1586 1990 1664 presentem
2052 1600 2263 1663 pacem
2328 1584 2394 1645 et
2454 1584 2744 1645 contenta
2811 1583 2869 1645 in
2931 1600 3022 1644 ea.
3092 1580 3171 1644 Et

436 1670 593 1752 quod
639 1670 839 1734 dictus
885 1670 1167 1733 dominus
1214 1671 1330 1733 dux
1393 1672 1454 1733 in
1517 1671 1774 1734 consilio
1837 1672 2100 1733 habente
2163 1668 2579 1733 omnimodam
2647 1671 3034 1750 potestatem,
3107 1671 3165 1731 in

436 1778 552 1840 quo
598 1758 861 1821 debeant
907 1758 1121 1821 adesse
1172 1759 1300 1838 ipse
1347 1758 1634 1821 dominus
1682 1760 1800 1821 dux
1847 1762 1909 1820 et
1954 1777 2057 1820 sex
2106 1756 2442 1822 consiliarii
2490 1757 2605 1835 sui,
2669 1759 2796 1821 tria
2837 1757 3043 1838 capita
3090 1756 3165 1819 de

439 1848 867 1929 quadraginta,
917 1845 1226 1926 sapientes
1253 1846 1326 1909 de
1368 1864 1612 1928 guerra,
1661 1845 1988 1909 consilium
2039 1845 2113 1907 de
2146 1845 2575 1926 quadraginta,
2624 1845 2951 1909 consilium
2988 1862 3167 1926 roga-

435 1939 637 1997 torum
689 1936 750 1996 et
795 1933 1118 1997 consilium
1165 1933 1466 2009 adiuncte,
1517 1934 1762 1997 nomine
1806 1933 1955 1996 dicti
2020 1933 2365 1996 communis
2427 1935 2755 1996 teneantur
2818 1933 3169 2014 emologare

439 2027 502 2082 et
549 2021 885 2103 approbare
927 2039 1179 2102 presens
1223 2022 1587 2103 capitulum.
1647 2022 1728 2084 Et
1773 2023 2057 2085 (lominus
2120 2021 2240 2084 dux
2284 2023 2346 2083 et
2390 2038 2603 2084 omnes
2662 2021 2734 2084 'de
2796 2019 2962 2084 dicto
3030 2039 3183 2083 cou-

439 2109 579 2172 silio
626 2111 951 2172 teneantur
1011 2108 1087 2172 de
1142 2110 1534 2173 observantia
1593 2109 1996 2191 corporaliter
2054 2110 2118 2172 et
2180 2127 2462 2189 expresse
2525 2108 2723 2172 iurare
2791 2128 2973 2189 super
3036 2111 3170 2171 tota

440 2215 585 2277 pace
633 2199 695 2259 et
740 2195 1090 2278 specialiter
1137 2198 1408 2278 capitulo
1455 2199 1827 2278 supradicte.
1879 2197 1960 2260 Et
2012 2199 2167 2277 quod
2229 2214 2442 2259 omnes
2504 2196 2691 2260 duces
2735 2194 3163 2271 Veneciarum,

436 2286 538 2365 qui
586 2302 694 2366 pro
745 2285 1019 2366 tempore
1063 2289 1261 2362 erunt,
1311 2304 1449 2349 cum
1515 2303 1724 2349 eorum
1788 2284 2061 2348 consiliis
2124 2284 2417 2365 predictis
2482 2304 2720 2364 semper
2778 2287 2840 2346 et
2896 2285 3172 2364 quando-

439 2390 674 2453 cunque
721 2372 796 2433 ad
848 2372 1308 2454 requisitionem
1357 2373 1577 2455 prefati
1652 2372 2031 2436 serenissimi
2100 2372 2335 2435 domini
2396 2372 2559 2453 regis
2621 2376 2683 2434 et
2743 2390 3165 2434 successorum

436 2461 567 2523 eius
616 2462 940 2523 teneantur
987 2460 1175 2523 semel
1225 2465 1430 2523 tamen
1479 2480 1587 2542 pro
1635 2461 1912 2541 quolibet
1943 2461 2096 2523 duce
2150 2461 2428 2541 prestare
2463 2460 2692 2523 dictum
2728 2459 3165 2523 iuramentum.

437 2546 518 2609 Et
564 2565 739 2611 versa
786 2547 916 2611 vice
964 2546 1238 2627 prefatus
1283 2547 1569 2611 domiuus
1619 2567 1718 2610 rex
1769 2552 1832 2611 et
1878 2547 2108 2629 singuli
2157 2548 2288 2610 eius
2350 2547 2753 2629 imposterum
2790 2565 3168 2610 successores

437 2635 728 2698 similiter
775 2635 1098 2699 teneantur
1145 2634 1220 2697 de
1266 2636 1659 2701 observantia
1731 2636 1926 2700 totius
1997 2637 2301 2717 presentis
2363 2636 2536 2717 pacis
2605 2644 2665 2698 et
2730 2636 3170 2699 transactionis

436 2726 500 2785 et
545 2722 819 2786 omnium
861 2725 1287 2787 contentorum
1319 2725 1376 2787 in
1409 2742 1483 2787 ea
1523 2725 1735 2806 jurare
1781 2723 2197 2805 corporaliter,
2245 2726 2315 2787 ut
2364 2725 2685 2805 prefertur,
2739 2743 2844 2805 pro
2892 2724 3174 2805 quolibet

439 2829 583 2892 rege
630 2811 822 2874 semel
872 2811 1139 2875 tantum.
3074 2854 3077 2857 -

649 2899 912 2962 Demum
961 2917 1071 2979 pro
1119 2898 1551 2963 stabilimento
1598 2900 2038 2980 predictorum,
2086 2901 2150 2961 et
2198 2902 2265 2961 ut
2324 2899 2593 2980 predicta
2653 2900 2859 2962 omnia
2925 2902 2988 2963 et
3044 2899 3173 2962 sin-

434 2986 583 3067 gula
626 2984 804 3049 firma
845 2987 971 3049 sint
995 2987 1059 3050 et
1082 2989 1361 3051 effectum
1394 2989 1457 3051 et
1482 2990 1949 3069 exequutionem
1999 2988 2275 3050 debitam
2301 2989 2729 3069 assequantur,
2769 2988 2932 3050 dicte
2966 2993 3173 3067 partes

438 3092 620 3155 super
667 3075 953 3138 omnibus
1002 3080 1065 3137 et
1094 3074 1354 3158 singulis
1405 3077 1465 3137 in
1514 3076 1777 3156 presenti
1828 3093 1976 3157 pace
2011 3077 2074 3137 et
2106 3075 2516 3138 instrumento
2558 3076 2862 3139 contentis
2906 3075 3171 3157 elligunt

439 3164 503 3223 et
548 3165 869 3225 assumunt
933 3162 996 3225 in
1060 3163 1343 3239 iudicem,
1408 3163 1788 3244 cognitorem
1850 3173 1914 3226 et
1981 3165 2377 3226 executorem·
2424 3163 2700 3227 omnium
2758 3164 3167 3243 predictorum

439 3251 902 3312 sanctissimum
951 3251 1266 3313 domiuum
1316 3252 1589 3313 nostrum
1640 3269 1885 3333 papam,
1937 3250 1996 3312 in
2066 3269 2248 3331 quem
2319 3253 2384 3313 et
2442 3251 2617 3314 cuius
2684 3250 3170 3314 iurisdictionem

440 3338 503 3397 et
549 3337 821 3400 tribunal
870 3355 1152 3418 expresse
1199 3339 1606 3417 consentiunt,
1656 3339 1791 3402 eius
1839 3338 2321 3402 iurisdictionem
2374 3357 2653 3418 expresse
2715 3342 2777 3399 et
2840 3339 3174 3401 solenniter

440 3423 838 3504 prorogando.
899 3423 1085 3488 Cuius
1135 3426 1467 3501 cognitioni
1517 3430 1580 3488 et
1627 3426 2053 3490 deliberationi
2103 3425 2266 3489 dicte
2310 3428 2515 3507 partes
2563 3429 2728 3488 stare
2784 3427 3172 3507 promittunt,

440 3512 504 3573 et
571 3512 690 3573 sibi
761 3512 1022 3574 invicem
1082 3513 1245 3590 dare,
1319 3512 1516 3576 facere
1564 3516 1627 3576 et
1683 3514 2015 3578 observare
2079 3516 2261 3576 omne
2319 3516 2382 3575 et
2443 3513 2736 3595 quidquid
2803 3532 2911 3595 per
2969 3515 3169 3593 ipsum

439 3598 898 3661 sanctissimum
949 3600 1262 3663 dominum
1322 3604 1602 3664 nostrum
1667 3620 1891 3683 papam
1950 3602 2210 3676 dictum,
2275 3601 2721 3665 sententiatum
2794 3620 2899 3664 seu
2969 3600 3176 3663 decla-

441 3689 643 3750 ratum
692 3686 895 3762 fuerit,
946 3689 1008 3749 et
1054 3688 1422 3751 solutionem
1468 3690 1528 3751 in
1577 3691 1743 3752 terra
1791 3708 1899 3752 seu
1943 3689 2077 3752 loco
2148 3687 2480 3752 tribunalis
2542 3692 2606 3752 et
2672 3689 2876 3751 iudicii
2948 3687 3171 3770 prefati

440 3774 822 3838 sanctissimi
866 3774 1095 3837 domini
1146 3776 1334 3839 nostri
1387 3796 1539 3858 pape
1603 3776 1722 3839 sibi
1774 3778 2034 3841 invicem
2103 3775 2300 3838 facere
2365 3776 2755 3856 promittunt,
2824 3796 2928 3855 per
2990 3796 3169 3857 quem

439 3881 547 3943 pro
589 3864 873 3926 omnibus
922 3864 985 3925 et
1029 3863 1292 3945 singulis
1342 3864 1400 3925 iu
1450 3866 1720 3945 presenti
1765 3883 1915 3946 pace
1983 3864 2285 3927 contentis
2334 3863 2662 3927 voluerunt
2709 3868 2920 3927 contra
2975 3862 3172 3927 dictas

439 3953 644 4032 partes
693 3953 756 4013 et
798 3950 1146 4031 quamlibet
1191 3970 1398 4014 earum
1451 3951 1699 4014 realiter
1747 3956 1809 4015 et
1858 3951 2276 4032 personaliter,
2331 3952 2758 4031 temporaliter
2806 3954 2870 4013 et
2917 3950 3173 4032 spiritu-

438 4036 618 4101 aliter
664 4056 840 4117 posse
888 4040 952 4100 et
998 4040 1216 4101 debere
1266 4040 1526 4117 procedi.
1579 4040 2029 4103 Renuntiantes
2076 4040 2186 4103 fori
2240 4039 2563 4119 privilegio
2610 4058 2725 4101 non
2788 4041 2881 4102 sui
2953 4037 3172 4101 iudicis

443 4124 592 4208 legi,
644 4127 693 4187 si
744 4127 1093 4189 convenerit
1139 4125 1201 4187 ff.
1251 4128 1323 4189 de
1368 4126 1793 4189 iurisdictione
1857 4126 2130 4190 omnium
2196 4125 2470 4200 iudicum
2534 4130 2599 4190 et
2656 4127 2819 4189 enini
2886 4125 2991 4189 alii
3058 4125 3178 4189 iuri

439 4213 731 4275 canonico
777 4217 841 4277 et
888 4212 1075 4276 civili.

651 4301 805 4362 Item
856 4319 994 4363 cum
1046 4300 1105 4362 in
1156 4317 1302 4382 pace
1364 4302 1620 4382 antiqua
1683 4300 1839 4365 alias
1890 4300 2053 4365 facta
2116 4303 2273 4365 inter
2330 4300 2635 4382 prefatum
2710 4302 3176 4365 serenissimum

439 4385 753 4450 dominum
803 4407 1010 4469 regem
1061 4389 1126 4450 et
1170 4406 1499 4452 commune
1547 4389 1954 4452 *veneciarum
2017 4390 2424 4467 contineatur,
2490 4391 2649 4471 quod
2705 4389 2992 4452 dominus
3056 4390 3176 4451 dux

441 4478 504 4534 et
551 4490 875 4537 commune
918 4475 1320 4539 Veneciarum
1367 4476 1776 4542 effectualiter
1825 4479 2181 4540 renuntiant
2226 4478 2302 4541 de
2350 4476 2514 4539 facto
2562 4478 2623 4539 in
2690 4477 2977 4540 manibus
3046 4495 3181 4557 pre—

440 4558 553 4621 fati
601 4560 832 4622 domini
879 4562 1044 4644 regis
1091 4563 1364 4645 Ungarie
1413 4567 1476 4627 et
1522 4583 1944 4628 successorum
2004 4583 2253 4629 suorum
2320 4564 2433 4626 toti
2490 4565 2819 4639 Dalmatio,
2896 4583 3177 4644 nuncque

442 4642 590 4707 dicti
639 4645 855 4740 sindici
904 4655 1331 4728 procuratores
1379 4654 1441 4714 et
1485 4654 1915 4716 ambaxatores
1961 4652 2116 4716 dicti
2163 4651 2395 4715 domini
2459 4650 2635 4715 ducis
2697 4654 2761 4715 et
2826 4651 3176 4715 communis

442 4729 865 4818 Venecrarum,
915 4736 1160 4799 nomine
1208 4738 1510 4802 dictorum
1573 4739 1964 4804 dominorum
2010 4741 2181 4805 ducis
2244 4745 2305 4803 et
2365 4741 2708 4803 communis
2763 4738 3173 4803 Veneciarum
