3620 5282
490 370 646 442 ‚212

519 545 765 610 veniant
812 546 875 607 et
920 544 1191 607 tractent
1238 561 1378 607 cum
1425 541 1928 606 ambaxatoribus
1989 540 2146 604 dicti
2207 542 2372 623 regis
2432 560 2570 604 cum
2632 541 2738 605 illa
2800 542 3234 605 commissione

531 635 595 697 et
640 631 948 707 libertate,
999 631 1221 712 quibus
1267 630 1513 695 iverunt
1557 650 1656 694 ser
1700 630 2016 694 Johannes
2064 628 2403 692 Gradonico
2451 632 2512 691 et
2559 630 2705 692 socii
2768 629 2846 691 ad
2896 629 3096 711 ipsum
3147 650 3241 692 re-

525 739 669 803 gem
712 719 972 783 mutatis
1021 724 1084 782 et
1131 718 1391 783 corectis
1437 718 1752 782 mutandis
1801 720 1866 780 et
1911 717 2290 799 coi-igendis,
2342 718 2404 779 et
2451 716 2664 799 possit.
2709 716 2900 797 accipi
2950 717 3025 779 de
3073 716 3242 779 omni

523 808 658 872 loco
707 806 975 889 exceptis
1024 806 1519 889 procuratoribus
1568 810 1632 870 et
1675 805 1950 887 patronis
1999 824 2248 878 arsene3
2324 808 2386 867 et
2430 804 2654 867 habere
2703 805 2971 868 debeant
3016 805 3089 868 de
3137 823 3237 867 sa-

521 895 673 960 lario
722 912 830 978 pro
879 895 1152 976 quolibet
1197 894 1387 958 libras
1435 894 1484 957 L
1531 895 1593 957 in
1637 912 1866 965 mense,
1913 894 1975 955 et
2018 891 2316 974 recipiant
2365 892 2582 955 statim
2632 892 2730 955 hic
2777 892 3076 955 salarium
3124 891 3238 954 du-

521 1001 695 1048 orum
744 981 1067 1059 mensium,
1117 985 1179 1044 et
1224 984 1549 1045 teneantur
1596 981 1961 1063 respondere
2008 980 2170 1044 iufra
2225 980 2482 1043 tercium
2534 981 2693 1043 diem
2742 981 3099 1061 computato
3148 981 3242 1042 die

524 1090 630 1135 sue
678 1070 1043 1143 ellectioniS,
1094 1072 1157 1132 et
1206 1071 1430 1133 vadant
1469 1070 1546 1132 ad
1594 1068 2046 1150 beneplacitum
2099 1068 2562 1142 dominacionis,
2636 1087 2751 1131 non
2803 1067 3099 1149 possendo
3147 1087 3242 1129 re-

519 1159 726 1221 futare
775 1157 886 1221 sub
935 1176 1092 1238 pena
1136 1157 1430 1221 librarum
1483 1155 1550 1233 C,
1589 1158 1685 1219 cui
1732 1175 1888 1239 pene
1937 1157 2252 1219 subiaceat
2297 1155 2668 1237 quicumque
2729 1157 2957 1219 exisset
2999 1157 3069 1217 ‹le
3118 1156 3240 1218 Ve-

524 1245 716 1309 neciis
766 1263 803 1307 a
848 1248 1069 1326 quarta
1113 1245 1207 1307 die
1254 1245 1484 1308 mensis
1510 1244 1815 1326 presentis
1840 1244 2015 1318 citra,
2066 1244 2113 1305 si
2165 1242 2320 1307 foret
2352 1243 2602 1306 electus.
2648 1243 2730 1305 Et
2754 1243 3025 1306 habeant
3054 1262 3242 1307 unum

522 1332 830 1397 notarium
880 1351 1016 1395 cum
1067 1351 1185 1395 uno
1232 1332 1483 1409 famulo,
1536 1351 1724 1395 unum
1775 1332 2199 1413 interpretem,
2248 1346 2438 1393 unum
2486 1349 2746 1411 coquum
2798 1350 2940 1394 cum
2988 1349 3104 1393 uno
3154 1330 3245 1393 fa-

522 1420 693 1485 mulo
739 1424 803 1484 et
850 1421 975 1483 tres
1022 1419 1380 1484 domicellos
1427 1438 1536 1502 pro
1584 1419 1880 1501 quolibet,
1945 1420 2044 1500 qui
2114 1418 2424 1481 domicelli
2491 1419 2758 1482 habeant
2796 1419 2867 1482 de
2933 1417 3159 1482 salario
3208 1438 3244 1480 a

520 1506 831 1573 communi
882 1507 1134 1572 ducatos
1181 1507 1332 1571 duos
1377 1526 1482 1590 pro
1529 1506 1803 1589 quolibet
1865 1508 1926 1569 in
1977 1525 2218 1582 mense,
2280 1510 2343 1569 et
2399 1508 2636 1585 possint
2697 1508 3031 1588 expendere
3092 1505 3244 1568 dicti

522 1596 949 1660 ambaxatores
996 1594 1157 1658 omni
1208 1595 1302 1659 die
1350 1596 1411 1659 in
1459 1594 1740 1677 expensis
1787 1595 1911 1658 oris
1957 1612 2307 1676 grossorum
2355 1594 2616 1676 triginta
2659 1612 2767 1675 pro
2815 1593 3110 1675 quolibet.
3160 1595 3242 1656 Et

521 1684 666 1766 quia
712 1685 783 1746 de
828 1683 1125 1765 perpetua
1172 1701 1316 1764 pace
1365 1682 1666 1746 firmanda
1714 1681 1935 1746 leviter
1977 1682 2174 1764 possit
2203 1699 2383 1745 casus
2410 1700 2708 1758 occurere,
2760 1683 2985 1745 ducant
3031 1700 3241 1744 secum

521 1790 711 1836 unum
753 1771 1092 1852 sapientem
1141 1771 1293 1834 iuris
1339 1789 1478 1834 cum
1526 1771 1761 1834 duobus
1784 1770 2053 1844 famulis,
2106 1771 2402 1851 possendo
2428 1768 2771 1850 expendere
2805 1787 2912 1851 pro
2961 1769 3243 1850 expensis

524 1858 649 1922 oris
696 1858 973 1940 ipsorum
1022 1859 1312 1921 ducatum
1359 1876 1549 1922 unum
1598 1859 1759 1922 omni
1810 1857 1943 1937 die,
2009 1858 2083 1921 de
2132 1875 2385 1938 quorum
2453 1857 2792 1938 provisione
2853 1857 3247 1939 provideatur

519 1965 628 2028 per
675 1945 1180 2018 dominacionem,
1229 1949 1301 2009 ut
1346 1946 1580 2009 iustum
1628 1944 1730 2008 sit.

732 2032 984 2097 Domini
1024 2033 1382 2110 consiliarii,
1429 2034 1632 2114 capita
1669 2034 1733 2096 et
1778 2033 2123 2115 sapientes,
2192 2034 2445 2113 excepto
2508 2052 2607 2095 ser
2651 2032 2901 2096 Andrea
2948 2031 3240 2096 Cornario

528 2121 898 2185 consiliario,
950 2119 1177 2201 Capta:
1244 2140 1382 2185 cum
1448 2122 1779 2203 postquam
1821 2123 2030 2184 nostra
2085 2120 2423 2183 >ambaxata
2483 2120 2736 2184 redierit
2796 2139 2832 2183 a
2879 2138 3020 2202 rege
3070 2120 3246 2183 Hun-

526 2209 736 2291 garie,
801 2208 990 2271 fuerit
1038 2209 1138 2272 hic
1202 2208 1554 2273 ambaxator
1617 2228 1762 2271 snus
1826 2227 2233 2289 conquerens,
2294 2206 2453 2289 quod
2520 2208 2640 2271 sibi
2692 2208 3244 2273 contrafeceramus

520 2297 800 2380 treuguis
845 2297 907 2359 in
954 2294 1264 2376 aliquibus
1310 2295 1553 2379 punctis
1601 2297 1732 2359 tam
1783 2296 1845 2359 in
1895 2313 1984 2371 eo,
2026 2296 2188 2377 quod
2246 2296 2754 2375 prohibueramus
2795 2296 3083 2378 gentibus
3133 2314 3241 2359 no-

524 2386 691 2461 strie,
741 2403 816 2447 ne
863 2402 1003 2447 cum
1051 2385 1177 2446 suis
1227 2384 1488 2466 navigiis
1532 2384 2011 2447 transfretarent
2054 2386 2268 2464 gentes
2332 2402 2473 2448 suas
2522 2383 2579 2447 in
2633 2383 2976 2466 Apuleam,
3046 2385 3134 2447 ire
3180 2385 3245 2446 et

521 2471 719 2536 redire
767 2471 1084 2545 volentes;
1133 2473 1196 2535 et
1242 2470 1303 2533 in
1352 2489 1438 2548 eo,
1488 2473 1645 2552 quod
1695 2475 2229 2553 receptaveramus
2275 2469 2484 2551 galeas
2531 2489 2783 2535 suorum
2829 2472 3240 2546 inimicorum,

527 2561 591 2624 et
640 2559 728 2622 eis
771 2558 1250 2622 refrescamenta
1296 2560 1426 2622 dari
1473 2558 1800 2623 fecerimus
1857 2560 1917 2621 in
1965 2558 2146 2621 terris
2193 2558 2456 2633 nostris3
2531 2578 2716 2640 qnam
2781 2558 2846 2622 in
2912 2578 3018 2636 e0,
3083 2558 3242 2640 quod

530 2649 591 2712 in
639 2647 924 2729 partibus
971 2647 1197 2710 nostris
1241 2647 1528 2712 dicebant
1588 2647 2014 2710 damnificatos
2063 2648 2126 2709 et
2171 2646 2430 2711 offensos
2488 2666 2620 2712 esse
2678 2646 2956 2711 subditos
3007 2649 3243 2729 regios3

523 2735 589 2798 et
634 2754 742 2818 per
789 2734 1125 2798 dominium
1176 2738 1323 2799 tnnc
1369 2735 1557 2799 fuerit
1602 2736 1657 2799 ei
1705 2734 1870 2799 facta
1920 2735 2230 2815 responsio
2278 2735 2431 2798 satis
2487 2737 2705 2798 decens
2747 2735 2810 2799 et
2856 2736 3133 2813 honesta,
3183 2739 3244 2799 et

521 2823 947 2887 verisimiliter
990 2823 1074 2886 sit
1119 2822 1509 2903 credendum,
1560 2822 1718 2905 quod
1766 2823 1878 2885 hec
1944 2822 2156 2884 eadem
2200 2823 2386 2887 verba
2430 2823 2820 2886 iterabuntur
2867 2842 2973 2905 per
3027 2824 3245 2887 amba-

522 2912 768 2974 xatores
815 2928 960 2974 suos
1008 2929 1167 2974 nunc
1217 2913 1536 2975 venturos:
1582 2909 1752 2974 vadit
1797 2929 1958 2991 pare,
2009 2911 2166 2991 quod
2212 2909 2622 2975 informentur
2668 2911 3092 2976 ambaxatores
3138 2929 3245 2975 no-

525 2998 659 3075 stri,
707 2996 864 3079 quod
912 2997 965 3060 si
1012 2996 1086 3060 de
1134 2997 1429 3080 predictis
1478 3000 1879 3080 tangerentur
1925 2996 2012 3060 eis
2059 2997 2270 3079 aliqua
2334 2998 2538 3076 verba,
2589 2998 3032 3080 respondeant,
3083 2997 3245 3062 sicut

523 3084 677 3149 alias
724 3086 958 3147 factum
1005 3083 1142 3159 fuit,
1193 3088 1257 3149 et
1303 3084 1463 3167 quod
1510 3085 1570 3149 in
1620 3083 1735 3149 hoc
1781 3084 1954 3148 novit
2002 3085 2150 3148 deus
2184 3085 2537 3167 optavimus
2586 3090 2649 3150 et
2689 3088 2974 3168 optamus
3002 3105 3242 3150 servare

524 3171 702 3253 plene
749 3172 1065 3252 treuguaS,
1120 3177 1181 3235 et
1227 3171 1507 3236 dedimus
1556 3172 1889 3237 efficaciter
1935 3171 1994 3234 iu
2047 3174 2354 3236 mandatis
2403 3173 2630 3237 nostris
2677 3173 2976 3252 subditis,
3025 3176 3096 3237 ut
3140 3192 3244 3237 eas

523 3260 858 3322 servarent.
914 3257 1032 3321 Sed
1080 3261 1238 3322 sicut
1285 3260 1550 3324 mundus
1597 3279 1780 3324 nosce
1813 3261 2020 3341 potest
2065 3278 2374 3342 nunqnam
2417 3262 2726 3325 voluimus
2758 3279 2869 3323 nos
2916 3262 2978 3325 in
3026 3261 3244 3326 alienis

527 3345 846 3409 discordiis
889 3345 1008 3408 nisi
1057 3346 1117 3408 in
1166 3347 1254 3409 eis
1302 3347 1714 3427 pacificandiS,
1763 3366 1901 3411 cum
1968 3366 2330 3428 possumuS,
2395 3346 2716 3429 aliqualite
2777 3347 3137 3424 inmiscere,
3182 3352 3246 3412 et

522 3451 630 3515 pro
695 3434 811 3497 1100
879 3434 1073 3496 nostri
1143 3435 1306 3498 cives
1379 3439 1442 3498 et
1509 3436 1754 3517 navigia
1820 3454 1936 3499 non
2000 3434 2421 3516 impedierunt
2489 3455 2553 3498 se
2615 3435 2689 3497 de
2755 3436 3047 3516 gentibus
3117 3437 3244 3498 suis

525 3538 637 3584 nec
683 3519 1174 3584 adversariorum
1226 3540 1493 3600 suorum,
1544 3542 1620 3586 ne
1668 3525 1877 3604 posset
1917 3524 2093 3587 nobis
2134 3521 2487 3604 aliqualiter
2533 3522 2844 3603 imputari,
2900 3539 3007 3585 nos
3056 3523 3112 3584 in
3150 3522 3242 3586 fa-

524 3626 736 3674 vorem
785 3608 880 3671 vel
928 3607 1318 3690 dispendium
1363 3609 1729 3692 cuiusquam
1779 3611 2047 3692 partium
2097 3609 2425 3673 declinare.
2494 3609 2576 3673 Et
2622 3610 2675 3671 si
2716 3627 2824 3690 per
2868 3608 2982 3671 hac
3028 3608 3244 3673 eadem

523 3715 707 3761 causa
739 3698 869 3759 tam
917 3712 1024 3760 sue
1071 3698 1287 3778 gentes
1334 3715 1518 3779 quam
1561 3698 1778 3779 gentes
1825 3697 2080 3761 alterius
2128 3698 2343 3780 partie,
2392 3715 2533 3760 cum
2582 3714 2702 3776 qua
2748 3695 2939 3759 etiam
2982 3695 3047 3758 in
3093 3714 3242 3777 pace

525 3804 760 3863 sumuS,
811 3782 1061 3847 fuerunt
1106 3784 1167 3846 in
1217 3785 1397 3848 terris
1446 3789 1507 3848 et
1552 3786 1706 3848 locis
1753 3786 1983 3850 nostris
2032 3784 2332 3865 equaliter
2370 3784 2703 3865 receptate,
2753 3800 2868 3846 non
2897 3785 3102 3864 potest
3134 3803 3244 3846 nec

526 3872 711 3936 debet
757 3871 933 3935 nobis
980 3871 1332 3952 aliqualiter
1378 3872 1696 3954 imputari.
1746 3874 1827 3936 Et
1875 3872 2166 3937 similiter
2212 3872 2264 3936 si
2313 3872 2375 3935 in
2420 3871 2576 3938 mari
2604 3871 2849 3954 publico
2893 3875 3107 3954 gentes
3134 3890 3244 3934 sue

527 3960 755 4024 damna
801 3960 880 4022 ab
926 3957 1238 4040 aliquibus
1287 3963 1668 4042 receperunt,
1718 3979 1837 4024 non
1882 3961 2069 4025 debet
2113 3979 2225 4024 neo
2271 3960 2475 4041 potest
2521 3959 2698 4023 nobis
2745 3958 3041 4041 impingi,
3104 3960 3247 4040 qnia

524 4047 588 4110 in
637 4047 750 4111 hoc
800 4067 871 4110 ex
914 4046 1113 4110 forma
1157 4049 1558 4129 treuguarum
1606 4046 1864 4111 minime
1890 4050 2171 4113 tenemur
2215 4066 2326 4112 nec
2364 4047 2627 4130 astringi
2655 4047 2966 4112 voluimus
3008 4047 3073 4111 in
3104 4065 3246 4112 con-

525 4133 787 4198 fectione
836 4152 1069 4198 earum.
1122 4134 1184 4198 Si
1236 4152 1376 4198 vero
1443 4134 1504 4198 in
1569 4134 1880 4217 aliquibus
1941 4135 2240 4219 portubus
2298 4135 2526 4200 nostris
2589 4136 2818 4200 damna
2884 4135 3245 4218 receperint,

524 4221 641 4284 hoc
687 4221 866 4285 nobis
912 4240 1163 4303 prorsus
1212 4225 1383 4286 extat
1428 4223 1848 4304 incognitum3
1909 4223 2017 4287 sed
2079 4223 2502 4287 commisimus
2568 4225 2632 4288 et
2677 4224 2766 4288 sic
2815 4226 3246 4289 committatur

525 4307 710 4371 dictis
757 4308 1280 4386 ambaxatoribus,
1331 4309 1480 4372 licet
1526 4328 1646 4373 non
1688 4311 2012 4374 credamus
2060 4310 2255 4374 teneri
2305 4313 2381 4374 ad
2430 4311 2562 4390 hoc,
2613 4311 2773 4393 quod
2823 4312 3092 4394 recipere
3138 4311 3245 4374 de-

525 4394 714 4458 beant
759 4395 1253 4460 informationem
1292 4414 1525 4473 eorum,
1591 4416 1705 4478 que
1770 4396 2050 4461 dicerent
2110 4416 2294 4480 super
2356 4398 2471 4462 hoc
2532 4399 2994 4481 particulariter
3041 4402 3104 4464 et
3149 4400 3242 4462 di-

524 4479 769 4557 stincte,
820 4483 884 4545 et
926 4482 1155 4546 faciant
1200 4483 1427 4564 inquiri
1473 4484 1538 4547 et
1574 4484 1716 4548 sciri
1764 4483 2005 4566 negocii
2052 4485 2401 4562 veritatem,
2452 4487 2516 4550 et
2561 4487 2624 4550 in
2674 4488 2788 4550 hoc
2851 4487 3085 4552 faciant
3139 4505 3245 4554 „re-

522 4567 932 4650 sponsionem,
980 4569 1381 4634 substinendo
1426 4569 1561 4636 iura
1600 4572 1664 4636 et
1710 4571 2003 4635 honorem
2055 4573 2334 4635 nostrum
2383 4573 2544 4638 sicut
2588 4573 2857 4638 viderint
2900 4575 3241 4651 convenire,

519 4654 931 4720 concludendo
979 4675 1254 4739 semper,
1303 4657 1462 4739 quod
1525 4658 1578 4722 si
1640 4658 1873 4741 aliquid
1935 4658 2308 4742 reperiretur
2370 4660 2604 4725 factum
2670 4681 2740 4724 ex
2796 4666 2970 4744 parte
3032 4666 3244 4726 nostra

517 4745 729 4811 contra
774 4742 943 4828 ipsas
987 4744 1297 4827 treuguas,
1344 4745 1408 4808 id
1455 4747 1661 4828 preter
1706 4748 1989 4812 nostram
2033 4746 2473 4811 conscientiam
2518 4749 2907 4831 prooesisset,
2957 4751 3022 4814 et
3067 4770 3232 4818 esse-
