3620 5282
611 371 743 439 460

615 568 801 633 quam
846 549 1158 635 cognoscit
1201 566 1335 614 esse
1381 547 1612 614 factum
1662 546 1861 613 insule
1905 547 2334 631 CorphyensiS,
2412 566 2528 631 que
2572 547 2667 612 est
2724 547 2790 611 in
2837 543 3145 611 manibus
3190 560 3329 607 nos·

619 637 758 716 trie,
804 656 914 721 pro
960 639 1136 703 tanto
1180 638 1276 701 est
1343 637 1697 719 dispositae,
1763 635 1922 721 quod
1979 637 2386 715 removeatur,
2450 639 2513 700 et
2573 634 2964 718 complacere
3027 631 3208 697 nobis
3264 648 3330 694 ac

617 727 900 809 quietare
945 725 1020 790 de
1064 725 1193 804 illa,
1241 724 1612 791 facientibus
1657 724 1832 790 nobis
1874 743 2084 790 versus
2130 743 2270 790 eum
2316 723 2392 789 de
2438 721 2556 805 his,
2584 741 2704 807 que
2750 724 2882 789 sint
2930 718 3332 786 rationabilia

615 814 681 879 et
724 814 1024 880 decentia.
1071 813 1155 878 Et
1198 812 1311 879 hoc
1348 811 1510 879 facto
1573 812 1859 893 intendit,
1918 814 2076 896 quod
2136 812 2528 879 contrahatur
2585 813 2750 876 inter
2811 829 2931 876 nos
3008 828 3138 875 una
3180 808 3327 872 bona

618 902 762 968 unio
807 904 870 967 et
910 903 1071 969 bona
1113 901 1262 984 liga,
1310 902 1402 966 ita
1456 902 1618 984 quod
1675 902 1786 967 illa
1840 902 2126 967 amicicia
2183 900 2476 985 perpetuo
2540 900 2853 965 observari
2918 899 3134 983 possit
3194 898 3327 972 etc.,

612 992 767 1072 quod
819 993 982 1056 certe
1022 1009 1059 1056 a
1102 991 1279 1073 parte
1326 992 1535 1055 nostra
1584 991 1745 1055 inter
1796 990 2006 1073 ipsum
2064 988 2648 1054 excellentissimum
2701 987 3040 1054 dominum
3105 1003 3328 1069 regem,

613 1079 678 1142 et
713 1096 825 1143 nos
868 1078 1040 1144 nulla
1087 1080 1253 1161 viget
1298 1096 1482 1144 causa
1550 1078 1857 1163 rubiginis
1933 1078 2030 1143 vel
2108 1078 2547 1156 malivolentie,
2604 1095 2748 1162 ymo
2793 1076 3041 1141 fuimus
3091 1090 3327 1156 semper

610 1166 886 1250 precipui
923 1168 1217 1232 zelatores
1262 1165 1509 1232 honoris
1552 1168 1616 1231 et
1655 1169 1861 1232 status
1909 1166 2284 1232 serenissimi
2329 1165 2564 1232 domini
2610 1165 2907 1248 genitoris
2956 1164 3066 1229 sni
3125 1164 3192 1229 et
3236 1179 3332 1225 su-

607 1272 781 1321 orum
830 1258 1309 1333 antecessorum,
1357 1256 1421 1321 et
1461 1255 1553 1319 ita
1595 1272 1810 1320 sumus
1857 1256 1919 1320 et
1965 1273 2098 1319 esse
2144 1254 2520 1320 intendimus
2568 1272 2677 1319 sue
2723 1252 3105 1318 serenitatis
3165 1252 3332 1333 parte

605 1345 839 1409 nostra.
889 1344 972 1409 Et
1016 1343 1163 1428 quia
1207 1343 1438 1423 dicunt,
1484 1344 1646 1425 quod
1696 1343 1900 1409 insula
1931 1341 2358 1427 Corpbyensis,
2408 1361 2594 1427 quam
2640 1342 2967 1421 habemus,
3008 1342 3116 1423 est
3148 1355 3329 1404 causa

614 1430 799 1497 istius
845 1432 1170 1517 rubiginiS,
1219 1432 1295 1497 ad
1337 1431 1454 1497 hoc
1497 1431 1958 1514 respondemus,
2006 1432 2166 1515 quod
2210 1431 2376 1496 istud
2421 1431 2597 1497 nobis
2620 1429 2929 1513 displicet,
2983 1448 3142 1494 curn
3176 1428 3331 1490 sicut

616 1518 772 1585 alias
818 1519 1085 1586 diximus
1133 1520 1476 1593 oratoribus
1518 1521 1665 1598 suis,
1713 1519 1819 1603 qui
1864 1521 1941 1585 ob
1986 1518 2100 1584 hoc
2145 1520 2400 1585 fuerunt
2446 1521 2525 1584 ad
2570 1518 2850 1584 nostram'
2915 1515 3324 1603 presentiam,

615 1625 724 1673 nos
771 1609 1084 1675 tenuimus
1130 1611 1195 1674 et
1238 1610 1519 1674 tenemus
1553 1608 1776 1674 dictam
1826 1607 2095 1672 insulam
2140 1608 2353 1673 multis
2398 1607 2889 1683 rationabilibus,
2930 1607 3228 1672 honestis
3270 1606 3330 1667 et

614 1695 820 1762 iecitis
865 1699 1088 1776 causis,
1116 1715 1288 1779 quas
1355 1697 1507 1761 alias
1552 1696 1706 1763 bene
1779 1697 2250 1775 declaravimus,
2325 1699 2388 1761 et
2433 1696 2489 1760 si
2544 1694 2706 1761 foret
2749 1714 3006 1761 necesse
3059 1693 3330 1759 declara-

611 1792 819 1849 remus
866 1786 944 1850 ad
991 1803 1259 1869 presens.
1306 1785 1761 1850 Nichilominus
1808 1784 2081 1850 volentes
2127 1789 2188 1849 et
2233 1786 2515 1871 optantes
2580 1785 2781 1850 vivere
2837 1783 3130 1867 pacifice,
3173 1777 3326 1844 ami-

612 1872 891 1939 cabiliter
932 1876 995 1939 et
1037 1873 1358 1939 caritative
1400 1892 1543 1938 cum
1588 1874 1718 1956 ipso
1765 1874 2011 1938 domino
2057 1892 2219 1959 rege,
2278 1892 2463 1957 quem
2517 1875 2679 1938 teste
2741 1874 2850 1938 deo
2895 1874 3147 1936 sincere
3192 1866 3327 1930 dili-

605 1960 832 2045 gimuS‚
880 1962 1082 2045 parati
1127 1980 1359 2040 sumus,
1407 1962 1461 2026 si
1507 1961 1741 2026 habent
1788 1960 2151 2027 mandatum
2198 1961 2277 2025 ad
2318 1964 2563 2045 plenum
2614 1980 2797 2044 super
2867 1958 3059 2026 factis
3109 1971 3323 2041 propo⁴

608 2049 749 2115 sitis
794 2050 970 2115 nobis
1014 2070 1122 2133 per
1169 2067 1292 2127 eos,
1344 2047 1495 2114 illud
1544 2048 1748 2115 videre
1789 2051 1854 2114 et
1894 2050 2126 2128 audire,
2176 2068 2559 2133 quecumque
2605 2049 3050 2132 particularius
3095 2048 3162 2112 et
3203 2042 3325 2107 dis-

606 2136 864 2203 tinctius
912 2139 1218 2205 voluerint
1263 2137 1597 2213 declarare,
1646 2137 1870 2221 quibus
1915 2138 2165 2217 auditi8‚
2192 2152 2298 2203 nos
2338 2138 2862 2221 respondebimus,
2910 2137 2997 2202 Et
3044 2154 3119 2200 ex
3166 2147 3324 2196 nunc

606 2224 694 2291 sit
734 2228 1005 2309 captum,
1053 2226 1232 2309 quod,
1277 2227 1332 2291 si
1376 2226 1766 2292 ostenderent
1810 2226 2169 2291 mandatum
2215 2228 2280 2291 et
2322 2226 2680 2291 libertatem
2728 2225 2809 2290 ad
2869 2222 3153 2308 plenum,
3200 2218 3326 2285 col-

605 2312 838 2398 legium
884 2315 1133 2392 domini,
1181 2313 1688 2393 consiliariorum,
1735 2315 2010 2396 capitum
2057 2318 2121 2379 et
2166 2314 2516 2397 sapientum
2566 2315 2808 2396 utriusq
2823 2332 2898 2378 ue
2946 2329 3172 2379 manus
3219 2305 3318 2371 vel

603 2401 715 2467 illa
759 2420 922 2485 pare,
973 2422 1089 2487 que
1131 2422 1239 2486 per
1284 2403 1624 2468 dominium
1690 2402 1883 2467 fuerit
1948 2402 2280 2468 terminata
2343 2421 2453 2485 pro
2514 2402 2794 2467 utilitate
2843 2400 3015 2479 facti,
3097 2397 3324 2465 habeat

605 2488 959 2556 libertatem
1008 2490 1315 2569 audiendi,
1393 2490 1633 2556 dicendi
1681 2493 1745 2556 et
1788 2490 2120 2567 tractandi,
2170 2491 2341 2556 sicut
2385 2491 2491 2555 eis·
2521 2488 2617 2554 vel
2663 2490 2886 2555 maiori
2933 2490 3105 2573 parti
3153 2484 3324 2552 vide-

606 2576 778 2644 bitur
823 2577 979 2646 utile
1026 2581 1088 2645 et
1133 2580 1381 2661 bonum,
1430 2598 1548 2645 non
1592 2579 1891 2662 possendo
1938 2578 2172 2663 aliquid
2218 2579 2585 2645 concludere
2629 2578 2726 2644 vel
2760 2576 3013 2644 firmare
3054 2577 3186 2643 sine
3215 2572 3324 2637 de-

609 2667 974 2734 liberatione
1019 2670 1085 2733 et
1118 2669 1435 2734 voluntate
1480 2668 1662 2733 istius
1708 2667 1974 2734 consilii.
2024 2671 2117 2734 De
2157 2671 2334 2751 parte
2378 2668 2481 2734 70.

821 2755 934 2822 Ser
979 2756 1351 2822 Rambertus
1395 2754 1668 2836 Quirine,
1714 2756 2020 2839 sapientes
2066 2756 2313 2822 consilii
2358 2760 2422 2821 et
2453 2754 2767 2838 sapientes
2801 2756 3106 2820 ordinum.
3155 2748 3314 2829 Quia

607 2843 836 2910 bonum
884 2847 981 2911 est
1025 2845 1242 2909 multis
1289 2845 1675 2928 respectibus
1720 2844 1952 2910 sentire
1998 2844 2436 2928 particularius
2482 2846 2560 2909 ab
2607 2841 3158 2908 ambassiatoribus
3205 2837 3318 2902 do·

612 2932 769 2997 mini
813 2935 976 3016 regis
1022 2932 1298 2998 Ladislai
1334 2952 1426 3014 ea,
1474 2952 1589 3016 que
1634 2934 1972 2998 summarie
2018 2939 2081 2998 et
2124 2934 2240 2997 sub
2287 2932 2591 2998 brevitate
2634 2932 3057 3015 exposuerunt,
3098 2945 3323 2993 secun-

610 3019 759 3086 dum
807 3021 967 3105 quod
1016 3022 1367 3087 continetur
1411 3023 1477 3086 in
1516 3023 1692 3104 parte
1737 3021 2088 3103 sapientum
2136 3021 2414 3098 consilii;
2487 3019 2657 3087 vadit
2722 3038 2889 3102 pars,
2957 3018 3171 3083 habito
3218 3032 3320 3080 re·

614 3110 848 3193 spectu,
898 3109 1059 3194 quod
1106 3111 1394 3176 videntur
1438 3110 1605 3173 avidi
1651 3109 2088 3193 particularius
2134 3110 2439 3193 praticare
2481 3109 2826 3186 nobiscum,
2896 3107 3056 3190 quod
3125 3105 3314 3171 colle·

609 3201 781 3281 gium
827 3197 1077 3278 domini,
1119 3197 1628 3273 consiliariorum,
1706 3197 1983 3280 capitum
2063 3199 2128 3262 et
2197 3199 2550 3280 sapientum
2615 3198 2942 3261 ambaru‘m
3012 3209 3310 3260 manuum

609 3286 872 3352 debeant
916 3305 1048 3353 esse
1096 3305 1236 3352 cum
1283 3287 1464 3352 dictis
1509 3286 2083 3365 ambassiatoribuS,
2112 3287 2345 3350 etcum
2379 3286 2506 3350 illis
2552 3285 2770 3364 modiS,
2818 3282 3317 3366 responsionibus

607 3375 672 3440 et
716 3372 937 3452 verbis,
1014 3376 1118 3459 qui
1164 3376 1229 3440 et
1272 3394 1391 3458 que
1437 3373 1806 3440 videbuntur
1839 3373 2004 3440 dicto
2051 3375 2326 3458 collegio,
2396 3375 2657 3438 debeant
2734 3373 2978 3438 trahere
3052 3376 3115 3437 et
3174 3388 3311 3453 pre-

610 3464 838 3529 sentire
869 3481 1054 3547 quam
1101 3462 1534 3547 particularius
1578 3464 1642 3527 et
1686 3462 1912 3528 clarius
1942 3464 2230 3545 poterunt
2272 3463 2351 3527 ab
2397 3462 2487 3526 eis
2534 3463 2940 3526 intentionem
2994 3462 3058 3524 et
3100 3458 3321 3524 volun-

609 3552 807 3616 tatem
849 3552 998 3616 dicti
1064 3552 1294 3616 domini
1340 3552 1520 3635 regis,
1569 3568 1688 3615 non
1741 3552 2035 3634 possendo
2082 3551 2314 3634 aliquid
2361 3549 2720 3615 concludere
2768 3568 2876 3614 nec
2923 3548 3115 3613 dictis
3185 3566 3318 3611 am-

610 3639 1032 3706 bassatoribus
1097 3639 1245 3704 dare
1297 3638 1738 3723 expeditionem
1804 3657 1917 3704 nec
1982 3640 2401 3704 conclusivam
2469 3639 2931 3720 responsionem
3006 3637 3136 3701 sine
3211 3650 3320 3698 vo-

607 3726 848 3793 luntate
893 3730 956 3793 et
999 3728 1434 3794 deliberatione
1481 3727 1662 3793 istius
1706 3726 1967 3792 consilii.
2029 3728 2122 3791 De
2169 3729 2343 3810 parte
2389 3725 2493 3803 38,
2541 3745 2659 3790 non
2702 3725 2765 3805 2,
2813 3744 2933 3790 non
2979 3721 3202 3789 sinceri
3249 3721 3313 3785 4.

694 3834 938 3897 Secreta
985 3834 1159 3898 Cous.
1206 3836 1355 3912 Roy.
1403 3835 1459 3896 1.
1510 3836 1612 3907 43,
1659 3854 1701 3896 u
1744 3835 1904 3896 ποῖαί.
1951 3836 2184 3895 arkivu.

912 4024 1250 4109 DGXII.
1303 4023 1508 4109 God.
1563 4024 1791 4108 1401.
1844 4023 1940 4107 12
1991 4025 2418 4127 prosince,
2473 4046 2531 4107 u
2585 4026 3016 4108 Trnovcu.

770 4199 789 4212 ν
817 4164 1250 4250 Sigismundus
1292 4167 1654 4251 Hungariae
1700 4186 1805 4233 rex
1852 4168 2029 4250 rogat
2075 4167 2291 4232 ducale
2334 4166 2698 4247 dominium,
2762 4169 2832 4231 ut
2872 4166 3112 4231 favores
3163 4185 3310 4232 suos

610 4272 729 4322 non
774 4258 1012 4339 prestet
1058 4275 1211 4321 novo
1257 4273 1649 4321 romanorum
1699 4254 1831 4340 regi
1873 4259 2086 4320 contra
2129 4254 2389 4322 fratrem
2424 4276 2606 4323 suum
2653 4274 2861 4339 regem
2907 4253 3224 4321 Boemiae.

698 4361 1264 4432 Commemorialium
1310 4364 1431 4427 IX.
1484 4366 1633 4446 128,
1679 4383 1723 4425 u
1768 4365 1931 4427 mlct.
1978 4366 2215 4429 arkivu.
