3620 5282
540 330 671 395 284

739 506 1266 591 CCCCXXV.
1332 507 1539 590 θοὰ.
1598 507 1822 591 1355.
1877 506 1978 591 23
2032 507 2524 607 studenoga,
2581 529 2640 588 u
2694 502 3085 587 Mletcih.

1005 633 1214 692 Prima
1258 650 1336 710 se,
1386 633 1465 690 da
1510 650 1570 691 se
1616 634 1831 704 ustrojz·
1877 634 2323 691 domobranstvo
2368 650 2411 691 u
2455 633 2801 704 Hrvatskoj.

762 770 943 834 1355.
994 771 1324 835 indictione
1373 772 1483 847 IX,
1534 771 1631 835 die
1681 771 1898 834 XXIII
1966 770 2335 835 novembris,
2400 770 2877 854 Paysenaticum
2924 763 3266 833 Sclavenie.

540 858 847 923 Dominus
896 876 994 922 ser
1040 857 1337 922 Nicolaus
1405 857 1766 931 contareno,
1827 878 1925 922 ser
1986 859 2192 922 Lisius
2241 857 2485 934 vitalis,
2557 877 2655 921 ser
2717 856 2964 920 Marcus
3011 852 3266 926 Bembo,

539 964 641 1009 ser
688 945 990 1028 Mapheus
1040 946 1215 1020 Eme,
1266 946 1641 1019 consiliarii;
1691 948 1894 1029 capita
1940 945 2015 1009 de
2066 946 2210 1019 XL;
2277 965 2374 1010 ser
2422 945 2655 1008 Paulus
2719 942 3117 1017 Lauredano,
3167 957 3265 1003 ser

541 1032 787 1096 Marcus
835 1031 1017 1110 Celsi,
1068 1052 1165 1097 ser
1212 1034 1433 1097 Petrus
1477 1034 1767 1108 Monimo,
1820 1034 2147 1115 sapientes.
2198 1032 2429 1116 Capta:
2479 1051 2621 1096 cum
2656 1031 2807 1096 utile
2840 1047 2983 1114 ymo
3018 1045 3261 1092 necces-

542 1119 773 1183 sarium
803 1119 1080 1183 videatur
1125 1139 1231 1202 per
1282 1138 1455 1194 nova,
1509 1139 1624 1203 que
1672 1122 1979 1185 habentur
2024 1121 2098 1184 de
2133 1118 2476 1193 Sclavonia,
2526 1119 2599 1182 de
2650 1120 2809 1183 facto
2841 1115 3157 1199 providere
3189 1112 3268 1177 ad

541 1206 1009 1271 subvencionem
1062 1211 1363 1272 terrarum
1394 1212 1740 1272 nostrarum
1776 1228 1886 1290 pro
1923 1208 2390 1272 conservacione
2429 1208 2677 1271 honoris
2731 1209 2794 1270 et
2838 1204 3115 1269 fidelium
3164 1219 3266 1264 no-

542 1297 833 1371 strorum,
882 1296 946 1358 et
993 1295 1152 1358 inter
1200 1296 1343 1371 alia,
1391 1315 1506 1377 que
1556 1296 1879 1359 videantur
1924 1297 1998 1359 ad
2049 1314 2296 1376 presens
2361 1294 2757 1377 providenda,
2806 1293 3023 1356 habita
3073 1289 3263 1353 colla-

544 1382 705 1445 tione
753 1400 891 1445 cum
930 1382 1197 1465 syndicis
1245 1384 1551 1445 terrarum
1590 1385 1882 1463 ipsarum,
1934 1383 2137 1446 facere
2171 1382 2421 1465 aliquod
2463 1383 2931 1465 paysenaticum
2981 1380 3100 1442 ibi:
3150 1395 3255 1441 va-

543 1468 637 1531 dit
683 1487 846 1551 pare,
897 1470 1050 1552 quod
1100 1469 1162 1533 in
1214 1471 1368 1535 bona
1403 1470 1605 1552 gratia
1632 1471 1946 1535 ordinetur
1997 1472 2059 1534 et
2108 1470 2220 1534 fiat
2263 1470 2725 1553 paysenaticum
2762 1467 3047 1532 nnumin
3081 1464 3264 1527 dictis

549 1557 829 1637 partibus
878 1556 1198 1622 Sclavenie
1244 1557 1318 1621 de
1367 1560 1616 1622 centum
1667 1558 1976 1640 equitibus
2025 1576 2134 1640 pro
2182 1557 2446 1639 presenti
2510 1557 2625 1620 sub
2694 1555 2913 1632 modiS,
2962 1552 3262 1618 condicio-

547 1643 728 1707 nibus
776 1648 838 1707 et
885 1643 1102 1708 formis
1150 1644 1403 1709 inferius
1437 1644 1873 1722 describendiS,
1923 1645 2246 1709 videlicet:

754 1747 926 1827 Quod
974 1749 1086 1812 fiat
1134 1768 1288 1814 unus
1335 1747 1692 1832 capitaneus
1740 1749 2047 1832 generalis
2081 1749 2143 1813 in
2179 1749 2459 1831 partibus
2488 1749 2804 1815 Sclavonie
2835 1766 3017 1831 super
3052 1762 3265 1810 omnes

540 1839 811 1900 rectores
857 1837 1048 1901 trium
1100 1836 1424 1901 civitatum
1474 1838 1847 1914 nostrarum,
1897 1837 2102 1902 silicet
2139 1837 2429 1916 Sibenici,
2478 1836 2766 1919 Tragurii
2813 1837 2877 1900 et
2924 1834 3159 1917 Spaleti
3203 1834 3265 1896 et

535 1925 751 2006 gentes
794 1943 1024 2002 earum,
1074 1923 1237 1988 sicut
1281 1925 1378 1988 est
1423 1922 1781 2005 capitaneus
1831 1925 2212 2008 paysanatici
2259 1943 2442 2008 super
2467 1926 2735 1989 rectores
2783 1923 2988 1987 Istrie.
3028 1921 3260 1985 Verum

538 2029 741 2074 comes
785 2011 999 2090 Jadre,
1051 2013 1101 2075 si
1144 2010 1332 2076 fuerit
1375 2010 1706 2093 requisitus
1733 2031 1840 2095 per
1867 2012 2104 2076 dictum
2131 2013 2544 2096 capitaneum,
2593 2010 2921 2076 subveniat
2951 2012 3013 2073 et
3049 2008 3263 2073 mittat

539 2098 593 2161 ei
645 2097 720 2161 de
766 2099 1057 2180 gentibus
1100 2100 1246 2176 suis,
1295 2099 1348 2162 si
1396 2099 1627 2180 poterit
1673 2117 1816 2162 cum
1883 2099 2266 2165 salvamento
2328 2103 2393 2165 et
2457 2100 2784 2164 securitate
2847 2102 3006 2162 terre
3052 2095 3262 2160 nostre

537 2184 744 2263 Jadre,
797 2191 859 2250 et
900 2186 1084 2250 aliter
1122 2204 1240 2251 non
1287 2186 1371 2250 sit
1415 2186 1708 2250 astrictus
1756 2189 2154 2270 paysenatico
2203 2188 2578 2271 supradicto.

748 2292 832 2354 Et
876 2290 1101 2356 habeat
1146 2289 1219 2354 de
1268 2291 1493 2355 salario
1542 2292 1602 2355 in
1652 2310 1812 2357 anno
1871 2293 2071 2357 dictus
2138 2293 2496 2375 capitaneus
2561 2293 2755 2357 libras
2803 2290 2972 2355 XLV
3018 2305 3262 2372 grosso-

538 2396 699 2454 rum,
749 2383 812 2442 et
859 2379 943 2442 sit
991 2397 1099 2461 per
1137 2378 1290 2443 duos
1338 2396 1546 2455 annoS,
1601 2385 1662 2443 et
1707 2383 1919 2444 teneat
1962 2381 2114 2444 duos
2162 2382 2359 2445 socios
2402 2381 2711 2457 forenses,
2761 2396 3019 2462 quorum
3081 2374 3263 2440 cuili-

540 2466 645 2529 bet
688 2465 794 2530 det
839 2467 1099 2547 quatuor
1144 2467 1337 2530 libras
1362 2484 1715 2549 grossorum
1764 2468 1828 2530 in
1874 2486 2031 2532 anno
2078 2471 2141 2532 et
2190 2488 2376 2532 unum
2405 2468 2731 2544 notarium,
2782 2466 2883 2530 cui
2929 2464 3035 2529 det
3068 2463 3261 2526 libras

537 2552 586 2616 L
624 2571 762 2616 cum
815 2552 954 2617 aliis
1005 2553 1379 2617 utilitatibus
1428 2553 1636 2629 officii,
1682 2557 1746 2618 et
1809 2575 1995 2619 unum
2064 2555 2400 2633 chochum,
2465 2557 2531 2620 et
2592 2554 2820 2619 vestiat
2881 2552 3079 2617 socios
3144 2567 3264 2614 una

538 2640 667 2704 vice
707 2643 772 2705 et
817 2639 1005 2705 aliam
1052 2639 1356 2707 familiam
1408 2643 1503 2706 bis
1551 2646 1679 2706 toto
1730 2646 2005 2727 tempore
2039 2645 2134 2708 sui
2169 2644 2487 2725 regiminis
2527 2661 2710 2727 super
2756 2659 2962 2707 eorum
3011 2637 3257 2704 salario.

539 2728 699 2792 Item
747 2728 972 2793 habeat
1022 2749 1208 2793 unum
1257 2728 1636 2794 dextrerium
1684 2731 1872 2811 precii
1929 2733 2290 2796 ducatorum
2336 2731 2447 2795 LX
2509 2732 2605 2796 vel
2663 2731 2802 2794 inde
2863 2745 3048 2810 supra
3093 2729 3157 2790 et
3202 2725 3262 2788 X

538 2833 726 2896 equos
774 2816 851 2879 ab
899 2816 1088 2880 armis
1136 2816 1512 2881 sufficientes
1582 2836 1691 2899 pro
1737 2817 1865 2882 illis
1932 2819 2212 2901 partibus
2273 2819 2463 2902 precii
2526 2820 2882 2884 ducatorum
2929 2814 3104 2879 XXV
3155 2830 3261 2894 pro

536 2903 817 2985 quolibet
861 2903 937 2967 ad
985 2904 1208 2982 minus,
1258 2907 1321 2968 et
1365 2903 1519 2968 duos
1567 2906 1882 2980 ronzinos;
1949 2910 2011 2970 et
2057 2908 2185 2971 siut
2231 2924 2442 2970 omnes
2491 2905 2641 2970 dicti
2692 2906 2830 2988 equi
2879 2902 2954 2966 de
3002 2903 3262 2984 quatuor

538 2991 716 3055 annis
763 2990 1091 3073 completis
1134 2993 1215 3056 ad
1262 2992 1488 3069 minus,
1538 2995 1603 3057 et
1649 2996 1912 3075 quatuor
1972 2991 2233 3059 famulos
2290 3012 2327 3057 a
2375 2994 2599 3068 stalla;
2668 2996 2732 3057 et
2781 2992 3007 3055 habeat
3054 2988 3258 3054 dictus

534 3077 892 3159 capitaneus
935 3078 1181 3143 soldum
1227 3096 1264 3141 a
1309 3080 1518 3144 nostro
1568 3080 1882 3145 communi
1930 3099 2038 3163 pro
2086 3082 2143 3146 X
2189 3081 2497 3164 equitibus
2563 3082 2636 3145 de
2699 3097 2954 3145 numero
3016 3076 3262 3142 soldan-

541 3165 756 3229 dorum
805 3184 914 3247 per
959 3185 1066 3230 nos
1111 3165 1190 3230 ad
1237 3168 1544 3231 racionem
1592 3167 1958 3232 ducatorum
2001 3169 2054 3232 V
2101 3169 2164 3232 in
2213 3188 2420 3234 mense
2468 3188 2577 3251 pro
2625 3167 2932 3251 quolibet,
2990 3167 3054 3231 et
3106 3164 3262 3229 reci-

542 3250 679 3334 piat
724 3252 964 3317 soldum
1014 3271 1223 3318 eorum
1272 3252 1347 3317 de
1394 3254 1594 3319 medio
1643 3273 1801 3319 anno
1829 3256 2064 3333 statim,
2114 3258 2184 3320 ut
2208 3256 2445 3339 possint
2491 3275 2555 3320 se
2602 3256 2858 3334 furnire,
2908 3272 3060 3337 quos
3093 3251 3259 3316 idem

542 3337 899 3420 capitaneus
943 3342 1205 3423 accipiat
1248 3341 1436 3405 bonos
1469 3343 1532 3404 et
1564 3342 1963 3420 sufficientes,
2013 3343 2116 3427 qui
2150 3344 2434 3435 placeant
2466 3343 2757 3420 dominic,
2806 3344 2869 3406 et
2914 3342 3021 3406 det
3067 3340 3155 3404 eis
3188 3341 3261 3403 de

540 3426 765 3490 salario
811 3426 1041 3492 solidos
1104 3430 1229 3492 tres
1286 3446 1639 3510 grossorum
1704 3430 1765 3493 in
1830 3450 2039 3495 mense
2100 3431 2178 3494 ad
2221 3430 2460 3507 minua,
2510 3434 2574 3495 et
2619 3449 2914 3513 expensas
2982 3428 3143 3504 oria,
3192 3433 3257 3492 et

536 3531 711 3579 arma
752 3517 817 3579 et
861 3533 1047 3598 equos
1086 3515 1480 3592 sufficientes,
1529 3520 1595 3580 et
1640 3518 1766 3580 sint
1810 3516 1918 3581 isti
1965 3518 2023 3582 X
2071 3537 2178 3600 pro
2246 3518 2696 3601 equitatoribus
2745 3519 2808 3582 et
2849 3516 3259 3581 servitoribus

538 3601 685 3665 suis,
736 3602 817 3665 Et
865 3603 1126 3685 recipiat
1172 3603 1301 3684 ipse
1349 3606 1708 3686 capitaneus
1756 3604 2053 3669 salarium
2103 3625 2282 3671 suum
2327 3605 2513 3670 medii
2562 3605 2706 3670 anni
2755 3604 2990 3679 statim,
3042 3604 3107 3667 et
3152 3604 3255 3667 de-

540 3688 684 3752 beat
733 3691 939 3754 tenere
989 3707 1179 3772 equos
1227 3708 1368 3754 suos
1415 3690 1724 3773 predictos
1772 3692 1835 3756 in
1884 3692 2151 3757 stabulis
2199 3694 2261 3757 et
2307 3712 2426 3757 non
2467 3694 2543 3757 ad
2592 3711 2834 3775 pascua.
2881 3690 2990 3755 41.

749 3794 829 3858 Et
874 3796 959 3860 sit
1005 3794 1211 3860 dictus
1258 3796 1638 3879 capitaneuS,
1686 3800 1985 3878 quantum
2035 3799 2096 3862 in
2129 3798 2296 3865 facto
2328 3799 2666 3877 electionis
2716 3797 2794 3861 ad
2842 3795 3260 3861 condicionem

533 3881 657 3945 XII
703 3881 1076 3962 regiminum
1126 3886 1498 3947 nostrorum.

750 3986 859 4052 Ser
901 3986 1169 4054 Jacobus
1219 3988 1296 4053 do
1343 3990 1506 4071 Lege
1549 3992 1739 4072 caput
1785 3989 1915 4054 XL.
1965 3989 2139 4069 Quod
2186 3991 2387 4056 dictus
2433 3991 2791 4074 capitaneus
2816 3991 3042 4055 habeat
3072 3989 3262 4055 libras

532 4075 582 4139 L
627 4091 1167 4156 grossorumcum
1222 4077 1682 4142 condicionibus
1727 4078 2188 4162 suprascriptis.
2237 4081 2340 4143 34.

744 4177 978 4262 Capta:
1025 4182 1099 4246 de
1146 4182 1327 4248 dictis
1374 4185 1583 4248 autem
1630 4183 1881 4246 centum
1929 4184 2257 4265 equItibuS,
2310 4186 2356 4248 L
2403 4185 2775 4249 soldizentur
2829 4187 2892 4249 et
2938 4185 3260 4249 solvantur

428 4331 431 4334 ,
535 4282 643 4345 per
686 4269 964 4332 nostrum
1012 4285 1336 4334 commune
1374 4290 1514 4335 cum
1563 4269 1803 4334 duobus
1832 4271 2376 4335 comnestabilibus
2422 4271 2496 4336 de
2546 4271 2675 4337 illis
2698 4271 2988 4356 gentibus
3035 4273 3262 4338 etcum

535 4349 647 4413 illo
694 4352 886 4431 soldo,
937 4355 1096 4436 quod
1146 4356 1455 4420 videbitur
1501 4357 1807 4435 dominio,
1879 4359 2040 4422 inter
2085 4378 2233 4441 quos
2300 4361 2731 4441 computentur
2778 4359 2873 4423 illi
2921 4360 2978 4423 X
3025 4359 3263 4441 equita-

534 4438 699 4501 tores
745 4441 1085 4522 capitanei;
1152 4443 1223 4506 de
1272 4443 1526 4527 reliquis
1575 4463 1716 4509 vero
1763 4446 1809 4508 L
1874 4445 2257 4527 accipiantur
2320 4448 2384 4509 et
2445 4449 2751 4526 ponantur
2809 4449 2872 4510 et
2933 4449 3260 4511 teneantur

533 4523 820 4589 continue
868 4547 976 4610 per
1026 4547 1347 4594 commune
1396 4530 1661 4596 Sibenici
1711 4532 1947 4608 XXIII,
1997 4551 2106 4614 per
2152 4550 2477 4597 commune
2520 4532 2804 4616 Tragurii
2852 4533 3001 4597 XVI
3046 4535 3110 4597 et
3156 4554 3264 4616 per

537 4629 859 4677 commune
909 4614 1149 4697 Spaleti
1200 4617 1306 4691 XI,
1355 4618 1458 4699 qui
1499 4620 1624 4683 sint
1663 4620 1737 4683 de
1785 4619 2142 4684 hominibus
2189 4619 2439 4684 illarum
2501 4622 2920 4686 contratarum
2970 4620 3146 4686 bonis
3193 4626 3259 4687 et

535 4697 1008 4780 sufficientibus,
1062 4702 1212 4766 bene
1261 4704 1508 4768 furnitis
1557 4707 1729 4788 equis
1780 4708 1844 4771 et
1889 4706 2107 4786 armis,
2156 4708 2244 4770 ita
2291 4706 2447 4789 quod
2496 4706 2783 4789 placeant
2827 4709 3168 4791 capitaueO.
