3620 5282
2964 370 3091 436 253

373 549 496 614 tari
543 548 882 614 rectoribus
930 546 1154 613 nostris
1201 565 1340 612 cum
1389 545 1499 611 illa
1544 546 1910 620 conditione,
1938 547 2117 611 modo
2150 545 2213 610 et
2244 545 2554 624 libertate,
2588 543 2809 628 quibus
2865 545 3090 612 debent

377 638 719 720 presentari
765 635 1072 719 capitibus
1120 636 1522 701 sextariorum
1571 653 1712 699 cum
1760 634 2045 699 omnibus
2093 634 2410 699 ordinibus
2458 634 2911 716 suprascriptis,

584 725 745 790 Item
792 726 949 808 quod
998 725 1220 807 aliquis
1268 726 1472 789 noster
1521 723 1808 787 subditus
1849 721 1947 786 vel
1977 722 2178 788 fidelis
2211 742 2351 788 cum
2383 723 2586 805 aliquo
2620 721 2860 804 navigio
2893 723 3092 787 veneti

378 813 473 879 vel
537 812 798 879 forensis
845 831 965 877 non
1010 813 1205 896 possit
1248 814 1579 879 conducere
1626 830 1739 876 nec
1807 811 2063 876 conduci
2130 810 2329 876 facere
2391 810 2661 893 aliquam
2712 810 2807 874 vel
2854 811 3093 893 aliquas

374 901 448 965 de
494 902 818 968 animabus
864 900 1159 984 predictis
1204 901 1282 965 ad
1334 901 1541 983 aliqua
1588 900 1713 965 alia
1756 899 1892 963 loca
1938 918 2123 981 quam
2171 902 2381 964 nostra
2428 899 2541 962 sub
2592 915 2749 980 pena
2792 897 3089 964 librarum

377 989 442 1055 O.
490 1008 599 1073 pro
665 988 944 1073 qualibet
987 991 1151 1054 testa
1195 990 1257 1052 in
1300 989 1428 1054 suis
1473 988 1735 1071 propriis
1791 987 1983 1064 bonis,
2031 989 2094 1051 et
2152 1005 2269 1052 non
2336 988 2529 1069 possit
2575 987 2663 1050 eis
2718 984 2848 1051 fieri
2895 988 3095 1070 gratia

376 1079 491 1142 sub
560 1097 718 1162 pena
778 1080 1138 1144 ducatorum
1207 1076 1610 1142 ducentorum
1679 1094 1787 1159 pro
1853 1075 2130 1158 quolibet
2200 1076 2455 1158 ponente
2521 1075 2620 1140 vel
2674 1077 3094 1141 consentiente

378 1168 615 1249 partem
662 1167 725 1231 in
773 1168 1169 1232 contrarium.

463 1275 643 1334 Misti
692 1274 832 1334 XL.
881 1275 1020 1355 116,
1067 1292 1109 1334 u
1155 1274 1311 1335 mlet.
1358 1274 1591 1334 arkivu.

720 1462 1189 1546 CCCLXII.
1243 1463 1446 1547 (3011.
1507 1461 1732 1545 1388.
1788 1463 1840 1544 8
1896 1461 2197 1564 liana‚
2253 1484 2313 1544 u
2366 1461 2752 1545 Mletcih.

581 1608 654 1672 In
701 1607 1066 1672 tractatione
1110 1605 1277 1688 ligae
1324 1606 1487 1670 iuter
1533 1606 1814 1669 venetam
1862 1605 1927 1669 et
1974 1604 2336 1687 januensem
2390 1605 2840 1686 rempublicam
2887 1604 2951 1668 in
2998 1624 3092 1669 se-

375 1697 523 1762 natu
584 1697 802 1760 veneto
864 1714 972 1779 per
1019 1696 1330 1777 sapientes
1373 1693 1617 1758 consilii
1668 1697 1730 1757 et
1776 1691 2062 1758 ordinum
2105 1694 2294 1757 etiam
2344 1692 2458 1758 hoc
2503 1693 2882 1775 propositum
2929 1693 3088 1757 fuit:
3187 1688 3193 1695 ”

373 1786 535 1869 quod
596 1789 817 1849 neutra
877 1783 1152 1865 partium
1215 1784 1411 1865 possit
1475 1781 1791 1865 acquirere
1840 1786 2036 1845 terras
2082 1780 2182 1845 vel
2241 1782 2376 1845 loca
2423 1783 2485 1845 in
2537 1800 2724 1865 regno
2770 1781 3093 1863 Huugarie

372 1894 480 1940 seu
529 1872 678 1937 locis
724 1870 1060 1955 suppositis
1121 1871 1379 1936 chorona
1441 1870 1614 1952 regni
1671 1869 2015 1952 Hungarie;
2066 1870 2215 1933 item
2289 1869 2481 1952 „quod
2529 1869 2871 1934 Jauuenses
2919 1869 3090 1934 nullo

373 1963 554 2026 modo
601 1963 846 2044 possint
887 1959 1005 2024 sibi
1052 1960 1367 2042 acquirere
1425 1961 1627 2023 terras
1671 1959 1770 2022 vel
1817 1957 1951 2022 loca
1998 1959 2060 2022 in
2111 1956 2275 2022 culfo
2337 1957 2753 2036 venetiarum,
2813 1959 2877 2021 et
2931 1958 3092 2040 quod

375 2069 493 2116 non
539 2048 927 2133 impendiant
970 2047 1236 2118 Venetos
1283 2066 1321 2110 a
1370 2046 1491 2130 Syo
1535 2046 1693 2112 citra
1739 2065 1930 2128 usque
1972 2047 2046 2111 ad
2085 2045 2318 2110 culfum
2366 2045 2829 2111 Venetiarum.“

461 2158 697 2220 Secreta
744 2155 919 2218 Gons.
966 2157 1112 2232 Roy.
1162 2156 1239 2216 R.
1285 2157 1390 2227 23,
1436 2174 1476 2215 a
1520 2156 1675 2216 mlet.
1725 2156 1958 2216 arkivu.

657 2343 1169 2430 CCCLXIII.
1235 2344 1440 2428 Gou.
1495 2345 1719 2429 1388.
1774 2347 1874 2428 14
1927 2346 2254 2448 simma,
2309 2368 2369 2428 u
2422 2345 2810 2429 Mlet-cih.

587 2488 1026 2567 Deliteratum‚
1074 2489 1232 2572 quod
1280 2487 1513 2553 domini
1562 2489 1635 2553 de
1681 2490 1861 2553 nocte
1909 2488 2248 2551 restituant
2304 2486 2619 2571 navigium
2667 2507 2808 2552 cum
2857 2507 3092 2554 merca·

376 2577 645 2643 tionibus
685 2577 1059 2644 conductum
1105 2577 1399 2643 Venetias
1446 2594 1553 2660 per
1598 2577 1843 2661 galeam
1883 2575 2057 2640 ducis
2090 2574 2587 2659 Andagaviensis
2629 2581 2983 2659 „acceptum
3015 2578 3091 2641 de

378 2666 661 2732 manibus
692 2667 1218 2732 Anconitanorum
1252 2669 1317 2731 et
1346 2667 1681 2730 caricatum
1731 2665 2039 2729 mercibus
2071 2665 2579 2748 Tragurinorum,
2610 2665 3088 2747 Spalatinorum‚

376 2756 802 2839 Raguseorum
850 2760 915 2819 et
957 2755 1219 2819 aliarum
1265 2756 1547 2832 gentium
1592 2755 1664 2818 de
1709 2754 1872 2817 intra
1918 2753 2233 2836 culphum,
2300 2758 2371 2817 ut
2430 2771 2861 2818 conservemus
2917 2754 3092 2820 nobis

376 2845 528 2909 istos
575 2845 649 2908 de
696 2844 864 2908 intra
910 2841 1206 2925 culphum
1253 2842 1314 2905 in
1364 2841 1616 2918 amima,
1666 2860 1777 2905 nec
1823 2843 2191 2906 amittantur
2232 2842 2440 2905 taliter
2487 2842 2775 2906 introitus
2808 2844 2868 2906 et
2915 2843 3091 2908 dacia

373 2932 573 2997 nostri
616 2931 1025 3008 communis“‚
1071 2931 1134 2995 et
1180 2930 1294 2995 hoc
1338 2928 1489 3008 illis,
1537 2930 1645 3012 qui
1690 2930 1923 2994 habent
1960 2931 2065 3013 jus
2113 2930 2173 2994 in
2224 2931 2357 3013 ipso
2405 2930 2648 3014 navigio
2681 2932 2745 2995 et
2776 2931 3088 2996 mercibus

375 3020 765 3105 supradictis.

462 3130 699 3191 Secreta
748 3128 922 3190 Cous·
972 3128 1118 3205 Roy.
1168 3128 1229 3188 R
1270 3128 1375 3198 27,
1421 3145 1463 3186 u
1507 3127 1869 3188 Mletackom
1914 3128 2148 3188 arkivu.

667 3315 1161 3402 CCCLXIV.
1215 3317 1422 3402 (iod.
1476 3317 1701 3400 1388.
1759 3319 1859 3400 14
1912 3319 2233 3420 srpnja,
2287 3340 2347 3400 u
2400 3316 2792 3401 llssctcih.

375 3446 726 3523 Dopusaeeno
770 3445 1149 3505 Pantaleona
1190 3444 1418 3514 Barba,
1464 3445 1545 3503 aa
1591 3444 1768 3505 aava
1812 3445 1927 3503 aar
1959 3445 2181 3517 posca„
2225 3462 2327 3503 mu
2372 3444 2447 3505 oa
2491 3447 2815 3521 aqna-arv.
2860 3446 3079 3521 traua.

590 3564 780 3630 1388.
829 3564 1164 3629 indictione
1212 3565 1321 3644 XI,
1371 3563 1468 3628 die
1518 3564 1707 3629 XIIII
1739 3563 1893 3628 iulii.
1945 3562 2296 3629 Consiliarii
2340 3583 2552 3630 omnes
2603 3569 2665 3630 et
2710 3566 2914 3649 capita
2960 3567 3089 3633 XL.

379 3655 608 3739 Capta:
651 3673 791 3719 cum
828 3653 1052 3718 nobilis
1097 3653 1192 3717 vir
1239 3672 1338 3717 ser
1372 3652 1666 3718 Pantaleo
1697 3653 1904 3717 Barbo
1938 3654 2121 3717 miles
2153 3652 2342 3718 fuerit
2373 3654 2730 3719 ambaxator
2762 3654 2841 3719 ad
2882 3658 3089 3737 partes

379 3742 723 3828 Huugarie‚
772 3741 894 3822 ubi,
944 3743 1110 3806 sicut
1156 3743 1371 3805 notum
1419 3742 1537 3818 est,
1587 3743 1766 3805 stetit
1814 3759 2038 3825 magno
2086 3743 2150 3805 et
2195 3741 2379 3825 longo
2429 3746 2721 3825 tempore,
2773 3744 2929 3809 etin
2963 3743 3087 3809 illis

376 3832 653 3915 partibus
679 3832 758 3896 ad
783 3830 1071 3894 honorem
1097 3830 1160 3894 et
1184 3832 1419 3893 statum
1443 3830 1786 3894 communis
1826 3828 2222 3894 venetiarum
2250 3849 2312 3894 se
2339 3832 2552 3913 gessit,
2586 3831 2750 3896 sicut
2798 3832 3086 3897 omnibus

377 3919 739 4004 plenissime
787 3920 1001 3983 notum
1050 3919 1163 3983 est.
1256 3917 1337 3981 Et
1380 3918 1647 3981 existens
1696 3917 1758 3981 in
1806 3918 1975 3982 dicta
2005 3919 2351 3995 ambusta,
2386 3922 2449 3983 et
2479 3919 2782 4000 operando
2822 3919 3089 3984 fideliter

374 4009 492 4073 sibi
543 4007 828 4086 comissa,
875 4007 992 4071 fuit
1037 4007 1257 4087 captus
1303 4007 1367 4070 et
1412 4006 1741 4070 derobatus
1786 4007 1865 4069 ad
1913 4006 2185 4071 valorem
2220 4006 2519 4071 librarum
2550 4006 2684 4072 XV.
2730 4026 3089 4091 grossorum

372 4096 536 4161 inter
580 4096 792 4170 libroS,
838 4112 1070 4178 pannos
1116 4096 1181 4158 et
1224 4093 1456 4176 lapides
1504 4095 1821 4176 pretiosos.
1870 4092 2156 4159 Occurrit
2225 4113 2388 4169 vero,
2446 4094 2604 4178 quod
2661 4095 2895 4177 placuit
2926 4114 3090 4161 sere·

374 4184 629 4250 nissimo
674 4185 736 4247 et
811 4181 1327 4248 excellentissimo
1374 4180 1625 4246 domiuo
1686 4184 1818 4265 regi
1877 4182 2196 4266 Hungarie
2257 4181 2454 4247 facere
2520 4184 2723 4264 ipsum
2784 4183 3078 4264 militem,

375 4291 556 4354 quam
605 4271 897 4336 militiam
941 4289 1050 4354 pro
1092 4271 1315 4335 honore
1364 4273 1427 4333 et
1472 4270 1628 4334 bono
1675 4270 2052 4355 agendorum
2099 4270 2445 4335 communis
2513 4270 2910 4337 Venetiarum
2948 4271 3079 4355 ipse

372 4379 471 4425 ser
517 4359 814 4424 Pantaleo
842 4359 1043 4424 Barbo
1066 4359 1432 4442 acceptavit,
1462 4358 1525 4423 et
1562 4359 1711 4423 tunc
1736 4359 1866 4441 ipse
1893 4359 2067 4423 misit
2094 4359 2486 4423 serenissimo
2514 4358 2758 4423 domino
2784 4362 2911 4444 regi
2954 4380 3087 4444 pre-

375 4449 542 4513 dicto
589 4447 710 4512 duo
751 4446 977 4530 jocalia
1022 4466 1094 4513 ex
1139 4449 1293 4512 dono
1340 4464 1449 4530 pro
1496 4446 1721 4511 honore
1768 4448 1974 4512 nostre
2021 4445 2480 4525 dominationis,
2530 4465 2648 4529 que
2694 4446 2813 4512 duo
2864 4450 3084 4515 iocalia

370 4537 619 4602 fuerunt
663 4535 863 4601 solum
908 4534 1148 4618 lapides
1190 4535 1448 4618 preciosi
1496 4534 1724 4599 valoris
1766 4534 2067 4600 librarum
2108 4534 2322 4600 XVIII
2389 4551 2739 4618 grossorum
2789 4539 2852 4600 et
2898 4537 3085 4617 ultra,

369 4628 433 4691 et
479 4625 615 4709 ipsa
660 4622 880 4689 iocalia
924 4623 1302 4706 presentavit
1344 4623 1463 4704 ipsi
1509 4622 1756 4688 domiuo
1802 4622 1935 4706 regi
1967 4623 2335 4687 Laurentius
2367 4624 2440 4687 de
2474 4622 2749 4687 Monacis
2807 4627 3082 4690 notarius

370 4715 538 4779 curie
601 4715 806 4777 nostre
865 4728 1007 4776 cum
1054 4711 1301 4777 Simone
1368 4712 1444 4775 de
1503 4711 1746 4776 Trentis
1807 4712 2070 4793 cognato
2134 4729 2263 4788 suo,
2333 4711 2434 4793 qui
2483 4711 2655 4776 erant
2702 4730 2842 4776 cum
2906 4711 3073 4778 dicto

371 4802 781 4880 ambaxatore‚
823 4801 888 4864 et
929 4799 1026 4865 est
1071 4818 1304 4878 verum,
1350 4799 1509 4882 quod
1543 4799 1691 4864 tunc
1748 4797 2029 4864 dominus
2097 4818 2199 4863 rex
2243 4799 2418 4863 misit
2470 4799 2636 4863 dicto
2680 4799 3064 4866 ambaxatori

3089 4990 3184 5049 „a
