3620 5282
2926 366 3055 434 395

332 543 547 625 pareat
592 540 668 606 ad
715 560 892 606 suam
932 542 1304 624 presentiam
1352 562 1494 607 cum
1543 543 1769 608 nostris
1819 542 2019 609 literis
2072 543 2481 619 credulitatis
2555 543 2619 608 et
2693 544 2861 609 facta
2932 545 3052 610 sibi

335 631 553 694 devota
594 630 658 693 et
702 630 1045 694 honorabili
1094 631 1469 695 salutatione
1508 633 1681 711 parte
1724 635 1937 696 nostra
1982 651 2055 696 ac
2101 629 2412 696 oblatione
2442 632 2716 715 generali
2754 649 2893 695 cum
2927 631 3056 696 illis

333 716 789 799 pertinentibus
832 718 1055 795 verbis,
1104 738 1218 801 que
1264 738 1372 783 sue
1418 720 1721 800 sapientie
1771 718 2164 796 videbuntur,
2214 738 2513 801 exponere
2559 719 2783 784 debeat
2830 721 3056 783 maies-

337 806 452 870 tati
493 823 620 882 sue,
672 805 940 887 qualiter
986 824 1116 881 noS,
1166 806 1483 887 cupientes
1532 806 1755 871 habere
1799 807 2028 871 claram
2077 810 2141 870 et
2186 827 2390 872 veram
2439 807 2939 872 informationem
2972 806 3049 872 de

334 892 601 957 adventu
652 910 761 956 suo
807 893 882 956 ad
929 893 1039 958 has
1088 897 1314 973 parteS,
1365 893 1521 974 quod
1572 895 1888 959 affectione
1961 895 2342 976 permaxima
2412 896 2799 976 optabamus,
2868 896 2933 957 et
2978 895 3053 958 de

339 999 458 1064 quo
507 980 763 1062 aliquid,
815 980 963 1044 licet
1009 999 1125 1044 non
1173 981 1645 1045 certitudialiter
1677 982 2077 1058 habebamuS,
2116 982 2399 1047 misimus
2432 1002 2569 1046 eum
2606 1001 2818 1046 versus
2851 982 3051 1046 dictas

336 1070 562 1151 partae,
610 1071 679 1132 ut
727 1069 956 1131 sentire
1006 1087 1338 1149 possemne,
1388 1070 1439 1132 si
1489 1087 1699 1133 verum
1775 1076 1925 1147 erat,
2000 1069 2419 1151 significantes
2494 1088 2601 1133 sue
2675 1070 3052 1146 excellentie,

337 1157 494 1238 quod
540 1155 615 1218 de
661 1153 892 1219 infelici
940 1173 1086 1221 casu
1131 1175 1240 1220 suo
1291 1158 1355 1220 et
1400 1159 1494 1220 sui
1545 1156 1849 1221 exercitus
1894 1160 2052 1221 teste
2099 1159 2210 1222 deo
2260 1158 2466 1222 illam·
2500 1158 2828 1222 cordialem
2881 1176 3054 1222 ama-

336 1244 673 1308 ritudinem
721 1244 1048 1320 sensimuS,
1097 1263 1281 1325 quam
1331 1244 1559 1308 sentire
1608 1245 1920 1326 potuimus
1969 1248 2098 1308 tam
2161 1249 2414 1327 propter
2489 1244 3053 1326 singularissimam

337 1332 687 1406 caritatem,
735 1348 921 1412 quam
970 1349 1213 1411 semper
1262 1332 1568 1414 gessimus
1620 1336 1683 1396 et
1729 1333 2003 1414 gerimus
2050 1333 2125 1410 ad
2175 1333 2605 1397 excellentiam
2640 1351 2833 1406 suam,
2869 1347 3054 1414 quam

335 1421 585 1502 propter
632 1418 857 1482 damna
902 1421 966 1481 et
1011 1418 1300 1500 pericula,
1348 1439 1464 1501 que
1496 1420 1665 1501 sequi
1705 1420 1984 1484 videmur
2008 1421 2380 1502 generaliter
2404 1419 2522 1483 toti
2556 1419 2779 1500 populo
2806 1420 3057 1484 christi-

336 1526 469 1573 ano.
551 1506 670 1571 Sed
745 1506 847 1569 isti
912 1509 1057 1568 sunt
1135 1508 1207 1569 de
1283 1508 1603 1571 eventibus
1666 1507 1834 1579 belli,
1886 1507 1990 1589 qui
2040 1507 2198 1571 male
2239 1506 2380 1589 sepe
2429 1508 2612 1570 vitari
2659 1511 2937 1588 possunt,
2990 1511 3053 1571 et

337 1595 660 1676 propterea
707 1611 954 1658 necesse
999 1596 1114 1670 est,
1164 1597 1235 1658 ut
1280 1613 1392 1658 sua
1442 1596 1735 1658 maiestas
1781 1594 1973 1660 faciat
2031 1596 2105 1659 de
2180 1595 2548 1660 necessitate
2625 1595 2941 1672 virtutem,
2989 1599 3054 1659 et

335 1680 477 1747 forti
527 1699 598 1744 ac
643 1681 952 1744 constanti
999 1682 1205 1745 animo
1252 1682 1567 1763 provideat
1611 1684 1690 1746 ad
1731 1682 1841 1746 illa
1889 1682 2177 1759 remedia,
2223 1703 2338 1766 que
2385 1681 2703 1746 salutifera
2751 1682 2878 1745 sint
2926 1684 3055 1746 tam

339 1788 526 1852 regno
572 1786 756 1850 quam
803 1769 916 1832 toti
966 1768 1186 1850 populo
1233 1770 1567 1834 christiano
1614 1768 1910 1853 predicto.
1962 1770 2046 1834 Et
2091 1771 2253 1835 sicut
2296 1771 2369 1834 de
2416 1788 2564 1834 casu
2633 1770 2909 1851 predicto
2959 1769 3055 1832 in-

337 1859 604 1923 trinsece
649 1859 713 1918 et
757 1855 1064 1922 immense
1109 1858 1554 1934 condoluimus,
1602 1860 1691 1921 ita
1734 1858 2150 1922 exultavimus
2197 1861 2262 1922 et
2314 1857 2662 1923 exultamus
2697 1857 3055 1934 sentienteS,

337 1947 540 2028 ipsam
587 1961 763 2006 suam
810 1944 1243 2008 excellentiam
1294 1945 1640 2009 incolumen
1687 1946 1959 2010 rediisse.
2030 1945 2114 2008 Et
2187 1946 2239 2009 si
2309 1945 2596 2009 dominus
2674 1963 2776 2008 rex
2824 1944 3055 2009 diceret

337 2032 559 2097 nuncio
607 2032 834 2107 nostro,
884 2032 1046 2114 quod
1093 2032 1407 2096 videretur
1453 2035 1663 2097 nostro
1710 2033 2000 2108 dominio,
2049 2033 2101 2096 si
2150 2035 2280 2115 ipse
2350 2034 2586 2096 veniret
2654 2032 3057 2113 personaliter

338 2120 630 2186 Venetiae
677 2136 787 2199 pro
828 2119 1026 2183 eundo
1072 2120 1150 2182 ad
1197 2121 1399 2200 partes
1452 2120 1625 2203 regni
1673 2121 1786 2197 sui,
1834 2125 1980 2185 tunc
2048 2118 2251 2185 dicere
2319 2120 2558 2197 debeat,
2600 2121 2759 2202 quod
2806 2119 2881 2183 de
2943 2122 3058 2185 hoc

334 2209 571 2273 nullam
617 2205 1120 2272 informationem
1167 2226 1205 2271 a
1249 2209 1424 2272 nobis
1469 2208 1706 2286 habuit,
1746 2209 1891 2290 quia
1936 2208 2270 2273 dominatio
2317 2211 2525 2272 nostra
2550 2207 2902 2271 certissima
2935 2211 3056 2286 est,

338 2295 499 2380 quod
545 2294 835 2358 maiestas
884 2312 995 2359 sua
1042 2297 1139 2358 est
1186 2296 1272 2359 ita
1342 2294 1806 2376 sapientissima
1876 2297 1940 2360 et
2001 2296 2187 2361 habet
2254 2296 2343 2358 ita
2413 2296 2683 2359 solemne
2721 2295 3047 2359 consilium

337 2385 498 2467 apud
541 2402 625 2460 se,
674 2384 740 2446 et
788 2387 883 2446 est
920 2383 1008 2446 ita
1053 2382 1231 2464 plene
1278 2383 1607 2448 informata
1653 2386 1727 2448 de
1758 2384 2050 2448 omnibus
2083 2383 2254 2448 novis
2290 2384 2558 2465 partium
2592 2400 2863 2454 suarum,
2899 2384 3058 2464 quod

337 2472 647 2553 sapientes
693 2473 758 2533 et
806 2473 1050 2535 mature
1098 2469 1473 2534 deliberabit
1517 2472 1598 2549 id,
1648 2470 1808 2553 quod
1861 2472 2276 2536 necessarium
2324 2471 2445 2535 erit
2476 2472 2540 2533 et
2571 2471 2725 2533 utile
2759 2469 2853 2533 sui
2888 2471 3060 2534 tran-

337 2560 494 2624 situs
541 2556 899 2640 supradicti.
948 2556 1066 2623 Sed
1115 2557 1168 2622 si
1211 2558 1470 2622 nuncius
1516 2559 1824 2625 inveniret
1867 2577 2005 2623 cum
2055 2559 2189 2640 ipso
2259 2577 2400 2643 rege
2470 2559 2857 2638 capitaneum
2924 2577 3062 2623 nos-

336 2650 507 2713 trum
555 2647 781 2729 culphy
827 2647 956 2710 sive
1005 2647 1548 2729 vicecapitaneum‚
1612 2647 1744 2729 ipse
1804 2647 2167 2728 capitaneus
2236 2649 2365 2711 sive
2428 2646 2734 2728 capitanei
2797 2649 3061 2728 exponat

337 2735 524 2801 verba
569 2732 867 2817 predicta,
909 2736 973 2798 et
1016 2735 1091 2798 ob
1138 2734 1253 2798 hoc
1299 2734 1376 2798 ad
1426 2736 1731 2800 cautelam
1782 2735 2072 2799 mittatur
2119 2736 2237 2799 sibi
2289 2736 2498 2799 littera
2545 2733 2957 2798 credulitatis.
2994 2734 3058 2799 Si

336 2842 478 2889 vero
520 2822 825 2887 inveniret
870 2821 1081 2903 galeas
1128 2825 1371 2886 nostras
1417 2822 1624 2888 venire
1671 2822 1966 2886 Venetias
2017 2822 2149 2887 sine
2197 2842 2364 2905 rege,
2435 2840 2552 2885 non
2618 2823 2903 2904 procedat
2964 2822 3060 2886 ul-

337 2913 553 2991 teriuS,
602 2908 708 2974 sed
761 2909 1053 2974 Venetiae
1100 2912 1461 2974 revertatur.
1511 2910 1604 2974 De
1652 2916 1827 2991 parte
1875 2909 1935 2972 8.

549 2998 661 3063 Ser
707 2997 1071 3061 Dominicus
1113 2997 1276 3061 Zane
1324 2998 1570 3079 sapiens
1617 2997 1923 3062 ordinum.
1976 2996 2241 3061 Volebat
2289 3001 2529 3081 partem
2578 2997 2841 3060 aliorum
2893 2996 3061 3079 sapi-

342 3085 553 3149 entum
603 3084 843 3150 consilii
890 3104 998 3167 per
1047 3088 1269 3161 totum,
1320 3085 1492 3148 salvo
1532 3085 1692 3167 quod
1734 3084 1890 3161 vult,
1940 3084 2097 3166 quod
2140 3086 2357 3149 statim
2405 3084 2673 3166 eligatur
2720 3103 2829 3165 per
2873 3103 3051 3149 scru-

338 3173 565 3238 tinium
613 3173 676 3236 in
723 3172 837 3236 hoc
875 3171 1129 3236 consilio
1179 3191 1336 3236 unus
1382 3172 2114 3247 solemnis'ambasiator,
2164 3173 2268 3254 qui
2321 3174 2515 3252 possit
2548 3172 2742 3253 accipi
2781 3171 2856 3233 de
2888 3172 3055 3235 omni

336 3262 471 3325 loco
520 3263 582 3325 et
624 3257 829 3323 officio
875 3262 938 3323 et
977 3259 1258 3341 judicatu
1306 3261 1702 3341 peticionum,
1751 3279 1866 3325 non
1920 3259 2223 3339 perdendo
2257 3260 2527 3324 officium
2565 3277 2673 3323 nec
2710 3259 3057 3323 utilitatem

338 3349 468 3412 eius
518 3365 627 3429 pro
675 3347 814 3410 istis
858 3347 1094 3411 diebus.
1142 3347 1456 3411 Teneatur
1502 3349 1868 3430 respondere
1915 3365 2050 3410 cras
2120 3349 2197 3410 ad
2273 3347 2520 3421 terciae,
2575 3365 2692 3410 non
2759 3347 3058 3428 possendo

335 3435 605 3500 refutare
651 3436 768 3499 sub
815 3454 974 3516 pena
1019 3434 1321 3498 librarum
1371 3438 1640 3512 centum,
1707 3436 1978 3499 ducendo
2049 3434 2222 3500 illam
2302 3435 2628 3511 familiam,
2701 3453 2817 3515 que
2890 3435 3057 3498 vide-

334 3524 503 3588 bitur
550 3521 842 3597 dominio,
890 3524 968 3587 ad
1015 3541 1310 3605 expensas
1360 3523 1723 3587 ducatorum
1777 3524 1966 3586 trium
2021 3522 2080 3584 in
2131 3522 2248 3587 die.
2302 3523 2421 3588 Sed
2476 3523 2613 3586 vult
2660 3521 2818 3603 quod
2868 3522 2920 3584 si
2953 3521 3061 3585 do-

336 3612 543 3676 minus
591 3629 696 3674 rex
743 3613 910 3674 esset
955 3629 1062 3691 pro
1106 3610 1325 3674 stando
1373 3612 1432 3673 in
1479 3612 1762 3693 partibus
1815 3611 2146 3687 Dalmatio,
2198 3612 2358 3692 quod
2411 3611 2542 3691 ipse
2588 3610 2811 3672 debeat
2856 3627 3057 3673 rema-

334 3718 479 3764 nere
525 3698 765 3774 deinde,
816 3699 1007 3762 donec
1055 3698 1183 3778 ipse
1229 3698 1518 3762 dominus
1568 3718 1670 3761 rex
1715 3697 2081 3773 remanebit,
2132 3698 2503 3762 notificando
2550 3696 2727 3761 nobis
2781 3715 2890 3778 per
2925 3716 3061 3778 pre-

334 3805 475 3852 sens
523 3786 767 3868 lignum
814 3784 1042 3862 omnia,
1094 3804 1208 3867 que
1258 3785 1530 3861 babebit,
1581 3790 1643 3848 et
1694 3786 1810 3849 hoc
1848 3786 1909 3849 in
1959 3804 2127 3859 casu,
2159 3805 2275 3866 quo
2311 3787 2396 3849 ibi
2445 3787 2807 3849 remaneant
2839 3786 2902 3848 et
2935 3785 3061 3848 sint

333 3877 538 3939 nostre
584 3874 778 3956 galee.
828 3876 919 3939 De
961 3875 1134 3955 parte
1192 3873 1283 3949 13,
1332 3876 1513 3954 capta
1556 3872 1631 3937 de
1681 3892 1798 3937 non
1847 3872 1954 3949 84,
2005 3891 2122 3936 non
2170 3873 2395 3936 sinceri
2446 3872 2503 3937 7.

418 3983 657 4044 Secreta
706 3982 880 4043 Cous.
933 3980 1083 4056 [209.
1132 3981 1209 4044 R.
1261 3983 1408 4052 135,
1455 4000 1496 4041 u
1542 3982 1697 4042 mlet.
1744 3983 1981 4043 arkivu.

701 4170 1083 4253 DXLIV.
1140 4169 1349 4253 θοὰ.
1406 4171 1631 4254 1397.
1686 4172 1742 4252 4
1795 4168 2148 4273 siecuja,
2201 4191 2261 4251 u
2326 4169 2691 4270 Spljetu.

542 4310 981 4395 Sigismundus
1028 4330 1131 4374 rex
1178 4311 1535 4394 Hungariae
1584 4314 1699 4375 etc.
1749 4311 1972 4375 scribit
2018 4312 2368 4392 republicae
2417 4314 2668 4374 venetae
2702 4311 2864 4374 circa
2916 4330 3057 4393 pro-

334 4398 631 4464 visionem
684 4400 859 4465 mille
908 4401 1290 4477 ducatorum,
1334 4417 1485 4481 quos
1531 4400 1881 4482 assignavit
1945 4400 2190 4482 egregio
2260 4401 2386 4461 viro
2465 4397 2711 4461 domino
2786 4397 3057 4463 Thomae

333 4486 673 4568 Mocenigo.

542 4575 685 4638 Alia
732 4575 946 4638 littera
991 4594 1028 4638 a
1075 4573 1473 4656 Sigismundo
1521 4574 1711 4637 missa
1759 4573 1957 4636 eidem
2004 4573 2384 4655 reipublicae
2455 4570 2733 4636 eiusdem
2801 4571 3055 4645 tenoriS,

334 4663 478 4726 data
533 4661 808 4743 „Spaleti
856 4660 1009 4725 feria
1054 4663 1270 4744 quinta
1318 4661 1592 4741 proxima
1638 4664 1777 4743 post
1822 4661 2355 4725 circumcisionem
2396 4659 2633 4723 domiui
2692 4659 2883 4724 nostri
2919 4659 3051 4725 iesu

336 4747 555 4812 christi
601 4767 760 4813 anno
808 4747 1042 4813 domini
1089 4750 1428 4815 millesimo
1478 4748 1906 4824 trecentesimo
1954 4747 2350 4831 nonagesimo
2396 4747 2715 4830 septimo.“

419 4853 987 4917 Commemorialium
1035 4853 1154 4920 IX.
1208 4860 1311 4932 92,
1362 4876 1405 4919 u
1450 4858 1604 4919 mlct.
1652 4858 1888 4918 arkivu.
