3620 5282
3043 339 3184 430 285*

447 541 732 607 civitates
779 540 1111 617 Dalmatie,
1160 542 1225 605 et
1270 544 1593 622 propterea
1638 557 1746 604 nos
1784 541 1987 622 rogat,
2052 540 2211 622 quod
2258 538 2587 603 debeamus
2635 537 2750 603 sibi
2808 538 2956 606 dare
3003 542 3174 607 auxi·

448 628 608 695 lium
653 630 718 693 et
760 626 1029 694 favorem
1079 628 1153 692 ad
1194 629 1570 709 possendum
1620 627 1881 708 implere
1943 627 2130 691 istam
2188 644 2366 691 suam
2432 626 2838 690 intentionem
2887 629 3029 706 etc„
3079 647 3177 694 re-

452 715 829 798 spondeatur
894 717 1004 793 eis,
1075 715 1235 797 quod
1280 716 1446 780 sicut
1491 713 1790 779 maiestas
1837 732 1948 779 sua
1991 714 2170 796 plene
2240 714 2410 778 novit
2477 731 2587 777 nos
2650 731 2865 778 sumus
2909 715 2974 779 in
3021 715 3178 781 bona

452 821 598 886 pace
645 804 711 868 et
753 801 1166 868 benivolentia
1212 820 1353 867 cum
1400 802 1642 866 domino
1689 820 1835 883 rege
1865 804 1928 865 et
1960 818 2187 866 corona
2219 801 2557 884 Hungarie,
2588 801 2744 865 etin
2780 802 2936 867 bono
2967 821 3177 870 amore

452 908 595 955 cum
668 889 1031 968 Jadratinis,
1102 908 1287 973 quam
1356 889 1649 971 infrigere
1719 906 1839 952 non
1900 888 2227 962 vollemus‚
2296 906 2406 952 nec
2469 905 2790 970 possemus
2868 889 2986 954 nisi
3033 910 3174 956 cum

453 995 675 1061 magno
716 996 897 1043 onere
973 979 1179 1041 nostre
1230 977 1692 1041 communitatis
1734 980 1798 1040 et
1844 978 2038 1041 nostri
2088 975 2364 1053 dominii,
2412 974 2573 1056 quod
2632 994 2752 1040 non
2821 976 3178 1043 dubitamus

456 1066 584 1146 ipse
627 1063 916 1130 dominus
963 1083 1068 1129 rex
1115 1064 1287 1129 nullo
1354 1065 1533 1128 modo
1593 1063 1818 1137 vellet;
1885 1066 1948 1128 et
2009 1064 2331 1145 propterea
2390 1079 2682 1144 rogamus
2745 1064 3178 1130 excellentiam

455 1170 654 1232 suam,
695 1154 849 1236 quot
895 1153 948 1216 si
995 1154 1060 1217 in
1105 1153 1220 1218 hoc
1265 1169 1386 1216 non
1449 1149 1999 1216 condescendimus
2067 1152 2224 1215 votis
2287 1151 2435 1229 suis,
2486 1149 2711 1215 habere
2760 1170 2869 1216 nos
2933 1152 3180 1234 placeat

455 1240 681 1304 merito
727 1242 1070 1305 excusatos.

665 1326 763 1390 Ad
812 1328 1063 1391 tertiam
1110 1328 1371 1409 partem,
1420 1333 1528 1405 per
1574 1342 1762 1408 quam
1813 1323 1877 1388 se
1922 1324 2102 1390 offert
2143 1323 2301 1388 velle
2349 1343 2416 1387 se
2458 1323 2842 1407 interponere
2905 1326 2982 1391 ad
3014 1328 3180 1392 trac-

453 1412 712 1478 tandum
781 1415 1172 1479 concordium
1244 1414 1309 1478 et
1372 1431 1587 1494 pacem
1650 1415 1713 1476 et
1778 1413 2003 1477 bonum
2074 1430 2344 1475 amorem
2393 1410 2557 1475 inter
2602 1412 2922 1478 dominum
2970 1433 3179 1497 regem

454 1501 840 1579 Ladislaum,
887 1501 1087 1567 filium
1134 1500 1394 1566 condam
1442 1500 1672 1564 domini
1721 1500 1886 1582 regis
1965 1498 2206 1576 Karoli,
2276 1501 2341 1563 et
2404 1498 2716 1563 dominam
2770 1501 3180 1584 Margaritam

456 1587 588 1653 eius
635 1592 899 1654 matrem
946 1607 1017 1652 ex
1064 1606 1189 1653 una
1234 1589 1431 1672 parte,
1480 1591 1545 1652 et
1588 1604 1699 1650 nos
1760 1605 1834 1651 ex
1892 1586 2092 1651 altera
2152 1589 2294 1662 etc.,
2368 1587 2807 1667 respondeatur
2851 1589 3003 1670 ipsis
3050 1608 3183 1655 am-

456 1675 901 1753 baxiatoribus‚
963 1676 1127 1759 quod
1190 1677 1348 1740 teste
1412 1677 1524 1739 deo
1586 1691 1695 1739 nos
1760 1692 2006 1755 semper
2065 1673 2303 1738 sincera
2362 1676 2566 1738 mente
2628 1674 2958 1740 dileximus
3019 1696 3183 1741 sere-

459 1763 790 1828 nissimum
839 1764 1146 1846 quondam
1192 1761 1509 1827 dominum
1556 1780 1765 1845 regem
1818 1761 2145 1839 Karolum,
2195 1778 2306 1825 nec
2353 1779 2621 1843 unquam
2685 1761 3007 1839 voluimuS,
3074 1782 3182 1847 po-

457 1851 659 1914 tentes
703 1848 934 1915 habere
981 1851 1215 1915 multas
1263 1851 1683 1933 prerogativas
1724 1850 1786 1913 et
1834 1849 2182 1931 avantagia,
2216 1847 2450 1930 aliquid
2482 1848 2681 1913 facere
2713 1849 2808 1914 vel
2854 1868 3180 1932 procurare

461 1955 602 2002 cum
650 1937 1019 2003 adversariis
1061 1939 1191 2002 suis
1235 1942 1452 2002 contra
1496 1938 1734 2001 statum
1781 1955 1983 2015 suum,
2034 1954 2144 2000 nec
2192 1935 2486 2000 similiter
2529 1941 2742 2000 contra
2784 1939 3020 2002 statum
3053 1938 3184 2004 dic-

462 2025 666 2089 torum
716 2044 966 2090 suorum
1036 2024 1148 2091 filii
1219 2025 1284 2088 et
1345 2023 1570 2102 uxoria,
1642 2024 1784 2106 quia
1830 2023 2151 2105 dispositio
2197 2025 2430 2097 nostra,
2475 2028 2732 2106 excepto
2781 2027 2938 2107 quod
2986 2025 3181 2091 inter-

458 2112 701 2177 venerit
743 2115 958 2194 postea
1002 2113 1212 2194 aliqua
1254 2111 1518 2177 materia
1565 2112 1840 2176 scandali
1891 2113 1956 2174 et
2001 2114 2249 2188 erroris,
2298 2129 2543 2192 semper
2584 2109 2704 2175 fuit
2755 2112 2911 2176 bona
2956 2116 3021 2177 et
3060 2115 3183 2178 sin-

460 2217 602 2264 cera
643 2217 860 2265 versus
902 2218 1022 2277 eos,
1076 2200 1320 2282 eritqua
1367 2201 1430 2264 in
1477 2198 1777 2268 futurum.
1827 2199 1973 2281 quia
2017 2199 2319 2282 quantum
2366 2199 2487 2261 erit
2532 2199 2594 2262 in
2642 2199 2839 2278 nobis,
2913 2200 3185 2284 quando-

462 2303 726 2368 cumque
771 2287 891 2351 sibi
938 2286 1228 2369 placebit.
1280 2305 1389 2351 nos
1444 2286 1781 2368 dispositos
1830 2286 2102 2351 inveniet
2148 2287 2213 2349 et
2248 2286 2497 2366 paratos
2542 2286 2616 2351 ad
2667 2287 2994 2352 volendum
3041 2307 3184 2353 cum

463 2371 551 2437 eis
598 2374 803 2438 vivere
849 2372 1100 2456 pacifice
1146 2374 1211 2439 et
1256 2375 1464 2456 quiete
1510 2391 1580 2439 ac
1628 2374 1690 2438 in
1734 2373 1892 2438 bona
1937 2373 2371 2450 benivolentia,
2421 2371 2515 2437 uti
2572 2372 2838 2440 viximus
2884 2393 3026 2440 cum
3073 2375 3183 2441 do·
3261 2379 3264 2386 '

460 2459 628 2523 mino
667 2478 811 2543 rege
867 2462 1102 2526 Karolo
1148 2460 1523 2542 supradicto.
2520 2479 2524 2483 ’

672 2545 773 2610 Ad
817 2549 1102 2628 quartam
1171 2551 1432 2631 partem,
1504 2566 1613 2630 per
1680 2566 1863 2630 quam
1912 2548 2031 2631 ipsi
2099 2549 2529 2612 ambaxatores
2579 2549 2757 2614 nobis
2806 2549 3187 2633 significant,

463 2631 623 2715 quod
670 2635 952 2701 dominus
998 2656 1101 2700 rex
1148 2636 1462 2719 predictus
1511 2636 1607 2700 est
1650 2637 2083 2701 contracturus
2131 2634 2514 2718 parentelam
2565 2654 2705 2701 cum
2741 2638 2986 2702 domino
3028 2637 3185 2704 duce

463 2721 740 2799 Austris,
790 2724 854 2787 et
899 2722 1049 2787 licet
1095 2725 1272 2801 sciat,
1322 2723 1480 2806 quod
1527 2724 1689 2788 inter
1733 2722 1939 2805 ipsum
1988 2726 2052 2788 et
2098 2742 2205 2788 nos
2254 2724 2340 2787 sit
2382 2723 2657 2788 sincerus
2719 2743 2909 2797 amor,
2974 2727 3184 2791 tamen

462 2825 529 2873 se
571 2806 751 2873 offert
794 2828 1120 2893 procurare
1168 2815 1231 2875 et
1275 2810 1497 2885 facere,
1546 2808 1706 2893 quod
1755 2810 1957 2875 dictus
2003 2829 2175 2875 amor
2208 2812 2272 2874 et
2303 2810 2534 2875 caritas
2568 2812 2640 2875 de
2678 2812 2834 2877 bono
2864 2813 2927 2877 in
2961 2814 3185 2879 melius

463 2899 786 2978 augeatur,
835 2898 1277 2980 respondeatur
1322 2897 1472 2979 ipsis
1520 2897 2037 2976 ambaxatoribuS,
2087 2896 2247 2980 quod
2294 2916 2404 2963 nos
2454 2898 2740 2963 volumus
2804 2919 2940 2965 esse
2987 2902 3188 2966 mani·

461 2981 691 3047 festum
739 2984 1079 3050 excelentia
1125 2984 1312 3068 regie,
1360 2985 1521 3068 quod
1592 2983 1801 3048 nostra
1871 2986 2288 3049 communitas
2359 3003 2600 3075 semper
2668 2986 2996 3052 coniuncta
3065 2987 3186 3053 fuit

466 3071 774 3153 singulari
822 3072 1243 3138 benivolentia
1289 3076 1354 3137 et
1398 3089 1606 3137 amore
1651 3089 1791 3135 cum
1841 3072 2079 3136 excelsa
2126 3072 2308 3137 domo
2378 3073 2655 3149 Austrie,
2706 3077 2769 3138 et
2815 3076 2889 3139 ad
2937 3094 3185 3157 presens

466 3159 754 3223 notanter
798 3163 895 3225 est
940 3179 1080 3226 cum
1126 3161 1374 3224 domino
1421 3160 1571 3224 duce
1616 3158 1896 3223 Alberto.
1992 3157 2111 3224 Sed
2178 3160 2227 3223 si
2294 3160 2404 3223 deo
2467 3160 2756 3241 placebit,
2806 3161 2972 3244 quod
3020 3162 3188 3228 istud

466 3245 932 3311 matrimonium
980 3248 1386 3330 compleatur,
1441 3264 1551 3311 nos
1597 3245 1972 3328 recipiemus
2020 3247 2259 3311 tantam
2307 3247 2811 3325 consolationem,
2881 3251 3185 3332 quantum

464 3333 734 3414 recipere
780 3336 1146 3412 valeremus,
1196 3335 1346 3418 quia
1390 3334 1581 3399 unitis
1628 3334 1704 3399 ad
1754 3332 2018 3398 invicem
2065 3333 2306 3399 duabus
2339 3333 2632 3399 amicitiis
2666 3337 2893 3400 nostris
2927 3337 3018 3401 ita
3049 3356 3186 3420 per-

463 3417 664 3497 fectis,
712 3423 868 3486 certi
914 3424 1247 3502 reddimur,
1298 3424 1458 3505 quod
1514 3421 1838 3503 utriusque
1900 3420 2097 3504 partis
2160 3439 2336 3485 amor
2396 3422 2731 3504 augebitur
2791 3442 3006 3489 versus
3053 3442 3185 3503 noa,

465 3507 519 3570 si
564 3508 780 3589 augeri
827 3510 1076 3591 poterit,
1139 3512 1203 3575 et
1265 3528 1372 3574 nos
1434 3511 1621 3574 etiam
1684 3508 1982 3572 maiorem
2045 3526 2292 3573 causam
2359 3509 2724 3575 habebimus
2782 3511 3187 3576 conservandi

465 3610 737 3658 amorem
787 3597 852 3660 et
898 3596 1380 3661 benivolentiam
1428 3597 1777 3678 utriusqu03
1842 3595 2196 3660 refferentes
2242 3596 2519 3660 infinitas
2567 3599 2777 3679 grates
2824 3600 3190 3664 excellentie

465 3682 654 3764 regie,
703 3683 851 3765 quia
890 3683 980 3748 ita
1025 3684 1247 3768 vigilat
1291 3684 1368 3749 ad
1415 3684 1674 3748 honores
1717 3685 1784 3747 et
1830 3684 2088 3747 comoda
2133 3685 2366 3762 nostra,
2430 3682 2510 3749 ad
2571 3701 2763 3767 eaque
2809 3688 3191 3768 procuranda

467 3768 559 3833 ita
604 3767 784 3833 offert
830 3770 1175 3836 liberaliter
1219 3790 1284 3835 se
1332 3776 1628 3853 paratam.

680 3857 775 3922 Ad
823 3856 1114 3923 ultimam
1156 3875 1300 3923 vero
1345 3862 1608 3941 partem,
1673 3875 1862 3941 quam
1926 3857 2047 3940 ipsi
2108 3857 2540 3924 ambaxatores
2609 3863 3035 3941 exposuerunt,
3084 3880 3191 3943 per

470 3960 653 4026 quam
703 3943 988 4011 videntur
1033 3946 1398 4010 innuereet
1440 3945 1752 4028 requirere
1797 3944 1994 4027 ligam
2042 3946 2415 4027 generalem,
2465 3944 2759 4010 videlicet
2803 3947 2965 4029 quod
3003 3948 3192 4013 amici

467 4031 651 4094 unius
696 4033 892 4114 partis
930 4034 1056 4097 sint
1087 4032 1272 4097 amici
1320 4033 1599 4112 alterius,
1648 4032 1713 4115 et
1757 4032 1994 4096 inimici
2055 4031 2290 4097 inimici
2349 4035 2484 4107 eto,
2556 4032 2998 4114 respondeatur
3037 4035 3190 4116 ipsis

469 4117 990 4200 ambaxatoribus,
1039 4121 1197 4203 quod
1244 4121 1404 4184 sicut
1448 4119 1695 4185 domino
1728 4119 1856 4201 regi
1892 4120 1956 4184 et
1987 4119 2102 4183 toti
2139 4120 2364 4183 mundo
2394 4119 2788 4184 notissimum
2822 4124 2937 4198 est,
2972 4122 3191 4189 civitas

472 4205 685 4269 nostra
733 4210 830 4271 est
869 4208 1082 4273 taliter
1128 4208 1359 4271 situata
1392 4212 1455 4271 et
1480 4206 1751 4282 fundata,
1802 4204 1962 4286 quod
2012 4225 2082 4269 ex
2129 4205 2258 4270 solo
2305 4206 2594 4270 exercitio
2627 4209 2975 4274 mercature
2999 4210 3194 4276 alitur

469 4293 532 4354 et
579 4293 874 4359 nutritur.
964 4293 1141 4359 Unde
1187 4293 1648 4377 predecessores
1695 4292 1892 4357 nostri
1939 4292 2274 4375 vigilantes
2321 4293 2399 4358 ad
2446 4296 2977 4360 conservationem
3026 4297 3190 4363 dicte

470 4382 676 4446 nostre
722 4380 997 4447 civitatis
1043 4385 1529 4463 procuraverunt
1574 4381 1801 4445 habere
1848 4384 2019 4444 certa
2051 4382 2232 4461 pacta
2258 4381 2324 4444 et
2352 4380 2785 4445 conventiones
2815 4400 2961 4448 cum
2989 4385 3191 4450 omni·

471 4465 605 4545 bus,
652 4470 727 4533 ad
817 4487 893 4533 ue
938 4474 1115 4551 pacta
1178 4472 1384 4550 partes
1451 4467 1725 4549 obligate
1793 4468 1957 4546 sunt,
2027 4467 2119 4531 ita
2188 4467 2348 4550 quod
2425 4467 2595 4531 nullo
2642 4469 2825 4532 modo
2866 4471 2941 4535 ad
2991 4471 3190 4536 istam

469 4551 663 4640 ligam
708 4558 774 4620 at
842 4558 1023 4621 ndere
1068 4557 1434 4633 valeremus,
1482 4556 1625 4638 quia
1671 4557 1920 4636 possent
1965 4555 2226 4618 nimium
2274 4554 2682 4637 preiudicium
2728 4560 2941 4621 nostro
2988 4559 3189 4623 statui

468 4661 790 4727 generare;
841 4645 905 4707 et
950 4644 1274 4726 propterea
1320 4659 1610 4725 rogamus
1659 4643 1861 4722 ipsum
1910 4640 2226 4706 dominum
2272 4660 2501 4725 regem,
2550 4641 2855 4722 quatenus
2915 4662 3027 4708 nos
3073 4642 3195 4708 ha-

469 4730 612 4797 bere
659 4729 812 4795 velit
856 4732 1192 4797 excusatos,
1241 4730 1483 4796 Reddat
1530 4733 1739 4793 tamen
1787 4747 1853 4793 se
1899 4728 2339 4808 certissimum,
2388 4727 2781 4809 quodterras
2813 4730 2879 4793 et
2911 4729 3192 4796 subditos
