3620 5282
3066 331 3187 396 133

455 504 732 588 singula,
801 524 917 589 que
980 506 1372 570 continentur
1440 506 1502 569 in
1567 524 1672 584 ea,
1735 508 2168 590 promittentes
2240 507 2652 590 unusquisque
2719 523 2928 571 eorum
2997 507 3190 572 sindi-

461 592 641 656 cariis
684 594 1038 657 nominibus
1086 595 1454 676 supradictis
1505 614 1607 675 pro
1634 599 1819 671 terra,
1868 596 2179 659 communi
2228 599 2292 659 et
2337 595 2706 669 hominibuS,
2742 613 3001 676 quorum
3040 597 3186 660 sunt

456 681 692 758 sindici,
742 681 1188 763 stipulantibus
1236 685 1300 745 et
1343 682 1783 764 recipientibus
1833 684 1960 746 vice
2008 686 2072 745 et
2118 684 2364 747 nomine
2422 683 2571 747 dicti
2621 681 2853 745 domini
2901 682 3075 747 ducis
3123 685 3187 747 et

452 769 795 831 communis
849 769 1274 846 Veneciarum,
1324 769 1490 845 dare,
1536 769 1812 835 conferre
1862 774 1927 834 et
1976 789 2219 835 servare
2289 772 2449 835 sicut
2495 770 2776 852 superius
2824 771 2920 833 est
2964 768 3190 833 distin-

455 858 649 919 ctum
702 856 786 919 Et
836 857 1133 937 premissa
1176 859 1381 920 omnia
1452 859 1516 919 et
1576 857 1823 940 singula
1885 858 2063 923 firma
2126 860 2190 921 et
2253 861 2391 922 rata
2437 858 2662 922 habere
2711 858 2771 920 in
2819 860 3189 939 perpetuum

453 943 550 1006 vel
597 945 672 1006 ad
722 947 992 1044 tempus,
1043 946 1206 1008 sicut
1252 943 1531 1010 dominio
1585 946 1890 1028 placuerit
1937 945 2237 1010 ordinare.
2284 946 2664 1011 Juraverunt
2709 945 2783 1007 ad
2833 949 3048 1009 sancta
3093 946 3191 1010 dei

451 1031 770 1113 evangelia
816 1033 879 1095 in
931 1020 1254 1096 animabus
1302 1032 1575 1107 illorum,
1628 1051 1888 1115 quorum
1936 1036 2083 1097 sunt
2129 1033 2383 1117 syndici,
2434 1036 2497 1097 et
2535 1032 2596 1096 in
2630 1032 2800 1096 nullo
2831 1034 3187 1097 coutrafieri

451 1118 548 1182 vel
598 1120 801 1183 venire
851 1120 926 1184 de
976 1120 1106 1183 iure
1147 1120 1244 1184 vel
1291 1120 1366 1183 de
1419 1121 1603 1193 facto,
1656 1122 1771 1184 sub
1819 1140 1976 1203 pena
2022 1122 2323 1186 librarum
2374 1121 2545 1185 mille
2595 1121 2655 1184 in
2701 1119 2967 1201 singulis
3010 1120 3181 1203 capi-

458 1208 631 1281 tulis,
681 1226 795 1289 que
842 1226 999 1289 pena
1048 1208 1284 1271 tociens
1331 1208 1615 1289 exigatur
1662 1212 1724 1271 et
1770 1208 1929 1290 exigi
1981 1208 2178 1286 possit
2216 1227 2358 1274 cum
2383 1209 2627 1285 effectu,
2679 1209 2966 1289 quociens
2997 1208 3190 1273 fuerit

450 1293 930 1373 contrafactum,
979 1294 1329 1377 obligantes
1378 1296 1456 1359 ad
1505 1296 1616 1359 hec
1663 1296 1820 1359 bona
1867 1297 2073 1359 omnia
2119 1297 2476 1360 comunium
2526 1297 2590 1360 et
2639 1295 3005 1377 specialium
3054 1315 3190 1378 per-

452 1401 747 1447 sonarum
798 1384 1215 1447 communium
1263 1383 1700 1464 predictorum.
1738 1384 1819 1447 Et
1865 1385 2006 1465 quia
2051 1385 2124 1447 de
2171 1385 2412 1460 unione,
2460 1404 2577 1467 que
2623 1384 2871 1448 omnino
2920 1384 3192 1449 noscitur

456 1471 797 1534 necessaria
866 1472 1028 1535 inter
1076 1473 1278 1535 terras
1327 1471 1673 1552 predictaS,
1739 1471 1929 1535 nichil
1986 1471 2301 1535 firmatum
2351 1476 2478 1549 est,
2529 1473 2592 1535 et
2637 1472 2996 1554 capitaneus
3041 1490 3192 1556 pay-

456 1558 715 1622 sanatici
762 1559 964 1623 iturus
1012 1560 1196 1622 debet
1246 1558 1471 1623 habere
1538 1559 1782 1641 plenum
1851 1560 2176 1623 arbitrium
2238 1560 2592 1642 providendi
2647 1561 2775 1623 tam
2830 1558 2905 1622 de
2972 1560 3192 1624 unione

463 1665 644 1728 quam
693 1645 767 1710 de
816 1646 956 1710 aliis
1004 1646 1369 1710 necessariis
1418 1652 1480 1711 et
1528 1647 1785 1711 utilibus
1833 1646 1911 1710 ad
1958 1648 2484 1711 conservationem
2518 1648 2824 1711 dictarum
2873 1648 3190 1711 terrarum

457 1737 522 1797 et
565 1735 963 1798 securitatem
1027 1736 1377 1811 contracte,
1445 1736 1860 1816 promiserunt
1923 1735 2139 1798 sindici
2205 1735 2499 1799 antedicti
2564 1734 2916 1798 nominibus
2964 1735 3188 1817 quibus

461 1840 662 1903 supra,
715 1821 921 1885 omnia
969 1824 1032 1885 et
1077 1822 1321 1904 singula
1372 1823 1743 1905 providenda
1790 1825 1852 1885 et
1899 1822 2254 1897 ordinanda,
2305 1826 2474 1886 certa
2522 1822 2631 1885 bec
2677 1840 2785 1905 per
2831 1821 3039 1903 ipsum
3087 1841 3188 1888 ca-

458 1910 778 1991 pitaneum
827 1909 1152 1973 attondere
1200 1912 1265 1973 et
1308 1910 1750 1974 inviolabiliter
1791 1911 2116 1974 observare
2163 1911 2276 1973 sub
2323 1929 2483 1992 pena
2529 1908 2824 1991 predicta.

538 2001 857 2059 Paetorum
916 1999 978 2058 V.
1031 2003 1174 2069 109,
1223 2019 1264 2058 u
1310 2002 1527 2059 arkivu
1571 2002 1929 2059 ndetaclcom.

905 2168 1102 2252 col.
1178 2171 1381 2254 eod.
1442 2173 1672 2256 1349.
1726 2172 1824 2254 18
1880 2171 2192 2273 lipnja,
2249 2195 2305 2253 u
2359 2172 2755 2255 metam.

456 2298 619 2357 Zovu
658 2316 719 2358 se
764 2316 806 2356 u
846 2299 1073 2357 Mletke
1116 2300 1453 2371 zastupnim'
1498 2301 1669 2357 otoka
1701 2299 1894 2367 Raba,
1944 2300 2126 2372 Papa,
2175 2300 2364 2368 Krka,
2416 2298 2598 2358 Oresa
2633 2300 2656 2357 i
2705 2297 2909 2370 Osora,
2957 2298 3036 2357 da
3071 2298 3196 2372 pod

1054 2388 1404 2459 ravnanJ'em
1452 2387 1620 2445 vlade
1667 2388 1829 2459 svoje
1869 2388 2177 2446 razmirice
2225 2389 2559 2460 izravnaju.

679 2488 864 2552 1349.
909 2489 1007 2553 die
1055 2489 1272 2553 XVIII
1317 2488 1488 2566 iunii,
1539 2491 1751 2571 capta:
1817 2508 1958 2553 cum
2012 2488 2205 2553 multe
2251 2491 2316 2554 et
2371 2488 2614 2553 infinite
2658 2487 2932 2572 querelle
2979 2506 3188 2553 coram

455 2577 872 2641 dominatione
921 2576 1168 2640 assidue
1194 2577 1576 2659 deponantur
1623 2577 1695 2640 de
1742 2574 1944 2653 furtiS,
1998 2577 2272 2654 robariis‚
2324 2576 2701 2655 homicidiiS,
2750 2576 3008 2659 aliisque
3054 2594 3189 2640 ma-

454 2665 674 2730 leficiis
722 2669 785 2729 et
832 2666 1184 2729 excessibus
1247 2666 1631 2742 enormibus,
1683 2686 1799 2748 que
1858 2668 2313 2749 pertractantur
2380 2686 2486 2747 per
2551 2667 2794 2729 nostros
2864 2665 3077 2729 fideles
3124 2668 3189 2729 et

458 2754 759 2830 subditoS,
810 2753 1101 2817 videlicet
1148 2755 1220 2817 de
1269 2753 1456 2828 Arb0,
1507 2754 1695 2835 Pag0,
1749 2754 1961 2835 Vegla,
2013 2752 2243 2817 Cherso
2294 2759 2360 2817 et
2402 2753 2656 2829 Ausero,
2706 2756 2770 2816 et
2814 2753 3049 2817 faciant
3079 2771 3189 2835 pro

455 2843 687 2905 honore
734 2845 942 2905 nostro
989 2860 1097 2923 pro
1145 2843 1559 2923 predictorum
1608 2840 2044 2905 reformatione
2091 2840 2579 2905 remediabiliter
2612 2840 2966 2921 providere:
3018 2840 3191 2906 vadit

455 2947 617 3012 parS,
669 2928 825 3010 quod
875 2929 1181 2992 scribatur
1229 2932 1291 2993 et
1340 2928 1663 2993 mandetur
1709 2930 2059 3005 comitibus,
2110 2928 2435 3004 iudicibuS,
2486 2928 2743 2992 consilio
2779 2931 2843 2992 et
2872 2927 3193 2993 communi

455 3018 873 3099 predictarum
924 3019 1247 3093 terrarum,
1299 3017 1460 3099 quod
1510 3036 1699 3080 unum
1748 3016 2054 3080 sindicum
2109 3017 2207 3079 vel
2243 3016 2449 3098 plures
2491 3018 2832 3098 opportuna
2862 3017 3047 3098 plena
3083 3034 3191 3098 po-

452 3107 683 3169 testate
731 3104 1014 3168 suffultos
1063 3103 1223 3168 infra
1268 3123 1459 3168 unum
1511 3123 1785 3168 mensem
1836 3123 1870 3168 a
1916 3104 2267 3168 litterarum
2319 3105 2782 3186 presentatione
2837 3104 3190 3168 nostrarum

456 3191 945 3274 computandum
989 3192 1253 3255 debeant
1295 3192 1371 3255 ad
1419 3193 1696 3255 nostram
1755 3191 2138 3274 presenciam
2192 3191 2473 3256 Veneciis
2520 3192 2845 3269 destinare,
2899 3194 2964 3256 et
3011 3189 3188 3274 quod,

451 3281 502 3345 si
556 3299 673 3361 qua
719 3283 900 3362 pacta
946 3279 1289 3343 adinvicem
1340 3280 1435 3343 vel
1480 3280 1915 3345 conventiones
1959 3298 2067 3344 seu
2093 3280 2568 3361 compositiones
2601 3280 2898 3344 hactenus
2935 3281 2998 3343 et
3028 3282 3189 3343 tem-

462 3368 714 3452 poribus
763 3368 1086 3431 retroactis
1133 3367 1452 3444 haberent,
1501 3387 1609 3448 per
1655 3367 1941 3432 eumdem
1987 3366 2292 3431 sindicum
2355 3368 2616 3431 debeant
2661 3367 2863 3431 etiam
2914 3367 3190 3431 Venetiis

465 3456 793 3532 destinare,
845 3458 916 3517 ut
963 3454 1295 3519 cuiuslibet
1343 3456 1647 3519 terrarum
1696 3455 2110 3536 predictarum
2178 3453 2436 3519 sindicis
2496 3454 2571 3518 ad
2629 3473 2737 3519 nos
2798 3453 3189 3520 venientibus

459 3543 739 3628 predicta
784 3543 1021 3624 possint
1085 3542 1175 3606 sic
1236 3542 1439 3606 debite
1504 3545 1566 3605 et
1618 3543 2023 3608 effectualiter
2086 3542 2393 3624 regulari,
2458 3542 2780 3606 reformari
2826 3543 2889 3606 et
2944 3540 3187 3626 corrigi,

462 3632 623 3713 quod
669 3629 1115 3707 derobationes‚
1164 3629 1519 3706 homicidia,
1569 3629 1733 3695 furta
1780 3633 1844 3695 et
1883 3631 2008 3694 alia
2069 3630 2423 3695 huiusmodi
2487 3630 2767 3694 enormia
2836 3629 3083 3694 cessent
3128 3631 3192 3694 et

458 3719 770 3784 desistant
818 3717 1085 3782 omnino.
1133 3716 1363 3782 Omnes
1411 3716 1660 3781 fuerunt
1704 3719 1779 3782 de
1825 3720 2021 3801 parte.

541 3809 722 3868 Misti
773 3807 976 3870 XXV.
1022 3810 1126 3878 26,
1173 3827 1215 3867 u
1261 3809 1479 3867 arkivu
1522 3809 1880 3867 mletackom.

862 3980 1109 4063 con.
1191 3979 1399 4063 eoa.
1455 3979 1686 4062 1349.
1740 3980 1848 4063 20
1901 3981 2212 4082 npnsa,
2266 4003 2328 4061 u
2383 3981 2774 4063 metam.

461 4092 639 4151 Nelea
682 4107 744 4150 se
788 4090 1099 4149 srbskomu
1142 4090 1349 4163 krah'u
1394 4089 1593 4149 izruce
1650 4090 1832 4164 yalije
1857 4135 1871 4159 ,
1919 4091 2029 4149 ako
2064 4091 2163 4162 jih
2209 4091 2389 4148 umah
2449 4090 2691 4162 izplati,
2739 4093 2793 4148 te
2835 4106 2936 4148 mu
2980 4104 3045 4148 se
3092 4089 3191 4149 do-

1072 4178 1287 4255 pusca,
1326 4177 1406 4235 da
1451 4176 1639 4249 njesto
1685 4175 1895 4250 oruiJa
1941 4181 1997 4237 iz
2041 4177 2318 4237 Mletaka
2363 4178 2573 4237 invade.

671 4281 862 4347 1349.
913 4281 1012 4345 die
1059 4280 1177 4344 XX
1222 4279 1397 4355 iunii,
1447 4280 1662 4362 capta:
1713 4281 1870 4362 quod
1910 4281 2354 4362 respondeatur
2388 4278 2922 4344 ambassatoribus
2955 4277 3191 4343 domini

457 4370 627 4452 regis
673 4369 890 4446 Raxie,
942 4367 1101 4452 quod
1144 4384 1399 4450 corpora
1446 4367 1783 4448 galearum,
1852 4369 2006 4433 alias
2069 4368 2420 4432 oblatarum
2464 4366 2521 4431 ei
2581 4384 2722 4431 cum
2770 4365 3185 4445 furnimentis,

460 4477 677 4523 snmus
726 4456 1004 4523 contenti
1051 4455 1249 4519 eidem
1277 4454 1479 4519 facere
1525 4454 1941 4520 amicabiliter
1972 4455 2244 4519 exhiberi
2291 4473 2400 4536 pro
2426 4453 2680 4536 speciali
2727 4472 2956 4531 amore,
3006 4472 3190 4535 quem

456 4545 536 4609 ad
588 4563 765 4609 suam
815 4544 1208 4610 maiestatem
1256 4543 1550 4625 gerimus,
1601 4542 1709 4606 sed
1755 4545 1830 4607 de
1877 4545 2043 4607 facto
2090 4542 2343 4606 termini
2377 4541 2705 4606 solutionis
2738 4560 2969 4617 earum,
3006 4559 3188 4623 quem

461 4633 641 4716 petit,
689 4634 949 4698 offerens
997 4631 1143 4694 dare
1191 4629 1466 4713 pignora,
1516 4632 1762 4712 propter
1807 4629 2226 4695 conditionem
2277 4630 2469 4694 nostri
2517 4629 2862 4694 communis
2895 4628 2956 4692 id
2989 4627 3187 4691 facere

459 4731 583 4785 non
629 4739 966 4803 possemm,
1019 4736 1159 4782 cum
1203 4717 1499 4799 peccunia
1544 4717 1819 4799 ipsarum
1870 4717 2193 4842 galearum
2256 4716 2508 4781 omnino
2571 4715 2747 4779 nobis
2809 4711 3190 4779 neccessarie.
