3620 5282
554 348 684 414 290

530 525 596 589 et
633 522 847 587 contra
887 519 1085 583 terras
1133 516 1194 580 et
1239 514 1391 592 loca,
1445 515 1508 578 in
1554 514 1778 598 quibus
1826 516 2029 583 forent
2070 518 2327 594 armata,
2356 522 2419 583 et
2453 536 2490 582 a
2520 516 2747 601 quibus
2779 518 3264 601 receptarentur,

528 615 710 696 prout
754 609 928 673 nobis
975 607 1206 670 iustum
1256 608 1319 669 et
1365 603 1735 669 racionabile
1782 605 2113 673 videretur.
2164 608 2247 670 Et
2293 609 2624 691 propterea
2671 626 2959 690 rogamus
3005 609 3266 672 eandem

531 705 800 765 vestram
848 695 1254 770 nobilitatem,
1304 696 1451 776 quot
1498 693 1737 775 placeat
1783 694 1992 758 tenere
2050 696 2327 772 modum,
2376 697 2538 779 quod
2598 713 2718 760 non
2788 696 3119 760 contrafiat
3166 696 3263 759 in-

530 786 796 853 tencioni
838 786 1047 849 nostre
1092 781 1387 864 predicte,
1452 801 1610 846 nunc
1679 784 1744 845 et
1817 781 1973 847 alias
2043 786 2371 861 declarate,
2449 787 2512 848 et
2580 803 2688 866 per
2759 803 2867 849 vos
2943 784 3264 850 observari

573 894 851 941 romisse.

528 896 569 960 P
739 963 824 1027 Et
869 959 1259 1044 significatur
1305 959 1625 1041 capitaneo
1670 959 1881 1023 nostro
1927 960 2157 1044 culphy
2203 961 2477 1044 querela,
2527 979 2716 1045 quam
2763 961 2941 1025 nobis
2977 960 3264 1025 fecerunt

530 1051 797 1135 Ragusei
844 1050 918 1114 de
965 1049 1087 1112 ista
1134 1048 1532 1129 dispositione
1584 1045 1912 1125 Gabrielis‚
1962 1051 2025 1112 et
2073 1049 2362 1113 mittatur
2409 1049 2528 1113 sibi
2576 1050 2752 1132 copia
2818 1049 2998 1114 istius
3044 1048 3258 1114 littere

528 1143 593 1205 et
638 1140 846 1203 nostre
894 1137 1331 1220 responsioniS,
1379 1155 1452 1201 ac
1495 1135 1826 1200 mandetur
1887 1136 2108 1217 eidem,
2181 1138 2340 1221 quod
2405 1140 2752 1204 declinante
2814 1157 2885 1203 eo
2932 1139 3006 1203 ad
3055 1137 3258 1202 dictas

528 1233 732 1310 partes
779 1227 1035 1308 Ragusii
1084 1231 1145 1289 et
1194 1223 1504 1308 Sybenici,
1554 1225 1779 1288 debeat
1824 1222 2031 1290 facere
2092 1228 2402 1291 consciam
2450 1226 2632 1291 dictis
2703 1227 3258 1291 communitatibus

527 1318 603 1380 de
650 1316 901 1400 querela
948 1313 1143 1397 ipsius
1177 1312 1506 1396 Gabrielis‚
1557 1312 1945 1395 procurando
1994 1332 2059 1377 se
2108 1313 2441 1380 informare
2486 1316 2562 1379 de
2627 1316 2772 1380 facti
2820 1315 3120 1390 veritate;
3190 1315 3258 1377 et

528 1405 590 1468 in
637 1423 805 1477 casu,
878 1422 997 1484 quo
1064 1401 1295 1466 habeat
1352 1403 1441 1466 ita
1517 1420 1671 1480 esse,
1721 1403 1791 1465 ut
1834 1401 2074 1480 scribit,
2126 1403 2378 1467 inducat
2424 1407 2487 1468 et
2531 1405 2772 1468 ortetur
2818 1423 2921 1469 eos
2977 1404 3055 1466 ad
3101 1401 3254 1467 faci-

527 1495 749 1558 endum
798 1510 1011 1557 versus
1053 1491 1289 1554 dictum
1335 1489 1687 1555 Gabrielem
1736 1488 1819 1564 id,
1863 1491 2026 1571 quod
2072 1492 2306 1555 iustum
2355 1495 2417 1556 et
2462 1492 2836 1557 racionabile
2909 1492 3115 1568 fuerit,
3174 1491 3248 1554 ut

527 1602 646 1647 uon
693 1581 922 1646 habeat
969 1597 1219 1643 causam
1268 1577 1541 1661 querele3
1593 1578 1994 1659 significando
2065 1579 2239 1643 nobis
2311 1580 2602 1663 quicquid
2670 1580 2886 1645 fecerit
2945 1583 3009 1645 et
3054 1579 3250 1645 habu-

529 1672 646 1735 erit
693 1689 798 1752 pro
846 1671 1053 1734 nostra
1098 1666 1548 1731 informatione.
1642 1667 1726 1730 Et
1768 1667 1845 1730 ad
1896 1668 2194 1731 maiorem
2243 1670 2553 1733 cautelam
2605 1670 2726 1734 dici
2780 1669 2971 1733 etiam
3028 1670 3252 1733 debeat

528 1757 855 1843 RaguseiS,
905 1755 1011 1840 qui
1058 1756 1158 1819 hic
1204 1758 1365 1833 sunt,
1416 1758 1478 1818 et
1522 1755 1838 1838 querelam
1886 1757 2159 1820 dominio
2208 1755 2501 1834 fecerunt,
2533 1756 2642 1832 illa
2673 1757 2879 1835 verba,
2915 1776 3030 1840 que
3066 1756 3250 1821 utilia

529 1848 898 1913 videbuntur
947 1847 1008 1908 in
1055 1844 1176 1908 isto
1222 1844 1405 1921 facto,
1454 1844 1525 1908 ut
1572 1844 1690 1926 ipsi
1754 1864 1819 1909 se
1888 1844 2240 1910 abstineant
2301 1866 2338 1910 a
2411 1846 2795 1911 novitatibus
2858 1844 3248 1929 supredictis.

528 1937 620 2001 De
668 1937 845 2018 parte
895 1934 997 2008 77,
1047 1934 1120 1997 de
1168 1950 1287 1997 non
1339 1932 1440 2009 18,
1489 1950 1610 1996 non
1660 1933 1882 1997 sinceri
1935 1931 2034 1996 12.

613 2045 793 2104 Misti
841 2043 1062 2103 XLII.
1112 2045 1217 2118 29,
1266 2060 1309 2100 u
1352 2042 1506 2102 mlet.
1555 2042 1790 2103 arkivu.

789 2249 1369 2334 CCCCXVIII.
1425 2248 1634 2332 God.
1691 2249 1915 2332 1392.
1972 2249 2023 2332 8
2083 2250 2427 2352 ozujRa‚
2480 2275 2541 2335 u
2591 2251 2984 2334 Mletcih.

735 2411 890 2478 Cum
950 2412 1171 2475 civitas
1242 2409 1537 2475 Durachii
1599 2409 1919 2474 subiaceat
1980 2411 2307 2475 manifesto
2369 2412 2643 2494 periculo
2705 2414 3101 2494 perveniendi
3168 2417 3250 2478 ad

529 2520 749 2567 manus
797 2500 1206 2575 Tur-chorum,
1274 2498 1566 2562 scribitur
1643 2498 1962 2580 capitaneo
2025 2498 2274 2582 culphy‚
2346 2504 2416 2563 ut
2479 2520 2542 2565 se
2605 2504 2922 2584 presentet
2993 2504 3244 2567 domino

527 2591 698 2656 illius
747 2591 945 2654 terrae
993 2590 1057 2651 et
1101 2588 1279 2669 roget
1328 2605 1490 2665 eum,
1541 2591 1608 2651 ut
1648 2587 1813 2651 sinat
1886 2586 2084 2670 „quod
2137 2591 2411 2652 castrum
2486 2589 2780 2654 Durachii
2841 2589 3139 2657 fulciatur
3184 2593 3250 2656 et

527 2678 914 2745 custodiatur
960 2696 1069 2759 per
1115 2679 1421 2740 nostrates
1472 2677 1699 2740 nostris
1748 2677 2027 2757 expensis
2074 2678 2150 2740 ad
2193 2677 2488 2742 honorem
2537 2696 2716 2742 suum
2766 2683 2830 2743 et
2873 2682 3077 2744 status
3128 2682 3250 2759 sui,

528 2772 591 2833 et
637 2789 701 2833 se
750 2767 1006 2831 reducat
1050 2765 1129 2828 ad
1175 2765 1585 2828 habitandum
1635 2765 1694 2827 in
1741 2764 1994 2829 civitate
2044 2783 2187 2828 cum
2220 2766 2461 2830 familia
2491 2785 2619 2842 sua,
2656 2766 2931 2832 habendo
2963 2770 3246 2852 regimen

527 2859 590 2922 et
634 2855 1145 2939 gubernationem
1193 2870 1264 2916 ac
1308 2852 1624 2926 introituS,
1667 2855 1729 2915 et
1773 2852 1965 2916 faciat
2012 2852 2341 2929 iustitiam,
2406 2859 2469 2918 et
2527 2856 2610 2918 sit
2672 2856 2975 2933 dominae,
3035 2865 3104 2922 ut
3152 2863 3251 2922 est

528 2945 604 3011 ad
652 2950 965 3027 presens“‚
1012 2941 1426 3024 promittendo
1475 2942 1530 3003 ei
1594 2941 1656 3003 in
1689 2940 1912 3004 ultimo
1960 2942 2033 3005 de
2065 2942 2406 3023 provisione
2438 2942 2689 3007 annuali
2738 2962 2930 3025 usque
2962 2944 3038 3008 ad
3071 2965 3252 3010 sum-

527 3054 697 3098 mam
745 3031 877 3094 500
923 3031 1312 3094 ducatorum.
1405 3027 1471 3093 Si
1520 3028 1682 3092 facta
1730 3029 1898 3092 omni
1938 3030 2314 3112 experientia
2355 3029 2470 3094 hoc
2520 3050 2637 3095 non
2685 3033 2909 3112 poterit
2938 3034 3244 3111 obtinere,

527 3127 673 3187 tunc
722 3120 1078 3200 capitaneus
1125 3118 1414 3199 procuret
1462 3120 1525 3180 et
1569 3116 1756 3179 faciat
1804 3119 1892 3180 ita
1949 3119 2142 3199 „quod
2189 3120 2424 3182 dictum
2470 3123 2742 3185 castrum
2790 3120 2876 3183 sit
2923 3120 2986 3184 in
3034 3125 3248 3202 potes-

526 3213 660 3275 tate
732 3211 960 3286 nostra,
1028 3206 1334 3271 fulciendo
1374 3209 1440 3269 et
1484 3204 1757 3268 faciendo
1806 3205 2103 3269 custodiri
2153 3207 2355 3287 ipsum
2403 3208 2481 3271 ad
2529 3211 2808 3272 nostrum
2847 3208 3239 3287 mandatum,

526 3296 896 3363 dimittendo
948 3295 1152 3379 ipsum
1199 3294 1512 3358 dominum
1560 3291 1833 3357 habitari
1881 3312 2025 3357 cum
2072 3313 2185 3358 sua
2229 3294 2470 3360 familia
2516 3296 2579 3359 in
2626 3297 2879 3361 civitate
2912 3300 2978 3361 et
3021 3299 3250 3364 habere

527 3387 837 3469 introytus
885 3386 950 3449 et
984 3403 1119 3448 esse
1166 3382 1479 3446 dominum
1525 3383 1598 3445 ut
1645 3384 1740 3446 est
1786 3380 1866 3445 ad
1913 3394 2186 3464 preseuS,
2249 3382 2527 3448 habendo
2589 3383 2763 3450 illam
2812 3386 3249 3467 provisionem,

528 3495 646 3558 que
693 3473 916 3537 fuisset
961 3472 1017 3536 ei
1063 3471 1426 3555 promissa.“

615 3583 772 3644 Scor.
823 3579 998 3641 Gens.
1044 3581 1191 3655 Roy.
1237 3579 1313 3641 R.
1366 3582 1467 3659 74,
1515 3597 1558 3638 n
1600 3579 1755 3639 mlci.
1804 3580 2042 3640 arkivu.

754 3854 759 3875 2
810 3787 1315 3871 ccccxlx.
1370 3787 1575 3869 Gou.
1630 3787 1854 3885 1392,
1909 3788 2010 3869 10
2065 3788 2400 3889 ozujku,
2456 3811 2517 3871 u
2570 3788 2963 3874 Mleteih.

525 3936 865 4011 Republika
886 3934 1214 4008 podieljuje
1253 3934 1504 4008 Gjorgju
1535 3932 1871 4079 Sracz'mir'zu
1906 3936 2247 4009 yospodaru
2296 3935 2611 3997 Zetskomu
2640 3955 2825 4011 pravo
2855 3956 2941 3998 na
2969 3939 3253 4000 mletabko

1684 4041 1818 4097 θνα.
1833 4024 2096 4096 janstvo.

740 4120 1144 4228 Privilegium
1193 4143 1516 4208 civilitatis
1570 4142 1883 4224 magnifici
1934 4143 2171 4208 domini
2217 4143 2469 4227 Georgii
2521 4147 2592 4209 de
2639 4146 2830 4210 Balsa
2877 4149 3006 4212 nati
3059 4168 3255 4232 quon-

530 4238 673 4302 dam
720 4234 957 4298 domini
1005 4232 1249 4298 comitis
1296 4231 1447 4296 Jure
1494 4231 1568 4295 de
1616 4231 1802 4295 Balsa
1851 4250 1993 4295 cum
2042 4234 2172 4297 suis
2219 4234 2366 4298 filiis
2414 4238 2478 4299 et
2523 4234 2876 4299 heredibus,

741 4322 1093 4387 Anthonius
1140 4320 1401 4385 Venerio
1463 4319 1561 4383 dei
1632 4322 1835 4401 gratia
1907 4320 2029 4385 dux
2103 4321 2494 4387 Venetiarum
2546 4327 2608 4386 et
2656 4327 2770 4388 cet.
2822 4323 3145 4389 Universis
3193 4328 3256 4391 et

531 4410 798 4493 singulis
847 4414 975 4474 tam
1025 4410 1243 4474 amicis
1293 4427 1473 4490 quam
1522 4408 1807 4472 fidelibus
1854 4410 1922 4473 et
1970 4410 2099 4473 tam
2147 4411 2537 4492 presentibus
2585 4431 2768 4495 quam
2839 4413 3067 4477 futuris
3119 4433 3254 4495 pre-

533 4518 673 4562 sens
723 4498 1117 4581 privilegium
1163 4497 1533 4578 inspecturis
1583 4496 1850 4560 salutem
1898 4500 1961 4559 et
2007 4498 2242 4562 sincere
2291 4499 2641 4564 dilectionis
2689 4500 2996 4565 affectum.
3057 4501 3255 4568 Tanto

535 4586 859 4666 benignius
908 4586 1144 4651 ducalis
1190 4584 1572 4666 providentia
1619 4586 1930 4649 consuerit
1976 4604 2266 4667 personas
2316 4587 2701 4652 honorabiles
2771 4591 2834 4653 et
2880 4590 3250 4672 magnificas

537 4671 657 4736 sibi
703 4673 1029 4738 benovolae
1077 4676 1141 4737 et
1187 4675 1434 4737 dovotas
1483 4672 1818 4737 honoribus
1865 4675 2201 4754 prevenire,
2251 4674 2648 4759 ipsarumque
2696 4676 2879 4742 fidem
2950 4681 3014 4743 et
3061 4679 3248 4744 devo-

537 4759 769 4821 tionem
816 4758 1018 4839 dignis
1063 4760 1575 4825 retributionibus
1620 4780 2016 4843 compensare
2061 4780 2135 4827 ac
2178 4763 2341 4845 ipsas
2388 4762 2710 4830 dotalibus
2753 4764 3067 4832 favoribus
3100 4786 3248 4834 con-
