3620 5282
420 350 606 415 ‚96

845 527 1202 610 CXLVI.
1257 527 1461 610 God.
1518 529 1745 611 1348.
1774 528 1851 612 J>
1905 526 2349 627 kolovoza,
2401 550 2460 609 u
2518 526 2909 613 Mletcih.

510 654 848 728 PrimljenO,
881 655 961 712 da
982 672 1043 713 sc
1068 656 1640 729 primirjepodpisc,
1675 657 1697 713 i
1729 656 1807 715 da
1832 673 1891 715 se
1917 657 2163 730 uyarski
2181 657 2482 728 poslanici
2506 673 2578 714 sa
2605 657 2736 714 200
2761 656 2988 713 dulcata
3009 654 3239 713 obdere.

728 792 913 856 1348.
962 792 1059 875 die
1111 793 1158 853 V
1209 793 1476 875 augusti,
1526 794 1744 875 capta:
1793 794 1951 876 quod
2015 793 2079 858 in
2140 795 2297 858 bona
2358 793 2560 876 gratia
2622 792 2856 857 factum
2902 792 3071 856 istud
3119 792 3224 855 fir-

510 880 667 944 mari
712 884 773 944 et
820 880 1110 963 compleri
1159 883 1358 963 possit
1403 901 1512 963 per
1560 882 1815 945 modum
1863 885 1926 946 et
1989 883 2248 947 sormam
2314 883 2412 946 1110
2476 882 2708 945 lectum
2774 900 2914 945 cum
2961 880 3226 945 termino

507 969 767 1033 duorum
817 970 1118 1032 mensium
1167 971 1241 1033 ad
1291 968 1661 1034 firmandum
1706 968 1864 1033 illud
1907 990 2013 1052 per
2058 969 2428 1052 principales
2462 988 2767 1051 personae,
2819 973 2883 1036 et
2928 987 3068 1033 cum
3119 967 3229 1033 illa

508 1075 683 1141 pena,
732 1076 847 1138 que
893 1057 1200 1121 videbitur
1249 1058 1642 1122 conveniens,
1689 1059 1772 1121 Et
1819 1058 1872 1122 si
1911 1059 2337 1122 ambaxatores
2390 1058 2637 1134 vellent,
2683 1057 2845 1141 quod
2891 1057 3013 1121 alia
3058 1056 3229 1121 clau-

508 1143 644 1210 sula
690 1164 796 1209 seu
833 1145 1089 1209 verbum
1133 1145 1317 1210 aliter
1366 1149 1719 1210 mutaretur
1765 1165 1870 1210 000
1907 1151 2235 1228 poneretur
2266 1147 2327 1209 in
2361 1148 2699 1223 contractu,
2743 1145 3048 1219 (10011000,
3085 1162 3231 1209 0011-

512 1232 748 1308 siliarii,
799 1233 999 1314 capita
1047 1235 1113 1297 et
1160 1233 1468 1316 sapientes
1520 1235 1791 1298 habeant
1837 1234 2191 1298 libertatem
2242 1254 2347 1316 per
2394 1235 2694 1299 maiorem
2741 1237 2983 1316 partem
3017 1251 3230 1297 eorum

509 1320 802 1385 mutandi
848 1324 912 1384 et
958 1321 1240 1403 ponendi,
1274 1321 1603 1387 dummodo
1650 1342 1765 1387 non
1792 1323 2442 1387 mutetursubstantia
2467 1324 2818 1386 contractus
2867 1325 2930 1386 et
2976 1320 3230 1387 effectus

514 1409 872 1473 intentionis
918 1414 1144 1486 nostre,
1192 1428 1332 1473 cum
1378 1410 1628 1474 consilio
1677 1412 2030 1492 sapientum
2075 1411 2250 1474 iuris.

724 1495 956 1578 Capta:
1006 1499 1150 1579 quia
1197 1498 1348 1561 utile
1397 1502 1461 1561 et
1511 1499 1731 1562 bonum
1792 1503 1888 1563 est
1932 1518 2039 1581 pro
2085 1498 2267 1562 factis
2333 1500 2559 1562 uostris
2621 1498 2849 1563 habere
2901 1498 3049 1561 istos
3095 1516 3231 1561 am-

514 1584 835 1649 baxatores
884 1586 1193 1649 benivolos
1245 1590 1306 1649 et
1352 1584 1722 1650 favorabiles
1783 1588 1858 1650 ad
1920 1588 2207 1650 honorem
2273 1590 2551 1651 nostrum
2613 1589 2744 1649 tam
2811 1604 2917 1668 pro
2960 1586 3232 1668 presenti

513 1676 786 1754 tempore
835 1693 1015 1755 quam
1060 1673 1311 1737 futuro:
1362 1675 1532 1737 vadit
1584 1694 1746 1757 pai-S,
1796 1677 1958 1756 quod
2006 1677 2242 1757 possint
2303 1675 2517 1738 donari
2566 1676 2654 1738 eis
2701 1675 2950 1739 ducenti
2998 1674 3226 1749 ducati,

512 1762 800 1826 videlicet
846 1760 891 1825 C
939 1780 1047 1843 pro
1097 1762 1375 1843 quolibet
1410 1782 1517 1844 per
1573 1764 1748 1826 illum
1797 1764 2279 1837 convenientem,
2329 1765 2651 1827 honestum
2701 1764 2764 1826 et
2809 1765 3061 1826 cautum
3104 1779 3235 1824 mo-

517 1851 681 1922 dum,
729 1851 832 1932 qui
881 1849 1209 1926 videbitur,
1260 1852 1325 1915 et
1371 1851 1433 1913 in
1481 1851 1759 1914 denariis
1805 1852 1903 1915 vel
1948 1852 2129 1914 rebus
2176 1852 2337 1915 sicut
2397 1852 2702 1914 videbitur
2749 1852 3029 1927 domino,
3093 1869 3235 1914 con-

511 1937 778 2017 siliariis,
829 1939 1134 2020 capitibus
1185 1941 1249 2002 et
1293 1938 1707 2020 sapientibus.
1756 1938 1897 2002 Non
1944 1939 2162 2002 sinceri
2195 1943 2246 2015 1,
2298 1941 2370 2002 de
2417 1958 2533 2003 uon
2581 1940 2640 2002 8.

598 2028 754 2099 Secr.
802 2047 956 2088 cons.
1002 2034 1187 2103 νομαί.
1240 2030 1335 2088 zib.
1382 2030 1457 2087 B.
1513 2032 1608 2097 13,
1657 2049 1695 2087 u
1744 2032 1960 2088 arkivn
1999 2032 2354 2088 mletaekom.

816 2160 1245 2301 'oxum
1301 2220 1504 2302 (3011.
1562 2221 1789 2303 1348.
1848 2221 1896 2303 5
1950 2220 2394 2319 mmmm,
2448 2243 2507 2302 u
2561 2191 2947 2302 Mleteiu.
3011 2176 3022 2187 “

515 2347 789 2421 Poyodba
832 2349 1108 2420 primivy'a
1156 2366 1237 2406 na
1283 2365 1445 2406 osam
1486 2348 1706 2421 yode'na
1766 2349 1964 2420 medjn
2008 2349 2300 2406 Mlctcani
2347 2350 2366 2405 z·
2415 2348 3021 2422 uyarsko-hrer-atskim
3083 2348 3220 2405 lera-

1613 2438 1744 2509 {jem
1791 2438 2143 2495 utcmaffeoza.

718 2555 1086 2637 Exemplum
1152 2557 1552 2620 instrumenti
1619 2555 1879 2621 confecti
1944 2559 2015 2621 ‹le
2079 2558 2390 2639 treuguiS,
2455 2556 3003 2640 compositionibus
3048 2560 3232 2638 atque

512 2646 849 2710 concordiis
898 2646 1070 2708 initis
1119 2650 1181 2709 et
1226 2647 1499 2709 firmatis
1553 2647 1710 2710 inter
1752 2649 1958 2728 partes
2008 2646 2330 2727 predictas.
2372 2647 2440 2710 In
2485 2646 2713 2711 Christi
2748 2647 2994 2709 nomine
3029 2664 3231 2718 amen,

512 2753 668 2798 anno
720 2733 1069 2798 nativitatis
1117 2734 1390 2797 eiusdem
1449 2734 1778 2798 millesimo
1828 2737 2258 2800 trecentesimo
2307 2735 2775 2818 quadragesimo
2809 2737 3017 2799 octavo
3064 2752 3236 2796 men-

518 2823 606 2885 sis
656 2824 901 2904 augusti
952 2824 1047 2885 dic
1098 2824 1321 2885 martis
1363 2823 1596 2905 quinto,
1646 2823 1977 2887 indictione
2008 2823 2224 2904 prima,
2276 2824 2554 2888 Veueciis
2600 2823 2666 2887 in
2711 2824 2990 2886 contrata
3036 2820 3233 2885 sancti

512 2909 731 2985 Marci,
780 2910 840 2973 in
884 2909 1170 2973 domibus
1230 2909 1488 2974 ecclesie
1537 2912 1732 2976 sancti
1780 2912 1977 2975 Marci
2025 2911 2321 2976 habitatis
2389 2931 2497 2993 per
2544 2911 2966 2994 infrascriptos
3021 2909 3235 2973 amba-

514 3001 776 3075 xatores‚
826 2998 1210 3079 presentibus
1259 3000 1541 3079 providis
1591 3001 1737 3064 viris
1785 2999 2044 3064 Resaino
2093 3000 2166 3063 de
2216 2999 2522 3064 Caresinis
2568 3000 2809 3064 notario
2843 2998 3235 3080 infrascripto

514 3084 732 3150 ellecto
780 3089 844 3150 et
884 3089 1200 3167 assumpto
1248 3105 1357 3168 pro
1419 3090 1594 3169 parte
1641 3087 2014 3170 infrascripti
2062 3087 2259 3152 incliti
2306 3088 2540 3152 domini
2587 3088 2758 3152 ducis
2801 3090 2863 3152 et
2894 3085 3234 3150 communis

513 3173 919 3237 Veneciarum
969 3179 1031 3235 et
1092 3180 1306 3257 rogato
1354 3176 1425 3238 de
1472 3175 1877 3258 infrascriptis
1926 3195 2044 3239 una
2107 3195 2346 3240 mecum
2395 3176 2674 3241 Johanne
2720 3175 3078 3255 Chrispiano
3129 3191 3233 3235 no-

514 3262 671 3325 tario
717 3260 1109 3343 infrascripto
1170 3263 1385 3326 ellecto
1433 3265 1496 3326 et
1541 3267 1860 3345 assumpto
1917 3263 1976 3326 in
2025 3264 2262 3327 notario
2311 3282 2418 3346 pro
2481 3266 2653 3346 parte
2716 3260 3091 3343 infrascripti
3139 3279 3234 3323 se-

514 3349 820 3412 renissimi
870 3351 1057 3431 10810.
1111 3353 1410 3415 conficere
1459 3352 1730 3415 eiusdem
1780 3353 2012 3415 tenoris
2060 3351 2370 3433 publicum
2417 3351 2916 3416 instrumentum.
2966 3366 3228 3411 necnon

514 3437 725 3501 Lucha
769 3437 840 3500 de
893 3437 1118 3514 Medic,
1170 3439 1295 3502 filio
1338 3441 1592 3503 condam
1637 3459 1733 3503 ser
1765 3438 2007 3503 Nicolai
2054 3440 2126 3501 de
2175 3438 2380 3502 Medio
2428 3441 2638 3502 sancte
2683 3438 2877 3502 Marie
2923 3437 3231 3511 For-mose,

516 3525 744 3589 Zaniuo
794 3525 1012 3590 Amizo
1054 3527 1310 3590 condam
1363 3527 1601 3592 Mathei
1650 3528 1843 3592 sancti
1882 3526 2352 3610 (Appolinaris),
2400 3525 2612 3589 Marco
2657 3525 2732 3589 de
2772 3526 2933 3588 *Bora
2975 3522 3234 3587 condam

517 3633 616 3676 ser
665 3613 939 3677 Bertucii
988 3614 1186 3678 sancti
1232 3613 1540 3679 Jobannis
1588 3617 1746 3690 novi,
1796 3615 1980 3678 Petro
2025 3614 2248 3678 Sancto
2295 3614 2555 3677 ducatus
2581 3614 2981 3677 Veneciarum
3011 3612 3230 3688 scriba,

516 3700 767 3766 Stefano
820 3701 1079 3766 condam
1132 3701 1424 3780 Dimitrii,
1473 3703 1698 3768 Cosma
1732 3702 1859 3766 filio
1909 3702 2159 3786 condam
2203 3701 2543 3780 Laureucii,
2593 3701 2889 3766 ambobus
2938 3701 3010 3764 de
3057 3699 3234 3763 Hun-

515 3791 689 3872 garia
731 3788 1075 3854 familiares
1111 3790 1644 3873 infrascriptorum
1684 3790 2068 3854 dominorum
2116 3791 2621 3867 ambaxatorum,
2683 3794 2746 3854 et
2789 3790 2929 3853 aliis
2970 3789 3234 3855 testibus

525 3877 760 3942 ibidem
808 3878 1043 3942 vocatis
1091 3879 1436 3960 specialiter
1473 3882 1535 3942 et
1580 3878 1832 3960 rogatis
1880 3877 1979 3941 Ad
2007 3877 2271 3958 laudem,
2320 3878 2582 3961 gloriam
2609 3879 2672 3942 et
2694 3879 2984 3942 honorem
3031 3879 3238 3943 eterne

516 3966 832 4030 trinitatis
879 3984 951 4030 ac
996 3967 1175 4031 beate
1224 3965 1421 4038 Marie
1472 3967 1728 4049 virginis
1774 3968 1838 4029 et
1882 3965 2080 4030 tocius
2126 3967 2291 4030 curie
2331 3965 2620 4031 cellestiS.
2669 3965 2822 4031 Cum
2873 3968 3233 4047 procurante

514 4053 784 4137 ynimico
834 4054 1094 4117 humani
1140 4056 1385 4136 generis
1433 4055 1750 4131 discordie,
1799 4055 2225 4132 controversie,
2278 4055 2421 4118 lites
2470 4056 2533 4118 et
2579 4054 2784 4137 litigia
2827 4053 3232 4117 diversimode

515 4143 651 4205 orta
696 4141 929 4206 fuerint
981 4143 1139 4205 inter
1187 4143 1655 4207 serenissimum
1704 4141 2020 4206 dominum
2066 4143 2441 4208 Ludovicum
2491 4143 2590 4206 dei
2653 4143 2856 4226 gratia
2899 4142 3234 4223 Hungarie,

516 4228 864 4294 Jerusolem
921 4231 985 4292 et
1035 4228 1246 4295 Sicilie
1294 4250 1501 4313 regem
1552 4235 1616 4295 et
1659 4231 1790 4295 eius
1818 4230 2116 4309 subditos,
2165 4230 2396 4310 fideleS,
2444 4249 2733 4314 sequaces
2779 4234 2844 4294 et
2887 4229 3266 4294 obedientes·

515 4337 584 4380 ex
629 4335 751 4380 una
795 4320 992 4400 parte,
1039 4320 1101 4381 et
1147 4319 1466 4383 illustrem
1515 4318 1835 4384 dominum
1879 4319 2188 4384 Andream
2235 4319 2515 4383 Dandulo
2562 4319 2775 4383 eadem
2813 4318 3015 4401 gratia
3037 4317 3238 4382 Vene-

517 4405 746 4469 ciarum
799 4405 1024 4469 ducem
1076 4408 1190 4470 etc.
1242 4425 1312 4470 ac
1363 4425 1686 4471 commune
1734 4407 2142 4472 veneciarum
2189 4411 2252 4471 et
2298 4407 2426 4471 eius
2487 4407 2803 4483 subditoS,
2852 4406 3092 4482 fideles,
3140 4425 3236 4470 se-

517 4511 762 4573 000000,
810 4492 1166 4558 obedientes
1213 4512 1284 4556 ex
1333 4493 1548 4571 altera,
1597 4495 1758 4558 inter
1803 4514 1956 4578 quas
2001 4498 2207 4577 partes
2254 4513 2497 4577 semper
2541 4494 2797 4559 intimus
2829 4513 3003 4557 amor
3047 4495 3110 4557 et
3143 4493 3234 4555 di-

519 4580 706 4644 lectio
756 4579 878 4644 fuit
924 4582 988 4644 et
1034 4582 1231 4662 viguit
1280 4583 1358 4645 ab
1405 4583 1672 4665 antiquo.
1724 4583 1905 4646 Nunc
1947 4585 2234 4665 operante
2280 4582 2488 4648 divina
2510 4584 2729 4667 gratia,
2778 4601 2916 4648 cum
2965 4601 3058 4646 res
3090 4598 3235 4662 que·

518 4668 674 4732 libet
719 4672 1008 4750 prompta
1053 4669 1136 4732 sit
1182 4670 1257 4732 ad
1303 4672 1591 4734 naturam
1658 4670 1923 4752 primam
1987 4671 2326 4753 prestinam
2391 4675 2454 4736 et
2514 4672 2764 4737 solitam
2805 4670 2879 4735 de
2926 4668 3090 4733 facili
3139 4687 3235 4731 re-

515 4754 787 4821 formari.
834 4755 1225 4821 Reverendus
1274 4758 1365 4822 vir
1410 4757 1693 4822 dominus
1735 4757 2030 4824 Nicolaus
2078 4758 2360 4840 enectus,
2403 4762 2800 4826 confirmatus
2847 4756 3101 4823 ecclesie
3133 4755 3229 4820 ni-
