3620 5282
512 410 643 478 234

511 587 796 652 dulitatis
841 587 918 652 ad
967 588 1364 671 magnificum
1413 587 1728 653 dominum
1763 588 2054 654 Carolum
2085 588 2342 670 Topiam
2379 585 2460 650 ad
2493 585 2921 669 exponendum
2956 604 3027 649 ex
3061 585 3243 666 parte

512 677 705 739 nostri
754 676 1028 750 dominii,
1074 678 1238 740 facta
1282 679 1480 758 primo
1506 678 1896 753 salutatione,
1928 680 1995 740 ut
2037 677 2339 753 convenit,
2376 677 2534 757 quod
2569 672 2988 739 intelleximus
3015 689 3234 753 nuper,

510 764 775 844 qualiter
823 763 984 827 idem
1048 766 1331 828 dominus
1396 764 1651 828 Carolus
1714 764 2068 829 transmisit
2117 764 2189 828 ad
2244 766 2446 828 certas
2489 766 2697 845 partes
2748 781 2890 826 suos
2939 760 3240 824 ambaxa-

511 857 673 915 tores
718 853 815 915 vel
861 852 1104 916 nuntios
1167 855 1243 917 ad
1308 853 1706 917 tractandum
1776 856 1979 917 certas
2050 853 2529 934 compositiones
2595 854 2658 914 et
2726 850 2800 913 de
2854 847 3242 915 offerendum

517 939 895 1004 Durachium
963 940 1167 1013 alteri,
1217 940 1291 1004 de
1353 941 1577 1022 quibus
1642 941 2016 1006 novitatibus
2087 940 2265 1004 valde
2338 939 2657 1002 miramur.
2711 937 2870 1016 Quia
2926 936 3241 1019 predictus

509 1027 789 1091 dominus
841 1026 1098 1092 Carolus
1145 1029 1301 1092 alias
1348 1031 1420 1093 ad
1474 1048 1581 1090 nos
1629 1029 1979 1093 transmisit
2037 1047 2211 1092 suam
2280 1027 2719 1100 ambaxiatam,
2775 1044 2915 1089 cum
2963 1043 3084 1107 qua
3134 1025 3238 1087 de·

511 1115 789 1178 venimus
836 1117 906 1180 ad
960 1118 1160 1180 certas
1206 1117 1679 1198 compositiones
1727 1117 2028 1198 et'pacta‚
2080 1120 2142 1179 et
2189 1117 2262 1180 ad
2297 1132 2398 1180 eas
2432 1114 2824 1179 solummodo
2870 1112 3242 1176 condescen-

508 1203 715 1266 dimus
762 1221 871 1285 pro
920 1204 1070 1267 bono
1116 1206 1317 1268 status
1366 1205 1459 1267 sui
1506 1207 1820 1287 tamquam
1887 1204 2262 1269 honorabilis
2314 1205 2465 1267 civis
2515 1202 2729 1278 nostri,
2782 1219 3048 1284 quorum
3098 1217 3243 1281 pac-

508 1292 712 1354 torum
756 1292 931 1372 copia
992 1291 1168 1356 detur
1254 1292 1545 1373 predictis
1608 1293 1928 1374 capitaneo
1975 1296 2037 1355 et
2082 1291 2504 1374 provisoribus
2555 1288 2784 1355 nostris
2829 1307 2938 1371 pro
2977 1306 3090 1352 sua
3136 1288 3233 1349 in-

512 1377 896 1442 formatione.

716 1483 794 1547 Et
842 1484 976 1547 ideo
1037 1483 1265 1550 fatiant
1324 1485 1583 1567 predicti
1648 1487 1842 1549 nostri
1906 1484 2142 1549 nobiles
2189 1486 2394 1548 totum
2444 1502 2616 1565 posse
2666 1501 2852 1546 suum
2904 1480 2979 1545 ad
3030 1498 3233 1544 remo-

516 1570 777 1635 vendum
851 1591 991 1636 eum
1058 1574 1132 1636 de
1179 1574 1456 1655 opinione
1506 1576 1568 1636 et
1615 1575 2090 1656 prosequutione
2159 1574 2432 1654 predicta
2501 1590 2644 1634 cum
2716 1571 2842 1633 illis
2891 1569 3123 1632 dextris
3169 1571 3237 1632 et

513 1659 899 1740 sapientibus
986 1661 1209 1738 verbiS,
1260 1682 1376 1743 que
1423 1663 1510 1725 eis
1571 1663 1958 1738 videbuntur,
2006 1660 2266 1725 ortando
2308 1660 2510 1735 illum,
2562 1661 2632 1721 ut
2683 1660 3043 1739 permaneat
3090 1674 3238 1721 con·

506 1750 682 1811 stans
728 1749 793 1810 et
836 1747 1014 1812 fortis
1061 1750 1134 1812 ad
1184 1749 1656 1813 substinendum
1706 1749 1971 1813 viriliter
2018 1752 2250 1814 statum
2300 1766 2502 1824 suum,
2556 1748 2619 1809 et
2672 1764 2790 1809 non
2836 1744 3122 1809 subicere
3171 1763 3239 1808 se

506 1834 715 1899 alicui.
745 1835 1027 1916 Expediti
1077 1854 1218 1900 vero
1268 1837 1525 1918 predicti
1577 1837 1765 1902 nostri
1835 1837 2068 1901 nobiles
2115 1836 2355 1912 deinde,
2399 1834 2667 1900 debeant
2714 1835 2892 1897 nobis
2941 1833 3236 1911 scribere,

506 1922 797 2004 quicquid
861 1922 1119 1987 fecerint
1164 1927 1226 1988 et
1273 1924 1619 2003 habuerint,
1682 1945 1788 2007 pro
1862 1929 2073 1990 nostra
2135 1925 2611 1998 informatione;
2647 1941 2861 1985 verum
2911 1919 2962 1984 si
3011 1921 3072 1983 in
3111 1920 3239 1984 ista

508 2010 608 2075 via
660 2029 774 2073 sua
819 2011 1103 2075 dominus
1152 2013 1405 2078 Carolus
1455 2031 1572 2076 non
1622 2017 1786 2077 esset
1832 2013 1892 2076 in
1974 2013 2284 2087 du‘rachio,
2336 2013 2558 2076 debeat
2620 2011 2984 2090 capitaneus
3030 2011 3239 2071 noster

507 2097 722 2179 culphi
763 2097 908 2162 dare
961 2101 1231 2163 ordinem
1299 2101 1525 2164 abilem
1579 2104 1644 2164 et
1688 2103 2039 2178 honestum,
2106 2102 2266 2182 quod
2310 2100 2371 2162 in
2421 2098 2774 2162 reversione
2823 2116 2947 2168 sua,
2997 2097 3238 2178 quando

507 2186 835 2251 recesserit
880 2206 911 2249 a
964 2186 1226 2270 Corphu,
1274 2189 1471 2270 possit
1512 2190 1776 2271 recipere
1824 2189 2059 2253 dictum
2096 2190 2411 2252 dominum
2460 2188 2621 2250 circa
2666 2185 2808 2249 illas
2849 2187 3057 2267 partes
3109 2184 3239 2247 Du-

412 2331 418 2336 .
508 2273 724 2351 rachii,
776 2273 850 2338 ad
900 2294 1080 2356 quem
1152 2276 1357 2340 dictus
1429 2289 1635 2341 noster
1704 2278 2061 2359 capitaneus
2132 2277 2357 2340 debeat
2405 2275 2651 2339 mittere
2717 2274 3008 2337 nuncium
3057 2290 3239 2335 suum

508 2362 923 2426 sufficientem
974 2362 1050 2426 ad
1099 2366 1516 2446 exponendum
1568 2365 1684 2431 sibi
1743 2366 1901 2429 hanc
1950 2368 2225 2428 nostram
2273 2364 2681 2428 intentionem
2733 2360 3016 2443 superius
3060 2378 3240 2424 enar-

506 2454 725 2514 ratam.

592 2559 771 2616 Misti
822 2559 960 2622 XL.
1014 2563 1115 2631 65,
1164 2578 1204 2618 u
1249 2562 1404 2621 mlet.
1451 2563 1688 2622 arkivu.

745 2782 1349 2866 CCCXXXVI.
1405 2786 1609 2868 (3011.
1667 2787 1885 2869 1387.
1941 2787 2051 2869 30
2104 2786 2443 2887 offiujka,
2500 2807 2556 2866 u
2609 2785 2968 2867 Mleteih

503 2929 677 2987 Nelea
734 2930 916 3003 yalije
970 2929 1257 3001 prebrode
1313 2932 1631 3002 poslanika
1693 2933 2106 3005 veronezkoqa,
2168 2930 2413 3004 iduc'eqa
2460 2947 2502 2987 u
2558 2929 2782 3001 Srbiju,
2831 2948 2871 2986 u
2902 2928 3237 2987 Hrvalsku.

726 3047 912 3111 1387.
960 3047 1059 3110 die
1107 3049 1192 3111 30
1242 3052 1467 3113 martii.
1534 3049 1760 3134 Capta:
1813 3052 1971 3131 quod
2035 3052 2280 3132 quidam
2324 3049 2583 3114 nuncius
2632 3048 2945 3131 magnifici
2994 3048 3235 3113 domini

506 3135 754 3199 comitis
826 3135 1143 3199 Virtutum
1217 3141 1463 3202 nomine
1534 3138 1842 3202 Guidotus
1914 3139 2113 3214 Plato,
2181 3140 2286 3221 qui
2330 3138 2605 3201 mittitur
2652 3137 2727 3199 ad
2779 3139 2987 3218 partes
3032 3137 3232 3213 Rasie,

510 3224 703 3303 possit
752 3224 937 3287 levari
989 3243 1170 3305 super
1216 3228 1412 3306 galeis
1477 3227 1621 3291 culfi
1687 3246 1826 3290 cum
1877 3226 2129 3290 famulis
2178 3232 2242 3290 et
2287 3225 2549 3290 arnesiis
2592 3224 2854 3302 levibuS,
2902 3226 2966 3287 et
3010 3225 3239 3288 condu-

504 3312 557 3374 ci
622 3312 698 3374 ad
768 3314 974 3393 partes
1037 3311 1358 3377 Sclavonie
1419 3314 1480 3378 in
1532 3316 1641 3378 illo
1713 3314 1866 3391 loco,
1932 3314 2039 3397 qui
2112 3314 2443 3391 videbitur,
2515 3332 2637 3378 non
2708 3312 3089 3377 sinisti-ando
3137 3330 3237 3377 ar·

506 3402 758 3463 matam.

593 3508 773 3566 Mistt
821 3508 962 3569 XL.
1012 3512 1112 3588 65,
1165 3528 1203 3568 u
1244 3510 1400 3571 mlet.
1450 3512 1682 3571 arkivu.

713 3730 1354 3816 CCCXXXVII.
1414 3736 1620 3819 God.
1678 3736 1896 3818 1387.
1955 3736 2044 3817 17
2096 3736 2470 3837 travnja‚
2525 3758 2585 3817 u
2640 3735 3029 3818 Mletein.

890 3894 1156 3968 Odyovor
1201 3914 1281 3953 na
1323 3898 1492 3967 njeke
1539 3899 1808 3957 traebine
1844 3893 2046 3956 Karla
2089 3898 2270 3969 Topie
2315 3897 2610 3970 drackoya
2659 3898 2861 3956 kneza.

718 4016 905 4080 1387.
955 4016 1053 4080 die
1102 4017 1281 4081 XVll
1329 4017 1565 4098 aprilis
1634 4017 1745 4082 Ser
1807 4019 2027 4082 Petrus
2089 4017 2455 4090 ContarenO,
2505 4035 2603 4080 ser
2650 4016 2952 4101 Georgius
3000 4019 3236 4084 Laure-

506 4105 681 4180 dano,
732 4123 832 4168 ser
876 4105 1193 4170 Jobannes
1240 4105 1626 4183 Macronem,
1654 4126 1751 4170 ser
1780 4107 2001 4170 Petrus
2044 4106 2274 4181 Gauro,
2309 4107 2618 4187 sapientes
2651 4105 2956 4170 ordinum.
2994 4104 3237 4188 Capta:

502 4191 661 4273 quod
709 4193 1147 4273 respondeatur
1191 4194 1691 4257 ambaxatoribus
1738 4195 1971 4259 domini
2031 4194 2235 4258 Caroli
2287 4194 2536 4276 Thopie,
2587 4197 2651 4257 et
2696 4194 2898 4275 primo
2945 4193 3023 4257 ad
3074 4196 3241 4276 peti-

501 4281 759 4355 cionem,
809 4299 990 4362 quam
1032 4281 1269 4345 faciunt
1314 4281 1389 4343 de
1450 4283 1695 4364 galeota
1757 4283 1876 4346 sibi
1943 4283 2145 4345 danda
2201 4286 2417 4365 parata
2463 4285 2526 4345 et
2574 4284 2637 4344 in
2684 4281 2921 4354 ordine,
2962 4284 3025 4345 et
3071 4283 3238 4363 quod

502 4368 748 4447 placeat
817 4370 1019 4431 nostre
1091 4369 1497 4433 dominationi
1570 4372 1715 4433 dare
1786 4372 2081 4444 homineS,
2156 4370 2259 4453 qui
2322 4389 2456 4433 eam
2507 4371 2854 4434 conducant
2900 4369 2976 4431 ad
3024 4375 3236 4451 partes
3333 4412 3336 4415 -

505 4454 834 4519 Duracbii:
885 4457 1038 4536 quod
1105 4458 1268 4519 sicut
1329 4457 1482 4521 alias
1550 4460 1978 4539 respondimus
2027 4458 2208 4523 alteri
2257 4458 2606 4522 ambaxiate
2654 4458 2830 4521 nobis
2881 4457 3070 4521 misse
3122 4477 3234 4540 per

502 4541 788 4604 eumdem
855 4544 1167 4607 dominum
1235 4542 1545 4619 Carolum,
1605 4548 1759 4627 quod
1806 4564 2024 4609 sumus
2095 4546 2370 4611 contenti
2419 4545 2563 4610 dare
2611 4564 2801 4609 unum
2851 4545 3232 4628 galedellum

503 4631 810 4707 paratum,
858 4632 918 4691 et
965 4633 1054 4693 sic
1123 4633 1327 4713 placet
1391 4632 1577 4697 dictis
1640 4633 2208 4709 ambaxiatoribus;
2263 4651 2471 4697 verum
2521 4651 2629 4715 pro
2670 4635 2971 4714 singulari
2999 4652 3233 4711 amore,

504 4731 688 4792 quem
759 4717 1031 4795 gerimus
1079 4719 1155 4783 ad
1203 4722 1486 4783 eumdem
1536 4723 1857 4785 dominum
1921 4720 2232 4798 Carolum‚
2285 4740 2499 4786 sumus
2572 4722 2861 4797 contenti,
2912 4723 3070 4802 quod
3123 4741 3237 4803 per

502 4796 795 4863 officiales
860 4807 1099 4869 nostros
1146 4806 1223 4869 ad
1275 4806 1386 4870 hec
1431 4807 1762 4890 deputatos
1825 4808 2149 4875 soldentur
2213 4811 2310 4876 tot
2369 4809 2637 4888 homine,
2685 4813 2837 4893 quot
2882 4810 3010 4873 sint
3055 4808 3236 4874 suffi-
