3620 5282
482 354 609 419 116

479 529 672 594 versis
719 528 1130 612 gravitatibus
1173 531 1237 594 et
1282 529 1586 593 molestiis
1631 531 1906 607 tractari,
1958 533 2023 595 et
2068 533 2389 614 propterea
2434 552 2498 597 se
2546 532 2625 597 ad
2671 532 2939 616 dampna
2984 533 3199 616 gravia

481 618 546 681 et
589 616 863 681 iacturas
909 617 1331 682 intolerabiles
1372 636 1505 681 esse
1553 618 1901 701 prolapsos,
1951 619 2178 683 damna
2241 639 2479 704 quoque
2533 621 2851 704 dampniS,
2901 623 3203 686 novitates

480 703 878 781 novitatibus,
947 709 1008 768 et
1069 705 1410 787 gravitates
1477 707 1893 787 gravitatibus
1957 708 2316 771 continuate
2375 712 2440 773 et
2487 709 2904 773 indesinenter
2965 709 3196 791 augeri.

478 790 618 870 Que·
660 791 907 874 quidem
954 792 1280 870 novitates,
1326 794 1665 874 gravitates
1708 797 1772 857 et
1819 795 2107 876 dampna,
2157 795 2245 859 eis
2294 796 2730 878 importabilia,
2779 797 2946 879 ipsos
2976 799 3202 860 astrin-

483 881 641 963 gunt
685 880 760 943 de
806 897 997 962 regno
1044 879 1349 957 recedere,
1398 883 1462 943 et
1506 881 1569 944 in
1614 881 1747 963 ipso
1796 901 1963 945 more
2025 881 2207 946 solito
2268 902 2386 948 non
2449 884 2771 948 merchari.
2847 883 2965 947 Pro
3028 886 3200 947 tanto

476 966 673 1049 igitur
717 984 844 1041 noa,
891 967 995 1049 qui
1042 969 1103 1031 in
1150 969 1355 1032 auimo
1400 987 1641 1050 semper
1685 968 1986 1032 habemus
2027 969 2449 1035 sinceritatem
2505 975 2569 1036 et
2599 970 2802 1048 fidem,
2850 971 3199 1051 bonumque

477 1055 646 1137 pacis
692 1056 755 1118 et
799 1054 1082 1119 cocordie
1129 1073 1269 1119 cum
1317 1074 1428 1118 sua
1475 1073 1650 1119 sacra
1691 1056 2017 1120 maiestate
2065 1060 2270 1122 nostre
2317 1059 2543 1122 mentis
2588 1058 2908 1123 affectibus
2958 1076 3200 1122 conser—

479 1159 641 1218 vare,
691 1140 1071 1224 providimus
1118 1142 1376 1206 eundem
1426 1142 1889 1207 ambaxatorem
1936 1149 2219 1210 nostrum
2284 1146 2361 1208 ad
2410 1154 2585 1209 suam
2633 1145 3033 1210 serenitatem
3075 1146 3201 1209 cla-

478 1228 791 1294 rissimam
841 1228 1175 1307 destinare,
1223 1248 1409 1311 quam
1453 1231 1739 1294 volumus
1783 1250 1857 1295 ex
1902 1235 2076 1314 parte
2124 1235 2335 1297 nostra
2382 1235 2685 1297 instanter
2734 1251 2927 1310 orare,
2978 1233 3049 1296 ut
3094 1251 3201 1314 pro

473 1318 700 1382 honore
747 1335 853 1380 sue
900 1317 1293 1381 serenissime
1342 1318 1689 1382 maiestatis
1737 1320 1810 1382 ad
1860 1319 2100 1384 iusticie
2164 1323 2227 1384 et
2288 1323 2495 1385 nostre
2561 1320 3063 1385 consideracionis
3104 1320 3200 1382 in-

475 1405 662 1481 tuitu,
707 1403 812 1487 qui
861 1422 1103 1486 semper
1145 1406 1210 1468 et
1245 1405 1411 1468 omni
1457 1407 1732 1488 tempore
1780 1407 2092 1471 reddimur
2151 1408 2228 1471 ad
2277 1408 2407 1471 eius
2474 1408 2862 1491 beneplacita
2907 1410 2970 1471 et
3013 1409 3194 1488 grata

473 1491 756 1575 dispositi
798 1490 926 1555 leta
973 1492 1199 1570 mente,
1245 1491 1534 1574 dignetur
1579 1495 1644 1558 et
1694 1493 1840 1557 velit
1901 1494 2179 1558 ordinare
2243 1496 2608 1574 efiicaciter,
2673 1498 2737 1559 et
2782 1513 2921 1559 cum
2970 1493 3193 1558 effectu

474 1580 788 1656 mandare,
837 1578 992 1661 quod
1054 1579 1207 1661 ipsis
1268 1581 1499 1644 nostris
1563 1580 1850 1644 fidelibus
1913 1582 1986 1645 de
2043 1582 2361 1665 Raguxio,
2426 1601 2685 1665 quorum
2746 1582 3070 1646 commoda
3134 1583 3197 1645 et

473 1668 871 1750 augmentum
919 1666 1234 1749 tamquam
1285 1669 1509 1731 bonum
1554 1669 1871 1754 proprium
1907 1674 2286 1752 reputamus,
2332 1673 2396 1734 et
2442 1670 2727 1735 continue
2797 1688 3193 1751 procuramus

476 1757 550 1820 de
597 1754 740 1833 hiis,
780 1772 896 1836 que
940 1754 1018 1818 ab
1066 1755 1155 1818 eis
1203 1753 1477 1819 indebite
1519 1758 1665 1819 sunt
1710 1756 1940 1834 ablata,
1989 1775 2060 1820 ac
2107 1758 2179 1821 de
2226 1758 2509 1840 dampnis
2565 1757 2860 1840 singulis,
2929 1756 3200 1839 gravita-

473 1842 643 1908 tibus
689 1843 753 1906 et
800 1840 1126 1921 molestiis,
1174 1843 1264 1906 eis
1313 1861 1419 1924 per
1465 1842 1760 1906 officiales
1807 1845 1971 1927 regis
2019 1845 2327 1927 irrogatiS,
2371 1846 2481 1910 fiat
2528 1844 2844 1909 satisfacio
2891 1844 3102 1908 debita
3135 1846 3199 1908 et

471 1929 775 2013 condigna
807 1928 1039 2007 taliter,
1087 1929 1250 2012 quod
1298 1929 1568 1994 habeant
1620 1931 1841 1995 merito
1889 1934 2254 2009 contentari,
2304 1935 2368 1995 et
2414 1933 2503 1996 eis
2549 1950 2732 1996 causa
2770 1931 3014 2014 querele
3063 1950 3198 1994 am·

469 2018 633 2102 plius
676 2020 795 2081 non
846 2018 1136 2100 supersit.
1187 2017 1446 2081 Mandet
1482 2037 1722 2099 quoque
1773 2020 1836 2082 et
1882 2029 2007 2083 sua·
2048 2020 2217 2084 clara
2263 2020 2597 2097 serenitaS,
2658 2023 2721 2084 et
2766 2019 3008 2083 ordinet
3052 2035 3192 2082 cum

477 2105 718 2183 effectu,
766 2103 925 2186 quod
972 2105 1092 2187 ipsi
1138 2104 1413 2188 Raguxei
1462 2105 1804 2189 privilegiis
1851 2110 1914 2170 et
1957 2108 2466 2190 promissionibus
2506 2107 2815 2189 gaudeant
2854 2125 2927 2170 ac
2971 2107 3197 2170 immu-

470 2192 785 2258 nitatibus
833 2193 897 2255 et
942 2190 1275 2257 benefficiis
1325 2193 1387 2255 in
1436 2212 1623 2276 regno
1671 2212 1799 2272 suo,
1850 2194 2067 2276 quibus
2115 2214 2152 2259 a
2198 2196 2398 2278 longis
2448 2198 2611 2259 retro
2637 2195 3020 2277 temporibus
3054 2195 3200 2257 sunt

474 2280 708 2364 gavisi,
760 2281 848 2344 ita
885 2281 958 2343 ut
1001 2278 1308 2344 restitutis
1356 2283 1419 2344 et
1464 2281 1801 2345 satisfactis
1860 2283 2143 2365 dampnis
2191 2282 2591 2364 quibuslibet,
2643 2285 2706 2345 et
2730 2282 3023 2346 ammotis
3056 2299 3196 2363 gra-

474 2368 782 2434 vitatibus
825 2368 891 2431 et
934 2365 1240 2431 molestiis
1305 2368 1575 2433 insolitis
1634 2369 2097 2453 quibuscunque
2163 2370 2282 2453 ipsi
2338 2370 2641 2453 Raguxini
2698 2369 2764 2433 in
2828 2387 3024 2453 regno
3077 2387 3189 2435 suo

473 2454 824 2522 conversari
857 2455 1095 2536 possint
1139 2457 1202 2518 et
1244 2456 1498 2520 mercari
1527 2457 1690 2521 sicut
1713 2460 2157 2522 consueverant
2181 2459 2323 2521 ante
2350 2458 2459 2521 has
2491 2459 2795 2521 novitates
2821 2459 2884 2520 et
2907 2458 3192 2537 dampna,

470 2545 589 2609 hoc
633 2561 772 2608 cum
821 2560 927 2606 sue
974 2541 1320 2607 maiestatis
1366 2543 1661 2608 honorem
1724 2546 1788 2608 et
1851 2545 2034 2609 decus
2081 2545 2388 2627 respiciet,
2448 2552 2511 2608 et
2556 2543 2796 2608 fructus
2844 2547 2908 2608 et
2954 2545 3195 2609 utilitas

471 2631 612 2696 inde
658 2628 980 2714 parabitur
1020 2630 1136 2694 toti
1186 2649 1404 2713 regno;
1457 2650 1565 2696 nos
1611 2651 1917 2715 quamque
1962 2632 2109 2714 licet
2156 2639 2469 2715 promptos
2535 2631 2769 2695 dudum
2818 2631 2881 2695 in
2924 2631 3190 2714 singulis
3265 2632 3278 2641 ”

472 2721 605 2785 eius
652 2717 1056 2801 beneplacitis
1102 2720 1367 2801 reperire
1415 2721 1706 2802 potuerit,
1763 2721 2033 2786 inveniet
2080 2722 2154 2786 ad
2204 2720 2414 2784 eadem
2480 2719 2742 2802 singulis
2802 2721 3187 2801 temporibus

475 2806 908 2891 promptiores
958 2805 1042 2869 Et
1086 2824 1226 2870 cum
1274 2806 1394 2871 hiis
1442 2811 1504 2870 et
1550 2808 1691 2872 aliis
1739 2810 1963 2884 verbiS,
2013 2828 2130 2891 que
2184 2808 2552 2872 videbuntur
2598 2807 2880 2883 domin03
2948 2809 3194 2872 consili-

472 2895 625 2960 ariis
671 2896 736 2958 et
781 2892 1110 2975 capitibu8‚
1158 2897 1444 2975 procuret
1506 2914 1692 2977 penes
1756 2898 1959 2977 ipsum
2022 2896 2336 2961 dominum
2400 2896 2833 2977 imperatorem
2881 2895 3040 2960 hanc
3086 2914 3193 2960 no-

472 2985 665 3048 stram
715 2980 1127 3045 intencionem
1175 2982 1240 3045 et
1284 2981 1665 3046 voluntatem
1715 2983 1940 3047 habere
1988 2988 2050 3046 et
2087 2984 2382 3047 obtinere.

683 3066 907 3149 Capta:
954 3086 1167 3131 verum
1215 3086 1354 3132 cum
1402 3087 1609 3135 comes
1657 3072 1720 3134 et
1760 3089 2085 3134 commune
2133 3071 2392 3152 Ragusii
2427 3070 2754 3134 intendant
2800 3071 3017 3134 mitere
3050 3089 3191 3135 suos

471 3156 903 3220 ambaxatores
948 3156 1130 3218 simul
1181 3174 1321 3219 cum
1364 3162 1590 3234 nostro,
1641 3163 1701 3220 et
1748 3175 2002 3221 munera
2032 3158 2152 3239 ipsi
2185 3158 2559 3238 imperatori,
2609 3159 2771 3220 sicut
2816 3174 3026 3219 eorum
3057 3175 3190 3220 am—

475 3244 798 3308 baxatores
844 3240 1172 3322 affirmant,
1218 3243 1421 3307 dictus
1467 3246 1832 3309 ambaxator
1876 3247 2085 3308 noster
2130 3246 2344 3321 eunde,
2395 3245 2561 3324 prius
2615 3245 2795 3307 vadat
2819 3244 3185 3323 Raguxium‚

469 3332 594 3409 ubi,
644 3331 968 3413 postquam
1005 3334 1090 3392 eis
1116 3331 1348 3393 dederit
1384 3332 1673 3395 noticiam
1709 3331 1804 3394 vie
1846 3351 1974 3407 sue,
2024 3331 2234 3395 audiat
2258 3330 2540 3412 querelas
2572 3347 2781 3393 eorum
2807 3331 2871 3393 et
2894 3328 3182 3411 dampna,

469 3438 585 3501 que
631 3418 797 3501 passi
845 3422 987 3480 sunt
1033 3416 1095 3479 in
1143 3417 1402 3499 imperio
1455 3419 1763 3500 predicte,
1813 3419 1878 3482 in
1924 3418 2141 3500 quibus
2205 3418 2325 3499 ipsi
2389 3419 2609 3498 petunt
2672 3416 3182 3495 satisfactionem,

469 3504 853 3572 informando
899 3523 963 3566 se
1010 3503 1084 3566 de
1131 3504 1274 3580 hiis,
1321 3524 1435 3587 que
1483 3506 1861 3570 neccessaria
1910 3523 2016 3586 pro
2062 3505 2191 3568 eius
2240 3505 2571 3568 ambaxata
2602 3503 2850 3579 fuerint,
2900 3505 2969 3567 ut
3001 3507 3178 3585 sciat,

470 3593 615 3676 quid
664 3592 890 3657 habeat
930 3590 1148 3669 facere,
1199 3592 1530 3675 quidquam
1597 3596 1804 3674 petat;
1863 3597 1928 3657 et
1989 3594 2202 3674 postea
2263 3595 2660 3673 prosequatur
2721 3590 3005 3654 celeriter
3063 3595 3185 3660 iter

468 3700 680 3755 suam3
729 3683 792 3743 et
838 3679 890 3742 si
938 3678 1227 3743 dominus
1270 3679 1605 3762 imperator
1657 3681 1972 3762 predictus
2033 3678 2408 3743 satisfecerit
2454 3679 2804 3761 Raguxeis,
2869 3682 2980 3743 aut
3044 3702 3188 3747 con-

466 3768 676 3836 cordia
721 3766 1137 3844 intervenerit,
1195 3768 1268 3831 de
1316 3786 1436 3849 qua
1485 3767 1757 3849 Raguxei
1821 3769 2270 3844 contententur,
2330 3767 2631 3831 Venecias
2693 3768 3079 3845 revertatur3
3133 3771 3185 3836 si

469 3861 675 3923 autem
724 3855 1136 3919 intencionem
1184 3856 1457 3919 nostram
1505 3857 1567 3918 et
1611 3855 1885 3936 ipsorum
1933 3854 2415 3936 Raguxinorum,
2463 3872 2616 3936 quas
2670 3874 2851 3936 super
2898 3855 3187 3938 diximus,

469 3948 547 4009 ab
593 3944 810 4008 eodem
855 3943 1103 4006 domino
1144 3961 1286 4025 rege
1335 3942 1558 4006 habere
1605 3961 1724 4006 non
1785 3943 2018 4026 poterit
2073 3940 2168 4005 vel
2230 3944 2573 4023 complere,
2621 3946 2683 4006 et
2731 3948 2940 4007 essent
2987 3946 3189 4029 alique

469 4032 811 4097 differentie
856 4030 1018 4094 inter
1063 4029 1265 4111 ipsum
1317 4030 1631 4094 dominum
1680 4032 2118 4114 imperatorem
2167 4031 2229 4093 et
2289 4030 2432 4094 illos
2480 4029 2555 4092 de
2601 4029 2908 4113 RaguxiO,
2958 4028 3193 4099 Scribat

469 4120 636 4202 ipsas
681 4118 876 4193 nobis,
926 4119 990 4181 et
1035 4117 1324 4199 quicquid
1367 4117 1584 4182 fecerit
1629 4120 1693 4182 et
1737 4119 2046 4196 habuerit,
2096 4118 2159 4182 et
2204 4137 2387 4201 super
2434 4118 2583 4200 ipsis
2615 4137 2794 4183 suum
2840 4121 3187 4204 consilium,

471 4211 534 4271 et
580 4207 855 4287 expectet
900 4206 1179 4268 nostrum
1219 4207 1596 4270 mandatum.

685 4290 914 4373 Capta:
966 4294 1243 4373 preterea
1291 4293 1502 4357 audiat
1524 4294 1883 4358 ambaxator
1906 4293 2222 4377 predictus
2248 4292 2529 4376 querelas
2577 4296 2924 4359 nostrorum
2962 4298 3190 4363 civium

471 4379 1089 4461 dampnificatorum,
1153 4378 1229 4442 de
1290 4380 1516 4462 quibns
1577 4384 1750 4464 petat
1816 4382 2298 4446 satisfactionem
2354 4383 2420 4445 et
2465 4381 2788 4444 emendam
2853 4386 2929 4448 ab
2978 4388 3190 4450 eodem

468 4467 716 4532 domino
758 4465 1132 4548 imperatore
1175 4467 1237 4530 in
1284 4485 1358 4530 ea
1400 4467 1617 4546 forma,
1668 4470 1828 4534 sicut
1871 4472 1935 4533 et
1980 4469 2223 4551 quando
2271 4468 2577 4533 videbitur
2619 4467 2886 4548 domino,
2940 4475 3193 4538 consili-

464 4556 613 4622 ariis
659 4555 724 4618 et
768 4553 1093 4635 capitibus

412 4705 419 4712 ι
480 4690 492 4704 .
679 4639 910 4723 Capta:
974 4639 1201 4705 habere
1262 4640 1448 4705 debet
1515 4641 1716 4707 dictus
1777 4642 2137 4708 ambaxator
2205 4642 2398 4707 libras
2461 4645 2770 4708 trecentas
2830 4664 2941 4728 pro
2988 4649 3189 4715 tribus

311 4761 427 4820 ·-·³'·
468 4721 822 4806 mensibu&
862 4730 927 4792 et
969 4727 1024 4792 si
1067 4726 1233 4793 ultra
1277 4728 1432 4794 duos
1476 4748 1719 4794 menses
1776 4730 2042 4809 steterit,
2106 4731 2336 4795 habeat
2388 4730 2584 4796 libras
2629 4731 3074 4818 quinquaginta
3119 4736 3189 4804 in
