3620 5282
3026 379 3157 447 203

409 555 665 622 alicuius
734 555 1108 622 turbationis
1176 557 1390 621 contra
1458 573 1570 620 nos
1614 555 1676 619 in
1721 554 1887 619 facto
1959 555 2256 638 predicto,
2301 557 2365 621 et
2407 555 2643 620 scribat
2681 559 2892 621 noster
2933 557 3151 621 amba-

411 645 583 709 xator
627 643 919 727 quicquid
966 644 1244 722 traxerit,
1293 643 1511 709 fecerit
1541 643 1915 708 ethabuerit
1961 643 2025 707 in
2072 643 2387 726 predictis,
2432 644 2497 707 et
2541 645 2823 727 expectet
2870 646 3154 710 nostrum

415 733 793 797 mandatum.
847 767 924 778 —
979 731 1081 795 19.

621 818 1006 884 Consiliarii:
1057 839 1156 883 ser
1210 818 1525 883 Remisius
1571 818 1959 902 Superantio,
2027 838 2124 884 ser
2173 818 2440 884 Kar-olus
2486 817 2657 884 Geno
2705 819 2948 900 sapiens
2998 837 3143 885 con-

414 906 563 984 silii,
611 926 712 971 ser
757 907 982 971 'l'omas
1051 907 1299 971 Faletro
1370 907 1630 989 sapiens
1681 906 2002 971 ordinum:
2037 907 2198 990 quod
2267 907 2711 989 respondeatur
2758 905 3143 971 ambaxatori

410 997 639 1074 nostro,
686 994 846 1077 quod
891 996 1234 1076 recepimus
1281 993 1494 1059 literas
1543 1013 1687 1059 suas
1736 995 1912 1059 datas
1978 994 2149 1059 Bude
2195 993 2235 1058 8
2277 993 2649 1077 septembris
2696 998 2761 1058 et
2807 995 3145 1075 replicatas

412 1082 604 1147 Viene
658 1084 732 1147 18
780 1082 929 1148 dicti
981 1084 1212 1147 mensis
1260 1101 1443 1163 super
1488 1081 1652 1146 facto
1698 1081 1822 1166 lige
1869 1082 2065 1147 fiende
2107 1101 2248 1147 cum
2289 1082 2551 1166 reginali
2599 1082 2928 1147 maiestate
2966 1082 3144 1146 Hun-

411 1170 581 1253 garie
627 1172 767 1248 etc.,
818 1169 1042 1252 quibus
1089 1170 1264 1252 plene
1307 1170 1664 1246 intellectiS,
1722 1189 1899 1234 suam
1946 1169 2338 1252 diligentiam
2385 1171 2842 1246 comendantes,
2894 1188 3148 1252 respon-

408 1259 644 1332 demus
713 1257 873 1341 quod
936 1259 1182 1339 recepto
1243 1257 1513 1341 presenti
1565 1257 1875 1333 mandato,
1940 1258 2161 1322 debeat
2202 1259 2450 1322 mittere
2486 1256 2924 1321 Dexideratum
2974 1261 3149 1322 nota·

405 1346 570 1408 rium
617 1349 896 1410 nostrum
945 1344 1021 1409 ad
1072 1344 1385 1409 dominum
1432 1347 1723 1410 comitem
1771 1346 2115 1427 palatinum
2166 1346 2243 1409 ad
2286 1344 2779 1426 respondendum
2829 1346 2884 1409 ei
2932 1345 2995 1409 in
3029 1346 3143 1409 hac

407 1433 623 1511 forma,
673 1434 831 1515 quod
885 1434 1012 1514 ipse
1059 1434 1420 1498 ambaxator
1467 1436 1675 1498 noster
1718 1433 2009 1497 habuerit
2056 1432 2578 1515 responsionema
2617 1435 2825 1496 nostro
2871 1431 3146 1496 dominio

412 1539 597 1601 super
643 1521 807 1585 facto
862 1521 1157 1603 predicto.
1219 1521 1300 1585 Et
1346 1520 1541 1602 primo
1573 1520 1912 1585 dominatio
1961 1522 2170 1585 nostra
2216 1521 2592 1604 regraciatur
2635 1520 2937 1583 immense
2983 1521 3151 1585 dicto

416 1608 664 1672 domiuo
710 1609 922 1671 comiti
950 1609 1022 1673 de
1047 1607 1344 1673 laudabili
1370 1609 1771 1690 dispositione
1797 1610 1930 1673 eius
1956 1609 2034 1673 ad
2062 1608 2355 1673 honorem
2396 1609 2459 1671 et
2504 1608 2736 1671 statum
2800 1607 2995 1671 nostri
3045 1609 3173 1671 do·-

414 1696 611 1759 minii.
662 1696 860 1778 Super
905 1696 1071 1761 festo
1116 1714 1258 1760 vero
1305 1695 1442 1780 lige'
1477 1697 1746 1778 predicte
1792 1696 2161 1779 respondeat
2205 1715 2313 1778 per
2344 1694 2810 1770 Dexideratum,
2855 1695 3015 1777 quod
3042 1696 3149 1759 do·

415 1783 680 1848 minatio
726 1787 937 1848 nestra
982 1802 1227 1865 semper
1270 1783 1407 1861 fuit,
1457 1783 1553 1848 est
1599 1786 1664 1849 et
1707 1783 1829 1848 erit
1859 1784 2159 1867 disposita
2190 1787 2254 1847 et
2284 1784 2507 1866 parata
2538 1783 2613 1846 ad
2646 1800 2857 1846 omnes
2885 1783 3148 1846 honores

412 1872 477 1935 et
522 1871 1044 1936 conservationem
1110 1872 1404 1955 reginalis
1470 1870 1821 1936 maiestatis
1881 1872 2216 1955 Hungarie.
2266 1871 2363 1935 Ad
2416 1870 2609 1953 ligam
2657 1871 2869 1934 autem
2918 1871 3144 1952 ipsam,

411 1960 572 2040 quod
634 1959 971 2023 dominat-io
1037 1961 1246 2024 nostra
1307 1962 1403 2024 est
1461 1963 1680 2042 parata
1725 1958 2043 2023 attendere
2089 1978 2230 2024 cum
2280 1958 2448 2022 omni
2510 1957 2873 2024 sinceritate
2924 1959 3146 2037 cordiS,

408 2047 516 2110 sed
562 2045 706 2130 quia
753 2064 863 2128 pro
911 2049 1182 2129 presenti
1230 2066 1346 2112 non
1396 2047 1636 2111 videtur
1684 2045 1953 2111 dominio
2000 2047 2207 2111 nostro
2252 2046 2342 2109 ita
2375 2045 2706 2110 salubriter
2753 2049 2817 2109 et
2869 2044 3003 2109 sine
3039 2065 3145 2127 pe-

409 2133 605 2199 riculo
652 2135 1028 2218 agendorum
1080 2152 1254 2216 posse
1304 2134 1429 2198 fieri
1480 2135 1580 2198 vel
1618 2133 1861 2198 comitti
1909 2153 2006 2212 ea,
2037 2153 2157 2217 que
2205 2135 2415 2198 essent
2464 2132 2812 2197 necessaria
2846 2133 2979 2197 fieri
3013 2151 3145 2216 pro-

410 2223 547 2303 pter
593 2223 828 2288 viarum
879 2222 1260 2298 discrimina,
1310 2224 1373 2286 et
1404 2220 1549 2305 quia
1573 2223 1707 2304 ipsa
1733 2223 1981 2304 negotia
2012 2225 2158 2286 sunt
2190 2239 2416 2303 magna
2452 2224 2516 2285 et
2546 2222 2758 2297 ardua,
2801 2220 3147 2286 dominatio

411 2312 623 2372 nostra
671 2310 1057 2384 deliberavit,
1104 2310 1267 2392 quod
1317 2312 1445 2390 ipse
1492 2329 1591 2374 ser
1632 2308 1934 2374 Saraceno
1996 2309 2219 2375 debeat
2280 2310 2478 2374 redire
2525 2308 2847 2387 Venecias,
2899 2313 2961 2371 et
3007 2327 3148 2373 cum

413 2396 785 2479 applicuerit
831 2397 1143 2476 Venetiae,
1192 2398 1354 2480 quod
1399 2397 1741 2461 dominatio
1790 2401 2021 2476 nostro,
2071 2397 2286 2461 habita
2333 2396 2660 2462 collatione
2706 2414 2848 2460 cum
2895 2416 2993 2460 ser
3038 2397 3149 2461 Sa·

411 2502 632 2548 raceno
670 2484 956 2549 Dandulo
997 2488 1058 2548 et
1105 2485 1538 2550 informatione
1599 2488 1962 2568 opportuna,
2026 2485 2193 2550 omni
2243 2503 2414 2549 mora
2459 2483 2808 2567 postposita
2855 2484 3187 2564 procedet‘

405 2571 603 2636 dando
652 2572 1024 2654 principium
1070 2573 1233 2638 sacto
1280 2591 1349 2638 eo
1397 2572 1575 2638 modo
1599 2574 1664 2637 et
1687 2572 1902 2651 forma,
1946 2572 2169 2658 quibus
2207 2591 2317 2656 pro
2357 2573 2583 2637 honore
2615 2573 2677 2635 et
2711 2571 2869 2635 bono
2905 2572 3138 2635 utrius-

411 2679 527 2742 que
593 2662 785 2744 partis
848 2661 1159 2726 videbitur
1206 2662 1544 2727 convenire.
1593 2663 1758 2727 Data
1806 2681 1946 2726 vero
1993 2662 2378 2744 expeditione
2423 2661 2565 2725 huic
2611 2661 2793 2738 facto,
2845 2663 2912 2726 et
2955 2661 3146 2724 misso

414 2747 788 2813 Dexiderato
827 2750 903 2812 ad
951 2750 1184 2813 dictum
1221 2749 1506 2814 comitem
1558 2748 1922 2831 palatinum,
1971 2753 2041 2814 ut
2084 2750 2318 2813 dictum
2370 2750 2486 2822 est,
2534 2747 2896 2813 ambaxator
2943 2752 3150 2812 noster

414 2835 707 2901 Venetiae
777 2840 1141 2924 revertatur,
1192 2837 1593 2902 Desideratus
1656 2838 1868 2913 etiam,
1939 2837 2234 2919 expositis
2281 2836 2576 2917 predictis
2640 2835 2887 2901 domino
2932 2836 3148 2900 comiti

409 2923 700 3006 palatino,
745 2924 957 2989 redeat
997 2924 1287 2990 Venetias
1333 2961 1420 2972 ——·
1478 2927 1573 3001 10,
1621 2925 1697 2989 de
1744 2942 1864 2989 non
1912 2924 1974 3005 2,
2024 2945 2139 2992 non
2186 2925 2410 2989 sinceri
2463 2924 2564 2988 10.

491 3030 670 3090 Μίείί
718 3031 1108 3093 XXXVIII.
1159 3034 1261 3110 77,
1311 3050 1351 3090 u
1395 3032 1551 3093 mlet.
1600 3034 1838 3094 arkivu.

605 3237 1224 3321 CCLXXXVI.
1278 3239 1485 3323 God.
1543 3239 1764 3323 1383.
1821 3237 1870 3321 5
1921 3238 2376 3344 listopada‚
2429 3260 2489 3321 u
2543 3238 2942 3322 Mletcih.

668 3383 1025 3457 Dozvoveno
1068 3385 1487 3444 Bosanskomu
1530 3380 1757 3463 toraca,
1800 3385 1883 3443 aa
1924 3385 2173 3460 sayraaz
2217 3386 2263 3443 2
2303 3385 2486 3459 qaam
2529 3403 2569 3443 u
2615 3385 2885 3444 Μιειοιιι.

624 3501 809 3567 1383.
859 3503 1196 3568 indictione
1244 3505 1351 3569 VI.
1415 3507 1513 3570 die
1575 3506 1789 3591 quinto
1847 3505 2144 3570 octubris.
2191 3504 2423 3587 Capta:
2452 3505 2629 3588 -quod
2675 3506 3141 3587 complaceatur

404 3591 796 3654 serenissimo
843 3590 1091 3656 domino
1141 3593 1267 3676 regi
1316 3593 1511 3658 Raxie
1534 3593 1879 3659 honorabili
1904 3593 2023 3658 civi
2053 3593 2280 3667 nostro,
2331 3594 2444 3658 hoc
2488 3593 2671 3657 valde
2717 3592 3144 3658 amicabiliter

402 3678 966 3848 {zzzzrsentssquigg
1011 3681 1211 3831 possit
1249 3680 1450 3746 facere
1495 3680 1785 3747 fabricari
1835 3682 1986 3745 duas
2034 3679 2244 3763 galeas
2293 3680 2356 3745 in
2405 3680 2682 3745 Venetiis
2729 3680 2808 3745 ad
2855 3699 2999 3746 suas
3031 3699 3137 3745 ex-

487 3873 667 3935 nisti
717 3873 914 3934 XXX
926 3875 1107 3937 V111.
1158 3876 1261 3945 80,
1306 3894 1349 3936 u
1393 3877 1551 3937 mlet.
1598 3879 1834 3937 arkivu.

614 4060 1270 4147 CCLXXXVII.
1326 4065 1535 4149 (3011.
1589 4066 1813 4163 1384.
1874 4067 1963 4148 11
2019 4063 2372 4166 sicema,
2413 4088 2470 4148 u
2525 4066 2925 4150 Mletcih.

403 4205 694 4266 Mletacki
733 4209 986 4282 yradski
1029 4209 1146 4268 sud
1175 4210 1439 4283 dopitaqje
1482 4209 1692 4270 Nikoli
1726 4213 1868 4270 sinu
1905 4213 2106 4285 pokoj.
2140 4214 2328 4272 lanczo
2359 4200 2702 4271 Badislava
2738 4214 3145 4287 korbavskoqa

395 4294 576 4367 njeku
620 4300 811 4365 svotu,
858 4297 997 4368 koja
1043 4315 1144 4356 mic
1185 4298 1514 4371 pripadala
1557 4299 1615 4358 iu
1655 4300 1980 4359 ostavs‘tine
2026 4301 2277 4374 m‘eqova
2307 4300 2487 4373 diedo
2516 4302 2703 4360 lancea
2740 4298 2985 4374 Grqura
3014 4302 3143 4361 Ku-

1122 4387 1303 4457 rjaka
1348 4405 1389 4445 u
1435 4386 1687 4446 metcih
1731 4405 1815 4445 na
1859 4387 2100 4447 debitak
2135 4389 2436 4462 poloiene.

606 4501 1161 4568 Determinationis
1208 4504 1338 4569 sive
1401 4507 1706 4570 sententie
1768 4505 2278 4583 instrumentum,
2324 4506 2488 4570 facte
2537 4506 2668 4572 sive
2714 4506 2839 4572 late
2888 4526 2995 4589 per
3034 4508 3141 4591 ju-

394 4588 562 4652 dices
598 4590 970 4671 petitionum
1027 4592 1090 4655 in
1138 4593 1408 4656 favorem
1460 4593 1715 4658 Fabiani
1745 4594 2160 4674 procuratoris
2208 4594 2501 4659 heredum
2561 4594 2807 4660 comitis
2855 4594 3137 4671 Gregorii

393 4681 466 4738 de
517 4675 776 4742 Curiaco
822 4680 1038 4744 contra
1092 4678 1388 4745 officiales
1436 4681 1735 4746 frumenti
1804 4686 1922 4745 etc.
1973 4717 2069 4729 -—
2118 4683 2190 4746 In
2253 4683 2496 4746 nomine
2543 4682 2641 4745 dei
2687 4682 2885 4746 eterni
2932 4700 3138 4747 amen.

392 4761 574 4829 Anno
620 4764 698 4830 ab
738 4765 1162 4832 incarnatione
1230 4767 1467 4834 domini
1530 4769 1729 4834 nostri
1796 4767 1952 4832 Jesu
2021 4766 2257 4834 Christi
2327 4767 2662 4834 millesimo
2709 4769 3143 4835 trecentesimo
