3620 5282
3031 371 3166 443 246

410 552 495 617 Et
541 549 834 617 similiter
880 551 935 616 si
980 549 1261 634 obligata
1306 550 1514 616 essent
1558 549 1622 616 in
1674 548 1886 635 aliquo
1951 547 2324 632 specialibus
2370 546 2651 632 personis
2671 596 2687 628 ,
2751 547 3021 615 debeant
3063 548 3155 616 eis

408 638 682 716 reddere,
732 638 899 721 quod
946 640 1257 705 tenentur.

632 727 795 791 Item
842 727 1002 809 quod
1048 726 1421 791 universitas
1467 727 1532 790 et
1585 725 1866 791 homines
1927 723 2186 791 Curzole
2243 726 2686 808 recognoscant
2745 724 2811 790 et
2855 725 2930 789 de
2991 744 3149 791 novo

418 814 768 898 approbent
814 814 1051 879 dictum
1100 814 1397 879 comitem
1442 816 1508 879 et
1552 831 1936 878 successores
1978 830 2124 877 suos
2193 830 2302 878 seu
2349 811 2608 877 heredes
2665 811 2831 890 eius,
2896 813 2961 877 et
3005 812 3152 879 illos

421 904 494 967 de
542 902 718 985 prole
764 901 1032 984 Georgio
1073 900 1136 965 in
1183 901 1442 967 comites
1487 902 1650 966 dicte
1696 898 1898 969 insule
1961 900 2298 965 secundum
2360 899 2629 965 formam
2673 900 3156 966 convencionum

414 990 566 1055 olim
615 989 977 1055 habitarum
1018 1008 1159 1054 cum
1206 989 1459 1055 domino
1505 989 1792 1054 Marsilio
1839 988 2104 1071 Georgio
2167 989 2231 1053 et
2287 986 2345 1052 ei
2406 1005 2480 1052 ac
2533 988 2666 1052 eius
2710 986 3043 1053 heredibus
3088 988 3155 1053 et

413 1077 879 1143 successoribus
925 1079 1250 1159 tamquam
1298 1094 1442 1143 vero
1490 1076 1699 1142 comiti
1746 1080 1813 1140 et
1855 1075 2081 1140 rectori
2134 1073 2405 1140 fideliter
2450 1074 2718 1142 debeant
2763 1074 3045 1156 obedire,
3090 1077 3157 1141 et

416 1165 573 1248 quod
623 1164 680 1230 ei
726 1165 791 1230 et
838 1165 968 1230 suis
1015 1169 1409 1231 reserventur
1454 1166 1522 1230 et
1567 1166 1641 1230 de
1687 1182 1846 1231 novo
1882 1163 2326 1229 confirmentur
2368 1163 2574 1229 omnia
2616 1181 2729 1229 sua
2773 1163 2907 1230 iura
2946 1162 3008 1228 in
3056 1181 3160 1229 co-

358 1293 362 1297 ·
420 1252 650 1318 mitatu
697 1252 992 1335 predicto.
1418 1280 1427 1307 ι

628 1341 791 1405 Item
839 1339 1002 1423 quod
1045 1342 1306 1424 utraque
1368 1341 1650 1425 parcium
1712 1341 1880 1406 stare
1941 1338 2172 1404 debeat
2230 1338 2538 1406 sententie
2599 1338 2753 1405 alias
2812 1337 2942 1405 late
2989 1339 3154 1405 inter

426 1426 625 1494 dictas
664 1428 875 1511 partes
919 1446 1031 1511 per
1075 1430 1503 1510 procuratores
1561 1429 1758 1493 sancti
1805 1427 2003 1493 Marci
2064 1428 2365 1509 tanquam
2428 1427 2590 1492 iuste
2637 1429 2703 1493 et
2746 1428 3005 1493 honeste
3026 1475 3042 1506 ,
3086 1427 3151 1493 et

430 1533 563 1580 eam
616 1515 941 1581 observare
986 1516 1381 1600 integraliter
1419 1517 1485 1582 in
1530 1515 1815 1599 qualibet
1857 1515 2034 1599 parte
2082 1515 2179 1580 sui
2225 1533 2367 1580 cum
2422 1513 2829 1598 infrascriptis
2875 1515 3155 1580 declara-

430 1602 725 1684 tionibus,
769 1602 1060 1669 videlicet
1105 1605 1265 1686 quod
1308 1603 1630 1670 Curzolani
1677 1604 1826 1668 dare
1886 1602 2154 1668 debeant
2213 1601 2383 1666 dicto
2448 1602 2664 1668 comiti
2710 1603 2774 1668 et
2818 1602 3148 1668 heredibus

428 1709 498 1755 ac
545 1693 1001 1757 successoribus
1046 1691 1239 1756 libras
1287 1692 1734 1776 septingentaS,
1783 1710 1937 1774 quas
2000 1691 2144 1756 dare
2211 1689 2478 1754 debeant
2538 1690 2699 1755 dicto
2760 1690 2971 1755 comiti
3039 1708 3148 1774 pro

425 1797 535 1844 suo
582 1778 810 1844 salario
852 1780 928 1844 ad
969 1797 1237 1862 gross08,
1277 1782 1355 1845 ad
1400 1780 1543 1846 illas
1589 1782 1892 1858 monetaS,
1941 1797 2060 1861 que
2107 1780 2353 1844 current
2399 1797 2509 1861 per
2554 1778 2851 1861 tempora,
2900 1779 2965 1844 et
2992 1778 3154 1844 sicut

424 1867 671 1932 current
715 1867 780 1931 in
825 1867 1008 1932 terris
1054 1867 1380 1932 Dalmacie
1425 1868 1874 1933 dominacionis
1920 1865 2179 1931 ducalis

631 1956 790 2020 Item
839 1954 999 2037 quod
1046 1958 1306 2039 utraque
1352 1955 1629 2039 parcium
1675 1975 1747 2021 ex
1790 1973 1952 2020 nunc
1995 1953 2405 2032 contentetur,
2455 1954 2520 2018 et
2562 1953 2890 2036 promittat
2933 1972 3044 2036 per
3076 1972 3141 2018 se

425 2045 486 2104 et
532 2060 917 2108 successores
965 2061 1110 2108 suos
1153 2061 1589 2127 recognoscere
1651 2042 2146 2109 dominacionem
2204 2041 2489 2106 ducalem
2531 2043 2596 2105 et
2641 2060 2967 2105 commune
3014 2041 3141 2107 Ve-

424 2128 739 2194 ueciarum
785 2147 897 2214 pro
943 2131 1362 2214 superioribus
1409 2131 1557 2197 suiS.
1606 2132 1685 2195 Et
1732 2130 1894 2213 quod
1940 2129 1995 2195 si
2039 2147 2244 2195 comes
2290 2130 2355 2194 et
2403 2130 2498 2193 sui
2545 2128 2776 2194 vellent
2820 2130 3137 2211 conqueri,

424 2217 585 2299 quod
632 2237 744 2301 per
788 2217 1255 2285 universitatem
1322 2218 1579 2284 Curzole
1638 2218 1816 2283 fieret
1877 2218 1966 2283 eis
2026 2218 2236 2300 aliqua
2299 2217 2635 2294 violencia,
2699 2216 2990 2281 molestia
3040 2216 3137 2281 vel

427 2305 706 2371 turbacio
746 2306 811 2369 in
856 2305 1099 2371 iuribus
1147 2309 1210 2371 et
1257 2306 1782 2372 iurisdictionibus
1829 2306 1926 2370 sui
1992 2304 2345 2385 comitatuS,
2409 2305 2646 2370 ducalis
2692 2304 3038 2369 dominacio
3087 2305 3153 2369 et

425 2409 751 2458 commune
793 2393 1204 2459 Veueciarum
1250 2395 1536 2463 teneatur
1598 2395 1662 2458 et
1721 2393 1949 2459 debeat
1994 2392 2049 2458 ei
2096 2393 2296 2458 facere
2355 2393 2663 2457 racionem
2721 2397 2785 2457 et
2830 2391 3148 2457 iusticiam

426 2482 489 2543 et
529 2480 735 2564 ipsum
780 2483 1178 2547 manutenere
1211 2484 1274 2547 et
1319 2500 1681 2548 conservare
1728 2483 1787 2546 iu
1839 2481 1967 2546 suis
2028 2479 2268 2545 iuribus
2329 2481 2661 2545 secundum
2709 2480 2893 2545 deum
2942 2481 3007 2547 et
3051 2479 3148 2543 iu·
3195 2562 3198 2563 ⁷

420 2566 684 2633 sticiam.
725 2569 811 2633 Et
856 2589 891 2633 e
935 2587 1227 2635 converso
1273 2570 1327 2635 si
1374 2569 1745 2635 universitas
1792 2572 1856 2633 et
1901 2568 2247 2653 singulares
2292 2587 2547 2652 persone
2589 2569 2663 2633 de
2710 2567 2969 2634 Curzola
3016 2567 3147 2632 vel-

422 2656 555 2721 lent
599 2657 883 2740 conqueri
932 2659 1006 2723 de
1045 2660 1270 2724 comite
1318 2659 1415 2724 vel
1458 2658 1640 2736 filiis,
1691 2677 1800 2723 seu
1863 2658 2065 2740 aliquo
2098 2656 2173 2722 de
2233 2658 2362 2722 suis
2417 2658 2491 2722 de
2539 2657 2746 2740 aliqua
2788 2656 3138 2735 offensione,

418 2743 657 2822 iniuria,
702 2747 1062 2828 gravamine
1103 2746 1201 2812 vel
1245 2746 1531 2812 molestia
1578 2746 1747 2811 civili
1794 2746 1904 2810 aut
1950 2744 2256 2810 criminali
2303 2744 2365 2809 in
2410 2746 2731 2828 posterum
2765 2744 2984 2822 fienda,
3035 2744 3143 2809 de-

422 2830 527 2896 bet
567 2834 630 2896 et
671 2834 917 2898 tenetur
961 2833 1199 2899 ducalis
1243 2834 1585 2900 dominacio
1630 2835 1695 2899 et
1738 2851 2067 2898 commune
2103 2832 2511 2897 Veueciarum
2559 2832 2648 2896 eis
2695 2831 2894 2896 facere
2942 2830 3140 2896 racio-

414 2938 576 2996 nem,
625 2920 789 2985 sicut
836 2920 1067 2987 faceret
1114 2921 1375 2987 etfacit
1418 2922 1706 2988 fidelibus
1752 2923 1881 2986 suis
1926 2920 2128 2986 insule
2175 2919 2408 3004 Vegle,
2454 2920 2693 3002 quando
2733 2919 2950 2984 volunt
2995 2936 3141 2984 con-

412 3008 581 3089 queri
623 3006 699 3072 de
744 3009 1077 3075 comitibus
1123 3010 1271 3075 suis.
1319 3011 1402 3075 Et
1448 3028 1559 3094 pro
1595 3011 1710 3074 hoc
1754 3026 1962 3074 comes
2008 3010 2075 3073 et
2116 3007 2485 3075 universitas
2523 3026 2596 3072 ac
2628 3006 2970 3091 singulares
3003 3026 3141 3089 per-

412 3111 557 3160 sone
604 3094 860 3178 Curzole
907 3098 1234 3163 teneantur
1278 3098 1557 3182 quolibet
1600 3097 1824 3162 trienio
1865 3095 2070 3161 ducali
2102 3094 2515 3161 dominacioni
2560 3095 2626 3161 et
2670 3096 2982 3160 communi
3015 3094 3141 3160 Ve-

410 3182 725 3247 neciarum
768 3184 972 3250 iurare
1019 3185 1388 3251 fidelitatem
1455 3186 1519 3250 et
1577 3183 2036 3262 obedienciam3
2096 3188 2160 3249 et
2205 3183 2589 3268 promittere,
2655 3181 2814 3266 quod
2860 3183 3138 3267 quando-

411 3287 669 3353 cumque
730 3289 1054 3337 commune
1119 3273 1524 3338 Veueciarum
1590 3273 1823 3338 faceret
1885 3272 2222 3338 exercitum
2284 3289 2394 3355 per
2456 3289 2643 3348 mare,
2693 3271 2924 3336 facient
2980 3271 3144 3337 sicut

409 3357 646 3423 faciunt
691 3358 814 3424 alie
875 3361 1039 3425 terre
1084 3359 1406 3425 Dalmatio
1473 3361 1538 3425 in
1602 3360 1944 3426 subsidium
2009 3363 2073 3425 et
2130 3361 2424 3427 honorem
2479 3357 2716 3426 ducalis
2770 3359 3026 3425 dominii
3071 3362 3137 3424 et

411 3447 755 3511 communis
799 3447 1225 3513 Veueciarum.
1273 3448 1358 3512 Et
1398 3466 1722 3514 commune
1767 3446 2173 3513 Veueciarum
2230 3448 2516 3513 teneatur
2561 3449 2626 3512 et
2668 3446 2893 3512 debeat
2935 3446 3135 3513 dictos

412 3531 486 3598 de
534 3532 796 3599 Curzola
832 3552 1187 3601 conservare
1234 3536 1296 3600 in
1343 3537 1588 3601 racione
1635 3539 1699 3601 et
1744 3535 1997 3601 iusticia
2042 3537 2107 3600 et
2150 3538 2470 3600 manutere
2514 3536 2578 3599 in
2603 3535 2983 3619 protectione
3017 3552 3132 3600 sua

416 3621 482 3685 et
525 3621 694 3685 statu
754 3622 1046 3705 pacifico,
1098 3625 1171 3689 ut
1215 3624 1496 3706 superius
1543 3623 1780 3689 dictum
1828 3625 1942 3689 est.
2019 3623 2112 3688 Et
2147 3625 2653 3706 quandocumque
2703 3642 2815 3706 per
2872 3624 3135 3689 mortem

414 3708 508 3772 vel
552 3708 678 3773 alio
723 3709 905 3775 modo
949 3709 1266 3777 defficeret
1310 3729 1517 3776 comes
1549 3710 1830 3790 Curzole,
1879 3712 2058 3789 alinS,
2107 3711 2212 3794 qui
2258 3711 2510 3776 debebit
2561 3713 2906 3789 succedere,
2957 3714 3136 3775 ante-

408 3814 596 3878 quam
644 3796 901 3881 incipiat
945 3799 1221 3882 regimen
1269 3817 1563 3876 exercere,
1611 3799 1837 3865 debeat
1879 3818 1917 3864 a
1961 3797 2170 3865 ducali
2216 3797 2639 3866 dominacione
2703 3797 3133 3864 confirmacio—

406 3901 567 4036 nveml
594 3885 658 3949 et
698 3885 1136 3951 investituram
1179 3888 1454 3971 recipere
1498 3887 1564 3953 et
1608 3887 1806 3953 facere
1852 3887 2328 3967 sacramentum,
2377 3886 2541 3952 sicut
2583 3885 2821 3953 faciunt
2872 3884 3134 3950 comites

464 3989 542 4055 eg
569 3989 622 4036 e.

615 4057 782 4138 Quas
829 4061 1078 4144 quidem
1123 4063 1578 4142 conventiones,
1628 4062 2086 4146 promissioneS,
2151 4061 2530 4140 concordias,
2580 4059 3022 4127 submissiones
3069 4062 3133 4125 et

405 4148 606 4228 pacta,
655 4149 727 4212 ut
771 4149 1053 4232 superius
1098 4151 1467 4230 continetur,
1515 4150 1793 4234 prefatus
1852 4151 2137 4217 dominus
2184 4152 2303 4216 dux
2346 4150 2412 4215 et
2459 4149 2590 4215 eius
2652 4148 2980 4214 consilium
3025 4166 3138 4214 uo-

406 4233 568 4299 mine
615 4237 678 4299 et
725 4235 857 4301 vice
902 4235 1139 4303 ducalis
1188 4237 1447 4303 dominii
1494 4241 1559 4303 et
1605 4239 1953 4304 communis
2016 4239 2427 4304 Veueciarum
2491 4256 2600 4321 pro
2646 4237 2806 4302 bono
2852 4236 2917 4302 et
2961 4236 3132 4302 statu

404 4321 660 4403 pacifico
708 4322 1028 4407 utriusque
1076 4325 1272 4409 partis
1317 4345 1427 4409 pro
1464 4345 1576 4391 sua
1623 4326 2012 4411 benignitate
2061 4330 2126 4392 et
2169 4325 2457 4410 precibus
2495 4326 2560 4390 et
2600 4325 2903 4391 instantia
2928 4324 3133 4391 dicta-

406 4428 541 4473 rum
590 4410 864 4493 partium
912 4412 1182 4495 gratiose
1228 4412 1484 4479 admisit
1525 4415 1590 4479 et
1636 4415 2001 4498 acceptavit.
2060 4415 2145 4479 Et
2207 4413 2458 4496 insuper
2518 4411 2798 4496 prefatus
2842 4412 3131 4478 dominus

410 4495 681 4562 Joaunes
720 4498 986 4582 Georgio
1023 4519 1231 4565 comes
1277 4519 1385 4583 pro
1433 4520 1499 4567 se
1540 4520 1651 4567 suo
1699 4504 1948 4568 nomine
1995 4503 2060 4567 et
2081 4500 2376 4568 heredum
2420 4502 2485 4565 et
2529 4518 2959 4566 successorum
2990 4519 3136 4566 suo—

410 4602 567 4664 rum,
617 4589 682 4650 et
724 4585 879 4651 dicti
923 4587 1162 4671 syndici
1208 4607 1319 4671 pro
1358 4607 1424 4653 se
1466 4588 1597 4654 suis
1644 4590 1995 4655 nominibus
2041 4592 2108 4654 et
2153 4587 2501 4673 syndicario
2561 4587 2807 4653 nomine
2856 4606 3133 4653 commu-

404 4672 519 4750 nis,
567 4672 895 4739 hominum
940 4676 1006 4739 et
1053 4675 1479 4741 universitatis
1526 4675 1782 4742 Curzole
1822 4696 1928 4759 per
1973 4675 2351 4759 solempnem
2401 4676 2867 4758 stipulationem
2899 4676 3131 4757 promi-

405 4763 614 4827 serunt
636 4761 773 4828 sibi
820 4760 1097 4829 vicissim
1143 4764 1209 4830 et
1249 4763 1416 4830 dicto
1460 4763 1711 4830 domino
1755 4763 1900 4831 duci
1946 4764 2198 4846 eiusque
2245 4762 2504 4828 consilio
2570 4761 3007 4846 recipientibus
3064 4760 3131 4823 et
