3620 5282
2992 372 3124 441 209

720 542 1144 628 CCCVIII.
1210 545 1416 627 (iod.
1469 545 1691 628 1351.
1743 546 1847 627 10
1902 545 2249 646 nimum,
2301 568 2361 626 u
2415 544 2810 627 Mletcih.

394 671 722 743 Pocle'eljuje
783 688 844 731 se
890 673 1065 743 vjeka
1114 673 1413 744 polash'ca
1456 672 1743 744 jednomu
1788 671 2169 729 Mletccmimc
2213 675 2377 739 zato,
2434 672 2525 731 ἑίο
2563 673 2629 744 je
2693 672 2786 731 bio
2832 672 3120 745 okradien

1267 760 1343 818 od
1387 760 1602 832 deljadi
1646 759 1973 834 uyar.-hrv.
2008 759 2228 832 kralja.

602 895 786 958 1351.
835 894 1166 960 indictione
1214 896 1322 973 IV,
1389 895 1486 960 die
1533 897 1589 961 X
1638 895 1875 974 marcii,
1940 897 2160 978 capta:
2227 895 2386 979 quod
2455 895 2821 961 concedatur
2870 896 3114 963 Andree

391 983 460 1045 de
510 982 927 1047 Vendramino
976 983 1173 1048 sancti
1222 983 1501 1049 Cassiani
1544 983 1662 1048 civi
1710 986 1937 1060 nostre,
1980 983 2384 1048 consideratis
2411 983 2671 1062 damnis,
2722 1004 2838 1068 que
2885 984 3120 1051 dicitur

392 1070 787 1150 subportasse
844 1070 904 1135 in
975 1072 1257 1154 partibus
1300 1071 1536 1154 Apulee
1593 1071 1667 1135 de
1717 1071 1985 1155 quadam
2049 1090 2161 1135 sua
2228 1071 2551 1135 barchacia
2606 1073 2854 1137 onerata
2898 1074 3124 1156 pannis

386 1158 580 1222 laneis
627 1160 691 1221 et
732 1159 874 1222 aliis
919 1159 1383 1236 mercatoribus,
1424 1159 1620 1223 eidem
1669 1159 1884 1223 ablata
1931 1178 2037 1241 per
2079 1160 2294 1241 gentes
2341 1158 2506 1241 regis
2550 1159 2905 1242 Hungarie,
2955 1161 3117 1244 quod

388 1245 648 1309 faciente
695 1246 828 1328 ipso
878 1248 1082 1311 venire
1129 1246 1204 1313 de
1253 1249 1427 1311 extra
1485 1246 1785 1311 Venecias
1853 1248 1915 1310 in
1982 1247 2301 1311 civitatem
2359 1247 2766 1311 Veneciarum
2814 1248 3114 1313 milliaria

387 1333 437 1395 L
484 1333 622 1410 olei,
674 1334 874 1415 ipsum
924 1334 1128 1398 oleum
1171 1335 1370 1417 possit
1414 1334 1732 1399 extrahere
1777 1334 1853 1398 de
1904 1333 2201 1409 VenetiiS,
2251 1334 2538 1399 solvendo
2571 1334 2750 1399 dacia
2795 1339 3111 1412 consueta,

391 1423 453 1484 et
498 1421 657 1502 quod
706 1441 824 1485 non
876 1424 1161 1486 teneatur
1206 1422 1437 1504 aliquid
1485 1423 1734 1486 mittere
1778 1422 1854 1486 de
1901 1422 2065 1486 dicto
2116 1421 2249 1486 oleo
2314 1423 2375 1486 in
2425 1422 2800 1500 tarnariam,
2849 1424 2913 1487 et
2959 1426 3118 1506 quod

366 1507 585 1572 ·finitis
629 1528 789 1591 pree.
839 1510 1090 1573 tesseris
1136 1529 1357 1592 ponere
1404 1509 1630 1574 debeat
1671 1511 1745 1575 ad
1796 1509 2130 1575 ternariam
2178 1510 2521 1574 communis
2566 1509 2935 1575 milliariaL
2966 1512 3109 1577 olei.

473 1599 650 1657 Mistc·
702 1599 944 1661 XXVI.
997 1602 1097 1670 53,
1145 1619 1185 1659 u
1232 1602 1384 1659 mlet.
1431 1603 1663 1660 arkc'vu.

792 1814 1135 1898 CCCIX.
1193 1815 1375 1897 (iod
1412 1815 1630 1899 1351.
1683 1816 1776 1898 31
1834 1816 2175 1917 oiujka,
2228 1838 2291 1898 u
2342 1817 2733 1901 Mletcih.

822 1941 1116 2015 Napatak
1155 1941 1320 2016 ylede
1367 1942 1671 2016 uduvanja
1714 1943 1739 2000 i
1783 1943 2003 2002 ebranc
2048 1944 2315 2017 tvrdjave
2359 1961 2402 2003 u
2449 1943 2675 2002 Zadru.

602 2079 788 2142 1351.
839 2078 938 2142 die
984 2078 1205 2142 ultimo
1256 2079 1489 2157 marcii,
1543 2082 1753 2161 capta:
1808 2079 1970 2162 quod
2014 2080 2087 2143 ad
2134 2081 2423 2144 contenta
2445 2080 2796 2144 litterarum
2847 2080 2960 2146 viri
3011 2100 3124 2147 no-

388 2165 529 2229 bilis
576 2184 673 2230 ser
716 2166 1055 2231 ‚Iustiniani
1102 2167 1456 2231 Justiniano
1503 2167 1750 2231 comitis
1799 2172 1861 2231 et
1907 2167 2218 2249 capitanei
2249 2168 2435 2232 Jadre
2479 2168 2849 2251 requirentis
2884 2170 2950 2234 et
2980 2169 3121 2235 lau-

391 2254 616 2330 dantis,
667 2253 827 2335 quod
875 2253 948 2317 ad
1000 2254 1343 2318 custodiam
1389 2255 1577 2319 castri
1624 2255 1815 2319 Jadre
1863 2255 1937 2318 de
1983 2256 2124 2318 hinc
2188 2256 2647 2320 destinarentur
2692 2255 2812 2321 duo
2874 2256 3118 2322 nobiles

392 2342 505 2404 sub
552 2343 735 2404 titulo
785 2340 1259 2406 castellanorum
1308 2342 1405 2406 vel
1452 2342 1944 2407 consiliariorum
1997 2345 2138 2422 etc.,
2184 2343 2665 2426 respondeatur,
2717 2343 2880 2426 quod
2926 2363 3124 2426 quan-

388 2431 518 2492 tum
567 2428 644 2492 ad
692 2448 944 2512 presens
988 2429 1159 2493 nulla
1205 2430 1448 2493 novitas
1507 2431 1620 2494 fiat
1683 2448 1793 2513 pro
1863 2430 2236 2495 aleviatione
2300 2450 2701 2513 expensarum
2750 2432 3116 2510 communiS,

391 2517 506 2579 nisi
554 2519 712 2599 quod
761 2518 943 2580 ambo
991 2518 1316 2581 camerarii
1358 2517 1546 2582 Jadre
1594 2537 1735 2582 cum
1783 2536 1994 2582 eorum
2043 2518 2293 2582 famulis
2340 2518 2570 2583 vadant
2610 2521 2682 2583 ad
2712 2519 3120 2584 habitandum

393 2604 452 2668 in
502 2608 702 2668 castro
742 2605 1038 2687 predicto,
1088 2608 1152 2690 et
1197 2604 1491 2670 similiter
1537 2624 1646 2691 pro
1694 2607 1976 2671 custodia
2015 2609 2076 2671 et
2125 2607 2339 2671 maiori
2366 2606 2698 2672 securitate
2730 2606 2881 2672 dicti
2929 2607 3122 2672 castri

387 2697 690 2774 ponantur
739 2693 813 2757 de
860 2693 1121 2757 soldatis
1167 2693 1359 2757 Jadre
1405 2694 1483 2757 ad
1531 2694 1727 2777 ipsius
1775 2694 2120 2759 custodiam
2168 2694 2287 2759 due
2333 2694 2624 2759 banderie
2688 2696 3122 2778 stipendiario-

388 2800 523 2843 rum
574 2780 873 2862 peditum,
922 2782 1025 2863 qui
1065 2771 1349 2845 habitent
1392 2781 1454 2845 in
1502 2801 1570 2845 eo
1617 2802 1759 2846 cum
1800 2780 2060 2847 familiis
2124 2782 2292 2860 suis,
2344 2800 2603 2864 quarum
2665 2783 2942 2883 quelibet
2998 2782 3113 2847 ha-

388 2868 535 2932 beat
574 2870 636 2931 in
686 2873 870 2949 caput
918 2887 1025 2932 seu
1073 2868 1512 2933 conestabilem
1563 2889 1749 2933 unum
1800 2871 1865 2934 et
1911 2869 1996 2933 sit
2041 2869 2314 2947 venetuS,
2378 2871 2442 2932 et
2487 2869 2562 2934 de
2610 2869 2751 2934 alris
2813 2871 3118 2953 stipendi-

387 2956 533 3019 ariis
581 2975 766 3037 quam
814 2956 1022 3039 plures
1066 2956 1282 3020 haberi
1330 2957 1619 3038 poterunt
1663 2958 1868 3022 veneti
1913 2975 2055 3021 cum
2102 2956 2467 3034 conditione,
2516 2958 2676 3039 quod
2712 2977 2868 3021 unus
2914 2976 3120 3022 came-

388 3044 684 3107 rariorum
734 3045 809 3106 ad
859 3044 1064 3108 minus
1110 3053 1239 3108 tam
1281 3044 1355 3107 de
1402 3045 1502 3108 die
1548 3063 1731 3126 quam
1773 3045 1846 3109 de
1896 3046 2072 3108 nocte
2117 3047 2433 3108 remaneat
2479 3063 2723 3126 semper
2769 3044 2831 3108 in
2888 3046 3112 3111 castro.

387 3132 468 3194 Et
511 3133 562 3195 si
609 3150 720 3213 pro
772 3131 972 3196 officio
1024 3130 1351 3212 aliquando
1397 3133 1844 3196 neccessarium
1909 3136 2104 3210 esset,
2172 3149 2276 3196 eos
2338 3150 2469 3196 esse
2532 3131 2608 3196 de
2654 3132 2753 3195 die
2801 3133 2974 3197 extra
3018 3151 3121 3198 ca-

386 3222 583 3282 strum
631 3219 868 3308 ambos,
912 3237 1031 3283 non
1073 3220 1257 3301 pissit
1304 3220 1416 3283 hoc
1466 3220 1600 3284 fieri
1666 3219 1797 3284 sine
1860 3220 2114 3284 licentia
2176 3220 2457 3297 comitis,
2521 3219 2628 3302 qui
2689 3220 2751 3283 in
2799 3221 2920 3285 isto
2974 3239 3120 3286 casu

384 3308 670 3370 teneatur
719 3306 968 3372 mittere
1018 3325 1208 3374 unum
1262 3326 1516 3372 suorum
1567 3309 1870 3372 sociorum
1933 3307 1994 3371 in
2061 3308 2296 3384 castro,
2346 3307 2449 3389 qui
2514 3306 2634 3371 sibi
2697 3309 2902 3390 magis
2956 3309 3115 3373 fidus

390 3393 689 3472 videatur,
740 3394 848 3475 qui
895 3394 1097 3458 socius
1142 3398 1206 3459 et
1252 3394 1435 3460 ambo
1481 3395 1891 3460 conestabiles
1927 3396 1986 3459 in
2020 3397 2222 3459 castro
2254 3399 2633 3472 remaneant,
2682 3395 2875 3465 donec
2917 3395 3119 3461 redie-

392 3482 517 3545 rint
563 3481 882 3545 camerarii
931 3480 1029 3545 vel
1074 3482 1235 3545 alter
1280 3500 1511 3546 eorum.

470 3572 649 3631 Misti
699 3567 941 3632 XXVI.
991 3574 1092 3642 53,
1137 3590 1179 3631 u
1225 3573 1442 3632 arkivu
1485 3571 1844 3633 mletadkom.

801 3787 1102 3871 CCCX.
1157 3788 1364 3871 God.
1417 3789 1636 3873 1351.
1691 3790 1748 3870 4
1798 3789 2178 3889 trama,
2229 3810 2289 3868 u
2341 3787 2733 3870 Mletcih.

401 3913 713 3987 Unvaljena
758 3915 998 3988 posada
1057 3932 1100 3973 u
1154 3914 1379 3974 Zadru.
1462 3914 1665 3979 Ustica
1724 3915 1977 3975 izvicsca
2036 3913 2354 3988 biIJcinika
2411 3931 2454 3972 a
2523 3913 2816 3988 Uyarskoj
2867 3913 3004 3986 pise
3047 3931 3110 3973 se

387 4002 712 4074 aqam-hrt).
759 4003 982 4076 kraha,
1029 4003 1110 4061 da
1142 4003 1210 4075 ,je
1254 4002 1568 4076 republika
1627 4019 1908 4076 spremna
1963 4003 2262 4076 odpraviti
2305 4003 2463 4074 svoje
2498 4001 2815 4073 poslanike
2859 4019 2902 4059 u
2946 3999 3109 4075 Sem',

706 4090 788 4150 da
833 4107 894 4149 se
927 4094 993 4149 tu
1036 4107 1109 4150 ea
1155 4090 1490 4163 kraljevimi
1523 4091 1830 4163 poslanici
1875 4107 1907 4148 o
1955 4091 2279 4150 konadnom
2321 4090 2480 4148 miru
2526 4089 2821 4162 doyovore.

606 4226 795 4292 1351.
847 4227 1178 4293 indictione
1224 4228 1333 4306 IV,
1381 4228 1478 4292 die
1517 4228 1606 4293 IV
1651 4229 1887 4311 apriliS,
1936 4230 2150 4310 capta:
2220 4225 2378 4310 quod
2425 4244 2638 4290 omnes
2684 4223 2961 4307 pedites,
3011 4227 3116 4310 qui

384 4315 530 4378 sunt
571 4314 851 4394 Jadram,
898 4315 1272 4381 reducantur
1318 4318 1381 4380 in
1428 4315 1638 4380 decem
1685 4318 1750 4381 et
1795 4334 2013 4380 novem
2053 4314 2377 4380 banderias
2424 4317 2487 4377 et
2526 4312 2737 4377 decem
2787 4315 2852 4377 et
2889 4331 3113 4378 novem

388 4402 814 4481 conestabiles,
866 4403 1005 4467 aliis
1050 4404 1347 4482 cassatiS,
1413 4403 1778 4487 complendo
1843 4402 2184 4486 quamlibet
2246 4401 2606 4466 banderiam
2655 4399 2731 4463 de
2778 4400 3112 4482 peditibuS,

385 4507 501 4571 que
544 4489 628 4554 sit
671 4490 793 4569 ibi,
842 4490 1246 4575 intelligendo
1294 4490 1453 4575 quod
1500 4491 1765 4574 quilibet
1812 4490 2206 4555 conestabilis
2271 4489 2496 4553 habeat
2558 4487 2814 4569 duplam
2860 4506 3106 4571 pagam,

386 4577 458 4640 ut
500 4579 687 4643 moris
733 4578 848 4657 est,
911 4597 1106 4661 usque
1152 4581 1229 4643 ad
1273 4593 1595 4643 numerum
1644 4579 1732 4644 IV
1778 4581 2027 4642 centum
2064 4578 2344 4660 peditus;
2393 4580 2457 4641 et
2502 4575 2556 4638 si
2604 4593 2721 4639 non
2768 4576 2979 4658 posset
3023 4576 3112 4639 ibi

385 4662 588 4729 dictus
634 4685 926 4732 numerus
973 4667 1062 4732 IV
1110 4668 1358 4732 centum
1384 4666 1703 4751 compleri,
1752 4664 1977 4731 debeat
2024 4666 2122 4731 hic
2154 4663 2350 4743 micti,
2399 4664 2560 4746 quod
2583 4661 2791 4728 dictus
2815 4679 3110 4728 numerus

385 4752 468 4816 sit
514 4753 879 4837 completus,

452 4871 650 4923 spon.
698 4876 798 4924 111.
2784 4855 2868 4919 14
