3620 5282
3026 297 3148 365 175

437 475 646 540 volens
693 489 903 557 pacem
952 474 1015 538 et
1060 476 1238 555 pacta
1284 471 1348 537 et
1387 471 1819 539 conventiones
1874 472 1938 537 et
1996 473 2383 540 remissiones
2442 473 2758 556 generales
2825 476 2888 538 et
2942 475 3150 541 omnia

439 564 503 627 et
547 561 809 646 singula,
860 581 974 645 que
1020 560 1085 625 in
1129 561 1266 644 ipsa
1310 579 1459 644 pace
1506 579 1614 626 seu
1660 562 1720 625 in
1767 561 2196 627 instrumentis
2242 563 2439 646 ipsius
2482 562 2894 641 continentur,
2943 565 3152 629 obser-

437 669 600 730 vare,
648 651 831 716 factis
877 652 939 715 et
979 648 1239 714 firmatis
1305 668 1416 733 per
1460 650 1820 714 reverendos
1883 651 1947 715 in
2012 649 2259 715 Christo
2318 653 2525 734 patres
2582 649 2863 716 dominos
2927 652 3151 717 valen-

439 740 641 805 tinum
688 737 966 823 Quinque
1012 738 1439 803 ecclesiensem
1485 738 1869 802 decretorum
1892 739 2201 804 doctorem
2248 744 2312 804 et
2359 740 2623 805 Paulum
2652 737 3148 822 Zagrabiensem,

437 830 774 912 episcopos,
823 829 1259 909 procuratores,
1303 831 1559 903 actores,
1607 827 1857 891 nuntios
1903 827 1968 891 et
2010 827 2244 910 legatos
2289 827 2484 909 ipsius
2529 827 2906 893 serenissimi
2953 832 3017 893 et
3053 830 3151 893 in-

439 917 764 982 victissimi
812 914 1107 998 principis
1152 918 1216 980 et
1261 914 1493 980 domini
1539 913 1772 979 domini
1820 914 1981 998 regis
2050 915 2353 997 premissi,
2419 934 2559 981 cum
2622 915 2843 999 quibus
2904 917 3150 999 quidem

438 1006 786 1070 reverendis
833 1003 1097 1068 dominis
1140 1003 1444 1086 episcopis
1492 1005 1629 1067 erat
1670 1004 1733 1067 et
1778 1001 1899 1068 fuit
1947 1021 2193 1086 presens
2237 1004 2518 1088 egregius
2581 1003 2866 1069 dominus
2911 1003 3151 1070 Johan-

439 1113 545 1158 nes
593 1092 898 1158 Dominici
945 1091 1021 1157 de
1069 1091 1331 1156 Postoch
1380 1090 1560 1156 miles
1606 1090 1741 1155 aule
1788 1090 1976 1173 regie,
2048 1093 2152 1174 qui
2198 1110 2336 1156 cum
2386 1092 2568 1157 dictis
2622 1092 2889 1158 dominis
2934 1092 3153 1158 amba-

438 1163 777 1248 xiatoribus
824 1180 1025 1245 fuerat
1071 1182 1145 1244 ad
1192 1198 1284 1257 ea,
1335 1180 1496 1243 sicut
1561 1184 1977 1257 asseruerunt,
2041 1198 2148 1262 per
2208 1181 2436 1263 regiam
2493 1181 2882 1246 maiestatem
2943 1184 3152 1247 trans-

438 1271 668 1336 missus
714 1289 783 1334 ex
831 1288 951 1335 una
996 1271 1192 1352 parte,
1242 1270 1308 1332 et
1352 1267 1586 1331 nobiles
1630 1269 1695 1332 et
1738 1268 2044 1350 sapientes
2084 1269 2246 1334 viros
2290 1268 2568 1332 dominos
2601 1266 2960 1335 Zachariam
2994 1268 3153 1335 Con·

436 1361 669 1437 tareno,
696 1358 1041 1424 Johanuem
1090 1355 1429 1422 Gradonico
1475 1357 1538 1419 et
1580 1353 1947 1421 Michaelem
1993 1355 2363 1421 Mauroceno
2400 1358 2820 1438 procuratores
2889 1358 3144 1423 ecclesie

437 1448 634 1513 sancti
684 1446 900 1524 Marci,
949 1446 1112 1512 cives
1146 1444 1572 1520 veneciarum,
1619 1444 1909 1521 sindicos,
1956 1447 2395 1527 procuratoreS,
2423 1446 2679 1524 actoreS,
2721 1446 3151 1511 ambaxatores

438 1538 501 1601 et
550 1537 798 1601 nuntios
859 1534 1157 1617 speciales
1204 1532 1466 1597 illustris
1521 1534 1586 1596 et
1647 1531 1872 1596 excelsi
1918 1531 2147 1596 domini
2209 1532 2442 1597 domini
2501 1532 2745 1598 Andree
2807 1533 3151 1599 Contareno

438 1623 536 1689 dei
582 1625 789 1707 gratia
837 1622 1240 1688 veneciarum
1303 1620 1476 1685 ducis
1537 1619 1735 1684 incliti
1800 1621 1867 1684 et
1930 1621 2273 1685 communis
2335 1621 2740 1687 veneciarum
2801 1642 2873 1687 ex
2934 1623 3150 1696 altera,

436 1714 786 1777 interventu
854 1714 919 1775 et
984 1709 1400 1775 laudabilibus
1467 1708 1754 1790 operibus
1823 1708 2048 1772 excelsi
2113 1711 2178 1772 et
2223 1707 2486 1774 illustris
2554 1708 2846 1792 principis
2916 1710 3149 1775 domini

438 1800 698 1867 Amedei
755 1800 998 1865 comitis
1063 1797 1386 1899 Sabaudie,
1449 1814 1608 1861 anno
1660 1795 1894 1861 domini
1957 1793 2454 1874 MCCCLXXXI,
2515 1796 2846 1863 indictione
2913 1799 3150 1882 quarta,

438 1888 536 1954 die
604 1890 757 1955 iovis
824 1892 1040 1954 octavo
1102 1887 1329 1951 mensis
1393 1884 1640 1968 augusti
1703 1885 1971 1965 proxime
2006 1884 2321 1967 preterito
2383 1887 2441 1949 in
2508 1888 2713 1951 castro
2758 1887 3027 1965 Taurini,
3076 1889 3151 1952 de

437 1978 608 2043 cuius
658 1977 900 2061 quidem
948 1976 1115 2058 pacis
1158 1973 1588 2039 instrumentis
1633 1971 2025 2038 conficiendis
2070 1973 2338 2038 eiusdem
2387 1974 2615 2038 tenoris
2654 1974 2902 2040 fuerunt
2947 1976 3147 2058 rogati

436 2066 635 2131 notari
682 2063 1083 2146 infrascripti,
1131 2062 1418 2128 videlicet
1460 2060 1761 2128 ‚Iohannis
1806 2061 2131 2145 Ravaysiis
2168 2061 2537 2127 secretarius
2581 2062 2845 2128 illustris
2912 2063 3148 2129 domini

438 2153 683 2218 comitis
746 2152 1072 2229 Sabaudie,
1134 2150 1488 2215 Anthonius
1547 2149 1623 2213 de
1677 2147 2007 2214 Credentia
2069 2149 2347 2214 notarius
2409 2148 2767 2228 Januensis‚
2836 2151 3151 2217 Bandinus

439 2241 605 2307 filius
650 2239 877 2323 Angeli
924 2239 1149 2304 notarii
1193 2239 1266 2303 de
1300 2237 1516 2304 Brazis
1564 2236 1842 2302 notarius
1890 2236 2232 2316 PaduanuS,
2279 2237 2633 2302 Anthonius
2683 2240 2988 2322 quondam
3035 2239 3153 2305 Ni-

439 2329 597 2394 colai
643 2328 795 2393 olim
842 2347 940 2392 ser
983 2326 1313 2393 Guarnerii
1357 2326 1432 2391 de
1480 2325 1901 2407 Sonumbergo
1949 2326 2224 2390 notarius
2266 2326 2694 2406 Furlanorum,
2757 2330 2820 2393 et
2866 2328 2995 2392 Bon
3041 2327 3151 2393 Jo-

440 2416 658 2482 hannis
703 2418 778 2481 de
821 2414 1119 2482 Brixariis
1166 2415 1441 2480 notarius
1487 2413 1723 2479 ducalis
1769 2413 2205 2478 dominacionis
2249 2413 2669 2493 veneciarum,
2717 2434 2789 2490 ac
2833 2434 2948 2499 ego
2999 2415 3151 2482 Gal-

437 2524 631 2571 vanus
677 2505 950 2571 notarius
998 2502 1442 2585 infrascriptuS,
1514 2502 1688 2568 cuius
1729 2500 1995 2584 quidem·
2023 2503 2191 2586 pacis
2222 2504 2395 2567 tenor
2439 2521 2547 2585 per
2577 2504 2783 2568 omnia
2829 2505 2975 2569 talis
3021 2504 3150 2580 est;

437 2593 617 2676 (vide
664 2614 756 2661 nr.
803 2590 1094 2679 CCXLI.)
1141 2591 1375 2657 Deinde
1417 2590 1568 2656 haec
1614 2590 1897 2656 clausula
1942 2590 2248 2674 sequitur:

644 2684 878 2749 Idcirco
933 2679 1207 2765 prefatus
1242 2678 1704 2745 illustrissimus
1728 2679 1793 2743 et
1825 2679 2370 2745 excellentissimus
2393 2680 2678 2747 dominus
2701 2701 2803 2747 rex
2834 2681 3044 2764 sponte
3088 2683 3152 2746 et

436 2791 506 2836 ex
550 2776 720 2838 certa
763 2772 953 2837 animi
993 2769 1247 2834 scientia
1287 2772 1348 2831 et
1392 2784 1510 2831 non
1555 2786 1664 2850 per
1706 2785 1963 2831 errorem
2032 2769 2097 2831 et
2155 2769 2324 2833 omni
2375 2769 2572 2848 modo,
2635 2771 2786 2851 iure,
2830 2770 3027 2835 forma
3086 2771 3151 2834 et

437 2879 640 2938 causa,
680 2860 900 2943 quibus
947 2858 1170 2923 melius
1217 2857 1283 2920 et
1326 2854 1630 2920 efficatius
1676 2855 1881 2937 potuit
1925 2857 1989 2919 et
2036 2858 2257 2939 potest,
2306 2857 2437 2922 tam
2488 2858 2733 2923 nomine
2793 2876 2903 2923 suo
2965 2876 3147 2941 quam

436 2947 729 3014 heredum
776 2951 840 3013 et
885 2962 1306 3012 successorum
1354 2960 1600 3007 suorum
1647 2944 1711 3007 et
1754 2943 2027 3006 omnium
2074 2946 2138 3008 et
2175 2944 2556 3046 singulorum
2606 2947 2919 3025 baronum,
2974 2945 3151 3011 nobi-

440 3036 616 3112 lium,
661 3036 932 3101 fidelium
991 3035 1054 3099 et
1114 3032 1499 3099 subditorum
1562 3048 1892 3113 regnorum
1952 3048 2219 3108 suorum,
2283 3034 2480 3135 ipsam
2542 3052 2749 3136 pacem
2812 3037 2878 3099 et
2937 3052 3151 3135 supra·

439 3125 742 3206 scriptum
788 3122 1151 3207 capitulum,
1195 3123 1397 3205 pacta,
1445 3119 1892 3196 conventioneS,
1963 3117 2146 3183 finem
2207 3121 2271 3184 et
2328 3123 2748 3188 remissionem
2820 3124 2884 3188 et
2943 3123 3150 3187 omnia

440 3214 504 3277 et
548 3210 794 3296 singula
839 3211 901 3275 in
948 3210 1129 3276 dictis
1173 3227 1322 3294 pace
1368 3210 1433 3274 et
1478 3207 1748 3289 capitulo
1794 3226 1902 3271 seu
1948 3206 2372 3274 instrumentis
2418 3209 2611 3293 ipsius
2640 3209 2809 3294 pacis
2840 3213 3146 3288 contenta,

439 3302 501 3365 in
548 3300 868 3383 presencia
909 3298 1209 3363 nobilium
1271 3300 1336 3362 et
1393 3296 1781 3381 egregiorum
1845 3296 2110 3360 virorum
2173 3296 2558 3363 dominorum
2620 3298 2918 3364 Leonardi
2979 3299 3150 3364 Dan-

439 3387 581 3453 dulo
628 3391 692 3452 et
731 3388 979 3452 Fantini
1025 3384 1288 3469 Georgio
1333 3385 1604 3449 militum
1651 3383 2163 3459 ambaxiatorum,
2211 3385 2606 3465 sindicorum,
2666 3388 3148 3470 procuratorum,

439 3479 721 3542 actorum
767 3478 831 3539 et
876 3474 1232 3539 nuntiorum
1272 3473 1628 3556 specialium
1674 3472 1939 3555 predicti
1984 3471 2245 3537 illustris
2293 3476 2359 3538 et
2403 3474 2623 3540 excelsi
2685 3476 2911 3541 domini
2974 3476 3149 3542 ducis

440 3569 503 3631 et
546 3564 889 3631 communis
935 3561 1358 3640 veneciarum,
1402 3561 1488 3625 ibi
1534 3562 1930 3643 presentium,
1956 3560 2386 3660 stipulantium
2448 3565 2511 3627 et
2556 3563 2979 3647 recipientium
3043 3582 3151 3628 no-

440 3654 603 3719 mine
648 3652 869 3736 prefati
914 3650 1115 3715 incliti
1163 3650 1389 3716 domini
1439 3650 1612 3713 ducis
1659 3651 1720 3712 et
1764 3648 2106 3713 communis
2155 3648 2577 3729 veneciarum,
2636 3652 2714 3716 ad
2760 3652 2873 3716 hec
2917 3653 2981 3717 et
3024 3651 3149 3717 alia

439 3743 771 3807 exercenda
816 3738 1164 3824 specialiter
1210 3738 1702 3813 constitutorum,
1754 3741 1826 3801 ut
1870 3738 2115 3801 constat
2158 3737 2345 3802 michi
2392 3740 2627 3805 notario
2663 3740 2988 3805 stimotato
3040 3759 3150 3822 per

438 3830 740 3913 quoddam
787 3827 1106 3913 publicum
1152 3826 1630 3890 instrumentum
1678 3823 2013 3889 sindicatus
2062 3824 2370 3890 bullatum
2444 3826 2616 3893 bulla
2659 3827 2949 3912 plumbea
2996 3847 3151 3912 pen-

438 3919 607 3983 denti
652 3916 848 3998 ipsius
894 3915 1092 3981 incliti
1139 3912 1373 3979 domini
1420 3913 1590 3978 ducis
1636 3914 1700 3977 et
1742 3913 2041 3996 scriptum
2094 3933 2201 3996 per
2230 3914 2623 3981 Bonifacium
2667 3915 2969 4000 quondam
3015 3934 3147 3979 ma-

438 4006 620 4088 gistri
668 4003 915 4070 Contiui
961 4004 1035 4069 de
1081 4000 1444 4069 Marchesiis
1487 4003 1560 4065 de
1607 3999 1804 4085 Carpo
1851 4000 2167 4083 publicum
2225 4002 2531 4084 imperiali
2607 4004 2977 4069 auctoritate
3038 4021 3148 4067 no-

437 4094 667 4158 tarium
711 4095 774 4157 et
820 4095 1078 4157 ducatus
1125 4091 1526 4156 Veneciarum
1574 4089 1841 4153 scribam
1891 4087 2394 4168 MCCCLXXXI,
2450 4090 2783 4157 indictione
2843 4092 2986 4168 IIII,
3047 4091 3147 4156 die

435 4183 679 4248 sabbati
723 4181 781 4246 v
826 4182 1055 4245 mensis
1101 4180 1391 4256 octubris,
1440 4195 1479 4241 a
1524 4196 1623 4241 me
1669 4176 2060 4259 infrascripto
2107 4179 2344 4243 notario
2386 4178 2585 4244 visum
2632 4180 2697 4244 et
2739 4180 2999 4256 lectum3
3048 4199 3146 4245 ra-

436 4271 713 4345 tificavit,
776 4267 1392 4347 laudavit‚·admisit,
1463 4265 1842 4348 approbavit,
1912 4265 2296 4331 confirmavit
2363 4269 2427 4332 et
2492 4268 2882 4351 emologavit,
2960 4268 3146 4351 atque

431 4360 718 4437 ratificat,
764 4357 992 4435 laudat,
1041 4356 1338 4431 admittit,
1386 4355 1703 4438 approbat,
1753 4354 2077 4418 confirmat
2117 4356 2181 4419 et
2224 4355 2566 4439 emologat;
2621 4354 2991 4442 promittens
3036 4374 3147 4421 no-

431 4447 597 4513 mine
659 4464 768 4511 suo
813 4448 877 4510 et
920 4445 1215 4510 heredum
1279 4445 1343 4508 et
1395 4459 1807 4507 successorum
1868 4460 2141 4518 suorum,
2203 4461 2276 4507 ac
2320 4444 2593 4509 omnium
2654 4446 2719 4509 et
2763 4444 3145 4527 singulorum

431 4535 748 4613 baronum,
797 4533 1115 4612 nobilium,
1162 4532 1438 4598 fidelium
1484 4532 1548 4596 et
1591 4531 1982 4595 subditorum
2030 4537 2279 4595 suorum
2323 4549 2650 4616 regnorum
2705 4532 3144 4616 suprascriptis

432 4623 695 4689 dominis
740 4622 1056 4687 Leonardo
1104 4619 1386 4685 Dandulo
1453 4621 1517 4683 et
1578 4619 1842 4683 Fautino
1910 4616 2175 4700 Georgio
2242 4619 2570 4698 militibus,
2618 4619 3140 4697 ambaxatoribn8‚

429 4711 950 4796 procuratoribus,
997 4709 1311 4775 actoribus
1358 4710 1422 4773 et
1481 4706 1716 4772 nuntiis
1763 4705 2138 4789 specialibus
2200 4708 2527 4775 antedictis
2595 4725 2668 4775 ac
2731 4707 3142 4791 procuratorio
