3620 5282
530 330 659 394 448

531 508 711 569 caute
758 503 988 587 poterit
1032 503 1120 567 ire
1166 522 1305 568 cum
1358 503 1522 569 dicto
1571 506 1908 569 tractatore
1955 504 2033 568 ad
2093 505 2295 571 locum
2344 503 2792 588 deputandum,
2829 503 3122 568 faciendo
3159 502 3294 565 sibi

534 596 597 656 et
642 611 749 655 sue
795 591 1029 656 familie
1075 610 1368 672 expensas
1420 592 1816 666 necessarias,
1857 595 1922 656 et
1970 593 2056 656 ibi
2107 594 2481 674 presentatis
2556 592 2783 656 nostris
2856 592 3095 655 litteris
3168 609 3290 671 ap·

532 680 726 761 pertis
772 678 1250 742 credentialibus
1298 679 1480 742 dictis
1528 683 1825 760 quattuor
1872 680 2188 743 nobilibus
2228 698 2301 743 ac
2348 681 2514 743 facta
2560 678 2944 743 salutatione
3007 685 3074 741 et
3124 697 3286 740 con·

532 766 693 830 forto
741 765 1101 842 necessari0,
1150 767 1390 839 debeat,
1439 767 1759 829 retinendo
1804 768 2014 830 tamen
2059 766 2305 830 litteras
2355 765 2753 830 credinciales
2799 766 2966 847 apud
3037 784 3127 840 se,
3183 766 3280 828 eis

533 851 726 917 nostri
777 854 947 933 parte
993 851 1193 916 iacere
1239 853 1600 917 relationem
1652 854 1725 918 de
1771 854 1887 931 his,
1936 872 2053 935 que
2096 854 2272 918 nobis
2320 853 2539 917 retulit
2573 851 2778 917 dictus
2811 856 3122 915 tractator
3156 870 3276 933 pro

534 958 741 1003 eorum
791 943 984 1020 parte,
1036 940 1100 1002 et
1139 939 1433 1003 similiter
1478 942 1680 1003 dicere
1729 940 2149 1021 punctualiter
2197 941 2656 1022 responsionem
2728 944 2793 1002 et
2860 940 3068 1015 verba,
3147 957 3272 1020 que

535 1027 797 1090 diximus
844 1025 1008 1089 dicto
1055 1028 1311 1090 tractori
1361 1029 1551 1091 misso
1599 1046 1706 1108 per
1775 1045 1897 1103 eoa,
1969 1026 2198 1090 utendo
2270 1029 2434 1091 circa
2503 1027 2788 1090 effectum
2838 1027 3003 1089 dicte
3052 1032 3267 1089 nostre

534 1112 950 1194 responsionis
998 1113 1124 1177 illis
1174 1115 1369 1189 bonis,
1420 1113 1899 1194 pertinentibus,
1949 1114 2390 1178 amicabilibus
2436 1117 2500 1178 et
2537 1114 2838 1178 indutivis
2872 1115 3101 1187 verbis,
3145 1131 3266 1195 que

536 1201 693 1264 sciet
737 1203 801 1263 et
847 1200 1092 1281 poterit,
1142 1207 1210 1264 ut
1254 1201 1405 1264 dicti
1452 1204 1742 1282 quattuor
1790 1201 2033 1265 nobiles
2080 1202 2308 1264 nedum
2357 1202 2596 1265 babent
2639 1218 2894 1265 causam
2974 1219 3266 1281 perseve-

533 1286 708 1350 randi
744 1287 805 1349 in
854 1306 968 1351 sua
1011 1288 1409 1369 dispositione
1460 1289 1635 1352 nobis
1683 1287 2057 1370 significata,
2105 1288 2214 1351 sed
2239 1290 2432 1352 etiam
2470 1288 2709 1351 essendi
2742 1287 3150 1351 ferventiores
3183 1288 3260 1349 ad

532 1374 791 1450 factum,
840 1376 911 1437 ut
956 1376 1259 1456 possimus
1307 1376 1417 1439 deo
1465 1377 1834 1439 concedente
1881 1375 2161 1438 obtinere
2210 1379 2487 1439 nostram
2544 1374 2989 1453 intentionem;
3037 1378 3109 1437 et
3146 1392 3259 1438 au-

534 1462 666 1524 dita
713 1479 922 1525 eorum
974 1462 1361 1543 responsione
1409 1465 1473 1525 et
1517 1462 1647 1526 suis
1718 1461 1968 1525 motivis
2040 1466 2105 1525 et
2164 1464 2421 1542 accepta
2480 1462 2754 1544 plenaria
2817 1460 3258 1525 informatione

533 1550 612 1613 ab
660 1547 811 1628 ipsis
860 1548 1170 1612 nobilibus
1217 1548 1292 1611 de
1327 1550 1442 1624 die,
1494 1549 1645 1614 hora
1690 1553 1754 1612 et
1805 1548 1942 1613 loco
1975 1567 2046 1611 ac
2093 1548 2169 1612 de
2225 1550 2421 1626 modo,
2489 1548 2616 1626 ubi,
2684 1550 2924 1631 quando
2972 1551 3039 1612 et
3107 1566 3260 1628 quo-

536 1636 716 1698 modo
788 1636 995 1699 volent
1038 1637 1260 1700 ducere
1306 1637 1383 1699 ad
1432 1637 1856 1700 executionem
1904 1637 2140 1700 dictum
2215 1636 2558 1719 negocium,
2622 1639 2872 1718 accepto
2936 1635 3260 1699 amicabili

537 1723 842 1799 comeatu,
890 1723 1078 1799 dicat,
1113 1724 1272 1805 quod
1324 1725 1654 1787 revertitur
1698 1724 1773 1786 ad
1823 1724 2189 1787 avisaudum
2245 1725 2639 1805 capitaneum
2685 1725 2970 1786 nostrum
3044 1721 3261 1801 culpbi

534 1816 596 1874 et
639 1810 856 1892 gentes
904 1812 1148 1874 nostras
1196 1811 1269 1873 de
1315 1811 1628 1891 predictis,
1674 1809 1783 1891 qui
1822 1813 2003 1874 erunt
2048 1811 2244 1890 parati
2288 1813 2354 1874 et
2399 1811 2591 1892 presti
2634 1811 2968 1874 secundnm
3012 1809 3262 1873 ordines

514 1917 642 1978 ,per
685 1916 786 1961 eos
830 1897 1029 1960 datos.
1123 1896 1205 1960 Et
1250 1897 1362 1961 hoc
1409 1897 1574 1960 facto
1620 1897 1832 1961 subito
1879 1902 1942 1960 et
1988 1899 2117 1960 sine
2163 1914 2336 1961 mora
2368 1898 2713 1961 revertatur
2749 1898 2829 1960 ad
2862 1896 3256 1976 capitaneum

536 1986 820 2049 nostrum
868 1982 1078 2064 culphi
1123 1983 1202 2046 ad
1249 1982 1705 2049 informandum
1754 2001 1895 2047 eum
1947 1985 2019 2047 de
2065 1983 2373 2057 omnibuS,
2422 2002 2542 2065 que
2587 1983 2806 2048 fecerit
2851 1982 3259 2052 ethabuerit,

536 2073 601 2136 et
663 2072 737 2134 de
800 2071 1011 2134 ordine
1072 2071 1217 2134 dato
1283 2088 1390 2152 per
1451 2071 1646 2137 dictos
1720 2071 1977 2147 nobiles,
2024 2071 2125 2134 cui
2173 2071 2510 2151 capitaneo,
2557 2070 2612 2133 si
2659 2070 2942 2153 capietur
2992 2088 3102 2150 per
3146 2086 3261 2132 nos

536 2176 701 2239 pars,
743 2155 858 2221 fiet
901 2158 1114 2238 postea
1162 2158 1487 2222 commisio
1566 2176 1705 2221 cnm
1772 2158 2051 2240 predicta
2117 2156 2411 2221 libertate
2457 2154 2520 2220 et
2564 2157 2711 2233 alia,
2754 2175 2874 2238 que
2917 2156 3065 2221 huic
3110 2174 3266 2220 con-

538 2245 681 2308 silio
732 2244 1126 2309 videbuntur.

746 2347 865 2412 Sed
913 2348 1060 2430 quia
1106 2350 1316 2429 posset
1359 2341 1909 2432 occurrere‚'quod
1956 2349 2107 2413 dicti
2142 2350 2441 2430 quattuor
2470 2347 2706 2412 nobiles
2739 2351 3062 2412 moverent
3092 2348 3264 2412 dicte

538 2454 813 2520 persone,
861 2455 977 2517 que
1024 2437 1311 2500 mittetur
1358 2455 1466 2519 pro
1513 2437 1725 2499 nostra
1775 2441 1970 2517 parte,
2018 2436 2226 2512 verba,
2274 2454 2383 2516 per
2427 2455 2548 2517 que
2592 2436 2731 2516 ipsa
2780 2453 3039 2515 persona
3085 2435 3261 2499 vide-

537 2528 636 2589 ret
682 2526 749 2589 et
795 2523 1357 2603 comprehenderet,
1406 2524 1563 2605 quod
1610 2523 1795 2587 dictis
1842 2523 2153 2588 nobilibus
2201 2523 2516 2586 videretur
2562 2522 2909 2586 necessario
2955 2522 3053 2586 vel
3101 2521 3261 2585 utile

538 2630 646 2694 pro
692 2612 849 2677 bona
894 2610 1251 2676 executione
1298 2610 1479 2675 huius
1526 2613 1851 2688 tractatuS,
1902 2609 2061 2692 quod
2108 2609 2419 2692 aliquibus
2488 2607 2631 2673 aliis
2702 2608 3016 2675 nobilibus
3060 2609 3256 2676 Jadre

538 2699 1012 2782 promitteretur
1056 2699 1265 2774 etiam,
1313 2699 1468 2780 quod
1516 2716 1650 2763 esse
1695 2699 1961 2762 debeant
2029 2699 2221 2761 nostri
2293 2697 2529 2761 nobiles
2589 2697 2753 2761 cives
2800 2698 2866 2760 et
2915 2700 2987 2760 de
3034 2702 3250 2761 nostro

540 2786 757 2851 maiori
804 2785 1080 2862 consilio,
1128 2788 1277 2849 tunc
1322 2784 1510 2848 habet
1547 2785 1904 2849 libertatem
1951 2785 2118 2848 dicta
2163 2802 2440 2865 persona,
2490 2801 2606 2866 que
2655 2784 2959 2855 mittetur,
2993 2783 3261 2848 faciendi

538 2892 649 2955 pro
697 2874 868 2954 parte
916 2875 1125 2935 nostra
1170 2872 1397 2935 dictam
1449 2873 1913 2951 promissionem
1962 2889 2155 2952 usque
2199 2889 2521 2936 numerum
2595 2871 2671 2935 de
2737 2870 2827 2934 VI
2891 2871 3056 2936 ultra
3101 2871 3251 2935 illos

540 2962 829 3042 quattuor
868 2977 1007 3021 cum
1056 2960 1183 3022 suis
1230 2959 1577 3033 heredibus,
1625 2960 1697 3022 ut
1739 2976 1857 3023 non
1915 2961 2126 3033 restet,
2178 2960 2416 3040 quando
2465 2957 2661 3039 possit
2706 2957 2973 3022 intentio
3037 2963 3255 3021 nostra

539 3048 819 3128 predicta
862 3045 1162 3124 obtineri3
1211 3047 1280 3109 ed
1335 3046 1386 3108 si
1432 3048 1624 3108 maior
1671 3064 1961 3109 numerus
2006 3045 2306 3109 nobilium
2354 3044 2546 3109 Jadre
2591 3047 2840 3125 petetur
2897 3064 3006 3126 per
3051 3046 3256 3109 dictos

542 3136 836 3216 quattuor
882 3133 1135 3209 nobiles,
1185 3131 1346 3213 quod
1394 3133 1614 3196 fierent
1658 3134 1733 3197 de
1781 3136 1992 3196 nostro
2041 3132 2251 3195 maiori
2301 3133 2555 3196 consilio
2617 3131 2717 3194 vel
2785 3132 2909 3195 alia
2970 3130 3138 3197 facta
3186 3135 3258 3196 et

539 3220 975 3306 promissiones
1020 3237 1126 3300 pro
1171 3219 1325 3301 ipsis
1371 3220 1680 3284 nobilibus
1724 3219 1917 3285 Jadre
1963 3218 2060 3282 vel
2107 3236 2214 3300 pro
2262 3219 2484 3300 populo
2528 3216 2716 3282 Jadre
2763 3218 2858 3282 vel
2908 3238 3013 3300 per
3056 3218 3255 3283 alium

540 3309 814 3381 modum,
879 3308 1095 3370 debeat
1166 3308 1331 3370 dicta
1390 3325 1665 3387 persona,
1733 3326 1851 3388 que
1906 3308 2213 3383 mittetur,
2273 3306 2417 3369 dare
2465 3306 2553 3369 eis
2597 3305 3014 3386 largissimam
3056 3325 3258 3388 spem,

542 3397 700 3479 quod
750 3394 1067 3458 invenient
1111 3397 1388 3457 nostrum
1438 3394 1772 3457 dominium
1808 3394 2340 3474 promptissimum
2375 3396 2438 3455 et
2469 3395 2756 3474 paratum
2789 3394 2861 3456 ad
2902 3393 3257 3457 faciendum

542 3483 768 3558 omnia,
818 3499 933 3562 que
986 3481 1112 3543 sint
1157 3482 1402 3544 honoris
1450 3484 1515 3544 et
1562 3481 1704 3544 boni
1752 3480 2175 3563 principaliter
2221 3480 2528 3542 dictorum
2593 3484 2883 3560 quattuor
2953 3481 3255 3545 nobilium

545 3572 612 3634 et
660 3569 952 3633 similiter
998 3566 1256 3630 aliomm
1307 3568 1607 3632 nobilium
1656 3571 1721 3630 et
1765 3568 1964 3631 tocius
2038 3565 2246 3647 populi
2301 3567 2488 3631 Jadre
2558 3566 2647 3629 ita
2692 3572 2754 3629 et
2799 3561 3031 3643 taliter,
3097 3568 3259 3649 quod

539 3657 861 3722 habebunt
907 3656 1130 3719 merito
1175 3653 1415 3718 laudari
1464 3658 1527 3718 et
1578 3656 1919 3719 contentari
1967 3653 2042 3717 de
2088 3657 2299 3717 nostro
2345 3652 2633 3729 dominio,
2679 3654 3045 3730 excusando,
3094 3655 3259 3736 quod

542 3767 659 3812 non
712 3742 1027 3826 potuimus
1077 3743 1276 3822 magis
1327 3741 1782 3823 particulariter
1828 3741 2146 3822 providere
2192 3757 2300 3804 nec
2350 3742 2492 3804 dare
2526 3741 2880 3805 libertatem
2916 3742 3077 3805 dicte
3111 3761 3258 3822 per·

541 3853 684 3898 sone
729 3852 837 3914 per
884 3848 993 3893 nos
1039 3832 1244 3905 misse,
1295 3848 1478 3910 quam
1528 3848 1645 3893 non
1682 3832 2033 3910 poteramus
2074 3830 2254 3904 scire,
2305 3845 2487 3910 super
2529 3827 2751 3910 quibus
2796 3828 2939 3892 aliis
2985 3828 3260 3892 habeba·

543 3941 684 3986 mus
733 3918 1050 4001 providere
1092 3917 1209 3980 nisi
1258 3935 1442 3997 super
1485 3916 1603 3993 his,
1652 3935 1770 3997 que
1815 3916 2019 3979 dictus
2066 3915 2369 3980 tractator
2413 3934 2522 3996 per
2570 3917 2735 3998 ipsos
2802 3915 3027 3980 missus
3076 3916 3255 3979 nobis
3302 3938 3309 3942 <

543 4010 670 4073 fuit
712 4004 1095 4087 expositum,
1144 4007 1209 4066 et
1254 4022 1391 4066 cum
1441 4003 1538 4066 his
1585 4005 1650 4066 et
1710 4003 1850 4066 aliis
1925 4003 2097 4065 bonis
2175 4002 2373 4068 verbis
2416 4005 2480 4065 et
2525 4002 2736 4084 ampla
2778 4020 2887 4084 spe
2935 4006 3249 4083 procuret,

545 4095 706 4177 quod
756 4095 946 4157 bonus
992 4098 1056 4154 et
1099 4089 1368 4154 salubris
1416 4090 1561 4153 ordo
1608 4091 1787 4153 detur
1831 4090 2010 4153 dictis
2055 4089 2348 4173 negociis,
2397 4089 2487 4154 ita
2531 4091 2689 4172 quod
2733 4089 2975 4172 possint
3009 4088 3260 4154 favente

541 4182 753 4247 divina
813 4181 1017 4262 gratia
1061 4179 1287 4242 habere
1334 4169 1579 4242 bonam
1605 4176 2077 4253 conclusionem,
2140 4181 2205 4241 et
2267 4178 2428 4241 sicut
2494 4178 2732 4242 dictum
2792 4181 2887 4241 est
2948 4178 3257 4260 superius,

546 4270 774 4346 omnia,
818 4281 941 4348 que
990 4265 1205 4330 fecerit
1243 4266 1308 4327 et
1353 4264 1655 4335 habuerit,
1703 4265 1903 4329 dicere
1947 4264 2166 4327 debeat
2211 4267 2422 4328 nostro
2491 4264 2802 4345 capitaneo
2871 4264 3126 4348 culpby,
3190 4267 3255 4329 et

545 4356 931 4421 informando
977 4371 1104 4429 nos,
1154 4355 1486 4434 exeguatur
1531 4352 1915 4426 mandatum,
1964 4352 2124 4431 quod
2170 4350 2469 4414 faciemus
2513 4352 2830 4432 capitaneo
2877 4356 3084 4414 nostro
3129 4351 3261 4416 cul-

544 4446 696 4526 pby.
747 4442 829 4504 Et
874 4459 946 4502 ex
998 4458 1159 4503 nunc
1208 4440 1526 4502 ordinetur
1574 4440 1637 4501 et
1682 4439 1935 4519 captum
1985 4438 2088 4514 sit,
2135 4437 2295 4520 quod
2341 4440 2584 4500 tantum
2633 4438 3016 4518 prestissime
3062 4457 3257 4520 quan-

548 4539 683 4595 tum
738 4547 872 4592 esse
921 4529 1128 4609 potest
1178 4526 1345 4588 mitti
1392 4525 1615 4588 debeat
1662 4543 1784 4587 una
1835 4524 2061 4587 barcha
2106 4528 2351 4588 armata
2394 4524 2471 4588 ad
2517 4527 2722 4606 partes
2788 4524 2972 4588 Istiie
3033 4528 3110 4588 ad
3159 4544 3262 4589 ex·

549 4617 924 4698 pectendum
971 4617 1034 4677 et
1071 4611 1508 4677 inveniendum
1556 4613 1787 4676 dictum
1838 4610 2229 4694 capitaneum
2279 4611 2507 4693 culphy
2551 4614 2616 4675 et
2663 4612 2862 4674 dictas
2906 4610 3063 4675 alias
3108 4613 3261 4676 duas

547 4703 779 4790 galeas,
823 4700 1044 4782 quibus
1092 4701 1156 4764 et
1199 4700 1454 4765 cuilibet
1497 4717 1703 4764 eorum
1750 4718 1860 4780 per
1883 4699 2138 4768 ,nostras
2160 4698 2373 4764 littera
2419 4698 2780 4781 triplicatae,
2816 4715 2999 4762 unam
3036 4698 3260 4762 dimit-
