3620 5282
522 286 680 362 ‘322

554 473 629 538 ad
690 471 923 536 dictam
984 467 1297 534 dominam
1344 470 1769 552 spectantibus
1832 471 1895 535 et
1956 471 2422 553 pertinentibus
2484 472 2702 537 dantes
2747 476 2811 538 et
2857 469 3256 536 concedantes

554 561 748 626 eidem
796 558 1041 623 domino
1088 559 1227 622 duci
1274 559 1337 622 et
1381 576 1491 623 suo
1527 560 1815 636 domini0,
1864 560 2174 640 deputatis
2208 559 2304 624 vel
2340 560 2708 643 deputandis
2739 562 2819 626 ab
2866 561 2954 623 eis
3013 557 3257 641 plenam

553 648 886 725 licentiam,
934 647 1324 711 autoritatem
1374 648 1436 711 et
1481 646 1732 711 bailiam
1776 646 2072 728 intrandi,
2107 648 2597 731 apprehendendi
2645 651 2709 714 et
2738 648 2988 714 tenendi
3018 665 3257 729 posses-

555 738 785 801 sionem
835 738 898 800 et
942 735 1114 818 quasi
1159 735 1311 798 dicti
1370 735 1559 798 castri
1586 739 1649 800 et
1680 736 1956 799 omnium
1990 735 2235 814 iurium,
2269 736 2688 817 fotiliciarum,
2724 736 3254 820 pertinentiarum,

554 823 1041 900 iurisdicionum,
1089 822 1541 887 territoriorum
1590 828 1653 887 et
1699 823 2007 888 redituum
2056 824 2185 888 eius
2232 824 2424 889 etiam
2466 827 2713 908 propria
2758 826 3088 890 autoritate
3121 824 3256 888 sine

552 912 803 977 licentia
848 911 1110 976 alicuius
1157 913 1569 994 quincumque
1617 913 1870 982 eisdem,
1898 913 2132 978 videbit
2176 914 2240 976 et
2284 913 2572 995 placebit,
2607 914 2870 978 subditis
2901 913 3069 978 illius
3103 913 3256 976 rati-

553 1019 729 1065 onem
801 1004 864 1065 et
924 999 1233 1065 iusticiam
1299 999 1723 1064 ministrando.
1805 999 1898 1064 Ac
1955 1002 2228 1065 volentes
2276 1003 2340 1066 et
2381 1002 2810 1083 promittentes
2851 1021 2957 1084 per
3005 1002 3257 1080 pactum

553 1107 928 1171 expressum,
977 1088 1138 1171 quod
1186 1088 1354 1153 dicta
1416 1089 1646 1153 ducalis
1706 1088 2048 1153 dominatio
2114 1090 2309 1172 possit
2367 1093 2428 1153 et
2489 1092 2695 1155 valeat
2730 1109 2940 1155 omnes
3001 1090 3253 1164 fructuS,

554 1176 880 1255 utilitates„
907 1176 1202 1253 redditus,
1239 1175 1527 1241 introitus
1553 1181 1615 1240 et
1634 1180 1967 1258 proventus
1993 1177 2143 1241 dicti
2161 1179 2372 1255 castri,
2402 1179 2628 1243 iurium
2649 1182 2714 1243 et
2738 1178 3256 1261 pertinentiarum

554 1265 771 1347 ipsius„
820 1265 1208 1347 quicumque,
1251 1266 1727 1346 quanticumque
1774 1266 1838 1329 et
1885 1266 2432 1348 quotienscumque
2479 1268 2605 1331 sint
2648 1286 2684 1330 a
2728 1267 2846 1343 die,
2896 1284 3013 1348 qua
3058 1266 3257 1330 intra-

554 1352 714 1418 verit
760 1353 823 1417 et
869 1353 1169 1433 receperit
1215 1371 1320 1416 seu
1362 1352 1580 1417 intrari
1628 1355 1692 1416 et
1739 1352 1925 1435 recipi
1972 1354 2185 1418 fecerit
2218 1356 2420 1435 ipsum
2468 1359 2741 1419 castrum
2791 1359 2854 1419 et
2899 1354 3028 1417 eius
3075 1356 3256 1417 tenu-

553 1443 706 1518 tam,
754 1442 826 1506 ut
867 1442 1101 1505 dictum
1149 1444 1265 1517 est,
1313 1441 1555 1516 habere,
1604 1442 1832 1518 tenere,
1878 1442 2141 1524 gaudere
2189 1445 2253 1506 et
2317 1443 2639 1522 possidere,
2701 1443 3011 1508 fructuare
3078 1445 3143 1505 et
3187 1442 3256 1505 in

555 1549 699 1595 suos
743 1548 888 1593 usus
933 1532 1288 1594 convertere
1334 1530 1397 1591 et
1443 1548 1663 1612 ponere
1711 1549 1818 1611 pro
1865 1530 2043 1595 libito
2089 1531 2447 1608 voluntatis,
2508 1551 2616 1613 pro
2689 1534 2756 1595 ut
2801 1536 2865 1595 et
2909 1532 3070 1594 sicut
3117 1530 3256 1612 ipsa

558 1618 810 1683 domina
855 1616 1165 1682 comitissa
1213 1618 1506 1681 hactenus
1553 1617 1788 1695 habuit,
1839 1619 2043 1682 tenuit
2087 1623 2150 1682 et
2194 1619 2394 1682 facere
2439 1621 2661 1702 potuit,
2724 1619 2937 1693 libere,
3001 1619 3256 1700 pacifice

555 1708 621 1773 et
664 1706 868 1789 quiete
914 1705 1151 1770 tamdiu
1199 1707 1263 1769 et
1308 1704 1497 1769 donec
1542 1705 1739 1769 eidem
1785 1707 1991 1770 ducali
2038 1706 2437 1771 dominationi
2508 1707 2817 1783 restituta,
2882 1707 3046 1783 data,
3122 1711 3253 1769 tra-

556 1795 687 1860 dita
732 1795 798 1859 et
842 1794 1160 1877 assignata
1205 1793 1392 1857 fuerit
1440 1795 1571 1857 tota
1616 1797 2071 1877 supracscripta
2116 1796 2428 1878 quantitas
2475 1796 2681 1860 decem
2747 1796 3018 1859 millium
3065 1793 3253 1858 duca-

548 1885 778 1949 torum.
871 1881 1299 1947 Promiserunt
1342 1881 1590 1963 insuper
1635 1883 1929 1963 sepedicti
1984 1888 2423 1964 procuratoreS,
2474 1884 2917 1948 ambasiatores
2951 1889 3013 1946 et
3043 1882 3250 1946 nuncii

548 1971 858 2036 antedicto
922 1970 1167 2035 domine
1242 1970 1558 2034 comitisse
1604 1988 1716 2033 suo
1763 1971 2056 2034 heredum
2107 1976 2169 2036 et
2216 1990 2635 2036 successorum
2707 1990 2955 2036 suorum
3004 1971 3253 2036 nomine

548 2079 657 2143 per
701 2060 1038 2123 solemnem
1090 2058 1550 2139 stipulationem
1598 2058 1879 2141 legitime
1926 2060 2356 2142 interpositam
2422 2060 2737 2124 defendere
2769 2062 2832 2124 et
2868 2062 3253 2142 guarentare,

550 2147 895 2212 autorizare
956 2148 1020 2211 et
1075 2144 1418 2228 disbrigare
1464 2146 1631 2210 dicto
1674 2147 1916 2211 domino
1963 2148 2102 2211 duci
2146 2150 2209 2213 et
2257 2167 2366 2212 suo
2411 2147 2682 2213 dominio
2715 2150 2918 2230 ipsum
2974 2149 3248 2211 castrum

551 2236 875 2317 Raspurch
898 2253 1038 2299 cum
1064 2234 1351 2298 omnibus
1379 2237 1442 2297 et
1467 2234 1729 2316 singulis
1761 2235 2020 2315 iuribuS,
2042 2235 2559 2313 iurisdicionibuS,
2581 2236 3022 2311 usufructibuS,
3051 2236 3256 2300 reddi-

549 2324 720 2388 tibus
748 2326 812 2388 et
836 2322 1163 2387 territoriis
1216 2323 1343 2386 suis
1367 2323 1445 2387 ab
1470 2322 1635 2386 omni
1666 2321 1931 2400 domino,
1959 2325 2298 2400 communi,
2327 2324 2586 2407 collegio
2612 2327 2675 2389 et
2722 2324 3147 2402 universitate,
3183 2342 3254 2386 ac

549 2412 827 2495 qualibet
870 2411 993 2476 alia
1018 2428 1275 2492 persona
1306 2411 1380 2474 de
1406 2412 1647 2486 mundo,
1696 2410 2097 2493 inquietante,
2153 2413 2547 2494 perturbante
2595 2413 2689 2476 vel
2739 2411 3112 2476 molestante
3145 2413 3251 2476 aut

550 2499 910 2583 inquietare,
958 2499 1316 2580 perturbare
1359 2499 1458 2564 vel
1504 2497 1833 2563 molestare
1880 2499 2120 2564 volente
2169 2502 2369 2582 ipsum
2429 2504 2494 2565 et
2553 2519 2734 2565 suum
2798 2501 3144 2565 dominium
3188 2500 3248 2562 in

548 2586 801 2670 pacifica
846 2588 1227 2670 possessione
1273 2586 1466 2670 ipsius
1514 2586 1701 2651 castri
1749 2605 1822 2651 ac
1869 2588 2355 2653 usufructatione
2402 2589 2711 2654 redituum
2743 2591 2807 2654 et
2838 2591 3249 2671 proventuum

549 2677 701 2741 eius·
788 2677 872 2740 Et
918 2676 971 2740 si
1016 2676 1131 2739 hoc
1177 2695 1295 2741 non
1343 2675 1630 2753 facerent,
1681 2679 1744 2739 et
1793 2680 2107 2757 propterea
2149 2678 2279 2760 ipse
2326 2679 2611 2742 dominus
2658 2680 2780 2742 dux
2827 2682 2892 2742 et
2922 2697 3099 2742 suum
3144 2677 3254 2740 do-

549 2765 815 2829 minium
859 2764 1202 2846 reciperent
1248 2765 1345 2831 vel
1391 2765 1751 2846 paterentur
1796 2764 2040 2846 aliquod
2087 2768 2398 2839 damnum,
2433 2767 2857 2848 quodcumque
2887 2766 3059 2843 foret,
3094 2765 3252 2848 quod

552 2857 701 2917 tunc
746 2854 879 2935 ipsa
924 2852 1173 2917 domina
1219 2854 1555 2929 comitissa,
1604 2853 1857 2917 heredes
1905 2858 1968 2915 et
2014 2873 2393 2918 successores
2439 2856 2533 2918 sui
2568 2858 2894 2918 emendare
2929 2856 3255 2919 teneantur

550 2942 669 3025 ipsi
708 2942 952 3005 domino
1000 2940 1141 3005 duci
1187 2944 1249 3005 et
1295 2959 1406 3005 suo
1451 2940 1721 3005 dominio
1768 2941 2063 3006 damnum
2109 2944 2450 3023 predictum
2509 2943 2895 3025 integraliter
2941 2945 3006 3006 et
3049 2944 3111 3005 in
3159 2944 3256 3005 to-

529 3031 706 3104 ·tum,
755 3029 1052 3094 credendo
1101 3027 1367 3111 simplici
1438 3029 1620 3093 verbo
1681 3047 1792 3094 suo
1862 3030 1993 3095 sine
2055 3034 2440 3094 sacramento
2513 3031 2608 3095 vel
2675 3031 2800 3095 alia
2871 3030 3252 3112 probatione.

553 3117 858 3184 Similiter
903 3118 1091 3183 etiam
1135 3118 1334 3181 dictus
1380 3117 1635 3182 inclitus
1678 3118 1961 3181 dominus
2032 3119 2151 3182 dux
2211 3120 2275 3182 et
2336 3138 2514 3182 suum
2577 3119 2940 3194 dominium,
2990 3118 3252 3182 solemni

551 3206 954 3290 stipulatione
998 3205 1381 3287 interposita,
1430 3204 1847 3286 promiserunt
1893 3206 2324 3288 suprascriptis
2373 3207 2892 3289 procuratoribuS,
2943 3205 3255 3271 ambasia-

549 3295 788 3359 toribus
836 3295 901 3359 et
945 3294 1184 3358 nunciis
1231 3294 1392 3359 dicte
1438 3293 1680 3358 domine
1725 3295 2042 3358 comitisse
2089 3294 2530 3375 stipulantibus
2578 3299 2641 3360 et
2670 3295 3109 3377 recipientibus
3144 3313 3255 3357 no-

547 3381 715 3446 mine
762 3399 882 3465 quo
922 3400 1127 3464 supra,
1175 3383 1238 3446 et
1276 3383 1392 3447 hoc
1437 3399 1717 3463 expresse
1752 3382 2100 3447 volentibus
2135 3388 2197 3446 et
2229 3383 2700 3465 requirentibus,
2735 3383 2892 3465 quod
2927 3383 3251 3465 quociens-

546 3488 810 3553 cumque
850 3475 913 3534 et
950 3470 1358 3554 quincumque
1419 3488 1527 3552 per
1587 3471 1819 3534 dictam
1888 3470 2199 3535 dominam
2259 3472 2641 3535 comitissam
2691 3473 2878 3535 donec
2925 3471 3145 3535 vixerit
3190 3474 3258 3535 et.

546 3562 684 3640 post
730 3561 993 3622 mortem
1038 3558 1168 3622 eius
1203 3578 1309 3641 per
1355 3558 1608 3623 heredes
1656 3560 1719 3622 et
1763 3577 2147 3624 successores
2193 3577 2331 3623 suos
2380 3559 2720 3642 legittimos
2768 3578 2839 3624 ac
2883 3577 3092 3624 eorum
3143 3557 3257 3622 he-

546 3646 721 3710 redes
768 3665 839 3710 ex
883 3645 1036 3729 ipsis
1081 3646 1408 3711 heredibus
1454 3648 1584 3712 suis
1631 3646 1941 3730 legittime
2007 3646 2535 3722 descendentibus,
2571 3652 2635 3713 et
2681 3648 2734 3711 si
2765 3649 2896 3712 sine
2919 3647 3255 3711 heredibus

545 3732 896 3812 deficerent,
945 3753 1051 3815 per
1119 3735 1476 3817 magnificos
1544 3737 1607 3799 et
1667 3739 1950 3819 potentes
2018 3736 2297 3799 dominos
2345 3737 2602 3800 comites
2649 3736 2984 3801 Henricum
3036 3737 3098 3798 et
3141 3734 3256 3799 Jo-

545 3823 810 3887 hannem
861 3821 1271 3906 Maynardum
1318 3822 1538 3888 fratres
1585 3842 1729 3887 suos
1776 3828 1838 3887 et
1882 3842 2021 3888 suos
2067 3824 2341 3901 1101011οε,
2391 3829 2498 3888 aut
2559 3825 2717 3899 11100,
2767 3824 2886 3905 qui,
2940 3822 3259 3887 defficien-

548 3911 718 3976 tibus
764 3911 1048 3975 omnibus
1097 3910 1489 3992 supradictis„
1553 3912 1916 3977 sucederent
1976 3930 2084 3994 per
2145 3915 2591 3977 testamentum
2656 3911 2751 3976 vel
2813 3911 2891 3974 ab
2954 3912 3254 3975 intestato

547 3999 667 4082 ipsi
699 4000 946 4064 domine
994 3999 1172 4063 Anne
1219 4000 1533 4064 comitisse
1592 4001 1719 4064 dati
1763 4003 1827 4065 et
1884 4001 2179 4076 restituti,
2250 4000 2463 4064 traditi
2526 4004 2589 4064 et
2656 4001 2953 4083 assignati
3016 3999 3257 4063 fuerint

550 4087 671 4171 ipsi
715 4087 963 4153 domino
1012 4088 1151 4152 duci
1199 4089 1262 4151 et
1302 4106 1409 4151 suo
1470 4088 1736 4152 dominio
1798 4088 1862 4151 in
1933 4089 2183 4157 civitate
2250 4088 2644 4152 Venetiarum
2714 4087 2973 4170 predicti
3035 4089 3250 4151 decem

545 4175 751 4241 millia
794 4176 999 4241 ducati
1050 4175 1190 4239 boni
1238 4176 1369 4239 auri
1441 4181 1505 4239 et
1561 4176 1714 4240 iusti
1780 4178 2086 4258 ponderiS,
2157 4178 2220 4243 et
2282 4176 2445 4240 facta
2507 4176 2811 4240 satisfatio
2867 4180 2929 4238 et
2991 4177 3253 4240 emenda

544 4264 772 4342 damni,
818 4264 872 4328 si
917 4263 1061 4346 quid
1118 4265 1178 4327 111
1227 4282 1368 4328 casu
1437 4262 1854 4347 suprascripto
1916 4264 2381 4348 inquietationis
2444 4265 2541 4329 vel
2610 4263 3087 4346 perturbationis
3133 4263 3250 4327 ali-

546 4352 814 4435 qualiter
858 4350 1273 4423 sustulissent,
1322 4353 1469 4416 tuno
1514 4352 1765 4429 dabunt,
1817 4353 2146 4417 restituent
2190 4356 2254 4416 et
2299 4352 2705 4436 resignabunt
2740 4355 2849 4415 aut
2877 4350 3031 4427 dari,
3067 4352 3255 4414 resti-

546 4438 664 4517 tui,
713 4441 775 4504 et
819 4440 1123 4523 resignari
1169 4439 1403 4504 facient
1448 4438 1679 4504 eisdem
1745 4445 1854 4504 aut
1915 4442 2042 4504 suis
2106 4442 2600 4523 procuratoribus
2665 4439 2994 4523 legittimis
3056 4440 3253 4502 libere

546 4527 611 4591 et
659 4526 793 4591 sine
838 4526 968 4591 ulla
1013 4527 1464 4592 contradicione
1509 4527 1745 4593 dictum
1793 4529 2068 4593 castrum
2119 4529 2440 4610 Raspuroh
2482 4548 2623 4593 cum
2668 4527 2950 4591 omnibus
3014 4529 3078 4591 et
3124 4527 3257 4590 sin-

544 4614 711 4697 gulis
757 4614 1032 4694 edificiis,
1083 4614 1416 4692 fortiliciis‘,
1460 4615 1791 4680 territoriis
1837 4621 1901 4680 et
1945 4618 2356 4698 pertinentiis,
2407 4617 2664 4691 1111111110,
2730 4614 3251 4691 iurisdicionibuS,

543 4702 884 4768 redditibus
928 4705 993 4768 et
1032 4704 1430 4787 proventibus
1475 4704 1626 4784 eius,
1675 4703 1764 4769 ita
1807 4704 1967 4786 quod
2013 4706 2086 4768 de
2131 4705 2260 4769 illis
2308 4705 2594 4772 totaliter
2624 4705 2771 4770 foris
2804 4706 3003 4768 erunt.
3048 4702 3256 4781 Quare
