3620 5282
3035 372 3116 437 19

380 542 851 626 possessionum
914 560 1012 606 ser
1062 541 1287 607 Marini
1337 542 1412 607 de
1461 542 1797 607 Carnaruto
1844 544 2131 607 oretenus
2179 541 2349 622 dixit,
2398 543 2558 625 quod
2618 545 2921 610 habuerat
2980 566 3121 613 con-

384 632 596 694 silium
644 648 785 694 cum
834 628 1040 694 Slavis
1088 630 1418 713 aliquibuS,
1476 630 1577 714 qui
1626 630 1938 703 dicebant,
2002 631 2159 712 quod
2225 650 2431 696 comes
2473 629 2807 714 Gregorius
2871 635 3121 699 tenebat

386 722 451 782 et
490 718 850 800 possidebat
896 718 1133 799 aliquas
1180 718 1363 783 villas
1399 719 1462 783 et
1509 718 1924 801 possessiones
1972 717 2048 782 de
2092 718 2240 795 suis,
2289 737 2407 802 quo
2455 720 2700 784 nomine
2747 721 3120 787 devenerant

312 808 337 823 ‘
385 807 460 869 ad
511 825 731 870 manus
779 806 1007 869 domini
1069 807 1251 887 regia,
1311 807 1548 888 quando
1594 804 1795 872 fuerat
1842 808 2078 889 captus.
2129 807 2208 869 Et.
2255 809 2579 889 prepterea
2639 811 3120 890 presumendum

385 896 538 971 erat,
603 892 767 974 quod
830 911 967 956 cum
1036 893 1247 975 aliqua
1308 892 1665 957 racionabili
1726 912 1916 957 causa
1978 894 2229 958 tenebat
2289 896 2351 957 et
2398 895 2788 975 possidebat;
2855 894 2930 960 de
2978 897 3120 962 aliis

384 999 525 1045 vero
588 981 753 1044 villis
815 982 879 1044 et
939 980 1291 1062 specialiter
1355 980 1505 1045 villa
1560 981 1803 1044 Rasanz
1867 980 1972 1044 ille
2022 982 2116 1044 vel
2164 982 2278 1059 illi,
2342 982 2447 1063 qui
2517 982 2936 1061 vendiderant,
3001 1004 3121 1050 non

386 1070 712 1151 potuerant
759 1067 1019 1132 vendere
1066 1067 1405 1132 secundum
1454 1087 1651 1133 mores
1701 1067 2091 1133 Sclavenicos
2157 1088 2261 1149 pro
2309 1086 2379 1132 eo
2426 1067 2726 1148 videlicet,
2780 1071 2940 1153 quod
3002 1091 3123 1137 non
3189 1076 3248 1137 ἵ*

389 1155 699 1220 habebant
754 1157 1026 1232 heredes,
1098 1155 1243 1239 quia
1304 1155 1545 1237 quaudo
1613 1173 1724 1219 nou
1789 1160 1933 1219 suut
1994 1156 2267 1232 heredes,
2331 1175 2507 1220 nemo
2567 1159 2768 1238 potest
2836 1159 3120 1239 vendere,

386 1244 532 1325 quia
577 1242 861 1307 defuncto
905 1242 1152 1308 homine
1199 1242 1331 1307 sine
1377 1244 1616 1320 herede,
1676 1261 1787 1306 sua
1835 1244 1992 1307 bona
2040 1244 2443 1307 devolvuntur
2488 1246 2564 1307 ad
2614 1244 2817 1326 regias
2884 1266 3119 1326 manuS,

387 1333 449 1394 et
508 1331 651 1413 quia
719 1332 813 1395 illi
893 1350 1011 1396 non
1071 1330 1384 1394 habebant
1447 1330 1737 1406 heredes,
1804 1329 2050 1395 fueraut
2108 1330 2468 1413 consignate
2530 1330 2775 1396 domino
2824 1334 2993 1418 regi,
3061 1337 3125 1399 et

388 1421 711 1519 propterea
772 1437 889 1483 non
953 1419 1275 1482 videbatur
1336 1419 1474 1497 sibi,
1520 1417 1681 1499 quod
1743 1436 1883 1481 cum
1931 1418 2155 1483 honore
2201 1436 2310 1482 suo
2358 1422 2564 1499 posset
2609 1419 2732 1483 ista
2774 1424 3121 1497 restituere,

388 1505 505 1568 nisi
573 1506 769 1587 primo
834 1506 1108 1570 notificet
1172 1506 1417 1569 domino
1479 1506 1610 1588 regi
1661 1507 1982 1587 negocium
2028 1506 2189 1588 qual
2179 1508 2293 1569 ter
2339 1525 2401 1569 se
2448 1505 2653 1581 habet,
2713 1509 2777 1572 et
2835 1509 3123 1591 quicquid

387 1591 668 1657 dominus
716 1613 819 1657 rex
866 1595 1262 1674 imposterum
1328 1593 1445 1658 sibi
1494 1594 1845 1671 mandabat,
1895 1593 2015 1657 erit
2055 1594 2306 1674 paratus
2369 1593 2633 1658 obedire.
2698 1592 2830 1674 Cui,
2878 1597 3124 1663 domine

385 1679 494 1757 mi,
543 1680 701 1744 dixi:
759 1681 1001 1746 domine
1067 1681 1264 1745 banne
1325 1681 1387 1744 in
1448 1699 1593 1762 pace
1655 1679 1886 1763 legitur
1944 1679 2260 1745 videlicet:
2324 1679 2614 1744 similiter
2671 1682 2864 1747 eciam
2909 1701 3126 1749 conve-

388 1768 618 1844 nimuS,
681 1769 839 1850 quod
902 1768 1029 1833 illis
1091 1769 1323 1833 duobus
1385 1768 1822 1845 Jadrensibus,
1889 1768 1993 1851 qui
2042 1769 2220 1832 modo
2282 1770 2428 1831 sunt
2474 1768 2774 1849 VeneciiS,
2841 1771 3126 1836 videlicet

388 1854 629 1919 Marino
676 1858 751 1919 de
779 1855 1084 1921 Canaruto
1130 1859 1193 1920 et
1238 1856 1400 1920 Zone
1448 1856 1521 1920 de
1554 1856 1779 1933 PizoIO,
1828 1857 2238 1921 restituantur
2271 1856 2509 1937 integre
2542 1858 2749 1920 omnia
2787 1876 2898 1922 sua
2944 1860 3122 1937 bona,

388 1961 508 2024 que
554 1942 782 2008 habent
825 1944 887 2008 in
933 1943 1128 2009 Jadra
1173 1942 1272 2007 vel
1319 1942 1446 2006 alia
1513 1943 1720 2024 aliqua
1787 1948 1955 2023 parte
2017 1945 2214 2007 nostri
2276 1942 2551 2020 dominii,
2617 1946 2679 2007 et
2747 1944 2908 2027 quod
2971 1946 3124 2029 ipsis

394 2031 508 2107 uti,
559 2033 820 2112 gaudere
860 2034 924 2097 et
968 2032 1088 2095 frui
1126 2031 1367 2114 possint
1414 2031 1624 2106 libere,
1695 2030 1947 2112 pacifice
1995 2033 2059 2094 et
2120 2031 2322 2114 quiete
2387 2031 2617 2112 absque
2680 2032 3123 2113 impedimento

390 2119 488 2182 vel
535 2119 891 2184 turbacione
937 2120 1295 2203 cuiusquam
1338 2123 1450 2183 etc.
1477 2136 1585 2201 per
1620 2137 1799 2200 quam
1849 2119 2221 2200 scripturam
2254 2118 2418 2183 clare
2452 2120 2926 2198 demonstratur,
2962 2122 3124 2204 quod

388 2206 558 2269 nulla
602 2209 879 2289 exceptio
925 2212 1133 2291 potest
1178 2207 1397 2289 opponi
1446 2206 1563 2268 nisi
1615 2205 1818 2270 facere
1867 2206 2253 2287 integraliter
2300 2205 2783 2285 restitucioncm,
2831 2226 2977 2272 nam
3017 2229 3125 2292 per

387 2292 727 2357 dominium
774 2297 1070 2371 vestrum,
1122 2295 1342 2376 quibus
1389 2293 1587 2358 multa
1633 2298 1809 2356 erant
1861 2293 2168 2370 restitata,
2218 2311 2336 2357 non
2367 2293 2570 2357 fuerat
2602 2294 2886 2375 apposita
2917 2297 3128 2378 aliqua

386 2382 659 2461 exceptio
700 2384 762 2445 et
808 2400 967 2446 non.
1105 2383 1234 2445 Ben
1242 2427 1430 2447 .....
1478 2382 1790 2445 exercitu.
1866 2381 2002 2445 ‚de
2050 2379 2260 2445 Servia
2282 2379 2504 2445 'Pramo
2536 2381 2610 2444 de
2641 2381 2857 2446 Tarsia
2887 2384 2953 2447 et
2987 2384 3128 2448 aliis

387 2466 668 2547 pluribus
733 2472 869 2533 erat
912 2468 1076 2533 facta
1123 2469 1344 2533 similis
1390 2471 1729 2547 restitucio,
1779 2472 2006 2551 quanto
2053 2469 2252 2551 magis
2303 2460 2433 2551 ipse'
2479 2468 2805 2534 restituere
2860 2470 3128 2538 debebat

387 2554 613 2619 vidend
674 2603 1016 2621 ......
1089 2576 1207 2639 que
1256 2556 1497 2620 nullum
1544 2560 1918 2620 contrarium
1986 2557 2323 2639 apparebat
2386 2556 2503 2619 uisi
2569 2557 2744 2622 modo
2804 2577 3126 2643 presump-

387 2643 580 2707 cionis
627 2647 958 2708 secundum
1006 2646 1242 2709 dictum
1280 2664 1480 2726 suum,
1523 2648 1585 2706 et
1633 2646 1792 2726 quod
1840 2645 1893 2708 si
1926 2663 2129 2709 comes
2159 2645 2496 2728 Gregorius
2539 2646 2789 2710 tenebat
2829 2650 2893 2711 et
2932 2649 3127 2748 possi-

389 2729 503 2794 deb
540 2778 1013 2797 ..........
1060 2751 1114 2809 o,
1162 2735 1298 2796 erat
1346 2735 1837 2813 presumendum,
1899 2734 2100 2815 ipsum
2164 2734 2433 2810 tenuisse
2477 2733 2654 2796 modo
2704 2734 3124 2816 usurpacionis

387 2835 572 2898 quam
635 2818 759 2883 alia
821 2820 1177 2884 racionabili
1240 2838 1443 2884 causa.
1508 2819 1605 2883 Ad
1655 2819 1844 2896 aliud,
1892 2820 2050 2901 quod
2097 2819 2390 2884 dicebat
2464 2865 2478 2882 .
2509 2865 2523 2880 .
2569 2838 2602 2882 e
2664 2838 2782 2884 non
2843 2823 3077 2904 potu..

388 2907 644 2970 vendere
678 2953 695 2971 .
731 2958 745 2971 .
781 2957 795 2971 .
831 2956 846 2972 .
896 2909 1081 2972 ssatis
1137 2909 1303 2972 clare
1361 2910 1953 2971 demonstrabantur
2007 2908 2071 2970 in
2129 2907 2562 2971 instrumentis
2634 2907 2933 2991 quosdum
2993 2910 3123 2975 eius

387 2992 758 3076 propinquos
817 2995 1196 3060 consensisse
1261 2995 1444 3059 dictis
1510 2995 2006 3070 vendicionibus,
2074 2995 2505 3069 concludend0‚
2575 2994 2737 3076 quod
2801 2996 3123 3063 tenebatur

386 3081 712 3146 restituere
769 3085 1012 3147 omnino
1059 3084 1393 3148 secundum
1438 3082 1702 3146 formam
1736 3082 1905 3165 pacis
1947 3086 2010 3146 et
2043 3081 2403 3145 mandatum
2440 3081 2683 3163 regium
2715 3082 2834 3147 sibi
2866 3082 3122 3167 factum,

384 3165 551 3231 circa
595 3188 711 3251 que
758 3172 965 3234 omnia
1009 3170 1253 3236 domine
1283 3171 1369 3234 mi
1404 3189 1507 3252 per
1540 3190 1647 3235 uos
1697 3170 1896 3234 multa
1940 3172 2001 3234 et
2048 3169 2246 3233 multa
2288 3170 2452 3233 dicta
2497 3168 2687 3246 fuere,
2753 3188 2871 3251 que
2917 3177 3125 3238 essent

385 3253 573 3338 longa
618 3257 943 3322 scribendi.
1002 3258 1303 3323 Finaliter
1350 3258 1598 3323 domiuo
1644 3260 1799 3322 bauo
1856 3258 2002 3336 dixi,
2063 3261 2220 3340 quod
2271 3257 2572 3340 loquendo
2615 3275 2757 3321 cum
2804 3260 2973 3323 omni
3027 3278 3124 3324 re-

388 3345 664 3409 verentia
710 3345 1032 3410 videbatur
1078 3346 1287 3424 michi,
1335 3348 1495 3428 quod
1542 3349 1755 3411 modus
1804 3346 1922 3410 iste
1963 3351 2095 3410 erat
2143 3346 2439 3428 temporis
2487 3343 2796 3424 dilatacio,
2864 3348 2927 3411 et
2962 3347 3122 3429 quod

385 3428 653 3495 intencio
726 3432 954 3497 domini
1027 3433 1192 3517 regis
1261 3437 1395 3497 erat
1455 3434 1723 3512 omniuo,
1788 3433 1948 3515 quod
2015 3434 2523 3509 restituerentur,
2589 3434 2652 3495 et
2718 3433 2981 3516 ipsemet
3042 3435 3120 3502 de

387 3516 499 3581 hoc
544 3520 682 3583 erat
724 3539 905 3585 verus
955 3523 1152 3586 testis,
1223 3522 1307 3585 Et
1352 3540 1492 3584 cum
1539 3521 1659 3584 hiis
1708 3523 1771 3585 et
1815 3521 1955 3584 aliis
2000 3522 2201 3585 verbis
2250 3520 2667 3597 substinendO,
2731 3521 2891 3605 quod
2954 3521 3120 3588 dicta

386 3604 711 3670 restitucio
758 3609 925 3673 iuxta
972 3611 1358 3673 sacramenta
1403 3610 1465 3672 et
1510 3608 1941 3689 promissiones
1991 3608 2269 3689 parcium
2333 3608 2612 3674 totaliter
2654 3607 2787 3672 fieri
2833 3609 3117 3675 debebat.

386 3690 583 3776 Super
628 3695 851 3777 quibus
899 3697 1185 3760 omnibus
1231 3697 1390 3760 dixit
1450 3700 1513 3760 et
1584 3696 1889 3760 conclusit
1946 3695 2148 3760 dictus
2208 3696 2489 3761 domiuus
2537 3696 2752 3775 banne,
2811 3699 2969 3780 quod
3032 3697 3122 3762 nil

385 3780 554 3846 aliud
616 3782 814 3848 facere
877 3783 1233 3848 intendebat
1294 3803 1402 3866 pro
1464 3785 1931 3849 conservacione
1992 3784 2237 3848 honoris
2284 3786 2398 3861 sui,
2458 3783 2664 3864 sicque
2716 3784 3119 3850 effectualiter

383 3871 661 3935 notificat
720 3872 965 3936 domino
1030 3871 1162 3955 regi
1209 3891 1317 3955 per
1370 3890 1514 3935 suas
1560 3872 1803 3937 litteras
1850 3871 2037 3936 michi
2084 3872 2260 3936 datas
2321 3873 2384 3936 et
2444 3869 2917 3951 demonstratas,
2980 3891 3120 3954 pre-

382 3959 732 4023 sentaturas
779 3961 1025 4024 domino
1072 3959 1202 4042 regi
1248 3978 1356 4042 per
1405 3978 1521 4038 me,
1570 3963 1724 4042 aput
1784 3978 1966 4041 quem
2033 3959 2368 4041 procurabo
2430 3957 2637 4023 omnia
2697 3959 2880 4024 michi
2946 3975 3116 4024 com-

381 4044 574 4109 missa
634 4045 899 4111 fideliter
961 4049 1024 4111 in
1071 4051 1370 4129 quantum
1420 4047 1653 4111 scivero
1702 4049 1765 4111 et
1814 4051 2039 4128 potere,
2097 4050 2161 4111 et
2221 4045 2507 4130 quicquid
2571 4047 2953 4125 successerit,
3020 4065 3118 4112 se·
3195 4084 3201 4088 ·

382 4134 652 4199 cundum
694 4153 898 4200 meam
961 4135 1459 4200 commissionem
1509 4136 1779 4200 dominio
1847 4143 2048 4199 vestro
2100 4134 2340 4199 solicite
2400 4133 2622 4198 faciam
2684 4132 2812 4198 fore
2876 4135 3114 4200 notum.

380 4219 641 4303 Insuper
695 4222 939 4288 domiue
987 4222 1073 4286 mi
1121 4242 1303 4304 super
1346 4222 1509 4287 facto
1557 4224 1978 4287 extimacionis
2031 4222 2485 4304 possessionum
2534 4220 2942 4286 Veneciarum
2990 4223 3117 4285 exi·

381 4308 688 4373 stencium
748 4312 810 4374 in
857 4311 1034 4375 Nona
1093 4313 1156 4375 et
1201 4310 1391 4376 Jadra
1438 4311 1720 4376 dominus
1767 4310 1962 4374 banus
2009 4311 2141 4374 fixit
2187 4310 2522 4374 terminum
2568 4307 2645 4371 ad
2690 4308 2854 4372 diem
2918 4308 3118 4374 domi-

384 4395 587 4460 nicam
634 4397 898 4480 primam
946 4398 1417 4481 quadragesime
1464 4417 1655 4480 nuper
1701 4399 1976 4475 venture,
2047 4403 2110 4463 et
2157 4398 2312 4476 vult,
2378 4395 2554 4479 quod·
2599 4396 2857 4461 nuncius
2915 4397 3115 4462 iturus

382 4501 494 4563 per
557 4503 658 4549 me
722 4484 905 4550 vadat
964 4486 1042 4549 ad
1089 4486 1365 4551 Uranam
1427 4505 1610 4567 quam
1667 4485 1838 4559 alibi,
1901 4486 1966 4548 et
2029 4484 2248 4549 deinde
2309 4484 2586 4549 notificet
2646 4484 2765 4548 sibi
2819 4504 2926 4566 per
2972 4502 3116 4549 suas

385 4570 630 4636 litteras
672 4572 747 4636 de
794 4575 1061 4638 adventu
1107 4592 1238 4652 sue,
1286 4574 1351 4637 et
1396 4573 1611 4638 mittat
1655 4574 1947 4638 nuncium
2012 4592 2212 4651 suum,
2276 4571 2383 4636 ubi
2440 4570 2693 4636 sciverit
2749 4591 2890 4635 eum
2947 4590 3118 4650 esse3

388 4660 611 4740 quibus
659 4660 889 4725 litteris
935 4660 1064 4724 suis
1111 4661 1373 4743 receptis
1433 4661 1713 4725 dominus
1766 4661 2002 4725 bannus
2061 4660 2180 4724 sibi
2229 4657 2542 4734 rescribet,
2602 4659 2667 4722 et
2724 4658 2898 4723 dabit
2956 4658 3119 4721 ordi-

381 4764 522 4811 nem
570 4766 678 4831 pro
725 4747 893 4814 dicta
938 4748 1337 4813 extimacione
1384 4747 1601 4812 fienda.
1649 4747 2014 4812 Declaravit
2059 4749 2266 4814 autem
2315 4747 2445 4828 ipse
2506 4744 2791 4810 dominus
2851 4744 3111 4823 bannus,

2659 4848 2697 4890 ιιι
