3620 5282
3022 393 3151 459 229

433 587 663 634 annum
710 570 825 635 sub
872 570 1001 635 illis
1051 570 1248 634 modis
1295 573 1359 635 et
1406 571 1857 636 conditionibus
1904 571 2207 648 omnibus,
2258 570 2481 652 quibus
2531 568 2648 633 sibi
2687 568 2806 633 fuit
2853 587 3146 633 concessa

421 677 527 740 per
571 676 729 722 anno
772 659 1089 740 preterito,
1142 659 1245 721 97.

507 749 685 807 Misti
735 749 975 807 XXVI.
1021 752 1122 821 91,
1174 768 1212 806 u
1260 751 1475 809 arkivu
1524 751 1878 810 mletac'kom.

680 935 1169 1019 CCCXLIV.
1229 937 1434 1020 God.
1491 938 1714 1022 1352.
1770 939 1873 1021 28
1930 939 2305 1038 travnja,
2364 960 2420 1018 u
2477 936 2866 1018 Mletcih.

427 1062 661 1122 Odboru
687 1080 762 1122 za
802 1064 993 1122 strare?
1034 1065 1422 1123 korciulanslce
1468 1069 1598 1137 opet
1640 1066 1940 1137 produien
1989 1066 2127 1140 rok3
2175 1082 2212 1122 a
2258 1065 2488 1122 Marku
2534 1062 2880 1121 contarenu
2925 1064 3150 1122 homor-

720 1154 869 1210 m'ku
912 1152 1306 1210 zadun-stromat
1352 1153 1702 1225 dozvoljeno,
1751 1154 1831 1210 da
1866 1172 1946 1225 qa
1990 1153 2182 1225 yalzja
2230 1171 2272 1210 u
2321 1151 2528 1208 Zadar
2563 1151 2862 1223 prebrodi.

642 1272 832 1336 1352.
883 1273 977 1336 die
1022 1271 1293 1336 XXVIII
1318 1272 1553 1354 apriliS‚
1603 1277 1820 1355 capta:
1868 1273 2029 1353 quod
2077 1271 2377 1337 terminus
2411 1271 2765 1353 sapientum
2814 1289 2923 1352 pro
2968 1269 3150 1335 factis

425 1359 677 1424 Ourzole
723 1362 1040 1442 elongetur
1087 1380 1195 1441 per
1243 1361 1441 1424 totum
1492 1380 1767 1424 mensem
1817 1361 1961 1424 maii
2010 1360 2282 1442 proxime
2329 1359 2605 1423 futurum
2641 1395 2727 1404 -—
2775 1359 2876 1420 die
2923 1357 3147 1423 ultimo

427 1447 594 1523 maii,
641 1452 856 1529 capta:
921 1449 1079 1529 quod
1129 1448 1433 1511 terminus
1488 1449 1840 1530 sapientum
1892 1447 2147 1513 Curzole
2214 1447 2538 1530 elongetur
2600 1465 2787 1527 usque
2847 1445 2921 1508 ad
2983 1445 3147 1509 diem

428 1535 576 1597 Vlll
623 1535 795 1598 iunii.

634 1621 866 1704 Capta:
916 1622 1078 1704 quod
1126 1622 1317 1686 nobili
1365 1623 1496 1687 viro
1553 1623 1763 1687 Marco
1813 1622 2173 1701 Contareno,
2239 1622 2401 1686 ituro
2448 1622 2521 1685 de
2584 1623 2789 1685 nostro
2851 1620 3151 1685 mandato
3181 1662 3196 1669 ·

431 1711 765 1774 camerario
812 1709 1022 1785 Jadre,
1071 1710 1182 1773 fiat
1229 1710 1432 1791 gratia
1479 1711 1813 1774 secundum
1864 1711 2189 1775 consilium
2251 1700 2600 1791 sapientum
2667 1709 2906 1772 consilii
2969 1726 3151 1790 roga-

433 1798 658 1876 torum,
708 1798 865 1879 quod
908 1799 1144 1861 levetur
1190 1817 1371 1878 super
1416 1800 1687 1880 presenti
1732 1799 1931 1880 galea,
1984 1818 2099 1880 que
2146 1800 2440 1871 armatur,
2498 1816 2638 1859 cum
2689 1795 2928 1859 levibus
2974 1813 3152 1859 arne-

432 1884 558 1956 siis,
603 1902 719 1949 non
769 1887 1149 1969 prorogando
1176 1885 1510 1950 terminum
1559 1887 1654 1950 sui
1681 1904 1984 1963 recessuS‚
2039 1885 2129 1950 ita
2154 1884 2311 1967 quod
2361 1886 2410 1947 si
2460 1887 2603 1946 ante
2632 1903 2940 1947 recessum
2974 1882 3152 1963 galee

427 1973 703 2036 recedere
750 1972 1020 2050 deberet,
1070 1972 1335 2037 recedat.

512 2063 691 2125 *lusisti
740 2063 870 2120 XX
879 2063 980 2121 VI.
1029 2065 1130 2133 91,
1178 2082 1218 2121 u
1265 2064 1481 2123 arkivu
1526 2063 1883 2153 mletackom.

723 2251 1170 2335 CCCXLV.
1236 2251 1442 2334 God.
1504 2252 1725 2335 1352.
1780 2251 1886 2335 30
1938 2255 2312 2354 travnja,
2372 2276 2425 2332 u
2482 2252 2872 2334 Mlctcih.

696 2378 970 2452 Poyodba
1014 2380 1210 2450 medju
1252 2380 1614 2451 republz‘kom
1660 2381 1682 2438 i
1717 2380 1973 2452 paikom
2019 2381 2282 2439 obdinom
2324 2381 2488 2454 ylcde
2523 2378 2714 2452 paike
2753 2379 2882 2436 soli.

640 2498 1003 2580 Exemplum
1051 2498 1510 2580 compositionis
1560 2500 1717 2564 facte
1766 2499 1929 2563 inter
1961 2499 2277 2564 dominum
2310 2499 2528 2563 ducem
2572 2502 2635 2562 et
2680 2517 3006 2562 commune
3037 2498 3155 2560 Ve-

432 2585 742 2650 neciarum
789 2587 853 2650 et
898 2584 1163 2651 sindicos
1191 2589 1254 2651 et
1278 2588 1703 2652 ambaxatores
1731 2588 2076 2652 communis
2125 2589 2188 2651 et
2231 2588 2549 2652 homiuum
2583 2585 2757 2668 Pagi.
2815 2586 2886 2650 In
2919 2584 3154 2650 Christi

431 2674 675 2737 nomine
722 2692 924 2750 amen,
975 2693 1131 2739 anno
1178 2675 1527 2740 nativitatis
1578 2676 1849 2740 eiusdem
1901 2675 2231 2740 millesimo
2278 2675 2715 2739 trecentesimo
2764 2675 3154 2756 quinquage-

430 2761 586 2823 simo
634 2764 918 2838 secundo,
967 2762 1305 2827 indiccione
1353 2763 1584 2846 quinta,
1635 2763 1734 2825 die
1780 2764 2003 2827 ultimo
2049 2762 2302 2844 apriliS‚
2353 2763 2639 2825 Veneciis
2685 2763 2746 2825 in
2795 2760 3004 2825 ducali
3050 2778 3158 2840 pa-

430 2847 600 2924 lacio,
650 2850 1040 2930 presentibus
1088 2850 1366 2931 sapiente
1415 2851 1544 2915 viro
1594 2850 1841 2916 domino
1906 2849 2291 2914 Benintendo
2356 2849 2832 2913 vicecancelario
2896 2848 3157 2911 ducatus

430 2934 852 3013 Veneciarum‚
900 2955 970 3001 ac
1016 2938 1281 3019 providis
1331 2938 1477 3002 viris
1525 2958 1624 3002 ser
1670 2937 1952 3002 Amadeo
2001 2938 2074 3001 de
2123 2937 2623 3020 Bonguadagnis‚
2674 2955 2773 2999 ser
2820 2936 3158 3017 Raphayno

432 3021 505 3086 de
552 3022 922 3100 Cha1·esini8‚
972 3043 1071 3089 ser
1120 3025 1368 3089 Matheo
1416 3026 1489 3090 de
1518 3024 1718 3090 Gubio
1768 3031 1829 3090 et
1876 3025 2154 3090 Johanne
2180 3025 2511 3102 Bernard0‚
2561 3025 2849 3088 omnibus
2898 3021 3159 3086 notariis

426 3109 693 3175 ducatus
741 3112 1149 3177 veneciarum
1197 3112 1463 3177 testibus
1511 3113 1586 3176 ad
1624 3114 1735 3177 hec
1783 3114 2016 3177 vocatis
2064 3115 2126 3175 et
2168 3112 2403 3194 rogatis
2451 3115 2514 3176 et
2561 3111 2720 3175 aliis,
2770 3112 3065 3175 Providus
3098 3113 3160 3173 et

435 3197 680 3279 sapiens
724 3199 819 3263 vir
857 3218 954 3264 ser
1003 3199 1282 3263 Andreas
1329 3202 1402 3265 de
1467 3200 1934 3284 Capileaggeris
2000 3200 2278 3265 notarius
2345 3200 2509 3263 curie
2573 3200 2827 3263 maioris
2896 3198 3157 3261 ducatus

437 3284 859 3365 veneciarum,
909 3291 1268 3370 procurator
1315 3289 1379 3351 et
1424 3288 1710 3352 sindicusv
1744 3289 1952 3353 incliti
1994 3291 2056 3351 et
2102 3287 2369 3351 illustris
2417 3286 2652 3352 domini
2698 3287 2944 3350 Andree
2988 3285 3158 3348 Dan-

433 3371 574 3436 dulo
619 3373 718 3438 dei
768 3375 974 3456 gratia
1021 3375 1445 3452 Veneciarum‚
1495 3375 1809 3440 Dalmatio
1858 3378 2042 3459 atque
2090 3374 2378 3440 Chroatie
2425 3374 2617 3450 ducis
2664 3374 2897 3438 domini
2944 3374 3159 3455 quarte

436 3459 629 3540 partis
676 3463 740 3525 et
786 3461 1039 3526 dimidie
1077 3464 1267 3528 totius
1317 3464 1561 3546 imperii
1587 3464 1913 3539 Romame,
1965 3465 2029 3527 et
2076 3464 2168 3526 sui
2231 3463 2491 3540 consilii,
2545 3462 2775 3526 habens
2824 3462 2901 3524 ab
2949 3462 3157 3525 eodem

438 3546 684 3613 domiuo
732 3550 884 3613 duce
933 3551 996 3614 et-
1040 3569 1152 3616 suo
1200 3551 1452 3615 consilio
1517 3551 1592 3615 ad
1656 3551 2052 3633 infrascripta
2116 3550 2323 3613 omnia
2386 3551 2449 3614 et
2509 3549 2753 3632 singula
2814 3550 3053 3631 agenda
3100 3549 3164 3609 et

438 3637 798 3718 complenda
838 3638 1089 3719 plenum
1142 3641 1205 3703 et
1251 3639 1538 3722 generale
1588 3641 1647 3702 et
1698 3638 1963 3720 speciale
2005 3639 2385 3714 mandatum,
2439 3637 2600 3701 sicut
2647 3638 2892 3701 constat
2916 3635 3162 3717 publico

436 3722 846 3789 instrumento
893 3744 1001 3807 per
1050 3745 1147 3790 me
1194 3727 1651 3808 infrascriptum
1702 3727 2011 3790 notarium
2040 3724 2270 3808 scripto
2316 3728 2379 3788 et
2426 3724 2672 3788 condito
2720 3742 2879 3786 anno
2927 3721 3162 3786 domini

435 3810 766 3875 millesimo
815 3813 1245 3878 trecentesimo
1296 3814 1806 3897 quinquagesimo
1854 3812 2137 3888 secundo,
2212 3811 2542 3877 indictione
2606 3812 2862 3894 quinta,
2926 3809 3025 3872 die
3074 3810 3163 3872 vi-

436 3898 669 3980 gesimo
716 3901 886 3964 sexto
934 3900 1148 3982 aprilis
1211 3901 1540 3966 sindicario
1600 3911 1659 3965 et
1721 3900 2136 3982 procuratorio
2202 3898 2445 3964 nomine
2509 3898 2860 3981 supradicto
2916 3915 2986 3960 ex
3038 3915 3159 3959 una

433 3987 624 4066 parte,
673 3988 738 4051 et
784 3987 1073 4053 honestus
1116 3989 1209 4054 vir
1251 4009 1348 4053 ser
1392 4008 1707 4071 zuppanus
1756 3987 2078 4070 Marcovig
2123 3986 2600 4069 archipresbiter
2644 3984 2901 4050 ecclesie
2950 3986 3164 4048 sancte

435 4072 629 4137 Marie
675 4074 751 4138 de
796 4075 979 4157 Pago,
1029 4080 1090 4140 et
1138 4095 1449 4160 suppauus
1499 4075 1857 4160 Diminevig
1903 4078 1965 4140 et
2012 4076 2330 4158 Dessegna
2355 4073 2689 4155 Damianig
2736 4071 3163 4155 procuratores

432 4164 494 4224 et
537 4160 759 4227 sindici
806 4163 1038 4227 domini
1086 4165 1353 4240 comitis,
1402 4164 1702 4240 iudicum,
1751 4163 1995 4228 consilii
2043 4164 2107 4227 et
2152 4161 2500 4226 communis
2556 4161 2726 4244 Pagi,
2776 4160 2850 4224 de
2899 4177 3161 4241 quorum

432 4246 737 4313 sindicatu
787 4251 849 4313 et
888 4251 1248 4332 procuraria
1295 4252 1539 4316 constat
1584 4251 1830 4333 publico
1880 4250 2286 4314 instrumento
2336 4268 2523 4312 manu
2549 4248 2853 4314 ‚Iohannis
2902 4246 3166 4312 condam

432 4334 652 4400 Zannis
699 4338 772 4400 de
818 4337 1135 4403 Ramriale
1182 4339 1257 4402 de
1304 4338 1500 4422 Regio
1565 4339 1785 4403 notarii
1854 4337 2161 4420 imperiali
2220 4336 2627 4413 auctoritate,
2703 4335 2980 4400 confecto
3049 4334 3164 4399 sub

431 4441 588 4487 anno
615 4423 845 4488 domini
874 4426 1208 4492 millesimo
1238 4426 1670 4491 trecentesimo
1698 4425 2205 4509 quinquagesimo
2230 4423 2512 4501 secundo,
2562 4423 2895 4488 indictione
2929 4424 3161 4506 quinta,

431 4527 638 4575 mense
683 4511 901 4575 marcii
949 4514 1048 4578 die
1096 4513 1566 4596 quintodecimo,
1614 4533 1650 4578 a
1684 4533 1781 4578 me
1824 4512 2216 4595 infrascripto
2251 4511 2487 4576 notario
2538 4511 2668 4575 viso
2712 4513 2776 4576 et
2821 4512 3002 4587 lect0‚
3039 4510 3168 4573 sin-

428 4596 656 4663 dicario
703 4601 767 4662 et
813 4602 1234 4682 procuratorio
1283 4602 1523 4665 nomine
1571 4601 1994 4683 suprascripto
2042 4619 2115 4665 ex
2163 4599 2381 4677 altera,
2428 4618 2569 4662 cum
2603 4597 2707 4661 diu
2742 4599 2904 4662 inter
2957 4599 3163 4680 partes

429 4684 734 4768 predictas
782 4688 992 4752 actum
1042 4692 1121 4774 et·
1152 4690 1491 4754 tractatum
1539 4688 1759 4754 fuisset
1806 4707 1989 4770 super
2035 4687 2478 4769 infrascriptiS,
2530 4686 2803 4749 finaliter
2852 4685 2929 4749 ad
2972 4683 3163 4747 infra-

429 4773 689 4857 scriptas
735 4777 1213 4858 compositiones
1254 4780 1317 4842 et
1362 4777 1541 4860 pacta
1589 4778 1805 4858 sponte
1855 4779 1919 4840 et
1965 4795 2037 4840 ex
2085 4775 2253 4840 certa
2291 4773 2559 4839 sciencia
2593 4776 2659 4837 et
2691 4791 2808 4837 non
2856 4790 2962 4853 per
2999 4788 3162 4834 erro-
