3620 5282
471 362 601 427 376

476 540 718 621 patrem
768 537 1083 602 dominum
1137 537 1517 619 Stephanum
1544 536 2017 620 Zagrabiensem
2043 536 2402 618 episcopum
2455 535 2519 598 et
2564 534 2960 617 magnificum
2996 537 3198 600 virum

478 626 795 691 dominum
848 624 1178 689 Nicolaum
1230 626 1397 689 curie
1445 627 1649 688 nostre
1697 623 1964 688 iudicem
2022 628 2263 687 nostros
2325 623 2786 704 procuratores,
2851 624 3090 687 actores
3138 625 3203 688 et

474 713 731 778 nuncios
771 712 1070 795 speciales
1119 715 1182 775 et
1227 712 1569 794 quemlibet
1613 730 1821 776 eorum
1886 711 1950 774 in
1999 710 2265 774 solidum
2313 710 2390 774 ad
2447 708 2922 791 comparendum
2991 729 3198 775 coram

471 800 689 866 inclito
735 799 984 864 domino
1031 800 1184 862 duce
1231 799 1640 864 Veneciarum
1706 801 1768 863 et
1833 816 1942 864 suo
1988 798 2246 862 consilio
2302 798 2378 861 ad
2437 797 2854 879 recipiendum
2921 798 2997 861 ab
3041 798 3194 880 ipsis

472 888 992 970 approbationes,
1053 887 1472 950 iuramentum
1536 890 1599 950 et
1660 885 1908 950 litteras
1970 904 2153 968 super
2214 885 2536 950 concordia
2582 883 2934 960 antedicta,
3011 889 3075 950 et
3119 887 3199 949 ad

470 975 745 1039 dandum
793 975 882 1038 eis
928 974 1172 1038 litteras
1239 977 1478 1038 nostras
1538 975 1823 1054 patentes
1886 973 2157 1044 bullatas
2221 991 2403 1054 super
2460 972 2596 1052 ipsa
2659 973 3023 1050 concordia,
3089 991 3201 1037 nec

472 1082 591 1128 non
657 1062 734 1126 ad
802 1062 1254 1126 restituendum
1317 1065 1380 1125 et
1442 1061 1635 1125 libere
1695 1061 2130 1142 resignandum
2202 1059 2372 1124 dicto
2441 1058 2688 1124 domino
2735 1059 2877 1123 duci
2939 1078 3047 1124 seu
3097 1062 3202 1125 de·

472 1149 765 1235 putandis
811 1149 890 1213 ab
942 1167 1011 1214 eo
1059 1168 1167 1213 nec
1213 1166 1333 1213 non
1381 1149 1819 1212 adherentibus
1863 1150 1930 1212 et
1976 1148 2244 1211 subditis
2306 1147 2432 1211 suis
2483 1147 2689 1212 omnia
2747 1148 2970 1226 castra,
3006 1149 3202 1212 terras

478 1239 543 1303 et
587 1237 719 1303 loca
758 1237 1063 1319 promissa
1109 1256 1217 1318 per
1262 1254 1370 1300 nos
1417 1236 1699 1311 restitui,
1760 1239 1824 1299 et
1880 1235 1956 1299 ad
2023 1235 2147 1299 alia
2208 1234 2418 1298 omnia
2481 1237 2544 1298 et
2606 1234 2851 1316 singula
2919 1234 3199 1300 facienda

476 1326 643 1390 circa
691 1325 1177 1389 observationem
1206 1323 1352 1387 dicti
1381 1322 1684 1387 concordii
1733 1324 1798 1387 et
1833 1325 2262 1387 contentorum
2296 1323 2360 1386 in
2402 1341 2491 1399 ee,
2542 1342 2660 1404 que
2703 1322 2938 1386 fuerint
2981 1341 3198 1404 oppor-

475 1414 646 1489 tuna,
697 1413 762 1475 et
802 1431 916 1494 que
963 1429 1092 1489 1103,
1144 1412 1195 1474 si
1228 1411 1630 1492 personaliter
1676 1410 2056 1487 adessemuS,
2102 1410 2301 1473 facere
2335 1428 2672 1491 pos-semna,
2720 1427 2859 1474 cum
2908 1411 3194 1474 omnibus

486 1498 831 1584 promissiS,
865 1498 1279 1575 libertatibus,
1316 1497 1799 1581 obligationibus
1848 1500 1913 1561 et
1957 1497 2526 1562 renunciationibus
2562 1497 2938 1579 opportunis„
2988 1499 3202 1562 dantes

487 1587 577 1651 eis
623 1586 897 1668 plenum,
946 1585 1211 1650 liberum
1260 1589 1323 1649 et
1370 1586 1655 1667 generale
1704 1585 2061 1648 mandatum
2106 1603 2247 1648 cum
2298 1584 2520 1666 plena,
2586 1583 2784 1648 libera
2829 1589 2891 1647 et
2931 1584 3203 1666 generali

477 1673 1022 1738 administratione
1078 1674 1140 1736 in
1209 1672 1500 1754 predictis
1563 1673 1627 1736 et
1687 1672 1974 1736 omnibus
2038 1671 2455 1754 predictorum
2521 1671 3071 1753 independentibus
3142 1676 3205 1735 et

478 1761 788 1838 connexis,
837 1760 1272 1842 promittentes
1319 1760 1495 1823 firma
1542 1762 1603 1823 et
1645 1761 1781 1822 rata
1815 1759 2059 1837 habere,
2109 1777 2487 1840 quecumque
2534 1776 2643 1840 per
2690 1776 2793 1822 eos
2840 1761 2937 1823 vel
2984 1777 3196 1823 eorum

482 1847 754 1929 aliquem
805 1845 1223 1912 acta·fuerint
1267 1848 1330 1910 in
1377 1847 1719 1928 premissiS,
1767 1849 1832 1910 et
1879 1865 1996 1910 non
2047 1845 2461 1910 contrafacere
2509 1846 2607 1910 vel
2654 1846 2857 1909 venire
2890 1847 3005 1910 sub
3040 1847 3199 1910 obli-

481 1935 729 2017 gatione
776 1934 1053 1998 omnium
1102 1935 1393 1999 bonorum
1445 1937 1794 1998 nostrorum
1842 1934 2220 2016 presentium
2273 1934 2338 1997 et
2383 1933 2757 1997 futurorum.
2801 1935 2870 1997 In
2903 1934 3079 1998 cuius
3113 1934 3198 1997 rei

476 2022 663 2085 fidem
708 2022 1024 2102 presentes
1068 2021 1311 2085 litteras
1360 2021 1566 2104 sigillo
1631 2024 1841 2085 nostro
1898 2022 2132 2085 secreto
2201 2020 2459 2085 fecimus
2508 2021 2896 2085 communiri.
2968 2022 3201 2086 Datum

475 2108 666 2175 Jadre
712 2109 833 2172 XX
876 2108 973 2173 die
1017 2109 1247 2172 mensis
1290 2107 1602 2183 februarii,
1652 2126 1808 2172 anno
1856 2107 2089 2172 domini
2139 2106 2582 2172 MCCCLVIII.

562 2199 884 2259 Paetorum
936 2199 1002 2259 V.
1046 2202 1191 2268 161,
1236 2217 1279 2257 u
1322 2199 1664 2257 mletackom
1710 2199 1943 2257 arkivu.

824 2385 1205 2466 DXLVI.
1261 2384 1467 2467 God.
1515 2384 1739 2469 1358.
1784 2384 1886 2469 25
1940 2383 2298 2489 veljace,
2351 2408 2411 2466 u
2465 2385 2852 2468 Mletcih.

481 2509 661 2572 Duid
726 2511 1000 2570 mletacki
1047 2510 1393 2583 potvrdjuJ'e
1451 2512 1568 2569 mir
1630 2512 1707 2569 od
1766 2512 2077 2570 mlctackih
2127 2512 2455 2584 postanika
2525 2514 2607 2570 18
2647 2513 2863 2585 vezjace
2909 2530 2951 2572 u
2997 2512 3206 2572 Zadru

480 2616 513 2659 s
541 2599 1157 2675 uyarsko-hrvatskim
1217 2598 1466 2671 kraljem
1529 2599 1829 2657 utanacen
1850 2643 1863 2667 ‚
1923 2600 1947 2657 i
2007 2616 2084 2659 uz
2140 2600 2474 2672 prisutnost
2538 2601 2832 2669 kralq'evih
2881 2601 3209 2675 poslanika

1093 2688 1250 2745 laune
1294 2703 1371 2757 se,
1416 2687 1497 2745 da
1542 2686 1603 2745 όε
1643 2705 1723 2761 qa
1764 2691 1922 2746 svelo
1967 2687 2199 2747 izvrsiti
2248 2689 2271 2745 i
2316 2687 2605 2747 unde-bati.

692 2805 921 2869 Forma
959 2804 1316 2869 litterarum
1362 2803 1596 2869 domini
1642 2807 1817 2871 ducis
1881 2825 2063 2888 super
2127 2824 2312 2888 pace,
2385 2808 2755 2872 traditarum
2813 2807 3054 2873 nunciis
3101 2807 3211 2871 do-

486 2891 641 2956 mini
688 2892 854 2975 regis
902 2892 1243 2975 Hungarie.
1292 2892 1606 2957 Johannes
1667 2894 1977 2975 Delphino
2042 2893 2141 2957 dei
2202 2895 2406 2977 gratia
2472 2893 2593 2957 dux
2639 2895 3040 2960 Veneciarum
3090 2898 3206 2958 etc.

484 2979 618 3043 Rex
665 2978 955 3061 pacificus
1000 2998 1110 3060 pro
1161 2979 1583 3062 redemptione
1645 2981 1889 3063 generis
1955 2982 2208 3045 humani
2269 2981 2344 3045 de
2408 2983 2753 3064 suppremis
2819 2983 3090 3046 celorum
3133 2982 3208 3046 ad

482 3084 628 3149 yma
677 3066 890 3129 mundi
938 3066 1342 3143 descendenS,
1410 3068 1472 3130 et
1517 3067 1769 3132 tandem
1817 3070 2083 3132 mortem
2149 3068 2400 3132 subiens
2458 3069 2864 3152 temporalem
2926 3069 3209 3133 dominus

483 3154 691 3217 noster
751 3153 915 3219 iesus
975 3154 1242 3217 christus
1304 3156 1442 3235 post
1518 3155 1853 3236 gloriosam
1925 3156 2402 3220 resurectionem
2468 3175 2641 3220 suam
2708 3175 3071 3221 ascensurus
3131 3156 3205 3220 ad

483 3240 727 3322 patrem
775 3257 1011 3322 pacem,
1061 3260 1177 3321 que
1225 3242 1506 3305 caritatis
1546 3244 1644 3306 est
1689 3242 2026 3320 vinculum,
2075 3243 2138 3305 in
2185 3261 2294 3307 suo
2342 3244 2535 3307 natali
2571 3244 2834 3326 glorioso
2880 3243 3206 3309 celestium

483 3325 805 3408 agminum
858 3327 1259 3392 multitudine
1307 3329 1665 3393 nunciatam
1712 3329 1843 3393 suis
1889 3330 2137 3411 prebuit
2169 3330 2457 3394 fidelibus
2504 3333 2568 3395 et
2616 3331 2868 3414 reliquit
2908 3331 3024 3395 sibi
3064 3332 3209 3395 sub-

488 3415 653 3479 ditos
699 3416 870 3497 pacis
904 3414 1217 3480 instruens
1264 3418 1586 3494 amatoreS,
1636 3418 1708 3481 ut
1745 3417 2018 3499 relegato
2067 3417 2204 3482 odio
2250 3417 2518 3482 fraterne
2566 3419 2831 3495 invidie,
2897 3437 3072 3483 amor
3117 3438 3212 3482 re-

489 3504 724 3585 gnaret,
776 3505 840 3566 et
886 3505 1042 3583 quod
1095 3503 1399 3568 novercba
1446 3503 1755 3568 discordia
1787 3505 2174 3579 sevinxisset‚
2223 3507 2423 3569 mater
2454 3507 2776 3570 concordia
2808 3507 2979 3589 pacis
3011 3506 3212 3570 amica

490 3589 803 3654 solidaret.
854 3590 1118 3655 Proinde
1166 3592 1241 3655 ad
1286 3591 1708 3655 universorum
1751 3592 2043 3656 noticiam
2094 3592 2476 3675 presentium
2528 3593 2851 3658 lite-rarum
2899 3594 3055 3658 serie
3102 3612 3208 3657 vo-

483 3676 691 3742 lumus
738 3678 1075 3760 pervenire,
1127 3679 1285 3760 quod
1334 3697 1475 3742 cum
1522 3679 1687 3743 inter
1733 3680 2033 3762 quosdam
2087 3680 2549 3762 predecessores
2601 3681 2803 3764 regios
2850 3683 2917 3746 et
2959 3681 3209 3745 demum

483 3764 795 3829 excelsum
841 3764 1160 3830 dominum
1224 3765 1605 3830 Ludovicum
1664 3766 1763 3830 dei
1827 3767 2031 3850 gratia
2093 3768 2410 3850 Hungarie
2471 3786 2679 3850 regem
2748 3789 2820 3834 ex
2868 3788 2990 3833 una
3031 3771 3207 3851 parte

484 3852 550 3915 et
594 3851 843 3916 inclitos
890 3853 1347 3935 predecessores
1381 3855 1624 3917 nostros
1673 3855 1855 3917 duces
1884 3855 2287 3919 Veneciarum
2337 3859 2454 3919 etc.
2503 3857 2568 3919 et
2610 3874 2715 3920 nos
2762 3874 2837 3922 ac
2883 3874 3206 3921 commune

482 3939 889 4004 Veneciarum
955 3958 1026 4002 ex
1087 3939 1286 4004 altera
1347 3945 1712 4021 procurante
1776 3942 1954 4005 hoste
2016 3943 2265 4024 antiquo
2326 3942 2581 4007 humani
2644 3945 2886 4026 generis
2953 3943 3203 4008 inimico

483 4024 679 4090 multe
725 4025 1047 4103 discordie,
1088 4027 1237 4101 rixe,
1285 4029 1727 4105 contentiones,
1776 4028 2257 4104 derrobationes‚
2307 4031 2764 4112 oppressioueS,
2814 4031 3198 4108 offensioneS,

482 4116 723 4196 strages
763 4115 826 4178 et
871 4114 1094 4178 damna
1139 4116 1270 4180 orte
1326 4115 1592 4180 fuissent
1651 4116 2033 4197 temporibus
2096 4118 2420 4182 retroactis
2468 4119 2781 4183 occasione
2827 4118 3003 4200 regni
3050 4118 3202 4182 Dal-

484 4202 697 4276 matie‚
747 4219 932 4283 quam
983 4203 1475 4284 predeccessores
1523 4203 1720 4268 nostri
1762 4204 1947 4268 duces
2010 4206 2075 4269 et
2130 4223 2239 4269 nos
2304 4222 2375 4268 ac
2440 4224 2763 4270 commune
2814 4205 3208 4270 venetiarum

482 4286 559 4351 ab
607 4288 755 4352 olim
807 4288 1119 4353 tenuimus
1163 4290 1227 4353 et
1272 4291 1657 4367 tenebamuS,
1708 4292 1958 4355 tandem
2009 4311 2116 4356 nos
2164 4294 2227 4355 et
2274 4293 2407 4356 tota
2453 4294 2863 4357 communitas
2916 4292 3209 4357 Venecia-

483 4392 619 4438 rum
668 4378 998 4457 postquam
1046 4376 1256 4459 plures
1300 4376 1658 4443 ambaxatas
1705 4378 1905 4442 factas
1951 4379 2096 4444 hinc
2144 4383 2207 4443 et
2255 4379 2415 4455 inde,
2465 4379 2854 4446 honorabiles
2900 4382 3063 4444 viros
3106 4381 3211 4444 do-

487 4461 687 4525 minos
733 4463 988 4526 Petrum
1040 4463 1450 4542 Trivisanum,
1502 4464 1852 4529 Johannem
1901 4465 2246 4531 Gradonico
2293 4468 2361 4530 et
2401 4468 2805 4532 Beneintendi
2855 4469 3114 4532 ducatus
3147 4471 3210 4531 et

492 4548 839 4613 communis
888 4550 1292 4615 Veneciarum
1357 4552 1789 4617 cancellarium
1853 4554 2015 4617 cives
2077 4557 2316 4617 nostros
2378 4555 2455 4618 ad
2516 4555 2829 4636 prefatum
2899 4555 3205 4619 illustrem

481 4633 796 4700 dominum
844 4636 1217 4701 Lodovicum
1258 4638 1576 4722 Hungarie
1622 4658 1832 4721 regem
1880 4659 2018 4703 cum
2072 4640 2255 4722 pleno
2303 4642 2366 4705 et
2412 4641 2741 4707 sufficienti
2777 4643 3086 4719 mandato,
3140 4645 3209 4705 ut

484 4724 742 4804 apparet
786 4742 858 4788 ex
903 4723 1105 4788 forma
1150 4724 1545 4790 instrumenti
1594 4726 1808 4808 scripti
1855 4746 2042 4792 manu
2091 4727 2414 4812 Raphayni
2476 4729 2551 4793 de
2598 4728 2908 4796 Caresinis
2971 4729 3204 4813 publici
