3620 5282
467 354 555 453 44.

474 540 992 649 reconciliationis
1042 548 1106 610 et
1156 545 1320 629 pacis
1367 544 1670 612 dictorum
1714 545 2138 612 communium
2173 548 2235 612 et
2266 545 2479 611 honori
2528 547 2738 613 nostro
2784 544 3012 619 viderit
3054 566 3203 612 con-

468 654 690 700 venire.

678 721 952 788 Ellectus
999 723 1392 790 ambaxator:
1450 742 1549 789 ser
1611 722 1845 789 Paulus
1890 723 2142 803 Quirino
2189 724 2386 789 sancti
2431 724 2680 801 Thome‚
2731 722 3033 807 plezarius
3098 742 3201 788 ser

467 809 747 876 Andreas
794 809 1050 889 Quirino
1096 811 1161 875 et
1204 831 1303 876 ser
1347 811 1658 878 Johannes
1706 813 1779 877 de
1824 812 2090 877 Priollis.

554 918 734 978 Μὶειί
782 918 987 978 XXX.
1038 916 1142 998 41,
1190 938 1228 978 u
1268 920 1422 981 mlet.
1464 921 1680 980 arkivu

760 1109 1237 1193 LXXVIII.
1293 1110 1499 1193 God.
1556 1111 1780 1195 1362.
1837 1113 1937 1194 10
1990 1110 2342 1213 sicma,
2396 1134 2473 1233 u‘
2507 1112 2897 1195 Mlctcih.

987 1254 1036 1314 Ο
1084 1256 1325 1315 dobitku
1370 1273 1412 1314 u
1456 1257 1718 1330 kovanju
1765 1274 1954 1315 novca
1998 1274 2040 1316 u
2086 1258 2392 1331 mletaclcoj
2437 1258 2688 1318 kovnici.

601 1448 604 1451 ‚
690 1374 840 1438 1361
900 1373 1225 1440 indictione
1271 1376 1407 1452 XV,
1457 1376 1552 1440 die
1599 1375 1838 1441 decimo
1887 1377 2117 1441 mensis
2153 1375 2433 1442 ianuarii.
2468 1378 2736 1442 Moneta.
2783 1377 2893 1442 Ser
2940 1379 3190 1443 Marcus

468 1460 692 1545 Capelo
738 1462 1004 1545 sapiens.
1053 1463 1209 1527 Cum
1257 1462 1495 1547 antiqui
1544 1463 1735 1529 nostri
1776 1483 1843 1528 se
1887 1483 2005 1528 uon
2039 1464 2450 1530 delectassent
2487 1466 2548 1529 in
2582 1466 2860 1530 faciendo
2893 1483 3192 1549 magnum

469 1551 708 1615 lucrum
759 1553 1020 1627 monete,
1070 1570 1188 1633 que
1237 1552 1551 1616 bateretur
1597 1552 1658 1617 in
1707 1557 1915 1617 nostra
1984 1554 2187 1629 cecha,
2260 1554 2324 1616 et
2383 1574 2491 1636 per
2553 1556 2834 1637 tempora
2900 1556 3196 1636 preterita

467 1639 601 1703 erat
655 1638 908 1717 solitum
972 1640 1197 1704 lucrari
1260 1640 1336 1704 de
1397 1640 1630 1722 grossis
1690 1640 1982 1722 parvulos
2046 1641 2265 1723 viginti
2327 1642 2405 1704 ad
2470 1660 2715 1725 grossos
2774 1641 2849 1705 de
2920 1643 3197 1723 qualibet

471 1726 741 1803 marcha,
791 1731 852 1790 et
893 1727 1282 1810 postmodum
1334 1726 1579 1791 fuerunt
1626 1732 1689 1792 et
1737 1748 1898 1793 nunc
1946 1730 2088 1792 sunt
2137 1729 2375 1811 parvuli
2418 1730 2639 1814 viginti
2672 1749 2776 1795 sex
2811 1731 2886 1794 ad
2926 1748 3193 1813 grossos,

467 1818 532 1879 et
574 1817 822 1898 propter
868 1816 1204 1880 novitatem
1252 1814 1469 1898 quinti,
1533 1817 1687 1898 quod
1742 1815 1988 1899 ponitur
2043 1815 2105 1881 in
2162 1817 2369 1896 cecha,
2419 1837 2538 1883 non
2604 1820 2861 1901 possunt
2920 1818 3194 1900 amplius

471 1904 601 1968 fieri
647 1905 866 1986 grossi,
917 1903 1050 1967 ideo
1094 1901 1266 1968 vadit
1315 1922 1471 1984 para,
1519 1906 1672 1985 quod
1741 1924 1952 1970 omnes
2006 1903 2119 1981 illi,
2181 1902 2283 1986 qui
2348 1907 2575 1988 ponent
2641 1908 2970 1988 argentum
3030 1907 3199 1971 fran-

468 1992 647 2055 chum
698 1991 773 2055 de
817 1989 1030 2073 quinto
1079 1992 1140 2054 in
1186 1991 1391 2068 cacha,
1441 1992 1723 2056 massarii
1773 1993 1968 2057 nostri
2017 1995 2259 2056 monete
2302 1994 2626 2057 teneantur
2686 1994 2829 2057 dare
2892 1995 2966 2058 de
3028 1995 3195 2059 omni

470 2079 720 2144 marcha
766 2079 1006 2161 argenti
1054 2079 1285 2143 franchi
1327 2079 1528 2144 soldos
1577 2100 1791 2145 novem
1841 2099 2188 2163 grossorum
2240 2099 2346 2163 pro
2396 2083 2667 2157 marcha,
2725 2082 2815 2146 ita
2878 2085 3038 2164 quod
3086 2080 3196 2147 ubi

472 2166 587 2249 ipsi
635 2185 798 2231 nuuc
843 2167 996 2230 dant
1040 2165 1231 2231 libras
1273 2167 1555 2234 undecim
1606 2169 1810 2234 soldos
1858 2168 2188 2233 tresdecim
2237 2169 2313 2232 ad
2360 2187 2607 2251 grossos
2652 2169 2728 2233 de
2773 2171 3040 2246 marcha,
3107 2170 3197 2234 ita

468 2257 542 2317 de
602 2256 803 2319 cetero
873 2254 1024 2319 dent
1088 2255 1293 2319 soldos
1364 2275 1579 2343 novem
1628 2276 1979 2339 grossorum
2031 2275 2137 2338 pro
2187 2257 2475 2330 marcha;
2524 2260 2587 2321 et
2655 2257 2705 2322 si
2756 2256 3083 2322 consilium
3135 2260 3200 2322 et

469 2346 589 2406 cet.
640 2343 731 2405 De
777 2344 953 2425 parte
1000 2342 1104 2419 20,
1154 2342 1227 2405 de
1275 2363 1393 2407 non
1439 2344 1547 2423 54,
1592 2364 1708 2409 non
1755 2345 1974 2410 sinceri
2035 2346 2129 2407 ll.
2177 2342 2261 2407 Et
2309 2345 2428 2409 fuit
2468 2349 2719 2430 captum
2767 2346 2843 2410 de
2891 2364 3029 2410 non.

556 2449 735 2509 Miser·
785 2449 978 2508 XXX
1021 2453 1122 2528 50,
1172 2468 1213 2509 u
1258 2452 1410 2512 mlet.
1456 2453 1687 2512 arkc'vu.

816 2657 1193 2740 Lxxlx.
1248 2659 1455 2742 God.
1512 2660 1731 2744 1362.
1792 2661 1886 2743 13
1941 2661 2294 2765 siecnja,
2352 2685 2408 2745 u
2464 2661 2852 2745 Mletein.

1327 2803 1376 2863 Ο
1419 2806 1742 2865 υνίεᾱηοειὲ
1787 2807 2066 2868 vnletaclcc
2111 2809 2330 2868 marks.

687 2925 844 2990 1361
897 2924 996 2990 die
1051 2925 1128 2988 13
1170 2923 1465 3008 januarii.
1513 2924 1624 2990 Ser
1675 2926 1898 2991 Petrus
1949 2925 2135 2992 Steno
2182 2925 2589 2992 consiliarius.
2658 2922 2831 3003 Quod
2883 2944 2991 3009 pro
3040 2926 3197 2991 bono

468 3015 813 3079 communis
861 3016 925 3077 et
966 3016 1373 3078 mercatorum
1424 3012 1485 3076 in
1534 3014 1692 3078 bona
1723 3016 1925 3097 gratia
1968 3014 2303 3091 ordinetur,
2352 3015 2511 3097 quod
2557 3013 2634 3077 de
2679 3014 2881 3077 cetero
2928 3013 3205 3095 quelibet

471 3102 725 3168 marcha
773 3100 1012 3184 argenti
1061 3100 1285 3165 bullati
1329 3101 1404 3164 de
1453 3101 1624 3166 bulla
1671 3102 1873 3166 sancti
1922 3102 2115 3167 Marci
2163 3101 2508 3185 computari
2557 3101 2775 3166 debeat
2808 3101 2872 3166 in
2915 3102 3203 3166 omnibus

468 3189 887 3257 contractibus
951 3190 1014 3251 et
1076 3188 1486 3252 solutionibus
1536 3189 1978 3256 mercationum
2026 3193 2091 3253 et
2134 3190 2275 3254 aliis
2335 3189 2557 3272 quibus
2622 3208 2884 3271 cumque
2949 3188 3201 3254 solutio-

471 3279 655 3343 nibus
695 3275 912 3340 fiendis
958 3276 1033 3338 de
1080 3277 1283 3338 cetero
1331 3275 1558 3339 solidos
1621 3278 1707 3340 XI
1751 3296 1999 3359 grossos
2062 3278 2147 3341 VI
2212 3277 2273 3341 in
2336 3296 2506 3353 auro,
2583 3275 2982 3360 intelligendo
3045 3277 3203 3359 quod

470 3384 683 3429 omnes
732 3363 1021 3427 introitus
1062 3364 1126 3424 et
1172 3363 1339 3427 datia
1384 3364 1730 3429 communis
1780 3383 1897 3430 non
1942 3364 2380 3449 intelligantur
2431 3366 2489 3429 in
2539 3366 2653 3429 hoc
2701 3364 2827 3429 ullo
2880 3363 3094 3438 modo;
3145 3370 3208 3429 et

469 3455 521 3517 si
582 3450 809 3533 aliquis
856 3451 1302 3515 contrafaceret
1346 3450 1443 3515 vel
1490 3469 1611 3515 non
1660 3455 1826 3517 esset
1866 3455 2190 3517 contentus
2236 3451 2441 3533 aliquo
2512 3453 2692 3516 modo
2751 3451 2827 3516 de
2890 3451 3204 3533 predictis,

472 3539 756 3606 incurrat
800 3539 876 3601 ad
925 3557 1142 3620 penam
1198 3538 1403 3621 quarti
1439 3539 1657 3603 valoris
1704 3540 1855 3618 eius,
1901 3541 1959 3605 in
2008 3560 2126 3622 quo
2157 3542 2504 3605 contrafiet.
2552 3539 2711 3604 Item
2740 3540 2896 3621 quod
2930 3539 3212 3620 quelibet

476 3626 727 3693 marcha
773 3645 1092 3691 sumorum
1142 3626 1201 3689 iu
1250 3626 1534 3691 omnibus
1581 3626 2003 3692 contractibus
2051 3630 2115 3691 et
2160 3628 2564 3693 solutionibus
2628 3628 3079 3692 mercationum
3114 3630 3208 3706 ¹et

472 3716 597 3782 alia
640 3713 947 3780 solutione
993 3713 1227 3787 fiendis,
1282 3716 1353 3778 ut
1396 3718 1493 3778 est
1534 3713 1768 3779 dictum
1798 3718 2070 3796 exceptis
2103 3717 2288 3780 datiis
2336 3717 2400 3780 et
2448 3715 2806 3780 introitibus
2835 3715 3202 3789 communis,

473 3805 698 3870 debeat
744 3801 1084 3884 computari
1130 3802 1354 3866 solidos
1402 3802 1513 3881 XI,
1559 3821 1805 3885 grossos
1855 3803 2003 3867 VIII
2045 3805 2104 3867 in
2147 3822 2314 3880 auro,
2363 3805 2429 3867 et
2472 3805 2749 3869 debeant
2778 3803 2928 3866 dicti
2977 3803 3207 3867 summi

473 3891 740 3958 laborari
786 3890 848 3954 in
897 3890 1087 3954 cecha
1133 3889 1333 3954 sancti
1380 3889 1577 3953 Marci
1626 3892 1691 3954 et
1737 3891 1937 3955 bulari
2007 3891 2084 3955 de
2130 3890 2304 3955 bulla
2362 3892 2559 3956 sancti
2607 3890 2828 3966 Marci,
2891 3893 2957 3954 et
3012 3890 3209 3974 magi-

474 3979 743 4046 strantia
791 3978 1019 4043 babere
1064 3978 1290 4043 debeat
1336 3996 1446 4059 pro
1496 3978 1706 4042 labore
1753 3997 1861 4042 suo
1910 3998 2019 4061 pro
2071 3979 2319 4044 marcha
2365 3997 2610 4062 grossos
2657 3978 2741 4042 ΙΙ.

689 4068 946 4148 Insuper
1001 4065 1135 4129 fieri
1182 4066 1446 4130 debeant
1491 4063 1690 4148 grossi
1738 4065 1878 4129 novi
1944 4068 2019 4132 de
2075 4066 2189 4131 illa
2252 4068 2497 4148 stampa
2558 4069 2623 4131 et
2684 4067 2865 4131 cunio
2923 4069 2987 4130 et
3046 4066 3213 4131 sicut

477 4158 595 4221 l’uit
642 4156 820 4220 modo
865 4153 941 4218 ad
989 4171 1263 4235 proaem,
1312 4152 1416 4234 qui
1464 4151 1695 4217 vadant
1740 4172 1849 4234 pro
1894 4155 2144 4219 marcha
2190 4154 2370 4220 solidi
2418 4151 2569 4219 VIII
2616 4155 2817 4236 grossi
2864 4155 3070 4229 v1111,
3136 4153 3213 4217 de

478 4243 703 4324 quibus
753 4240 985 4322 grossis
1033 4239 1317 4305 massarii
1367 4242 1613 4304 monete
1664 4241 1991 4307 teneantur
2038 4242 2184 4308 dare
2230 4243 2456 4307 solidos
2507 4242 2656 4306 V111
2704 4260 2953 4324 grossos
2997 4241 3200 4323 vl11s,

477 4346 584 4409 pro
632 4327 910 4409 qualibet
959 4328 1233 4405 marcha,
1297 4328 1362 4391 et
1421 4327 1684 4393 debeant
1743 4330 1892 4393 dicti
1954 4332 2149 4413 grossi
2200 4330 2339 4395 novi
2387 4330 2727 4412 computari
2799 4329 2858 4394 in
2906 4330 3213 4395 solutione

481 4416 927 4479 mercationum
975 4435 1082 4496 per
1130 4418 1379 4481 modum
1428 4417 1493 4480 et
1539 4435 1682 4481 cum
1731 4415 2084 4482 conditione
2134 4418 2489 4501 supradicta
2535 4435 2781 4499 grossos
2828 4417 3041 4481 XVIII
3103 4435 3211 4497 pro

480 4500 761 4580 quolibet
807 4503 1028 4568 ducato
1074 4503 1227 4567 aru-i.
1291 4503 1374 4566 Et
1412 4503 1576 4568 ultra
1636 4505 1747 4568 boc
1808 4507 2054 4587 quando
2117 4505 2344 4588 aliquis
2397 4505 2650 4569 debebit
2708 4505 2948 4570 solvere
3003 4507 3215 4569 nostro

476 4588 786 4651 communi
830 4589 1064 4671 aliquid
1117 4593 1242 4656 Iam
1293 4591 1538 4655 nomine
1585 4592 1735 4656 datii
1776 4593 2108 4658 mesetarie
2156 4613 2336 4676 quam
2411 4593 2598 4657 aliter
2663 4593 2784 4657 alio
2850 4593 3052 4670 modo,
3128 4590 3214 4655 sit

480 4675 539 4737 in
589 4671 878 4738 libertate
922 4695 1035 4741 sua
1081 4677 1262 4743 dandi
1311 4679 1403 4742 et'
1420 4679 1697 4744 solvendi
1738 4680 2135 4745 medietatem
2185 4681 2261 4745 de
2307 4679 2495 4745 dictis
2544 4679 2779 4765 grossis
2841 4680 2921 4745 ad·
2977 4680 3208 4746 dictam

479 4760 777 4833 rationem
823 4764 887 4827 et
933 4762 1125 4828 nostri
1173 4764 1469 4831 officIales
1515 4767 1837 4851 recipiant.
1891 4768 2046 4833 Item
2095 4768 2171 4834 ad
2221 4767 2530 4835 minutum
2581 4768 2789 4834 nullus
2836 4767 3033 4851 possit
3084 4765 3212 4833 dic-
