3620 5282
490 361 619 428 308

788 533 1303 619 cccchv.
1361 532 1566 621 aod.
1626 535 1854 618 1393.
1909 534 2007 618 27
2059 534 2371 638 npnja,
2424 557 2485 618 u
2538 533 2932 618 anetem.

1041 677 1355 755 oaqovara
1398 696 1462 739 se
1507 698 1591 740 na
1622 681 1890 755 nahtjeve
1925 680 2312 755 qospodarice
2357 679 2647 740 Avazone.

702 799 891 866 1393.
940 800 1036 865 die
1083 799 1386 882 vigesimo
1451 802 1717 883 septimo
1786 800 1960 865 iunii.
2038 800 2364 884 Sapientes
2418 801 2825 882 suprascripti
2889 799 3211 880 utriusque

487 907 705 954 manus
752 887 856 973 (V.
905 890 1144 971 partem
1193 889 1280 952 29
1327 887 1591 971 aprilis).
1643 887 1877 971 Capta:
1926 889 2086 971 quod
2154 890 2596 969 respondeatur
2655 889 2733 952 ad
2797 888 3212 952 ambasiatam

483 977 662 1042 nobis
708 975 940 1043 factam
1005 995 1113 1058 pro
1163 979 1335 1058 parte
1381 975 1627 1041 domine
1675 976 1954 1041 Avalone
2001 978 2067 1040 et
2112 976 2313 1058 primo
2371 975 2448 1040 ad
2511 975 2775 1058 primam
2837 982 3097 1058 partem.
3148 975 3215 1038 in

483 1083 603 1148 qua
650 1065 783 1147 ipse
826 1063 980 1129 facit
1021 1065 1419 1142 mentionem,
1468 1065 1628 1146 quod
1676 1065 1925 1129 domina
1971 1081 2085 1128 sua
2138 1064 2418 1147 predicta
2477 1065 2576 1128 est
2637 1064 2940 1145 disposita
3001 1064 3215 1126 obser·

488 1172 631 1217 vare
677 1153 740 1217 et
785 1153 931 1218 dare
977 1151 1153 1216 nobis
1201 1169 1308 1217 seu
1357 1170 1578 1234 ponere
1624 1169 1808 1234 super
1856 1152 2086 1216 nostris
2148 1151 2346 1234 galeis
2417 1150 2632 1234 culphi
2699 1150 2841 1216 illos
2912 1150 3213 1228 homineS,

482 1258 634 1325 quos
681 1241 823 1305 dare
861 1239 1040 1305 nobis
1087 1240 1375 1322 promisit
1406 1239 1572 1303 omni
1618 1256 1779 1303 anno
1829 1259 1936 1321 pro
1985 1240 2144 1303 turri
2191 1240 2289 1303 del
2337 1239 2537 1322 Prego
2589 1240 2656 1303 et
2700 1257 2805 1323 pro
2835 1237 3051 1315 Sasno,
3087 1238 3216 1301 exi-

481 1327 633 1394 bitis
680 1327 801 1392 sibi
847 1345 956 1410 per
1001 1345 1113 1392 nos
1158 1330 1309 1402 etc.;
1360 1325 1521 1409 quod
1572 1326 1898 1409 dispositio
1939 1344 2048 1391 sue
2097 1326 2343 1391 domine
2390 1326 2748 1409 supradicta
2794 1328 2893 1390 est
2937 1326 3105 1390 iusta
3148 1325 3214 1389 et

477 1415 887 1492 rationabiliS,
935 1416 1082 1498 quia
1127 1415 1407 1479 debitum
1455 1415 1554 1478 est
1621 1433 1869 1479 servare
1933 1414 2237 1496 promissa
2301 1415 2367 1478 et
2429 1416 2702 1480 maxime
2767 1413 3209 1496 recipientibus

479 1505 753 1586 personis
800 1505 866 1567 et
910 1503 1281 1568 habentibus
1328 1520 1599 1579 causam,
1640 1505 1894 1584 propter
1938 1519 2144 1584 quam,
2191 1502 2356 1566 sicut
2400 1501 2536 1585 ipsa
2574 1502 2780 1582 habet,
2841 1501 2992 1584 quia
3055 1502 3208 1566 bene

479 1592 671 1667 novit,
722 1591 952 1675 quanto
997 1589 1375 1672 placibiliter
1418 1593 1483 1654 et
1526 1590 1874 1654 liberaliter
1919 1589 2409 1671 complacuimus
2486 1590 2605 1654 sibi
2665 1591 2742 1654 de
2805 1588 2977 1652 dicta
3021 1588 3203 1663 turri,

482 1681 549 1744 et
591 1697 712 1743 non
759 1678 1140 1755 dubitamus,
1188 1677 1370 1760 quod,
1423 1677 1493 1741 nt
1535 1679 1851 1758 promittit
1895 1679 1960 1742 et
2004 1677 2273 1754 tenetur,
2346 1677 2792 1742 inviolabiliter
2851 1676 3213 1741 observabit

479 1769 612 1832 tam
656 1785 767 1850 pro
813 1764 1252 1831 satisfaciendo
1297 1763 1507 1829 debito
1544 1783 1676 1841 suo,
1725 1784 1911 1847 qnam
1962 1767 2031 1828 ut
2075 1765 2411 1829 habeamus
2445 1782 2719 1843 causam,
2747 1765 2914 1829 sicut
2949 1763 3211 1828 intentio

482 1857 697 1920 nostra
742 1855 858 1928 est,
908 1851 1311 1918 conservandi
1361 1871 1567 1916 secum
1617 1852 2100 1918 benivolentiam
2148 1854 2212 1917 et
2257 1869 2552 1916 amorem.

689 1940 788 2006 Ad
835 1940 1097 2005 alteram
1144 1943 1387 2023 partem
1437 1941 1881 2017 continentem,
1929 1938 2091 2022 quod
2140 1940 2278 2021 ipsa
2316 1939 2570 2003 domina
2600 1944 2698 2003 est
2734 1939 3034 2022 disposita
3063 1937 3212 2002 dare

481 2029 659 2095 nobis
705 2031 977 2094 castrum
1027 2046 1207 2092 suum
1254 2027 1552 2103 Avalone,
1593 2026 1655 2091 in
1702 2045 1847 2092 casu
1896 2044 2013 2109 quo
2072 2026 2339 2093 velimus
2405 2027 2609 2092 facere
2679 2045 2894 2092 versus
2956 2044 3093 2091 eam
3138 2027 3213 2090 de

483 2117 668 2184 rebus
714 2115 1188 2182 rationabilibus
1234 2119 1297 2179 et
1342 2115 1621 2179 honestis
1667 2117 1806 2193 etc„
1856 2113 2301 2197 respondeatur
2363 2114 2584 2193 eidem,
2649 2116 2809 2198 quod
2865 2118 3032 2179 teste
3098 2113 3211 2178 deo

478 2222 591 2269 nos
632 2221 848 2269 sumus
897 2203 1046 2267 satis
1094 2202 1279 2280 avidi,
1327 2204 1485 2285 quod
1533 2204 1907 2285 quicumque
1954 2204 2018 2265 et
2062 2201 2416 2283 specialiter
2461 2202 2650 2267 amici
2698 2202 2909 2279 nostri,
2958 2202 3204 2286 qualem

478 2311 615 2357 eam
664 2294 976 2367 tenemus,
1022 2291 1193 2355 stent
1239 2291 1300 2354 in
1347 2289 1645 2354 dominiis
1692 2294 1755 2353 et
1803 2289 2216 2372 regiminibus
2264 2292 2411 2368 suis,
2467 2293 2532 2354 et
2576 2289 2786 2372 potius
2851 2290 3207 2372 possideant

478 2380 545 2444 et
572 2379 922 2461 gubernent
954 2377 1088 2444 loca
1133 2395 1264 2450 sua,
1312 2396 1494 2459 qnam
1536 2395 1682 2453 nos;
1729 2381 1793 2440 et
1832 2380 2162 2459 propterea
2195 2394 2304 2441 nos
2338 2378 2757 2461 regratiamur
2787 2379 2941 2442 satis
2973 2377 3213 2461 magni-

388 2489 397 2496 *
478 2466 725 2531 ficentie
768 2485 878 2530 sue
921 2464 997 2529 de
1046 2467 1201 2529 bona
1247 2484 1361 2530 sua
1408 2464 1750 2529 intentione
1796 2467 1863 2528 et
1907 2463 2326 2547 dispositione,
2376 2465 2641 2548 rogando
2687 2483 2822 2529 eam
2881 2466 3207 2538 instanter,

479 2554 640 2637 quod
683 2553 925 2636 placeat
971 2570 1183 2635 regere
1230 2554 1296 2617 et
1340 2552 1684 2635 gubernare
1731 2555 1938 2616 castra
1986 2570 2117 2628 sua,
2164 2552 2330 2616 sicut
2377 2551 2694 2635 hucusque
2762 2552 2953 2629 fecit3
3031 2557 3097 2617 et
3163 2552 3211 2615 si

482 2647 734 2725 propter
779 2640 893 2705 hoc
938 2639 1142 2706 forent
1186 2640 1307 2705 sibi
1356 2640 1683 2705 necessarii
1734 2641 1806 2704 de
1856 2639 2224 2705 ballistariis
2258 2641 2508 2717 nostriS,
2542 2660 2651 2705 nos
2683 2661 2899 2706 sumus
2941 2639 3212 2707 contenti

483 2730 550 2793 et
593 2730 684 2794 sic
731 2728 851 2793 sibi
902 2728 1238 2802 offerimus,
1286 2728 1447 2812 quod
1502 2745 1611 2810 pro
1648 2746 1758 2793 sua
1805 2728 2069 2809 pecunia
2133 2728 2332 2809 possit
2389 2729 2623 2793 soldari
2680 2731 2746 2794 et
2804 2729 3083 2812 accipere
3140 2728 3212 2793 de

478 2818 666 2881 terris
713 2816 945 2881 nostris
989 2835 1183 2898 usque
1230 2816 1307 2880 ad
1358 2834 1685 2880 numerum
1735 2817 1809 2879 de
1858 2816 2375 2898 vigintiquinque,
2435 2835 2578 2881 cum
2643 2816 2869 2899 quibus
2932 2816 3215 2881 attendat

480 2904 555 2969 ad
605 2903 950 2969 custodiam
999 2906 1064 2968 et
1110 2904 1638 2969 conservationem
1689 2903 1958 2967 locorum
2022 2921 2273 2967 suorum
2336 2903 2787 2986 predictornm3
2849 2908 2912 2968 et
2978 2905 3032 2969 si
3102 2903 3215 2968 hoc

480 2990 854 3074 acceptabit,
903 2990 1217 3056 scribatur
1266 2992 1493 3056 nostris
1541 2990 1905 3064 rectoribus,
1955 2991 2113 3073 quod
2161 2989 2253 3055 sic
2298 2990 2562 3056 debeant
2607 2990 2957 3056 observare.

691 3078 793 3142 Ad
843 3079 1102 3142 terciam
1151 3082 1394 3162 partem
1442 3080 1515 3141 de
1562 3078 1723 3143 facto
1770 3076 2158 3143 Constantini
2207 3079 2649 3155 continentem,
2722 3078 2887 3162 qnod
2937 3080 3072 3162 ipse
3117 3083 3215 3145 est

481 3165 826 3249 dispositus
873 3168 1113 3230 munire
1161 3167 1431 3249 quinque
1478 3165 1576 3230 vel
1642 3183 1747 3230 sex
1817 3165 1891 3229 de
1961 3165 2112 3230 locis
2181 3164 2311 3229 suis
2376 3166 2530 3231 bene
2597 3173 2661 3230 et
2707 3166 3093 3233 sufficienter
3136 3167 3214 3233 de

483 3254 777 3319 omnibus
824 3271 935 3335 per
978 3254 1239 3335 quatuor
1287 3271 1477 3318 annos
1523 3255 1588 3316 et
1638 3254 1917 3316 recedere
1964 3270 2037 3316 ac
2083 3271 2149 3316 se
2208 3253 2500 3319 reducere
2560 3255 2638 3318 ad
2700 3252 3107 3319 habitandum
3156 3256 3217 3319 in

483 3340 878 3423 Nigroponte
924 3341 1020 3405 vel
1066 3341 1129 3405 in
1179 3339 1402 3425 Oorfoy
1445 3359 1586 3405 cum
1638 3358 1841 3414 uxore,
1891 3338 2134 3403 familia
2173 3343 2250 3411 et
2283 3341 2470 3405 rebus
2532 3341 2682 3419 suis,
2739 3344 2805 3406 et
2838 3342 3000 3424 quod
3035 3361 3218 3425 prop-

482 3429 651 3493 terea
705 3429 882 3491 nobis
927 3428 1174 3510 placeat
1223 3427 1340 3493 hoc
1385 3428 1505 3492 sibi
1554 3428 1888 3492 concedare
1932 3429 2073 3503 etc„
2117 3429 2576 3509 respondeatur,
2624 3431 2784 3511 quod
2831 3429 2894 3492 in
2941 3429 3060 3507 his,
3103 3449 3221 3514 que

483 3516 745 3579 honeste
793 3517 857 3580 et
902 3515 1195 3580 habiliter
1240 3533 1582 3596 possemus,
1632 3515 2159 3596 complaceremus
2210 3515 2479 3581 libenter
2523 3516 2687 3581 dicto
2748 3517 2998 3581 domino
3061 3517 3222 3582 Con-

488 3603 784 3680 stantino,
834 3602 940 3666 sed
988 3621 1102 3667 nos
1150 3621 1269 3667 non
1322 3603 1604 3668 videmus
1654 3603 1804 3666 bene
1853 3604 2129 3677 modum,
2188 3602 2346 3685 quod
2412 3605 2474 3667 in
2523 3603 2653 3668 illis
2698 3604 2849 3669 locis
2917 3605 3085 3669 istud
3134 3606 3225 3670 fa-

486 3708 627 3754 cere
675 3708 1045 3773 possemus;
1091 3690 1498 3755 nihilominus
1547 3691 1599 3754 si
1644 3689 1922 3772 placeret
1967 3689 2089 3753 sibi
2135 3708 2202 3754 se
2251 3691 2542 3755 reducere
2588 3691 2664 3753 ad
2715 3693 3033 3756 civitatem
3085 3711 3226 3758 nos—

483 3778 650 3842 tram
711 3776 1133 3853 Venetiarum,
1181 3778 1298 3842 hoc
1343 3778 1495 3841 satis
1543 3777 1817 3859 placeret
1858 3776 2056 3851 nobis,
2106 3778 2172 3841 et
2202 3777 2645 3843 honoraremus
2674 3797 2997 3861 personam
3043 3798 3220 3845 suam

486 3865 550 3928 in
599 3864 846 3929 cunctis
895 3866 1073 3929 nobis
1121 3864 1520 3947 possibilibus
1568 3867 1883 3945 tamquam
1933 3865 2204 3929 amicum
2255 3870 2533 3929 nostrum
2582 3869 2999 3941 carissimum,
3036 3868 3102 3931 et
3129 3887 3227 3932 se-

485 3952 757 4017 cundum
810 3954 971 4034 quod
1020 3953 1265 4017 deceret
1308 3952 1805 4035 magnitudinem
1855 3969 2054 4016 suam.
2146 3952 2240 4018 De
2285 3956 2458 4034 parte
2506 3953 2612 4032 65,
2661 3953 2736 4018 de
2780 3972 2900 4018 non
2949 3953 3056 4030 20,
3102 3975 3223 4021 non

481 4041 708 4105 sinceri
754 4039 852 4104 19.

567 4146 729 4209 Secr.
784 4146 959 4207 Cous.
1005 4147 1151 4221 Roy.
1201 4146 1279 4210 R.
1332 4149 1438 4224 81,
1487 4164 1530 4206 u
1571 4147 1728 4206 mlet.
1773 4148 2014 4206 arkivu.

780 4403 1344 4488 CCCCXLVI.
1399 4402 1603 4487 θοαὶ.
1660 4404 1886 4488 1393.
1943 4408 1986 4488 1
2042 4410 2365 4509 smnja,
2413 4430 2475 4491 u
2528 4407 2926 4493 Mletclh.

535 4550 803 4625 Odyovor
841 4551 1170 4623 poszaniku
1216 4550 1376 4609 bana
1420 4550 1779 4624 hrvatskoya
1839 4550 2044 4610 Ivana
2084 4570 2127 4610 u
2159 4553 2344 4625 postu
2401 4570 2618 4614 savena
2654 4555 2793 4630 aori
2822 4556 3169 4626 pomam.

701 4669 893 4734 1393.
942 4671 1041 4735 die
1084 4670 1283 4753 primo
1328 4670 1489 4735 iulii.
1538 4671 1881 4735 Dominus:
1930 4672 2095 4753 quod
2139 4672 2585 4755 respondeatur
2615 4672 2722 4738 isti
2753 4672 2932 4738 fratri
2964 4673 3211 4750 minori,
3319 4688 3332 4699 ·

488 4755 648 4839 quod
696 4755 1120 4823 intelleximus
1164 4757 1498 4841 diligenter
1543 4776 1632 4840 ea,
1682 4775 1802 4840 que
1870 4758 2045 4824 nobis
2092 4760 2392 4843 exposuit,
2456 4760 2678 4843 quibus
2729 4760 3066 4826 intellectis
3111 4778 3210 4825 ro-
