3620 5282
500 359 629 425 448

502 551 718 599 sumus
763 533 1035 599 contenti
1079 533 1144 598 et
1186 532 1363 598 nobis
1407 532 1630 614 placet,
1672 530 1836 616 quod
1881 548 2086 595 comes
2133 529 2468 595 Bartholus
2514 529 2747 593 tractet
2812 528 2878 592 et
2929 526 3225 610 procuret

505 638 644 685 cum
695 621 858 685 dicto
905 619 1169 686 Vulvino
1216 623 1280 685 et
1324 637 1462 685 cum
1511 618 1672 698 aliis,
1720 619 1886 683 sicut
1930 617 1987 682 ei
2036 617 2343 682 videbitur
2384 617 2458 681 de
2500 615 2701 681 dando
2743 614 2920 680 nobis
2952 613 3217 691 Vallem,

513 711 578 772 et
621 706 782 790 quod
826 709 1149 791 propterea
1193 725 1408 773 sumus
1453 705 1725 771 contenti
1769 704 1917 770 dare
1964 706 2029 769 et
2073 704 2328 779 solvere,
2399 703 2678 768 habendo
2737 702 2940 786 ipsam
2988 702 3223 766 terram

502 795 565 859 in
611 800 823 859 nostra
851 794 1055 872 fortia,
1105 812 1296 878 usque
1339 792 1598 859 florenos
1643 793 1685 856 2
1730 793 1944 863 mille:
2010 793 2075 856 et
2111 792 2166 856 si
2211 791 2435 855 melius
2477 809 2594 856 non
2642 792 2864 872 posset,
2911 808 3105 871 nsque
3151 788 3217 851 in

508 882 550 946 3
596 882 789 964 mille,
835 886 899 946 et
941 881 1327 964 perdonando
1374 881 1492 945 sibi
1544 880 1800 945 iniurias
1842 882 1914 944 et
1953 879 2334 944 offensiones,
2382 878 2489 956 54,
2513 878 2621 941 49.

712 966 932 1052 Capta:
996 987 1095 1033 ser
1157 967 1403 1033 Marcus
1465 965 1733 1051 Capello,
1808 986 1907 1032 ser
1977 967 2197 1031 Petrus
2277 967 2643 1031 Mauroceno
2720 963 2925 1047 capita
2992 962 3069 1027 de
3114 962 3225 1027 XL

508 1056 729 1122 volunt
772 1075 881 1139 per
928 1058 1129 1121 totum
1174 1057 1418 1138 partem
1461 1055 1828 1138 predictam,
1876 1053 2134 1119 dicendo
2179 1053 2255 1117 de
2299 1052 2546 1117 florenis
2591 1054 2634 1116 4
2679 1051 2873 1117 mille.
2937 1052 3049 1128 51,
3095 1051 3224 1127 563

505 1162 625 1208 non
671 1147 731 1221 2,
777 1161 898 1208 non
945 1143 1167 1207 sinceri
1213 1142 1275 1206 3.

590 1234 776 1294 Liber
818 1234 1183 1308 Royatorum
1221 1250 1341 1307 pro
1382 1233 1565 1304 factis
1619 1231 1818 1292 Ystric
1859 1232 1965 1302 21,
2011 1249 2054 1290 u
2098 1230 2252 1290 ndat.
2297 1231 2531 1291 arkivu.

792 1418 1259 1502 CXXXIV.
1313 1419 1521 1502 God.
1577 1418 1802 1502 1339.
1855 1417 1956 1501 23
2008 1414 2364 1520 siecnja,
2416 1440 2478 1500 u
2528 1416 2918 1500 Mlctclh.

1414 1545 1463 1605 ο
1505 1546 1711 1606 §zoora
1754 1547 1943 1605 kam
1973 1545 2323 1619 hvarskoqn.

721 1665 907 1731 1338.
954 1665 1054 1730 die
1100 1665 1400 1749 vigesimo
1451 1664 1637 1730 tertio
1690 1665 1971 1730 ianuarii.
2060 1662 2233 1742 Quod
2293 1665 2571 1747 potestas
2617 1664 2767 1730 Zare
2818 1663 2994 1747 (puto
3040 1663 3226 1748 Fare)

514 1772 675 1818 nunc
721 1753 961 1818 fiendus
1007 1753 1275 1837 eligatur
1320 1755 1621 1835 quantum
1668 1770 1777 1837 pro
1823 1771 1984 1817 nunc
2031 1771 2140 1835 per
2199 1753 2494 1835 quattuor
2539 1770 2760 1817 manus
2806 1770 2915 1834 per
2961 1751 3218 1817 electio-

512 1860 657 1906 nem
706 1841 771 1905 in
842 1840 1059 1905 maiori
1126 1840 1401 1918 consili0,
1464 1842 1528 1905 et
1590 1839 1959 1923 approbetur
2026 1839 2101 1904 ad
2158 1858 2348 1903 unum
2405 1840 2480 1904 ad
2542 1858 2769 1916 unum;
2830 1841 2894 1903 et
2938 1838 3064 1917 ille,
3114 1838 3219 1923 qui

513 1927 803 1993 habuerit
848 1927 1054 2009 plures
1100 1927 1361 1992 ballotas
1393 1927 1673 1992 habendo
1715 1927 2010 1992 maiorem
2057 1929 2298 2011 partem
2344 1927 2582 1991 consilii
2629 1928 2713 1991 sit
2758 1928 3008 2001 firmus3
3059 1929 3123 1991 et
3169 1927 3223 1991 si

508 2016 699 2098 aliqui
746 2034 818 2079 ex
852 2015 969 2097 ipsi
1018 2032 1139 2079 non
1185 2015 1484 2079 haberent
1510 2015 1806 2079 maiorem
1841 2020 2077 2096 partem
2110 2014 2372 2090 consilii,
2417 2014 2511 2079 illi
2556 2013 2697 2092 duo,
2732 2014 2832 2096 qui
2884 2014 3226 2079 habuerint

507 2103 714 2186 plures
737 2101 1021 2175 bellotae,
1068 2100 1298 2167 vadant
1345 2121 1500 2166 unus
1548 2121 1653 2184 per
1699 2102 1973 2166 medium
2025 2101 2297 2180 alteriue,
2345 2105 2410 2166 et
2452 2101 2504 2166 si
2553 2101 2778 2184 aliquis
2826 2100 3014 2165 fuerit
3059 2100 3226 2166 elec-

509 2191 614 2255 tus
660 2207 768 2272 per
814 2190 940 2254 tres
986 2208 1223 2267 manus,
1294 2189 1379 2254 sit
1441 2189 1659 2253 firmus
1723 2189 1858 2254 sine
1904 2190 2131 2271 proba;
2199 2190 2263 2252 et
2322 2187 2409 2253 sit
2472 2189 2672 2254 dictus
2719 2191 3024 2271 pottestas
3072 2206 3218 2252 cum

508 2277 756 2354 salario,
806 2275 1210 2341 facultatibus
1278 2278 1342 2341 et
1385 2276 1840 2341 conditionibus
1909 2275 2010 2340 hic
2067 2276 2276 2352 lectis3
2336 2278 2402 2341 et
2465 2277 2520 2341 si
2584 2277 2912 2340 consilinm
2958 2277 3072 2340 etc.
3122 2274 3216 2339 Ex

515 2363 854 2446 capitulare
919 2363 1269 2428 intitolatus
1328 2362 1711 2446 Philippicas
1779 2362 2080 2428 existente
2127 2363 2191 2426 in
2237 2363 2440 2429 officio
2500 2362 2817 2429 advocatie
2879 2361 3225 2428 eommunis

513 2453 590 2516 ad
680 2453 893 2534 aginae
940 2450 1049 2516 34.

598 2471 803 2604 Ζιὲοοα.
851 2541 1028 2602 Filza
1072 2540 1127 2612 1,
1172 2558 1215 2599 u
1258 2541 1413 2601 ποῖοί.
1462 2541 1694 2601 arkivu.

930 2726 1263 2812 cxxv.
1333 2728 1541 2811 eoo.
1593 2728 1823 2812 1343.
1884 2732 1930 2812 1
1985 2672 2262 2832 rusus,
2312 2751 2374 2811 ιι
2424 2728 2815 2812 motem.

511 2854 742 2917 Nalaie
784 2872 848 2917 sc
891 2857 1081 2917 knew
1125 2856 1460 2926 rabskomu,
1514 2857 1671 2914 nelca
1723 2872 1785 2915 se
1845 2856 2074 2928 ncpaca
2126 2873 2170 2914 u
2213 2857 2405 2915 stvari
2471 2855 2655 2915 cicade
2697 2872 2761 2915 se
2800 2856 3112 2916 ramirice
3158 2871 3233 2916 sa

1559 2944 1800 3003 knezom
1834 2942 2187 3017 Nelepieem.

689 3061 902 3128 Nobili
944 3063 1008 3126 et
1053 3061 1320 3145 sapienti
1361 3062 1494 3128 viro
1540 3063 1784 3127 Andree
1833 3061 2125 3127 Michaeli
2165 3060 2380 3127 comiti
2419 3060 2593 3126 Arbi.
2627 3059 2906 3127 Andreas
2946 3063 3233 3129 Dandulo

515 3149 607 3214 dei
655 3150 855 3232 grstia
896 3149 1313 3228 Venetiamm,
1362 3149 1676 3214 Dalmatie
1722 3152 1908 3232 atque
1965 3148 2209 3214 croatie
2254 3151 2396 3228 dux,
2459 3149 2741 3214 dominus
2786 3153 3003 3231 quarte
3034 3152 3230 3233 partis

512 3237 577 3299 et
618 3234 875 3300 dimidie
921 3236 1115 3300 tocius
1165 3235 1410 3320 imperii
1457 3236 1757 3301 Romanie
1803 3237 1992 3301 nobili
2040 3239 2105 3302 et
2161 3236 2425 3318 sapienti
2468 3236 2600 3301 viro
2645 3235 2887 3302 Andree
2931 3237 3227 3304 Michaeli

510 3320 588 3386 de
632 3340 742 3389 suo
787 3321 1079 3387 mandato
1142 3323 1357 3388 comiti
1404 3321 1560 3388 Arbi
1624 3324 1791 3388 fideli
1845 3322 2071 3389 dilecto
2136 3323 2356 3388 salutis
2403 3325 2467 3388 et
2513 3323 2859 3389 dilectionis
2908 3324 3223 3391 affectum.

511 3406 674 3487 Quia
721 3409 1068 3490 aliquando,
1122 3428 1239 3492 que
1285 3429 1357 3474 ex
1402 3410 1522 3474 fide
1581 3412 1872 3494 aguntur,
1941 3412 2201 3493 possunt
2259 3412 2512 3493 agenda,
2582 3429 2763 3492 super
2808 3411 3028 3495 quibus
3077 3431 3224 3495 que-

509 3495 684 3572 ritur,
731 3495 1111 3578 perturbare,
1170 3496 1496 3561 scribimus
1542 3499 1606 3562 et
1665 3496 2030 3562 mandamus
2077 3496 2273 3575 vobis,
2337 3502 2639 3581 quatenus
2685 3497 2763 3562 de
2807 3499 3015 3582 aliquo
3062 3501 3227 3565 trac·

513 3586 650 3648 tatu
693 3602 835 3648 cum
883 3585 1110 3649 comite
1166 3582 1450 3666 Nelipcio
1497 3583 1596 3649 vel
1651 3584 1787 3649 aliis
1853 3603 1957 3649 vos
2021 3584 2373 3649 nullatenus
2443 3585 2858 3651 intromittere
2917 3587 3216 3665 debeatis,

510 3689 649 3736 cum
701 3687 818 3734 non
853 3669 1265 3749 intendamus,
1324 3670 1482 3752 quod
1529 3672 1637 3736 alii
1684 3689 1870 3755 quam
1914 3673 2113 3737 nostri
2158 3671 2521 3753 provisores,
2568 3673 2675 3755 qui
2720 3675 2866 3738 sunt
2918 3674 2984 3738 in
3029 3674 3225 3756 parti-

382 3772 393 3787 *
511 3758 628 3822 bus
666 3756 1000 3837 Sclavonie‚
1048 3757 1113 3822 in
1159 3757 1400 3823 talibus
1447 3776 1515 3823 se
1562 3759 1882 3841 proctinus
1928 3760 2373 3824 intromittant.

517 3932 578 3996 d·
651 3932 665 3945 ·
722 3844 887 3948 Data
931 3845 998 3910 in
1042 3846 1251 3910 nostro
1296 3845 1496 3911 ducali
1542 3845 1800 3928 palaci0,
1850 3845 1947 3912 die
2006 3846 2206 3930 primo
2271 3847 2659 3930 septembris,
2722 3847 3082 3915 duodecime
3136 3847 3236 3912 in-

559 3934 881 4084 Ῑῗὲἓὶξίἰή
923 4041 1008 4083 na
1038 4024 1388 4098 peryameni
1429 4042 1472 4083 u
1509 4024 1664 4083 mlct.
1710 4024 1926 4083 arkivu
1972 4025 2058 4084 br.
2109 4026 2301 4085 1153.

851 4209 1233 4292 cxxvl.
1290 4209 1478 4292 eod
1554 4209 1774 4293 1347.
1828 4212 1930 4293 14
1986 4144 2338 4313 neema,
2388 4233 2450 4293 u
2502 4213 2890 4294 motem.

1262 4333 1312 4395 o
1346 4336 1518 4409 praa·
1563 4338 1586 4395 ι·
1629 4338 1837 4397 iubam
1879 4339 2067 4398 knew
2108 4338 2498 4413 zadarskoya.

734 4456 916 4521 1346.
965 4455 1065 4521 die
1112 4456 1396 4538 decimoq
1425 4458 1601 4521 uarto
1666 4456 1901 4522 mensis
1956 4456 2238 4522 ianuarii.
2307 4456 2478 4536 Quod
2525 4475 2732 4523 comes
2778 4459 2843 4524 et
2891 4460 3249 4542 capitaneus

515 4541 791 4609 civitatis
837 4542 1029 4610 Jadre
1095 4543 1180 4607 sit
1251 4563 1364 4626 per
1450 4544 1601 4608 duos
1665 4562 1873 4621 annos,
1940 4544 2165 4609 habeat
2217 4544 2292 4609 de
2358 4544 2584 4610 salario
2633 4546 2827 4611 libras
2889 4549 3252 4631 optuaginta

514 4648 865 4715 grossorum
918 4631 980 4694 in
1027 4647 1205 4709 anno,
1283 4648 1421 4695 com
1444 4630 1721 4713 putando
1766 4629 1996 4696 solidos
2042 4631 2098 4695 lI
2139 4650 2490 4713 grossorum
2541 4633 2853 4713 ducatum,
2901 4634 3252 4717 recipiendo

518 4717 822 4784 salarium
870 4718 944 4784 de
976 4716 1182 4782 medio
1226 4716 1373 4782 anni
1442 4720 1608 4798 ante,
1683 4719 1748 4782 et
1819 4717 2037 4784 deinde
2085 4719 2160 4783 de
2221 4719 2422 4793 tribus
2467 4721 2532 4785 in
2577 4721 2778 4787 tribus
2823 4721 3141 4787 mensibus
3185 4721 3254 4788 in
