3620 5282
519 347 642 411 142

513 521 708 599 minii,
762 522 920 602 quod
966 519 1280 584 habebant
1311 522 1452 584 ante
1478 520 1825 601 presentem
1876 539 2186 602 guerram,
2237 523 2300 584 et
2347 522 2558 585 eodem
2606 522 2783 586 modo
2808 521 2992 584 dictis
3021 521 3246 603 Terge-

512 610 692 673 stinis
740 618 802 670 et
848 608 1344 671 districtualibus
1391 608 1696 672 dictorum
1747 608 2019 672 locorum
2069 609 2480 672 restituantur
2540 626 2752 672 omnes
2816 608 3057 686 domus,
3120 611 3245 672 ter-

517 714 616 759 ras
665 697 726 758 et
774 697 1205 776 possessiones,
1256 713 1405 777 quas
1438 696 1750 760 habebant
1790 701 1931 759 ante
1957 698 2300 776 presentem
2352 715 2635 778 guerram
2672 697 2734 760 in
2766 697 3066 770 Venetiis,
3117 698 3244 760 ter-

513 782 749 847 ritoriis
795 785 860 845 et
904 784 1189 847 districtu
1238 782 1580 847 communis
1618 783 2020 847 Veneciarum
2070 783 2246 860 taleS,
2297 786 2509 866 quales
2541 786 2704 861 suut,
2740 787 2804 848 et
2836 785 3242 848 restituantur

514 873 576 933 in
625 889 695 934 eo
742 871 873 932 iure
921 871 1320 951 possessionis
1368 875 1434 934 et
1479 872 1754 942 dominii,
1804 871 1867 933 in
1915 872 2141 953 quibus
2168 876 2345 936 erant
2373 875 2516 935 ante
2549 872 2896 952 presentem
2932 889 3240 953 guerram.

519 959 652 1022 Hoc
699 960 838 1020 acto
886 961 949 1022 et
994 959 1348 1040 specialiter
1394 961 1693 1022 convento
1742 960 1906 1021 inter
1966 959 2163 1023 dictas
2210 961 2434 1040 parteS,
2483 961 2641 1040 quod
2703 959 2962 1041 syndici,
3026 977 3243 1039 procu-

515 1049 770 1124 ratores,
813 1049 1072 1122 actoreS,
1123 1047 1548 1109 ambaxatores
1595 1049 1660 1110 et
1682 1046 1879 1109 nuntii
1906 1047 2203 1127 speciales
2248 1047 2503 1110 ecclesie
2536 1045 2954 1127 Aquileiensis
3001 1047 3245 1109 nomine

516 1134 580 1195 et
627 1133 754 1196 vice
802 1133 965 1196 dicte
1012 1133 1270 1196 ecclesie
1319 1134 1732 1214 promiserunt
1775 1153 1881 1214 per
1928 1135 2387 1213 stipulationem
2437 1133 2815 1213 solempnem
2884 1134 3244 1215 prescriptis
3302 1147 3313 1154 ’

513 1219 766 1284 sindicis
813 1222 877 1283 et
924 1221 1422 1301 procuratoribus
1469 1221 1773 1285 dictorum
1826 1222 2056 1285 domini
2107 1222 2279 1285 ducis
2328 1228 2390 1284 et
2437 1222 2783 1285 communis
2833 1222 3237 1284 Veneciarum

513 1308 956 1388 stipulantibus
1026 1310 1088 1371 et
1161 1309 1601 1390 recipientibus
1660 1307 1791 1371 vice
1855 1312 1919 1371 et
1979 1311 2221 1372 nomine
2282 1310 2585 1372 (lictorum
2652 1310 2879 1372 domini
2945 1310 3116 1371 ducis
3179 1314 3243 1369 et

512 1396 856 1458 communis
907 1396 1310 1458 Veneciarum
1357 1414 1424 1458 se
1471 1397 1742 1459 facturos
1790 1398 1854 1458 et
1899 1398 2219 1459 curaturos
2280 1417 2420 1459 cum
2484 1396 2727 1473 effectu,
2778 1395 2939 1478 quod
3007 1396 3241 1459 dictum

511 1502 834 1546 commune
904 1484 1187 1565 Tergesti
1249 1483 1583 1547 ratificabit
1651 1487 1713 1546 et
1774 1484 2143 1564 approbabit
2209 1503 2312 1564 per
2374 1484 2685 1565 publicum
2756 1485 3238 1546 instrumentum

503 1572 997 1652 ,suprascriptum
1046 1571 1388 1652 capitulum
1444 1570 1604 1634 infra
1649 1570 1798 1634 duos
1850 1591 2090 1633 menses
2138 1591 2173 1633 a
2222 1572 2489 1652 presenti
2536 1573 2633 1634 die
2682 1571 3092 1634 numerandos
3126 1571 3241 1633 sub

512 1678 667 1740 pena
713 1658 773 1720 in
827 1658 1094 1738 presenti
1145 1676 1291 1738 pace
1340 1660 1640 1739 apposita,
1690 1677 1807 1739 que
1850 1678 2001 1739 pena
2054 1661 2183 1739 ipso
2250 1659 2408 1721 facto
2472 1660 2782 1723 communi
2834 1657 3237 1721 Veneciarum

515 1746 859 1828 applicetur
905 1747 969 1808 et
1016 1747 1211 1825 possit
1256 1746 1414 1827 exigi
1464 1763 1606 1809 cum
1651 1747 1894 1820 effectu,
1943 1749 2006 1808 et
2052 1747 2207 1827 quod
2246 1764 2351 1825 pro
2400 1748 2565 1811 dicta
2610 1764 2761 1827 pena
2807 1747 3044 1827 possint
3100 1764 3244 1808 con-

515 1834 729 1909 veniri,
774 1834 838 1895 et
889 1831 1127 1906 restari,
1177 1835 1242 1895 et
1289 1831 1553 1895 detineri
1600 1831 2007 1913 personaliter
2049 1839 2112 1896 et
2149 1834 2427 1907 realiter-3
2472 1836 2609 1896 acto
2648 1835 2713 1897 et
2748 1835 3044 1896 convento
3078 1832 3243 1894 inter

515 1922 675 2002 ipsas
723 1922 947 2002 partes,
991 1920 1151 2001 quod
1198 1938 1407 1983 omnes
1468 1919 1707 1996 domus,
1771 1921 2203 2000 possessioneS,
2267 1921 2480 2002 predia
2542 1923 2607 1983 et
2670 1921 2829 1983 bona
2898 1919 3246 1984 immobilia

521 2007 790 2089 partium
862 2009 1273 2086 predictarum
1323 2009 1386 2069 et
1453 2006 1858 2088 singularium
1924 2026 2319 2087 personarum
2386 2007 2679 2090 ipsarum,
2743 2028 2861 2089 que
2924 2028 3031 2089 per
3079 2008 3243 2088 ipsas

521 2098 728 2177 partes
775 2098 838 2157 et
885 2094 1236 2175 singulares
1265 2112 1562 2176 personas
1610 2094 1879 2174 ipsarum
1931 2099 2075 2157 ante
2126 2097 2466 2174 presentem
2518 2114 2803 2176 guerram
2850 2097 3240 2172 tenebantur,

518 2185 578 2245 in
626 2201 697 2246 eo
746 2186 913 2245 statu
962 2183 1021 2245 in
1074 2200 1194 2262 que
1240 2201 1398 2244 nnnc
1441 2189 1587 2245 sunt
1633 2184 2043 2245 restituantur
2089 2183 2230 2244 hinc
2278 2183 2417 2245 inde
2465 2183 2590 2246 illis
2640 2183 2921 2264 partibus
2983 2186 3049 2245 et
3108 2202 3244 2263 per·

516 2272 702 2346 soniS,
751 2289 868 2350 que
917 2269 1050 2350 ipsa
1090 2269 1387 2332 tenebant
1431 2271 1575 2333 ante
1623 2275 1969 2350 presentem
2019 2287 2327 2350 guerram.

727 2358 881 2419 Item
925 2357 1046 2419 fuit
1088 2359 1298 2420 actum
1348 2356 1510 2420 inter
1580 2357 1891 2438 predictas
1953 2362 2160 2438 partes
2223 2360 2380 2437 quod
2444 2359 2650 2421 omnia
2711 2358 2939 2433 debita,
2989 2358 3064 2420 ad
3126 2376 3242 2438 que

516 2444 681 2506 dicte
729 2444 1208 2507 communitates
1257 2442 1352 2506 vel
1401 2445 1744 2526 singulares
1788 2464 2041 2524 persone
2090 2447 2335 2508 subdite
2383 2450 2446 2507 et
2476 2445 2900 2508 districtuales
2933 2444 3241 2508 dictarum

517 2532 787 2613 partium
839 2533 903 2594 et
945 2530 1280 2594 cuiuslibet
1323 2549 1538 2595 earnm
1586 2531 1701 2594 sibi
1755 2533 2013 2594 invicem
2064 2534 2433 2595 tenebantur
2477 2537 2620 2594 ante
2667 2534 3016 2613 presentem
3064 2550 3247 2613 guer-

516 2637 668 2695 ram,
740 2637 858 2699 que
924 2637 1028 2698 per
1090 2617 1366 2682 dominia
1430 2619 1701 2701 ipsarum
1768 2619 2034 2701 partium
2101 2621 2194 2683 vel
2257 2620 2520 2684 alicuius
2585 2639 2794 2684 earum
2861 2622 3079 2683 exacta
3126 2637 3245 2683 non

517 2706 749 2769 fuerint
796 2725 902 2768 seu
949 2708 1150 2787 capta,
1200 2710 1557 2770 remaneant
1603 2710 1764 2768 inter
1829 2708 1990 2786 ipsas
2051 2711 2258 2788 partes
2312 2709 2369 2770 in
2417 2728 2486 2770 eo
2548 2711 2736 2782 statu,
2787 2709 2846 2770 in
2896 2725 3014 2788 quo
3070 2710 3255 2770 erant

515 2798 660 2857 ante
711 2794 1056 2874 presentem
1102 2812 1410 2876 guerram,
1461 2796 1524 2857 et
1571 2796 1698 2857 fieri
1749 2794 1971 2858 debeat
2018 2795 2157 2858 hinc
2203 2806 2266 2857 et
2314 2796 2451 2858 iude
2510 2796 2759 2858 iusticia
2808 2797 2965 2857 iuter
3039 2796 3248 2874 partes

516 2885 581 2943 et
619 2882 868 2961 plenum
919 2884 982 2944 et
1027 2881 1379 2962 expeditum
1429 2881 1675 2946 iusticie
1721 2882 2264 2962 complementum.

728 2969 885 3029 Item
936 2966 1055 3030 fuit
1085 2973 1294 3031 actum
1343 2970 1503 3031 inter
1547 2971 1751 3049 partes
1800 2969 2110 3050 predictas
2137 2970 2487 3032 nominibus
2520 2968 2841 3049 predictis,
2898 2972 3061 3051 quod
3109 2989 3245 3050 pre·

516 3055 684 3119 fatus
755 3054 1037 3117 dominus
1098 3055 1219 3119 dux
1290 3058 1353 3117 et
1399 3074 1719 3121 commune
1772 3056 2175 3120 Veneciarum
2226 3060 2557 3121 teneantur
2604 3061 2668 3120 et
2710 3057 2976 3121 debeant
3025 3058 3100 3120 de
3147 3076 3247 3120 ce-

515 3145 647 3206 tero
689 3143 941 3218 solvere,
1011 3144 1204 3206 facere
1251 3148 1316 3206 et
1364 3148 1636 3224 prestare
1691 3144 1858 3206 dicto
1916 3144 2164 3208 domino
2216 3143 2562 3224 patriarche
2621 3145 2685 3206 et
2744 3143 3001 3208 ecclesie
3049 3145 3248 3225 Aqui-

517 3231 770 3309 legiensi
843 3232 908 3293 et
975 3230 1106 3293 eius
1175 3232 1454 3294 ecclesiis
1523 3233 1587 3293 et
1652 3231 1918 3294 subditis
1984 3249 2219 3295 annuas
2282 3233 2696 3313 prestationes
2740 3232 3137 3312 pecuniarum
3182 3235 3247 3292 et

514 3318 771 3380 aliarum
820 3337 1348 3399 quarumcumque
1419 3337 1645 3395 rernm,
1718 3338 1835 3399 que
1882 3319 2137 3393 solvere,
2210 3318 2405 3381 facere
2478 3323 2539 3381 et
2604 3324 2878 3399 prestare
2926 3322 3070 3381 ante
3108 3338 3244 3399 pre·

516 3407 755 3467 sentem
805 3423 1092 3485 guerram
1142 3406 1573 3469 consueverint
1619 3408 1682 3468 et
1729 3406 2019 3468 tenentur
2051 3425 2117 3467 ex
2161 3406 2353 3468 forma
2388 3412 2701 3486 pactorum
2740 3407 3033 3470 initorum
3085 3407 3246 3467 iuter

516 3494 748 3555 dictam
799 3492 1123 3555 ecclesiam
1173 3495 1237 3555 et
1279 3492 1691 3572 patriarcham
1734 3512 1842 3555 seu
1894 3493 2382 3572 patriarchatum
2436 3493 2940 3574 Aquilegiensem
3011 3496 3075 3554 et
3143 3495 3247 3553 do-

519 3581 756 3643 minum
792 3579 1005 3641 ducem
1042 3582 1106 3642 et
1136 3598 1460 3642 commune
1501 3581 1922 3642 Veneciarum.
1980 3580 2058 3641 Et
2105 3581 2260 3660 qnod
2303 3580 2516 3664 dictus
2554 3581 2842 3643 «lanuinus
2892 3579 3250 3661 patriarcha

517 3670 582 3729 et
650 3666 910 3728 ecclesia
960 3666 1416 3747 Aquilegiensis
1489 3668 1893 3729 restituantur
1966 3669 2029 3728 et
2094 3668 2367 3729 restituti
2449 3687 2582 3730 esse
2663 3669 3095 3749 intelligantur
3173 3667 3247 3728 ad

515 3755 721 3817 omnia
785 3755 935 3826 iura,
1004 3754 1428 3816 immunitates
1482 3757 1543 3815 et
1591 3754 1939 3830 lacultates‚
2003 3774 2118 3833 que
2180 3773 2246 3815 ex
2312 3754 2511 3815 forma
2571 3754 2880 3816 dictorum
2934 3756 3250 3833 pactorum

518 3842 634 3905 sibi
686 3842 1118 3919 cmnpetebaut
1163 3848 1308 3902 aute
1359 3845 1694 3920 presentem
1747 3860 2070 3919 guerram:
2135 3861 2249 3920 qne.
2316 3846 2493 3921 pacta
2555 3843 2716 3903 iuter
2781 3843 2978 3903 dictas
3043 3842 3254 3919 partes

519 3929 786 3990 debeant
831 3947 1015 4008 super
1063 3929 1355 4008 predictis
1415 3929 1855 3990 inviolabiliter
1912 3929 2259 3997 observarh
2323 3931 2388 3990 et
2446 3928 2739 3989 similiter
2804 3927 3078 4008 prefatus
3150 3928 3254 3986 ‹lo-

521 4018 724 4078 miuus
775 4017 1124 4095 patriarcba
1171 4019 1235 4077 et
1282 4018 1411 4077 eius
1460 4016 1712 4077 ecclesia
1751 4016 2210 4095 Aquilegiensis
2257 4018 2322 4077 et
2370 4016 2600 4078 subditi
2648 4016 2727 4075 de
2775 4017 2973 4077 cetero
3000 4013 3257 4076 solvere.

521 4104 716 4165 faeere.
765 4105 828 4164 et
877 4104 1153 4181 prestare
1205 4106 1528 4164 teneantur
1596 4103 1778 4165 dictis
1838 4103 2081 4164 domino
2142 4102 2277 4163 (luci
2357 4108 2421 4167 et
2478 4103 2794 4165 communi
2862 4099 3259 4159 Veneciarum

520 4195 583 4251 et
629 4208 835 4251 eorum
888 4191 1168 4252 ecclesiis
1217 4194 1280 4250 et
1327 4189 1591 4253 subditis
1638 4208 1871 4253 aniiuas
1930 4189 2337 4268 prestatioues
2402 4189 2807 4270 pecuniarum
2874 4193 2936 4247 et
2998 4185 3261 4246 aliarum

519 4296 1045 4357 quarnmcmnque
1097 4297 1319 4350 rerum,
1386 4296 1537 4357 quas
1601 4277 1837 4339 solvere
1896 4281 1957 4335 et
2020 4278 2291 4356 prestare
2359 4284 2503 4339 ante
2572 4280 2932 4355 presentem
2978 4291 3260 4351 guerram

520 4367 971 4426 consueverunt
1018 4367 1081 4426 et
1125 4365 1413 4426 tenentur
1459 4383 1527 4425 ex
1576 4361 1772 4426 forma
1817 4364 2117 4425 dictormn
2176 4368 2514 4440 pactorum.
2580 4363 2651 4423 lsst
2726 4360 2889 4443 qnod
2947 4361 3092 4420 dieti
3163 4361 3267 4417 ‹lo-

523 4450 726 4509 minus
786 4451 904 4510 dux
954 4454 1019 4512 et
1066 4469 1390 4513 commune
1440 4452 1842 4513 Veneciarum
1907 4453 2311 4512 restituantur
2370 4456 2433 4511 et
2491 4450 2777 4513 restituti
2843 4447 3270 4523 intelligantur

519 4534 594 4595 ad
648 4537 854 4596 omma
897 4537 1047 4611 iura,
1097 4538 1530 4600 immunitates
1566 4544 1624 4596 et
1671 4537 2021 4609 facultates,
2065 4556 2178 4617 que
2222 4556 2291 4597 ex
2348 4541 2543 4600 forma
2586 4536 2905 4597 dictorum
2959 4536 3269 4614 pacturum

519 4623 608 4681 eis
649 4622 1078 4699 competebant
1123 4627 1264 4685 ante
1313 4630 1655 4703 presentem
1707 4643 2031 4704 guerram:
2083 4643 2198 4703 que
2247 4632 2435 4701 pacta
2482 4627 2641 4687 inter
2706 4624 3018 4703 predictas
3069 4626 3273 4700 partes

520 4725 705 4787 super
754 4707 1043 4783 predictis
1094 4711 1535 4775 inviolabiliter
1584 4712 2009 4774 observentur.
