3620 5282
2999 386 3127 451 387

393 557 753 639 intentione,
803 559 868 623 et
913 557 1138 624 habeat
1186 561 1398 622 nostra
1448 558 1777 640 mandata3
1857 558 2028 623 vadit
2094 579 2257 642 pars,
2328 561 2506 643 quod,
2573 563 2805 643 quanto
2850 561 3123 644 prestius

396 664 528 711 esse
575 646 820 728 poterit,
868 646 1230 728 expediatur
1274 665 1523 728 presens
1572 646 1751 729 galea
1799 647 2164 729 Barbadica‚
2211 668 2326 731 que
2372 649 2473 712 hic
2516 654 2629 723 est,
2675 652 2739 714 et
2784 669 2894 732 per
2940 649 3117 713 illam

397 734 688 797 mittatur
735 733 1096 798 mandatum
1146 733 1335 797 nobili
1381 736 1510 797 viro
1556 754 1656 799 ser
1700 735 1970 800 Johanni
2020 736 2395 812 LauredanO,
2446 737 2551 819 qui
2600 741 2696 801 est
2738 736 2801 801 in
2836 738 3124 819 partibus

400 821 701 898 Parencii,
747 821 903 903 quod
945 822 1165 885 levatis
1191 821 1564 898 hominibus,
1614 824 1827 898 remis,
1877 823 2112 887 biscoto
2160 824 2222 888 et
2267 825 2409 888 aliis
2459 824 2661 903 rebus,
2701 844 2816 907 que
2852 826 3119 889 mittun·
3179 845 3182 848 ’

401 910 503 973 tur
549 908 666 971 sibi
723 927 828 991 pro
875 927 988 973 sua
1032 909 1227 989 galea,
1276 927 1347 974 ac
1414 911 1694 991 pecunia,
1770 928 1890 992 que
1958 911 2238 976 mittitur
2285 911 2607 993 capitaneo
2653 914 2865 976 nostro
2911 911 3124 994 culphi

398 1014 506 1077 pro
553 1014 666 1060 sua
712 997 1133 1074 subventione,
1183 1015 1299 1079 que
1346 1015 1478 1060 esse
1521 997 1745 1061 debeat
1789 998 2153 1062 ducatorum
2181 999 2767 1081 *quinquemillium‚
2805 1017 2947 1064 cum
2980 1000 3119 1082 ipsa

399 1083 577 1165 galea
622 1084 963 1147 Barbadica
1000 1087 1245 1148 tantum
1295 1087 1501 1166 presto
1547 1089 1607 1147 et
1655 1085 1912 1161 solicite,
1959 1088 2264 1169 quantum
2312 1089 2556 1168 poterit,
2631 1086 2717 1151 ire
2769 1087 2992 1152 debeat
3036 1088 3114 1150 ad

403 1171 834 1236 inveniendum
886 1172 1275 1252 capitaneum
1324 1174 1605 1236 nostrum
1651 1173 1864 1255 culphi
1913 1192 2128 1237 versus
2173 1175 2379 1255 partes
2428 1172 2830 1257 Nigropontis
2864 1177 2929 1239 et
2962 1172 3118 1239 Con-

404 1256 861 1341 stantinopoliS,
905 1263 968 1322 et
1007 1261 1058 1322 si
1110 1277 1227 1322 non
1276 1260 1550 1325 inveniet
1592 1279 1733 1324 eum
1783 1278 1820 1323 a
1889 1259 2271 1342 Nigroponte
2332 1262 2507 1339 citra,
2580 1262 2819 1345 quando
2890 1261 3010 1325 erit
3054 1262 3118 1325 in

405 1345 790 1429 Nigroponte
836 1345 1061 1411 debeat
1105 1365 1239 1410 esse
1285 1365 1420 1410 cum
1477 1347 1678 1411 baiulo
1722 1350 1784 1411 et
1831 1347 2201 1412 consiliariis
2249 1346 2668 1430 Nigropontis,
2717 1350 2783 1413 et
2830 1350 3119 1414 intereos

404 1431 740 1516 diligenter
779 1437 842 1496 et
889 1433 1134 1499 solicite
1182 1434 1373 1498 videri
1419 1435 1483 1498 et
1527 1435 1878 1498 examinare
1924 1436 2128 1499 omnia
2175 1453 2350 1509 nova,
2427 1455 2542 1518 que
2588 1437 2673 1499 ibi
2720 1436 3119 1502 habebuntur

405 1519 482 1585 de
531 1522 694 1585 dicto
736 1524 945 1584 nostro
991 1523 1309 1602 capitaneo
1358 1523 1422 1586 et
1465 1520 1541 1585 de
1588 1521 1772 1586 factis
1808 1522 2148 1598 Romanie;
2197 1524 2262 1587 et
2298 1524 2348 1586 si
2396 1542 2504 1605 per
2552 1543 2719 1598 nova,
2770 1543 2886 1606 que
2932 1524 3118 1588 habe-

402 1608 654 1686 buntur,
697 1609 1007 1672 videbitur
1045 1609 1277 1674 eis-vel
1326 1609 1536 1673 maiori
1585 1609 1770 1691 parti,
1820 1610 1980 1693 quod
2029 1629 2172 1674 cum
2214 1609 2353 1674 istis
2401 1609 2637 1675 duabus
2681 1611 2877 1693 galeis
2926 1612 3129 1693 possit

406 1697 495 1760 ire
540 1714 679 1760 cum
728 1696 1061 1761 securitate
1105 1697 1183 1760 ad
1208 1696 1439 1760 dictum
1479 1701 1755 1761 nostrum
1788 1700 2202 1779 capitaneum,
2239 1701 2387 1762 tunc
2418 1699 2483 1762 in
2513 1698 2667 1764 bona
2696 1698 2903 1781 gratia
2933 1698 3125 1763 vadat

402 1786 606 1865 presto
652 1802 794 1847 cum
843 1785 976 1865 ipsa
1020 1785 1197 1865 galea
1243 1783 1590 1849 Barbadica
1633 1783 1709 1848 ad
1759 1804 1921 1848 eum.
1990 1785 2243 1864 Quando
2305 1788 2518 1851 autem
2583 1805 2692 1868 per
2770 1805 2940 1863 nova,
2990 1806 3107 1869 que

400 1872 660 1935 sentiret
726 1874 789 1934 et
856 1871 1129 1947 haberet,
1205 1872 1513 1936 videretur
1579 1872 1721 1948 sibi,
1772 1874 1931 1955 quod
1978 1891 2099 1937 non
2144 1873 2342 1954 possit
2387 1872 2478 1936 ire
2547 1891 2760 1938 secure
2832 1873 2952 1937 nisi
2998 1875 3113 1937 ha-

401 1957 576 2022 beret
629 1960 925 2023 maiorem
971 1958 1329 2028 societatem
1376 1960 1710 2043 galearum,
1757 1961 1905 2024 tunc
1953 1961 2025 2024 de
2090 1961 2364 2042 presenti
2433 1963 2498 2024 et
2559 1964 2789 2043 quanto
2836 1961 3112 2043 prestius

399 2047 707 2127 poterunt,
758 2044 1077 2129 providere
1125 2047 1407 2124 debeant,
1457 2047 1615 2128 quod
1662 2047 1889 2111 habeat
1934 2049 2006 2111 de
2073 2047 2270 2130 galeis
2338 2046 2559 2111 deinde
2621 2051 2750 2113 tam
2799 2047 3114 2130 deputatis

401 2135 475 2197 ad
525 2134 871 2198 custodiam
918 2135 1121 2199 insule
1167 2152 1349 2216 quam
1401 2134 1595 2198 duche
1641 2134 2034 2218 Egeopelagi,
2082 2153 2271 2199 unam
2321 2135 2415 2200 vel
2462 2154 2678 2200 omnes
2728 2137 2874 2213 tres,
2926 2136 2978 2200 si
3014 2155 3120 2199 ne-

402 2239 571 2284 cesse
616 2221 707 2285 eis
757 2221 1084 2298 videbitur,
1134 2224 1204 2287 ut
1250 2241 1460 2286 secure
1506 2223 1719 2304 possit,
1767 2222 1855 2285 ire
1880 2222 1955 2286 ad
1990 2224 2381 2303 capitaneum
2416 2222 2818 2288 antedictum.
2867 2221 3121 2301 Quando

402 2311 614 2374 autem
666 2326 786 2373 uon
832 2309 1143 2374 videretur
1189 2310 1297 2385 εἰς,
1345 2308 1506 2392 quod
1553 2328 1698 2374 cum
1742 2310 2028 2374 omnibus
2077 2310 2258 2375 dictis
2304 2310 2521 2393 galeis,
2556 2330 2671 2393 que
2702 2314 2910 2375 essent
2941 2311 3122 2392 quin-

403 2415 521 2478 que
571 2414 841 2473 numero,
892 2396 980 2460 ire
1025 2398 1254 2480 posset,
1304 2397 1452 2461 tunc
1495 2398 1569 2461 de
1612 2398 1883 2480 presenti
1927 2397 2194 2462 debeant
2251 2399 2569 2479 providere
2633 2417 2744 2481 per
2791 2399 2935 2463 illas
2983 2398 3119 2462 vias

401 2486 465 2547 et
509 2483 742 2559 modoS,
792 2485 896 2566 qui
941 2484 1030 2548 eis
1077 2485 1465 2563 videbuntur,
1514 2485 1673 2568 quod
1718 2485 2079 2567 capitaneus
2146 2490 2357 2550 noster
2425 2485 2737 2567 predictus
2798 2488 2888 2550 sit
2930 2485 3121 2549 infor-

403 2572 633 2648 matus,
682 2575 837 2659 quod
890 2571 975 2636 ibi
1022 2573 1150 2636 sint
1195 2571 1398 2637 dictus
1433 2590 1531 2637 ser
1574 2571 1887 2637 ‚Iohannes
1934 2591 2076 2637 cum
2124 2573 2276 2658 ipsis
2323 2574 2561 2637 duabus
2630 2573 2848 2653 galeis,
2920 2574 2993 2637 ut
3043 2575 3122 2638 de

401 2677 472 2723 eo
519 2660 836 2742 providere
882 2663 1097 2741 possit,
1147 2663 1479 2726 secundum
1516 2661 1674 2744 quod
1723 2662 1843 2725 sibi
1887 2661 2197 2726 videbitur
2237 2680 2386 2742 opus
2412 2681 2563 2726 esse.
2600 2661 2936 2743 Capitaneo
2969 2680 3119 2726 vero

405 2746 611 2827 culphi
658 2748 932 2828 predicto
976 2748 1302 2825 scribatur,
1350 2749 1657 2832 quomodo
1703 2749 2012 2813 sensimus
2057 2749 2181 2813 ista
2227 2767 2382 2813 nova
2418 2751 2493 2813 de
2538 2748 2826 2815 conflictu
2874 2749 3115 2813 domini

403 2837 592 2918 regis,
670 2835 745 2898 de
821 2835 1045 2916 quibus
1121 2836 1454 2900 habuimus
1532 2836 1870 2900 maximam
1946 2836 2403 2918 displicentiam
2451 2839 2515 2900 et
2555 2838 2994 2915 turbationem,
3049 2841 3114 2901 et

399 2924 690 3004 proptera
736 2922 886 2987 licet
930 2923 1082 2987 certi
1131 2943 1364 3002 sumuS,
1415 2925 1574 3005 quod
1622 2925 1941 3006 tamquam
1988 2922 2290 3001 solicituS,
2361 2924 2516 3007 vigil
2580 2928 2644 2988 et
2711 2926 2991 2989 attentus
3038 2923 3115 2989 ad

398 3009 608 3074 omnia
651 3011 1084 3075 concernentia
1127 3009 1417 3076 honorem
1464 3013 1528 3074 et
1572 3013 1807 3075 statum
1857 3013 2138 3075 nostrum
2207 3011 2464 3076 babebit
2530 3010 2789 3094 spiritus
2836 3014 2902 3075 et
2946 3031 3122 3075 men-

402 3098 524 3162 tem
579 3114 757 3160 suam
799 3097 879 3161 ad
949 3097 1345 3162 securitatem
1417 3098 1731 3182 galearum
1804 3100 2156 3163 nostrarum
2228 3098 2526 3163 Romanis
2592 3099 2698 3169 ita,
2768 3098 2929 3181 quod
2977 3118 3122 3164 cum

298 3232 301 3233 ν
398 3185 496 3248 dei
565 3184 794 3248 auxilio
841 3203 1052 3249 secure
1101 3187 1299 3251 redire
1347 3186 1654 3268 poterunt,
1703 3188 1767 3249 et
1812 3186 1970 3269 quod
2021 3186 2311 3250 similiter
2358 3186 2648 3269 vigilabit
2680 3190 2983 3269 quantum
3017 3205 3124 3268 po-

401 3272 553 3336 terit
611 3275 687 3335 ad
753 3273 1274 3338 conservationem
1344 3277 1405 3337 et
1465 3274 1866 3337 securitatem
1931 3274 2201 3338 civitatis
2262 3272 2845 3356 ConstantinopoliS,
2905 3277 3120 3338 tamen

402 3359 779 3441 providimus
826 3359 901 3424 de
948 3361 1248 3426 mittendo
1295 3361 1412 3425 sibi
1462 3361 1813 3425 huiusmodi
1862 3364 2100 3424 nostras
2148 3362 2356 3444 galeas
2407 3381 2548 3426 cum
2577 3361 2819 3425 ducatis
2844 3362 3117 3445 quinque

400 3447 684 3511 millibus
729 3467 838 3530 pro
883 3449 1278 3514 subventione
1326 3450 1638 3531 galearum
1688 3450 1805 3513 sibi
1872 3448 2298 3528 comissarum,
2345 3449 2627 3514 volentes>
2694 3453 2760 3513 et
2819 3448 3109 3513 fidelitati

402 3554 513 3599 sue
559 3537 949 3612 mandanteS,
1000 3538 1160 3619 quod
1207 3555 1392 3619 super
1436 3538 1642 3601 omnia
1686 3535 1914 3600 habeat
1949 3538 2206 3619 spiritus
2278 3540 2341 3601 et
2400 3537 2806 3620 cogitationes
2853 3555 2996 3600 suas
3044 3536 3120 3601 ad

401 3624 869 3704 providendum,
920 3625 1079 3706 quod
1127 3624 1255 3705 ipse
1303 3624 1476 3707 galee
1524 3623 1712 3706 viagii
1746 3625 2042 3689 Romania
2074 3626 2317 3707 possint
2349 3644 2493 3690 cum
2525 3625 2867 3689 securitate
2901 3624 3121 3702 redire,

397 3712 490 3774 ita
539 3711 701 3794 quod
749 3728 867 3775 non
913 3713 1151 3793 possint
1197 3711 1575 3777 damnificari
1625 3711 1722 3775 vel
1772 3712 2091 3776 molestari
2137 3730 2173 3777 a
2218 3711 2510 3782 Turchis„
2546 3713 2628 3775 Et
2675 3712 2969 3776 similiter
3012 3712 3117 3776 de-

399 3797 547 3862 beat
614 3801 742 3863 toto
805 3817 981 3880 posse
1051 3799 1309 3881 vigilare
1377 3801 1450 3864 ad
1522 3801 2042 3864 conservationem
2104 3801 2376 3866 civitatis
2424 3798 3116 3881 Constantinopolitano

399 3886 690 3967 predicte,
741 3886 1139 3951 confortando
1186 3887 1503 3951 dominum
1552 3889 1986 3969 imperatorem
2031 3891 2095 3951 et
2140 3906 2300 3964 suos,
2350 3891 2647 3969 quantum
2682 3886 2926 3969 poterit,
2975 3905 3116 3950 cum

403 3973 531 4037 illis
578 3974 802 4051 verbiS,
855 3993 971 4056 que
1011 3974 1130 4038 sibi
1177 3975 1554 4040 videbuntur
1596 3976 1674 4038 ad
1722 3975 2153 4039 sustinendum
2203 3994 2267 4039 se
2313 3977 2378 4038 et
2423 3977 2656 4039 statum
2728 3994 2928 4050 suum,
2974 3975 3117 4056 quia

399 4059 789 4126 infalibiliter
835 4062 1258 4144 providebitur
1305 4081 1411 4144 per
1453 4063 1759 4145 principes
1807 4063 2182 4127 christianos
2244 4081 2429 4145 super
2489 4063 2630 4126 istis
2697 4061 2962 4145 negotiis
3032 4062 3122 4126 ita

404 4150 705 4229 potenter,
753 4150 915 4231 quod
964 4151 1037 4214 de
1084 4149 1354 4214 Turchis·
1391 4169 1506 4213 non
1558 4152 1845 4232 poterunt
1890 4150 2195 4227 dubitare,
2246 4152 2311 4213 et
2351 4168 2535 4234 super
2579 4150 2786 4213 omnia
2832 4150 2897 4213 in
2942 4150 3111 4212 omni

402 4252 545 4299 casu
595 4236 883 4300 attendat
958 4238 1034 4300 ad
1105 4238 1499 4302 securitatem
1571 4243 1986 4302 mercatorum
2047 4241 2402 4301 nostrorum
2470 4238 2557 4303 ibi
2605 4238 3005 4302 existentium
3053 4241 3116 4301 et

402 4323 501 4387 sui
551 4323 818 4402 haveriS,
869 4342 989 4389 non
1035 4325 1369 4389 recedendo
1417 4325 1635 4389 deinde
1679 4325 1810 4388 sine
1858 4328 2069 4388 nostro
2117 4325 2372 4406 speciali
2418 4327 2729 4403 mandat0,
2757 4326 2946 4388 donec
2978 4343 3118 4387 cum

401 4411 739 4476 securitate
791 4414 857 4475 et
901 4413 1031 4476 sine
1074 4412 1318 4477 defectu
1367 4413 1595 4494 poterit
1636 4412 1724 4475 ibi
1772 4414 1957 4476 stare.
2007 4410 2263 4490 Quando
2310 4416 2520 4477 autem
2567 4431 2714 4476 casu
2747 4412 2976 4494 aliqu0,
3012 4411 3117 4493 qui

400 4502 607 4579 posset
651 4499 945 4572 accidere,
995 4500 1229 4583 aliquid
1291 4502 1639 4564 occurreret
1699 4499 1774 4564 de
1830 4500 1997 4563 dicta
2057 4501 2312 4563 civitate
2376 4497 2965 4579 ConstantinopoliS,
3031 4500 3122 4561 ita

397 4585 559 4667 quod
608 4588 919 4651 videretur
964 4588 1087 4651 sibi
1134 4605 1252 4651 non
1298 4602 1479 4670 posse
1525 4588 1608 4651 ibi
1658 4589 1826 4650 stare
1869 4605 2005 4650 cum
2056 4589 2408 4663 securitate,
2456 4588 2608 4650 tunc
2639 4585 2830 4649 faciat
2863 4587 3122 4666 provisi-

397 4690 596 4750 onem,
647 4692 833 4756 quam
885 4673 1085 4738 facere
1130 4677 1374 4756 poterit,
1424 4675 1501 4738 ad
1541 4674 1940 4756 securitatem
1990 4675 2308 4756 galearum
2373 4676 2727 4738 nostrarum
2795 4673 3111 4748 Romanie,

397 4758 488 4824 ita
533 4763 695 4842 quod
742 4779 862 4827 non
909 4763 1193 4827 venirent
1242 4764 1307 4827 in
1355 4781 1575 4827 manus
1623 4762 2036 4841 inimicorum,
2086 4760 2148 4825 in
2195 4779 2340 4825 casu
2393 4778 2512 4844 quo
2579 4780 2695 4825 non
2763 4760 3119 4823 descendis-

2914 4876 2953 4919 ’Β
