3620 5282
980 384 997 395 ,
3000 322 3122 389 193

629 491 1239 576 CCLXXVIII.
1297 492 1503 577 Geel.
1560 494 1789 578 1350.
1845 497 1897 579 6
1949 495 2278 596 srpnja,
2334 476 2393 576 ιι
2447 495 2853 577 Budlmu.

405 620 679 692 Kraljica
711 622 972 694 uyarska
1006 621 1207 694 ,daz-&a
1235 622 1389 682 mlet.
1437 622 1742 693 republica}
1790 621 1869 679 da
1899 621 2048 693 §aljis
2078 620 2435 695 krvatskoya
2481 622 2637 680 baua
2671 622 2862 680 Paula
2894 639 2936 680 u
2967 622 3134 680 Knin

602 726 632 766 s
672 708 959 781 naloyom,
1006 709 1159 767 nelca
1208 709 1499 782 zadovolji
1544 726 1617 769 za
1662 709 1838 768 §leode
1882 709 2211 769 mletackim
2255 711 2614 785 podanikom
2660 711 2945 783 ucinjene.

612 845 977 926 Exemplum
1029 845 1433 929 quarumdam
1484 845 1835 910 litterarum
1883 847 2216 910 missarum
2279 845 2481 910 ducali
2552 843 2822 909 dominio
2870 865 2977 928 per
3023 846 3130 911 do-

410 932 639 996 minam
690 934 966 1014 reginam
1015 933 1357 1017 Hungarie.
1426 933 1645 997 Vestre
1692 934 1899 998 ducali
1945 934 2404 1016 magnificentie
2451 937 2666 997 notum
2713 933 2978 997 facimus
3023 954 3129 1016 per

412 1023 743 1102 presentes
794 1022 949 1102 quod
991 1040 1099 1104 pro
1148 1021 1571 1086 satisfactione
1614 1020 1816 1087 fienda
1861 1041 1971 1105 pro
1995 1021 2144 1099 illis,
2189 1040 2341 1104 quos
2373 1020 2534 1085 lesos
2582 1040 2713 1084 esse
2744 1020 3134 1100 scribebatiS‚

304 1172 315 1185 x
412 1108 683 1172 nobilem
730 1110 794 1171 et
838 1110 1133 1173 eximium
1182 1109 1384 1173 virum
1436 1109 1699 1172 Paulum
1749 1109 1824 1173 de
1874 1109 2034 1191 Vgal
2083 1109 2308 1173 banum
2358 1109 2549 1173 totius
2598 1106 2916 1172 Sclavenie
2969 1109 3139 1173 iuxta

406 1199 683 1260 nostram
731 1196 1180 1261 ordinationem
1228 1197 1307 1259 ad
1356 1199 1561 1278 partes
1608 1196 1990 1261 marittimas
2028 1196 2150 1261 iam
2200 1196 2486 1261 duximus
2544 1196 3009 1271 destinandum,
3060 1197 3137 1260 ad

409 1302 587 1364 quem
639 1285 875 1347 vestros
924 1284 1178 1349 nuncios
1224 1285 1550 1348 destinetis
1599 1284 1661 1347 in
1709 1284 2042 1367 Tyninum‚
2091 1284 2199 1367 qui
2239 1305 2308 1347 ex
2354 1285 2645 1348 mandato
2693 1282 2923 1347 domini
2970 1284 3143 1348 ducis

418 1370 712 1453 Stephani
761 1370 872 1435 filii
923 1373 1118 1437 nostri
1144 1371 1454 1436 karissimi
1504 1374 1567 1435 et
1616 1373 1824 1436 nostro
1856 1371 2202 1436 satisfaciet
2240 1372 2702 1454 querelantibus
2729 1372 2898 1435 iuxta
2929 1390 3140 1435 eorum

412 1477 644 1522 meram
701 1459 1021 1524 lesionem.
1088 1460 1256 1524 Data
1303 1459 1519 1524 Budue
1582 1459 1644 1522 in
1707 1462 1925 1525 octava
1990 1460 2136 1525 festi
2203 1462 2556 1524 sanctorum
2604 1460 2773 1523 Petri
2833 1462 2897 1523 et
2961 1459 3137 1523 Pauli

402 1546 838 1628 apostolorum.

495 1635 1063 1697 Commemorialium
1111 1638 1223 1698 IV.
1277 1641 1422 1716 176,
1469 1656 1512 1697 u
1556 1638 1896 1698 mlctad‘kom
1944 1639 2182 1698 arkivu.

675 1823 1208 1907 CCLXXIX.
1267 1827 1474 1909 God.
1513 1827 1742 1911 1350.
1799 1827 1849 1910 2
1896 1826 2344 1925 ΙωΙονοΖει,
2398 1849 2457 1907 ιι
2513 1826 2907 1907 Mletcih.

752 1953 969 2011 Mar-in
1014 1952 1383 2026 Superancc‘o
1428 1955 1790 2028 opredieljen
1839 1954 2059 2013 odboru
2104 1970 2178 2013 za
2223 1954 2499 2012 krvatske
2528 1954 2784 2024 poslove.

617 2072 807 2135 1350.
858 2071 957 2136 die
999 2072 1263 2138 secundo
1302 2074 1577 2156 augusti.
1626 2074 1878 2139 Electus
1942 2072 2185 2155 sapiens
2247 2090 2358 2155 pro
2422 2072 2520 2137 fac
2538 2074 2619 2136 tis
2667 2071 2986 2138 Sclavenie
3042 2091 3141 2135 ser
3224 2070 3254 2118 Ἰ

406 2158 680 2223 Marinus
726 2160 1118 2243 Superancio.

489 2250 561 2308 M
566 2251 666 2309 2312
715 2245 845 2311 XX
860 2251 946 2310 VI
977 2254 1078 2330 42,
1114 2269 1157 2310 u
1200 2252 1541 2312 mletackom
1587 2254 1821 2312 arkivu.

685 2441 1174 2523 CCLXXX.
1232 2442 1438 2525 θοὰ.
1495 2441 1723 2525 1350.
1779 2442 1829 2523 2
1884 2440 2331 2540 kolovoza⁹
2387 2463 2445 2522 ιι
2502 2441 2894 2524 Mletclh.

406 2566 612 2625 Prima
657 2584 735 2637 se,
782 2568 861 2626 da
906 2585 967 2627 se
1012 2569 1241 2628 izabere
1283 2569 1407 2628 οόέί
1459 2570 1757 2641 pomorski
1804 2569 2095 2640 kemetam,
2143 2569 2168 2626 i
2227 2568 2308 2625 da
2359 2584 2420 2626 se
2479 2569 2803 2640 oboruiciju
2854 2568 3037 2643 yalije
3087 2584 3129 2625 u

1048 2658 1249 2730 njekih
1291 2658 1578 2731 yradovih
1626 2659 1800 2726 Istro,
1849 2657 2184 2729 Dalmacije
2228 2657 2253 2714 i
2299 2657 2497 2714 Krete.

624 2775 811 2839 1350.
863 2776 961 2840 die
1008 2777 1068 2839 H
1112 2778 1380 2859 augusti,
1431 2779 1646 2859 capta:
1698 2775 1859 2859 quod
1906 2794 2016 2858 pro
2064 2775 2538 2840 conservacione
2585 2774 2833 2839 honoris
2881 2777 2944 2839 et
2975 2776 3138 2839 fame

410 2866 613 2926 nostre
661 2863 723 2926 in
772 2865 1017 2928 nomine
1063 2864 1216 2929 Jesu
1265 2863 1497 2928 Christi
1544 2867 1607 2928 et
1656 2864 1923 2947 gloriose
1971 2863 2191 2927 matris
2238 2863 2369 2926 eius
2414 2881 2487 2927 ac
2531 2862 2699 2926 beati
2749 2862 2947 2926 Marci
2992 2880 3141 2946 apo-

418 2950 562 3014 stoli
607 2953 670 3015 et
716 2951 1096 3034 evangeliste
1142 2953 1511 3035 protectoris
1558 2953 1753 3016 nostri
1801 2953 1868 3017 et
1910 2951 2109 3015 tocius
2157 2950 2404 3016 celestis
2451 2951 2618 3014 curie
2667 2950 2934 3032 eligatur
2980 2970 3136 3015 unus

416 3037 772 3119 capitaneus
818 3039 1142 3123 generaliS,
1192 3040 1295 3122 qui
1342 3040 1426 3103 sit
1464 3042 1825 3122 capitaneus
1871 3039 2142 3103 omnium
2194 3038 2577 3121 navigiorum
2647 3041 2996 3103 nostrorum
3043 3057 3140 3102 ar-

413 3128 721 3190 matorum
769 3130 831 3189 et
876 3126 1351 3191 disarmatorum
1402 3130 1518 3192 etc.
1569 3139 1671 3205 (sc.
1710 3135 1918 3189 contra
1962 3130 2353 3208 Januenses).

616 3214 698 3278 Et
744 3232 815 3278 ex
863 3234 1027 3278 nunc
1072 3215 1157 3279 sit
1207 3220 1479 3297 captum,
1530 3216 1692 3298 quod
1740 3214 2034 3280 mittatur
2075 3214 2150 3278 ad
2199 3218 2393 3278 terras
2456 3214 2914 3298 infrascriptae,
2977 3215 3137 3297 quod

412 3300 651 3365 solicite
698 3307 761 3365 et
806 3303 1102 3367 velociter
1148 3306 1367 3385 parent
1407 3309 1624 3385 gentes
1670 3303 2115 3384 infrascriptam,
2165 3301 2485 3367 videlicet:

617 3389 720 3453 Illi
768 3389 843 3453 de
892 3389 1073 3454 Polla
1119 3408 1305 3454 unam
1351 3391 1612 3475 galeam,
1660 3409 1846 3473 quam
1892 3389 2065 3454 nobis
2108 3392 2419 3454 tenentur.

616 3476 777 3542 Item
826 3476 919 3541 illi
966 3478 1041 3543 de
1089 3477 1278 3543 Jadra
1324 3483 1388 3543 et
1434 3480 1599 3562 Pago
1642 3498 1825 3543 unam
1873 3478 2139 3562 galeam.

616 3566 775 3628 Item
822 3564 918 3629 illi
964 3565 1040 3630 de
1088 3565 1276 3642 Atho,
1328 3565 1557 3632 Cherso
1604 3569 1667 3630 et
1712 3566 1930 3645 Lesua,
1989 3564 2153 3630 inter
2210 3584 2422 3631 omnes
2483 3567 2611 3630 tres
2677 3565 2838 3631 sicut
2883 3565 3135 3631 domino

410 3651 722 3716 videbitur
766 3653 831 3716 in
878 3654 1223 3736 ponendum
1271 3656 1550 3719 homines
1598 3653 1714 3719 CC.

622 3741 780 3804 Item
830 3739 924 3804 illi
969 3741 1045 3805 de
1095 3742 1293 3824 Vegla
1339 3760 1524 3805 unam
1572 3743 1840 3824 galeam,
1891 3760 2077 3824 quam
2121 3741 2295 3806 nobis
2342 3743 2648 3806 tenentur.

486 3914 506 3976 l
619 3826 779 3891 Item
824 3827 922 3893 illi
969 3828 1045 3893 de
1092 3827 1399 3909 Sibinico‚
1460 3829 1765 3912 Tragurio
1831 3832 1896 3894 et
1959 3828 2211 3912 Spaleto
2274 3828 2439 3894 inter
2501 3848 2712 3894 omnes
2774 3831 2901 3893 tres
2948 3845 3135 3891 unam

406 3933 484 3996 ga
512 3933 667 3979 eam.

614 4004 776 4068 Item
824 4003 917 4068 illi
964 4004 1040 4070 de
1079 4005 1355 4088 Ragusio
1401 4022 1589 4069 unam
1634 4005 1905 4088 galeam,
1953 4023 2139 4087 quam
2181 4005 2358 4069 nobis
2404 4005 2712 4068 tenentur.

617 4092 775 4155 Item
819 4091 913 4156 illi
961 4094 1034 4157 de
1079 4092 1265 4158 Creta
1309 4111 1497 4156 unam
1546 4092 1813 4176 galeam,
1858 4111 2044 4176 quam
2091 4093 2270 4158 nobis
2316 4092 2626 4158 tenentur.

492 4179 650 4241 Scor.
696 4199 854 4243 cons·
894 4200 1014 4258 roy.
1060 4184 1159 4243 lib.
1200 4183 1277 4242 B.
1315 4185 1414 4256 46,
1463 4201 1506 4244 u
1550 4185 1768 4246 arkivu
1810 4184 2170 4243 mletackom.

651 4369 1185 4455 CCLXXXI.
1235 4371 1441 4457 Geel.
1474 4372 1727 4456 1350.
1781 4375 1872 4455 11
1909 4372 2360 4470 kolovoza‚
2415 4394 2474 4452 ιι
2530 4370 2922 4452 Mletcih.

474 4497 647 4571 quu
690 4515 751 4557 se
796 4499 1155 4573 Rabbanom
1200 4519 1243 4560 u
1286 4518 1485 4574 sevam
1523 4502 1694 4559 novet·
1728 4501 2013 4574 potrebiti
2061 4517 2136 4560 za
2181 4498 2534 4568 oboruianje
2579 4497 2812 4569 njihove
2851 4496 3048 4572 yalije.

626 4618 809 4683 1350.
862 4619 958 4684 die
1002 4621 1092 4685 XI
1136 4621 1408 4705 augusti,
1457 4623 1676 4704 capta.
1726 4639 1869 4686 cum
1917 4619 2011 4683 illi
2059 4621 2131 4683 de
2178 4617 2347 4683 Arbo
2395 4617 2683 4682 miserint
2739 4617 2858 4682 huc
2922 4613 3134 4679 amba·

403 4708 679 4771 xatorem
726 4725 925 4788 suum,
968 4709 1032 4774 et
1077 4708 1369 4774 offerrant
1418 4705 1522 4774 CL
1561 4708 1843 4775 homines
1890 4708 1964 4773 de
2011 4708 2138 4772 suis
2182 4724 2291 4790 pro
2317 4703 2611 4771 armando
2636 4722 2824 4769 unam
2871 4705 3129 4787 galeam,

494 4825 694 4877 spon.
726 4827 825 4880 m
2801 4807 2886 4872 13
