3620 5282
2949 384 3067 450 271

626 550 1118 636 CCCCVIII.
1194 555 1401 638 God.
1458 555 1679 638 1355.
1732 555 1834 640 25
1890 555 2254 656 svium,
2309 579 2368 637 ιι
2423 557 2816 655 Trogiru.

356 678 523 738 Knez
570 681 850 754 troyirski
888 681 1199 755 izvies‘e‘uje
1245 700 1276 740 o
1322 683 1536 743 winih
1596 683 1858 756 poslovih
1906 682 2122 741 ticucih
2180 700 2243 741 se
2287 684 2597 743 razmirice
2643 683 2920 755 obstojeaee
2964 701 3077 744 me·

354 766 460 838 djw
494 768 833 838 podbanom
878 770 1180 829 kninskim
1225 772 1251 828 i
1295 772 1598 844 njekojimi
1646 771 2059 843 primorskimi
2114 771 2396 845 yradovi;
2460 789 2492 829 ο
2527 772 2907 844 podbanovih
2967 791 3075 831 na-

354 854 580 926 mjerah
616 857 785 928 proti
831 856 1075 937 Zadru3
1119 876 1151 918 o
1196 859 1356 917 banu
1402 860 1748 917 bosanskom
1793 860 1819 915 i
1865 859 2130 933 m'eyovoj
2165 861 2395 927 matari,
2427 860 2451 916 i
2495 860 2771 932 napokon
2801 877 2834 919 o
2867 860 3080 934 kliskoj

1574 947 1858 1021 kneyinji.

563 1064 807 1129 Illustri
853 1066 918 1129 et
963 1067 1199 1132 excelso
1247 1068 1492 1133 domino
1542 1085 1650 1133 suo
1694 1067 1944 1131 domino
1995 1066 2263 1131 Johanni
2312 1065 2658 1132 Gradonico
2721 1066 2822 1132 dei
2872 1070 3079 1151 gralia

355 1149 781 1232 Veneciarum,
827 1152 1143 1219 Dalmatie
1182 1159 1363 1238 atque
1391 1155 1637 1221 Croacie
1669 1155 1833 1233 duci,
1882 1174 1993 1219 nec
2049 1172 2166 1218 non
2213 1158 2433 1238 quarte
2480 1156 2677 1238 partis
2718 1157 2782 1219 et
2828 1156 3078 1222 dimidie

356 1239 556 1304 tocius
600 1241 852 1323 imperii
893 1241 1194 1309 Romanie
1238 1244 1506 1309 domino.
1557 1242 1959 1308 Serenissime
2002 1243 2245 1306 domine
2307 1243 2429 1319 mi,
2493 1243 2674 1307 hodie
2734 1262 2844 1326 per
2905 1263 3077 1309 meas

358 1325 604 1392 litteras
652 1330 854 1393 vestre
902 1330 1124 1413 scripsi
1172 1332 1681 1415 magnifficencie,
1728 1332 1887 1413 quod
1936 1330 2126 1393 michi
2176 1330 2532 1410 videbatur,
2581 1331 2739 1414 quod
2807 1333 3074 1396 rectores

358 1416 703 1480 vestrarum
750 1417 1079 1483 civitatum
1128 1439 1245 1484 non
1294 1422 1471 1485 erant
1515 1418 1894 1502 procedendo
1942 1418 2267 1483 concordes
2315 1438 2454 1483 cum
2518 1418 2812 1484 vicebano
2859 1419 3075 1485 Tenini

349 1521 459 1584 per
507 1522 598 1582 ea,
648 1523 763 1587 que
811 1505 1225 1572 habueramus
1274 1510 1351 1573 ab
1398 1507 1924 1572 ambaxiatoribus
1969 1509 2046 1571 ad
2093 1507 2294 1588 ipsum
2329 1507 2710 1571 transmissis
2743 1506 2803 1570 in
2832 1504 3070 1573 Cetina.

353 1589 759 1657 Postmodum
808 1611 949 1658 vero
997 1594 1149 1659 hora
1190 1596 1542 1678 vespertina
1602 1594 1904 1678 applicuit
1963 1613 2117 1658 unus
2181 1612 2254 1657 ex
2301 1595 2798 1659 ambaxatoribus
2861 1596 3077 1678 tragu-

354 1678 525 1757 rinis‚
576 1697 614 1743 a
663 1698 779 1763 quo
825 1680 1189 1761 habuimus,
1254 1684 1420 1766 ipsos
1484 1683 1940 1747 ambaxiatores
2003 1682 2130 1746 fore
2190 1681 2520 1746 concordes
2586 1700 2726 1746 cum
2783 1682 3074 1748 vicebano

321 1784 540 1848 supra
588 1767 753 1833 dicto
800 1768 1021 1849 precio,
1064 1772 1246 1835 modo
1293 1774 1357 1835 et
1401 1772 1643 1849 ordine,
1692 1771 1916 1854 quibus
1968 1769 2184 1852 scripsi
2231 1773 2434 1833 vestre
2483 1768 2919 1844 dominationi,
2969 1772 3069 1851 qui

352 1856 522 1918 venit
564 1873 675 1936 pro
720 1856 1072 1939 accipiendo
1120 1860 1441 1940 pecuniam
1489 1878 1672 1924 causa
1735 1858 2083 1940 complendi
2146 1859 2209 1921 et
2268 1856 2617 1921 affirmandi
2683 1856 3070 1922 concordium

350 1942 796 2024 supradictum.
846 1944 932 2009 Et
976 1947 1168 2011 simili
1214 1947 1395 2012 modo
1460 1967 1615 2012 unus
1679 1966 1751 2010 ex
1812 1945 2334 2011 ambaxiatoribus
2385 1945 2746 2028 Sybinicum
2810 1944 2958 2021 ivit,
3010 1951 3073 2010 et

355 2048 511 2094 unus
558 2051 629 2095 ex
678 2030 935 2114 Spalato
985 2033 1098 2098 ivit
1145 2032 1489 2116 Spalatum.
1534 2036 1743 2099 Banus
1792 2052 1935 2100 vero
1984 2033 2328 2097 bosinensis
2389 2034 2611 2097 habuit
2656 2034 2895 2109 castra,
2958 2051 3073 2113 que

354 2115 603 2183 fuerunt
649 2119 799 2183 olim
847 2121 1095 2186 comitis
1138 2121 1419 2205 Gregorii
1466 2123 1615 2188 olim
1666 2121 1955 2206 voyvode,
2011 2141 2083 2186 ac
2128 2122 2316 2185 etiam
2365 2120 2583 2186 habuit
2630 2120 2778 2184 olim
2825 2120 3069 2185 domine

353 2202 700 2285 Chatarine,
750 2208 911 2290 quod
960 2209 1288 2275 tenebatur
1335 2230 1441 2293 per
1486 2210 1812 2276 Novchum
1861 2209 2243 2293 Ciprianich,
2309 2212 2371 2272 et
2435 2208 2547 2273 hoc
2610 2207 2728 2272 fuit
2773 2227 2881 2290 per
2928 2226 3071 2272 con-

347 2293 642 2359 cordium.
687 2297 911 2360 Dictus
959 2296 1152 2363 banus
1200 2318 1479 2363 reversus
1527 2301 1622 2363 est
1668 2299 1730 2362 in
1777 2300 2062 2363 Donnam
2115 2301 2270 2374 (sic),
2327 2296 2434 2360 ubi
2498 2298 2630 2374 erat
2676 2299 2874 2360 mater
2940 2297 3072 2359 eius

352 2398 490 2445 cum
539 2383 812 2447 exercitu
858 2402 988 2463 suc,
1033 2387 1097 2451 et
1141 2386 1228 2450 ibi
1276 2388 1582 2451 tractatur
1627 2385 2022 2452 concordium
2071 2387 2235 2450 intra
2283 2384 2521 2449 dictum
2590 2386 2813 2449 banum
2862 2386 2924 2446 et
2970 2402 3075 2448 co-

352 2470 570 2533 mitem
618 2471 987 2550 Johanuem,
1030 2475 1188 2556 quod
1242 2474 1630 2539 concordium
1698 2476 2009 2539 tractatur
2070 2492 2178 2556 per
2237 2473 2644 2536 vicebannum
2701 2470 2952 2549 Tenini,
3005 2473 3069 2534 et

352 2558 645 2637 creditur,
694 2561 854 2643 quod
900 2560 1025 2625 fiet.
1071 2560 1304 2626 Datum
1353 2565 1449 2627 est
1497 2561 1842 2645 intelligere
1875 2560 2396 2626 ambaxiatoribus
2420 2559 2724 2643 Tragurii,
2774 2561 2930 2640 quod
2977 2559 3068 2622 vi-

348 2644 612 2711 cebanus
658 2647 976 2730 predictus
1021 2650 1286 2714 intendit
1333 2653 1581 2715 omnino
1628 2670 1766 2715 cum
1817 2649 2086 2715 exercitu
2135 2668 2240 2713 suo
2288 2649 2375 2712 ire
2423 2649 2642 2712 subtus
2675 2647 2953 2723 Jadram,
3003 2649 3067 2710 et

346 2730 464 2797 ista
511 2734 586 2798 de
635 2753 837 2814 causa,
886 2737 957 2800 ut
1006 2737 1293 2802 dixerunt
1337 2738 1530 2821 aliqui
1577 2737 1652 2802 de
1685 2737 1814 2803 suis
1858 2737 2229 2814 hominibuS,
2274 2738 2669 2800 contentatus
2711 2734 3066 2799 esthabere

344 2821 636 2905 treuguas
683 2842 823 2887 cum
873 2824 1238 2890 civitatibus
1286 2826 1590 2909 Tragurii,
1658 2825 1899 2906 Spalati
1965 2828 2027 2888 et
2075 2823 2385 2908 Sybinici;
2433 2827 2516 2891 ‚et
2577 2823 2630 2887 si
2680 2823 3068 2896 concordium

343 2910 699 2990 perficietur
747 2912 913 2976 intra
960 2913 1191 2977 banum
1231 2915 1293 2978 et
1351 2915 1639 2978 comitem
1697 2913 2074 2991 Johannem,
2138 2911 2407 2975 intendit
2467 2910 2800 2974 conducere
2857 2928 3066 2974 omnes

344 2998 493 3061 istos
543 2998 847 3064 exercitus
896 3000 1118 3064 subtus
1166 3002 1423 3067 Jadram
1474 3021 1589 3085 que
1631 3001 1908 3084 predicta
1970 3002 2173 3064 vestro
2236 2997 2449 3063 comiti
2497 2997 2786 3063 Jadrensi
2850 2998 3065 3062 statim
3115 3070 3120 3075 ,

344 3085 608 3150 scribere
655 3089 1000 3169 procuravi.
1054 3087 1389 3154 Comitissa
1427 3088 1646 3173 Clipsii
1692 3109 1765 3152 ex
1831 3087 2228 3165 infirmitate,
2295 3105 2417 3168 qua
2468 3086 2607 3151 istis
2670 3086 2884 3149 diebus
2949 3084 3068 3150 fuit

341 3175 660 3257 agravata,
710 3174 809 3240 dei
853 3176 1063 3258 gracia
1093 3177 1359 3242 liberata
1395 3181 1509 3255 est,
1558 3179 1635 3241 et
1651 3177 1991 3241 retromisit
2031 3176 2169 3240 illos
2203 3177 2353 3240 duos
2387 3173 2641 3253 nobileS,
2677 3191 2831 3256 quos
2866 3174 3064 3238 eidem

343 3262 913 3339 transmiseramuS,
964 3283 1071 3345 per
1118 3284 1271 3347 quos
1319 3266 1474 3329 mihi
1523 3265 1697 3329 misit
1744 3265 2017 3342 dicendo,
2067 3265 2229 3345 quod
2262 3266 2460 3327 mater
2507 3262 2650 3326 bani
2702 3262 3063 3339 bosinensis,

343 3366 512 3414 soror
557 3349 709 3414 olim
752 3352 1002 3416 comitis
1051 3353 1332 3430 Mladini,
1383 3354 1544 3435 quod
1591 3352 1940 3416 omnimodo
1990 3351 2257 3416 intendit
2303 3352 2510 3415 venire
2556 3349 2887 3433 Clipsiam,
2959 3366 3064 3431 pro

342 3437 596 3502 essendo
646 3439 708 3502 in
758 3438 1037 3521 coloquio
1083 3459 1223 3504 cum
1272 3443 1505 3516 eadem,
1556 3441 1728 3504 cuius
1776 3441 2076 3505 adventus
2123 3458 2374 3505 causam
2417 3438 2567 3502 dicit
2614 3457 2745 3502 esse
2776 3487 2790 3516 ,
2854 3438 3064 3520 aliqua

344 3525 540 3590 eidem
588 3525 923 3590 commissa
969 3546 1078 3609 per
1125 3547 1334 3610 regem
1385 3529 1719 3592 refferenda
1769 3528 1968 3593 eidem
2016 3527 2346 3603 comitisse,
2396 3528 2467 3590 de
2517 3526 2744 3609 quibus
2792 3526 2927 3608 ipsa
2963 3543 3067 3588 co-

348 3613 589 3677 mitissa
636 3614 953 3679 hostendit
998 3615 1223 3679 videre.
1274 3617 1494 3681 Petrus
1537 3614 1881 3681 Gradonico
1941 3617 2013 3680 de
2057 3616 2246 3680 vestri
2302 3614 2597 3679 mandato
2662 3632 2867 3678 comes
2913 3612 3063 3676 Tra-

353 3701 533 3782 gurii.
584 3700 682 3764 Ibi
729 3700 879 3766 data
925 3702 1024 3767 die
1071 3703 1249 3768 XXV
1295 3704 1464 3768 maii.

428 3792 713 3852 Izvornik
758 3811 842 3852 na
885 3795 1109 3866 papiru
1153 3813 1196 3853 u
1238 3795 1576 3854 mlctackom
1624 3795 1858 3855 arkivu.

691 3999 1074 4082 cccc-lx
1130 4001 1337 4084 God.
1390 4001 1615 4085 1355.
1669 4001 1762 4083 27
1799 4003 2164 4104 svibnja9
2212 4024 2272 4083 ιι
2325 4001 2716 4082 Mlctcih.

342 4125 568 4217 Napaae
611 4143 674 4187 se
719 4128 909 4186 knezu
952 4128 1365 4197 zadarskomu,
1412 4129 1492 4210 da
1533 4146 1575 4186 u
1611 4129 1791 4201 poszu
1837 4130 2088 4203 njekoya
2134 4127 2507 4205 Zadranina‚
2573 4129 2684 4185 ako
2732 4126 2789 4184 bi
2834 4125 3064 4185 istin-ito

634 4220 644 4226 ’
1013 4216 1146 4285 bile,
1194 4216 1281 4275 §to
1330 4217 1465 4288 ovqj
1513 4217 1685 4286 tvrdi,
1728 4234 1807 4289 po
1841 4217 2083 4290 pravici
2117 4220 2402 4290 postupa.

553 4336 741 4401 1355.
792 4335 890 4400 die
938 4335 1180 4400 XXVII
1228 4336 1459 4400 mensis
1507 4337 1677 4412 maii,
1726 4338 1944 4420 capta:
2004 4336 2164 4418 quod
2211 4336 2519 4400 scribatur
2574 4333 2788 4399 comiti
2836 4337 2899 4397 et
2955 4353 3058 4398 ca-

337 4422 580 4505 pitaneo
627 4423 821 4490 Jadre
866 4424 1240 4492 auctoritate
1287 4424 1472 4488 huius
1520 4422 1795 4502 consilii,
1846 4427 1910 4488 et
1955 4424 2319 4488 consiliariis
2381 4423 2543 4500 suis,
2611 4423 2768 4503 quod
2833 4422 3066 4485 exami-

340 4514 482 4577 nent
526 4513 899 4595 peticionem
946 4511 1123 4577 nobis
1169 4512 1399 4576 factam
1448 4531 1556 4593 pro
1602 4514 1779 4595 parte
1829 4511 2013 4576 Pribe
2061 4511 2136 4576 de
2183 4512 2406 4589 Jadra,
2473 4511 2536 4573 et
2581 4510 2633 4573 si
2682 4508 2770 4572 eis
2839 4509 3068 4573 consti-

342 4597 500 4678 terit,
549 4620 686 4665 esse
735 4617 901 4677 vera,
950 4620 1068 4683 que
1116 4600 1179 4664 in
1228 4601 1361 4682 ipsa
1406 4600 1710 4681 peticione
1752 4598 2119 4677 continetur,
2179 4599 2373 4662 faciat
2413 4596 2612 4662 eidem
2660 4596 2811 4660 iuris
2858 4598 2922 4662 et
2971 4597 3064 4659 iu-

345 4687 513 4753 sticie
564 4688 1111 4769 complementum,
1161 4688 1323 4752 sicut
1366 4686 1521 4751 alias
1562 4688 1624 4752 in
1671 4687 1980 4753 similibus
2033 4686 2276 4764 factum
2312 4684 2451 4749 fuit.

420 4777 600 4840 nisti
647 4776 931 4843 XXVII.
980 4780 1079 4850 10,
1126 4795 1170 4836 u
1211 4776 1552 4839 mletackom
1587 4779 1818 4840 arkivu.
