3620 5282
2959 383 3088 449 399

363 557 478 620 sui.
528 557 614 619 Et
659 553 713 619 si
758 574 870 638 per
918 554 1304 637 capitaneum
1341 555 1633 628 nostrum,
1668 556 1732 618 et
1771 555 1930 619 alios
1976 558 2216 619 nostros
2252 556 2482 620 factum
2511 560 2606 620 est
2629 556 2891 639 aliquid,
2927 557 3090 640 quod

362 644 447 707 sit
492 646 738 726 gratum
786 645 852 707 et
894 647 1217 724 acceptum
1264 662 1371 707 sue
1419 642 1757 716 serenitati,
1807 645 1881 706 de
1928 644 2044 707 hoc
2108 643 2454 726 recepimus
2518 663 2810 726 magnam
2881 664 3092 710 conso-

366 731 678 807 lationem,
727 730 871 812 quia
918 730 1195 794 fecerunt
1241 735 1302 794 et
1344 730 1773 814 adiplevcrunt
1820 732 2110 794 mandata
2172 738 2381 794 nostra
2428 734 2492 795 et
2540 733 2820 796 debitum
2871 751 3074 797 suum.

575 818 671 882 Ad
722 820 911 881 aliam
959 822 1198 899 partem
1246 818 1412 882 dicte
1460 837 1567 882 sne
1616 819 1976 891 ambasiato,
2026 818 2088 880 in
2156 838 2273 900 qua
2354 823 2608 883 narrant
2673 820 2970 883 distincte
3014 824 3079 884 et

364 907 591 970 seriose
666 907 1044 986 provisiones
1119 905 1318 969 factas
1397 926 1503 987 per
1576 906 1780 987 ipsum
1859 905 2322 969 serenissimum
2372 906 2692 972 dominum
2756 926 2968 990 regem
3018 909 3080 971 in

364 994 726 1071 Licostomo‚
775 993 1177 1057 Chaliachera
1222 998 1286 1056 et
1332 993 1394 1057 in
1443 991 1999 1075 Constantinopoli,
2050 994 2140 1056 sic
2197 991 2480 1069 dicimuS,
2545 996 2702 1076 quod
2767 1014 2876 1077 per
2940 996 3085 1060 illas

368 1083 431 1145 et
475 1082 651 1157 aliaS,
706 1081 853 1146 licet
898 1081 1207 1144 altissimo
1259 1080 1562 1162 placuerit
1607 1080 1790 1145 aliter
1836 1080 2171 1161 providere,
2221 1100 2406 1162 quam
2454 1083 2878 1162 sperabamuS,
2916 1102 3092 1146 com-

366 1167 660 1250 prehendi
707 1172 771 1233 et
818 1168 1011 1232 videri
1061 1173 1263 1249 potest
1309 1169 1465 1232 satis
1521 1170 1684 1232 clare
1750 1170 1965 1240 virtus,
2032 1169 2335 1248 sapientia
2400 1174 2464 1232 et
2512 1170 2670 1232 bona
2715 1171 2977 1234 intentio
3027 1174 3096 1235 et

370 1257 697 1338 dispositio
746 1257 1093 1320 maiestatis
1140 1274 1250 1319 sue
1290 1256 1498 1320 circha
1540 1257 1660 1320 ista
1707 1254 1885 1331 facta,
1955 1262 2200 1337 propter
2241 1274 2426 1336 quam
2462 1275 2710 1321 causam
2746 1263 2879 1322 tum
2920 1261 3084 1339 apud

300 1336 309 1355 '
364 1345 545 1408 deum
593 1363 779 1427 quam
827 1342 986 1424 apud
1035 1361 1214 1426 reges
1257 1346 1322 1406 et
1371 1343 1672 1424 principes
1709 1342 1921 1406 mundi
1955 1347 2050 1406 est
2081 1343 2286 1425 dignis
2319 1344 2603 1407 landibus
2637 1346 3077 1421 extollendum,

370 1435 434 1496 et
479 1432 796 1497 reddimur
843 1430 999 1495 satis
1046 1432 1216 1507 certi,
1267 1432 1428 1512 quod
1474 1432 1883 1511 omnipotenS,
1932 1430 2106 1494 cuius
2148 1449 2244 1494 res
2324 1431 2748 1512 principaliter
2782 1434 3095 1515 agebatur

369 1524 433 1582 et
478 1519 703 1602 agitur,
752 1520 1057 1583 retribuet
1102 1537 1212 1581 sue
1260 1519 1577 1582 serenitati
1626 1520 1686 1580 in
1736 1520 1848 1582 hoc
1897 1518 2103 1581 seculo
2152 1519 2306 1581 etin
2353 1516 2580 1595 futuro,
2645 1518 2876 1583 Verum
2942 1523 3090 1603 quia

367 1607 430 1670 in
509 1624 629 1670 una
698 1608 872 1689 parte
946 1609 1228 1686 tangunt,
1306 1606 1460 1687 quod
1533 1624 1883 1688 expensam,
1934 1623 2118 1687 quam
2169 1605 2298 1686 ipse
2346 1606 2631 1670 dominus
2682 1626 2784 1670 rex
2833 1606 2980 1670 fecit
3024 1609 3089 1672 in

368 1692 916 1773 Constantinopoli,
959 1693 1093 1769 fuit,
1142 1694 1285 1777 quia
1335 1694 1529 1757 nostri
1572 1694 1691 1756 sibi
1725 1693 2026 1769 dixerunt,
2076 1696 2340 1764 credere.
2382 1694 2543 1775 quod
2592 1712 2698 1757 nos
2745 1712 2864 1757 non
2913 1695 3096 1758 dese-

369 1801 577 1846 remus
625 1781 1168 1857 christianitatem,
1215 1782 1294 1844 ad
1339 1782 1456 1845 hoc
1500 1779 1782 1856 dicimus,
1832 1779 1992 1862 quod
2043 1780 2336 1844 maiestas
2397 1799 2506 1844 sua
2572 1781 2726 1845 bene
2773 1783 2945 1846 novit
2991 1800 3090 1859 ea,

368 1888 486 1951 que
535 1889 642 1951 per
687 1887 794 1932 nos
841 1868 1003 1933 facta
1048 1867 1317 1945 fuerunt,
1361 1873 1423 1931 et
1470 1886 1819 1950 expensam,
1847 1885 2029 1949 quam
2060 1868 2218 1949 passi
2262 1868 2494 1932 fuimus
2542 1869 2619 1932 ob
2658 1887 2872 1933 causas
2906 1873 3087 1934 ante-

372 1956 573 2021 dictas
619 1975 779 2021 anno
827 1956 1112 2038 presenti,
1165 1975 1280 2039 que
1328 1954 1391 2019 in
1440 1955 1527 2019 rei
1572 1957 1833 2019 veritate
1884 1974 2108 2037 magna
2154 1954 2292 2019 fuit.
2369 1955 2450 2019 Et
2492 1956 2927 2021 nichilominus
2979 1976 3087 2021 no-

370 2044 571 2108 lentes
618 2047 894 2108 deserere
941 2043 1459 2107 christianitatem
1510 2061 1619 2106 uec
1665 2044 1986 2107 civitatem
2036 2043 2602 2125 Constantinopolis
2650 2046 2857 2109 nostro
2906 2063 3091 2128 posse

370 2137 433 2194 et
479 2132 601 2196 alia
647 2133 778 2196 loca
822 2131 1060 2207 deinde,
1106 2132 1490 2213 providimus
1554 2132 1624 2194 de
1686 2130 1982 2193 armando
2044 2131 2240 2195 adhuc
2303 2133 2373 2195 de
2439 2149 2590 2195 novo
2654 2140 2789 2196 octo
2853 2132 3090 2212 galeas,

368 2238 630 2301 quarum
680 2220 971 2302 eligimus
1017 2219 1412 2298 capitaneum
1451 2223 1514 2281 et
1558 2218 2027 2299 supracomitos,
2072 2225 2135 2281 et
2181 2218 2478 2282 faciemus
2513 2220 2653 2283 illas
2685 2225 2893 2304 presto
2926 2223 3094 2284 exire

369 2325 480 2390 pro
528 2308 991 2372 conservatione
1037 2307 1308 2369 locorum
1357 2309 1707 2369 nostrorum
1754 2310 1818 2368 et
1866 2305 2143 2388 parcium
2193 2307 2775 2388 suprascriptarum,
2815 2309 2881 2371 et
2913 2308 3091 2372 simi-

368 2395 517 2459 liter
562 2395 975 2459 tractavimus
1023 2399 1085 2457 et
1130 2394 1593 2474 procuravimus
1640 2412 1778 2456 cum
1831 2392 2268 2469 Januensibus,
2328 2393 2486 2476 quod
2550 2395 2668 2475 ipsi
2734 2398 2982 2459 armant
3026 2397 3088 2459 in

368 2482 574 2548 Janua
619 2483 883 2565 quinque
933 2480 1142 2563 galeas
1190 2487 1252 2544 et
1297 2481 1357 2543 in
1408 2481 1533 2544 illis
1583 2481 1864 2562 partibus
1911 2481 1986 2544 de
2034 2481 2181 2545 locis
2214 2482 2344 2544 suis
2378 2482 2715 2562 habebunt,
2751 2486 2820 2546 ut
2851 2484 3088 2559 dicunt,

366 2570 521 2635 alias
582 2570 846 2653 quinque
912 2587 1022 2651 pro
1084 2568 1551 2633 conservatione
1614 2570 1678 2632 et
1723 2569 2124 2632 subventione
2174 2569 2442 2633 locorum
2503 2570 2946 2651 predictorum,
3001 2572 3092 2635 ita

369 2659 528 2742 quod
578 2677 760 2740 snper
804 2659 923 2723 hoc
969 2657 1130 2721 facte
1177 2661 1323 2720 sunt
1369 2659 1434 2720 et
1477 2657 1637 2720 fiunt
1683 2676 1790 2738 per
1837 2675 1947 2720 nos
2010 2658 2114 2720 ille
2176 2658 2577 2738 provisioneS,
2642 2677 2758 2740 que
2825 2660 3085 2723 honeste

368 2746 501 2810 fieri
548 2751 823 2828 possunt,
875 2749 944 2808 ut
989 2746 1123 2809 loca
1171 2745 1592 2827 suprascripta
1641 2762 1746 2825 pro
1800 2746 1950 2808 bono
1998 2744 2475 2808 christianitatis
2540 2746 2788 2810 valeant
2833 2764 3088 2810 conser-

371 2835 518 2898 vari.
563 2834 658 2896 Ad
707 2834 973 2897 alteram
1020 2835 1282 2914 partem,
1333 2833 1392 2895 in
1442 2850 1561 2914 qua
1608 2832 1725 2914 ipsi
1773 2831 2008 2896 faciunt
2085 2833 2480 2910 mentionem,
2558 2834 2715 2915 quod
2792 2833 3084 2900 dominus

367 2941 517 2985 suus
560 2922 844 2985 dominus
894 2938 997 2984 rex
1045 2939 1161 2983 non
1210 2921 1472 2983 intendit
1519 2922 1728 2983 desere
1802 2919 2345 2994 christianitatem,
2425 2922 2530 2983 sed
2608 2922 2926 2985 intendere
2987 2922 3090 2985 di-

367 3009 571 3090 sponit
617 3010 767 3073 totis
814 3009 1048 3072 viribus
1096 3008 1171 3071 ad
1219 3006 1647 3071 liberationem
1697 3006 1908 3085 ipsiuS,
1950 3009 2053 3070 sed
2104 3013 2355 3089 propter
2401 3008 2640 3084 damna,
2677 3027 2793 3090 que
2842 3011 3093 3074 noviter

375 3115 594 3177 passus
642 3099 754 3172 est,
804 3096 1032 3159 dictam
1077 3096 1488 3158 intencionem
1536 3095 1665 3158 sine
1690 3095 1893 3157 alieno
1918 3095 2146 3158 anxilio
2172 3097 2245 3158 ad
2280 3094 2562 3158 effectum
2598 3098 2929 3177 perducere
2965 3116 3086 3161 non

370 3184 621 3260 valeret,
670 3183 818 3265 quia
863 3186 1035 3247 extra
1083 3202 1340 3264 regnum
1387 3202 1567 3246 suum
1615 3200 1755 3245 cum
1817 3188 2121 3263 apparatu
2185 3183 2406 3246 bellico
2470 3189 2684 3248 contra
2727 3183 3087 3251 infidelium

370 3271 835 3335 multitudinem
881 3272 1042 3334 exire
1089 3289 1205 3333 non
1256 3273 1466 3352 posset
1512 3272 1644 3333 sine
1693 3270 1894 3333 alieno
1940 3271 2185 3344 auxilio,
2236 3274 2297 3334 et
2341 3276 2661 3352 propterea
2710 3273 2764 3335 si
2803 3273 3088 3339 intencio

366 3362 579 3423 nostra
624 3363 736 3435 est,
787 3358 944 3421 velle
992 3358 1106 3422 hoc
1154 3357 1386 3421 factum
1433 3358 1724 3439 amplecti
1773 3375 2003 3434 secum,
2053 3359 2213 3440 quod
2261 3361 2591 3422 mittamus
2640 3359 2717 3423 ad
2766 3379 2907 3424 eum
2948 3380 3094 3425 nos·

373 3455 535 3511 tram
582 3445 990 3510 ambasiatam
1039 3464 1179 3509 cum
1226 3446 1408 3527 plena
1454 3447 1762 3527 potestate
1809 3447 2116 3510 tractandi
2169 3447 2356 3528 ligam
2409 3452 2472 3511 et
2536 3466 2918 3529 quecumque
2969 3449 3096 3515 alia

369 3533 634 3598 faciendi
682 3536 745 3596 et
807 3535 947 3609 cet„
1011 3535 1464 3613 respondemuS,
1530 3532 1691 3615 quod
1755 3551 1866 3596 nos
1927 3533 2388 3598 consideramus
2452 3534 2744 3598 similiter
2812 3555 2904 3613 ea,
2973 3557 3094 3620 que

367 3622 679 3704 sapienter
725 3625 786 3685 et
834 3620 1094 3683 veridice
1128 3621 1476 3684 considerat
1520 3622 1649 3700 ipse
1696 3621 1983 3684 dominus
2032 3641 2162 3698 rex,
2185 3624 2249 3685 et
2274 3627 2402 3684 tam
2437 3624 2678 3694 damna,
2713 3642 2830 3705 que
2865 3642 3093 3705 passus

372 3714 488 3786 est,
536 3727 610 3773 ac
656 3707 1121 3789 dispositionem
1168 3710 1446 3789 gentium
1490 3727 1765 3784 suarum,
1812 3709 1888 3771 de
1936 3709 2157 3790 quibus
2202 3710 2476 3773 dolemus
2523 3711 2848 3788 immense,
2899 3731 3096 3793 quam

369 3816 664 3879 magnam
713 3796 1048 3878 potentiam
1098 3798 1162 3858 et
1208 3796 1674 3859 multitudinem
1724 3795 2066 3859 infidelium
2113 3800 2177 3861 et
2223 3798 2503 3862 videmus
2549 3800 2615 3861 et
2660 3801 3095 3880 cognoscimus

372 3886 703 3960 evidenter,
752 3885 913 3965 quod
961 3883 1226 3946 maxime
1273 3884 1332 3946 in
1379 3885 1650 3964 presenti
1697 3886 1975 3965 potentia
2021 3885 2172 3948 dicti
2243 3885 2474 3949 domini
2547 3884 2710 3968 regis
2770 3889 2832 3949 et
2881 3889 3100 3950 nostra

371 3993 490 4038 non
535 3976 702 4038 esset
746 3972 1057 4035 sufficiens
1104 3970 1179 4033 ad
1226 3970 1659 4034 liberationem
1707 3971 2205 4049 christianitatiS,
2257 3978 2328 4037 ut
2371 3973 2592 4054 tangit,
2646 3976 2710 4036 et
2750 3974 3100 4054 persecuti-

368 4080 553 4126 onem
602 4058 944 4124 infidelium
997 4059 1430 4139 predictorum,
1478 4076 1630 4140 quos
1681 4059 1957 4122 videmus
2020 4079 2154 4123 esse
2226 4065 2472 4141 propter
2529 4079 2704 4124 suam
2769 4062 3093 4126 victoriam

370 4150 638 4213 maxime
687 4148 1005 4211 exaltatos.
1053 4146 1137 4210 Et
1181 4145 1258 4209 ad
1303 4147 1647 4210 faciendum
1697 4147 2101 4227 provisionem
2151 4149 2226 4210 ad
2275 4149 2723 4228 depressionem
2762 4167 2998 4223 eorum,
3034 4157 3094 4212 et

372 4256 490 4300 non
538 4235 737 4299 facere
782 4233 956 4297 illam
1006 4235 1435 4311 sufficientem,
1487 4233 1796 4297 videretur
1845 4235 2022 4299 nobis
2057 4236 2421 4298 damnosum
2458 4238 2660 4315 potius
2693 4255 2878 4317 quam
2919 4237 3096 4313 utile,

374 4325 438 4387 et
487 4327 808 4404 propterea
852 4323 1113 4404 apparet
1160 4323 1333 4384 uobis
1384 4322 1820 4398 necessarium,
1892 4323 2055 4403 quod
2122 4323 2197 4385 ad
2247 4323 2359 4386 hoc
2428 4326 2753 4387 concurrat
2798 4325 3096 4388 auxilium

369 4415 434 4475 et
479 4411 826 4476 subsidium
875 4411 1136 4474 aliorum
1186 4427 1427 4491 regum,
1475 4408 1824 4491 principum
1887 4418 1950 4473 et
2012 4410 2522 4474 communitatum
2594 4412 3100 4486 christianitatis,

372 4503 442 4564 ut
482 4498 657 4576 illud,
707 4497 868 4579 quod
917 4497 1047 4562 fieri
1096 4496 1298 4569 debet,
1346 4497 1456 4561 fiat
1504 4498 1590 4560 ita
1639 4502 1922 4576 potenter
1970 4502 2032 4561 et
2077 4498 2371 4572 ordinate,
2422 4497 2579 4579 quod
2629 4517 2770 4562 cnm
2820 4499 2920 4562 dei
2991 4519 3104 4563 au·

370 4587 516 4651 xilio
564 4586 831 4666 amplius
875 4586 1202 4649 sinistrum
1251 4584 1500 4665 aliquod
1550 4603 1666 4648 non
1713 4592 2013 4660 occurrat,
2063 4586 2209 4667 quia
2256 4586 2310 4648 si
2358 4590 2727 4665 occurreret,
2776 4590 2942 4650 certe
2993 4607 3095 4668 po-

367 4679 503 4739 stea
550 4672 890 4736 difficiliter
938 4672 1348 4737 mendaretur.
1402 4672 1480 4735 Et
1525 4673 1668 4754 quia
1736 4673 2167 4755 cognoscimus
2237 4671 2399 4736 clare
2472 4673 2643 4750 satis,
2714 4676 2871 4755 quod
2923 4675 3092 4750 istud

368 4761 460 4825 ita
504 4765 710 4844 presto
751 4778 880 4824 esse
927 4777 1047 4825 non
1093 4763 1317 4844 potest,
1366 4778 1488 4825 non
1536 4759 1780 4825 videtur
1828 4761 2004 4824 nobis
2040 4760 2364 4842 expediens
2396 4778 2506 4841 pro
2542 4762 2810 4848 presenti
2846 4761 3099 4836 mittere
