3620 5282
3030 381 3106 445 17

384 552 516 616 avit
560 554 625 617 et
684 552 990 617 ordinavit
1052 572 1196 618 suos
1260 559 1324 618 et
1377 554 1528 619 dicti
1594 557 1937 620 communis
2014 556 2420 621 veneciarum
2484 553 2786 631 sindicos,
2848 559 3102 635 actores,

382 643 811 721 procuratores
872 641 1184 724 legitimos
1248 661 1321 706 ac
1391 643 1779 725 negociorum
1852 646 2161 725 gestoreS,
2231 648 2294 708 et
2360 643 2654 725 quidquid
2702 643 2923 709 melius
2983 644 3107 709 dici

385 730 626 809 potest,
690 729 927 793 nobiles
984 733 1047 794 et
1108 730 1415 812 sapientes
1478 731 1638 795 viros
1703 730 2099 796 Franciscum
2157 732 2354 795 Dente
2417 736 2480 797 et
2537 731 2837 797 Thomam
2893 732 3107 811 Miani,

385 818 759 881 camerarios
823 835 962 881 suos
1024 819 1085 882 in
1147 819 1350 901 Pag0,
1401 819 1546 883 licet
1598 819 1883 883 absentes
1953 822 2273 902 tamquam
2334 821 2713 902 presenteset
2772 821 3111 901 quemlibet

384 904 449 967 in
515 904 814 982 solidum,
882 906 972 971 ita
1032 907 1188 988 quod
1254 907 1611 990 occupantis
1677 907 1950 971 condicio
2015 908 2229 971 melior
2291 926 2408 971 uon
2460 907 2716 985 existat,
2780 907 2885 973 sed
2949 907 3108 991 quod

385 1012 543 1057 unus
606 1012 815 1057 eorum
860 994 1190 1076 inceperit,
1240 995 1399 1059 alter
1456 995 1740 1070 mediare,
1800 997 2079 1078 prosequi
2142 996 2344 1061 valeat
2391 998 2455 1060 et
2499 996 2706 1069 finire,
2762 997 3110 1078 specialiter

387 1082 463 1144 ad
509 1080 883 1158 intrandum,
934 1082 1473 1147 intromittendum
1521 1090 1586 1147 et
1630 1085 2041 1167 recipiendum
2105 1085 2383 1147 tenutam
2433 1089 2496 1148 et
2541 1084 2917 1166 corporalem
2966 1104 3110 1168 pos-

385 1170 721 1233 sessionem
770 1187 879 1252 pro
925 1170 1057 1252 ipso
1111 1171 1355 1235 domino
1416 1173 1567 1235 duce
1613 1174 1676 1235 et
1723 1172 2171 1237 successoribus
2233 1172 2398 1248 eiuS‚
2461 1175 2525 1235 et
2570 1171 2811 1236 nomine
2873 1174 2936 1236 et
2981 1175 3108 1238 vice

386 1256 659 1321 eiusdem
725 1257 953 1322 domini
1023 1259 1195 1323 ducis
1259 1260 1323 1323 et
1382 1261 1762 1337 communie,
1823 1260 2245 1324 universitatis
2308 1265 2371 1323 et
2434 1259 2750 1323 hominum
2820 1260 3109 1324 Venetia-

385 1364 544 1422 rum,
606 1347 765 1429 puri,
834 1346 987 1409 meri
1045 1351 1107 1412 et
1167 1347 1474 1430 generalis
1540 1347 1794 1412 dominii
1844 1349 2005 1411 dicte
2063 1350 2225 1412 terre
2286 1348 2474 1431 Pagi,
2522 1352 2584 1412 et
2636 1347 2835 1412 tocius
2898 1349 3109 1414 distri-

385 1438 523 1497 ctus
566 1437 629 1497 et
666 1434 862 1498 insule
909 1436 971 1499 et
1014 1435 1288 1500 omnium
1352 1436 1624 1500 locorum
1685 1438 1749 1500 et
1812 1435 2093 1499 villarum
2142 1437 2207 1500 et
2257 1435 2517 1499 aliorum
2579 1454 3101 1520 quorumcumque

386 1520 463 1585 ad
511 1521 710 1602 ipsam
755 1524 1005 1599 terram,
1058 1522 1409 1587 districtum
1457 1526 1522 1587 et
1566 1523 1831 1587 insulam
1879 1524 2031 1607 Pagi
2077 1524 2498 1605 spectancium
2540 1541 2681 1587 cum
2722 1523 3006 1589 omnibus
3043 1527 3106 1590 et

385 1609 647 1691 singulis
690 1609 951 1687 iuribuS,
1001 1611 1508 1689 iurisditionibus,
1557 1612 1909 1689 honoribu8‚
1961 1612 2362 1675 servitutibus
2410 1615 2473 1674 et
2515 1611 2653 1675 aliis
2699 1611 3099 1693 quibuscum-

385 1716 501 1777 que
543 1697 619 1761 ad
665 1699 866 1780 ipsam
914 1703 1168 1776 terram,
1232 1699 1497 1764 insulam
1544 1701 1608 1763 et
1650 1700 2011 1764 districtum
2075 1700 2495 1781 spectantibus
2543 1700 2606 1763 et
2650 1699 3102 1781 pertinentibus

386 1787 517 1848 tam
565 1783 628 1849 in
678 1805 793 1864 rea,
843 1805 1029 1869 quam
1076 1788 1136 1851 in
1185 1806 1499 1869 personas,
1548 1791 1612 1852 et
1656 1788 1839 1852 aliter
1885 1789 2453 1870 quomodocumque
2503 1806 2642 1849 cum
2688 1805 2872 1869 puro,
2940 1808 3104 1854 mero

384 1874 449 1936 et
492 1875 685 1937 mixto
732 1876 992 1956 imperio
1038 1877 1102 1940 et
1142 1875 1323 1957 plena
1371 1879 1435 1939 et
1479 1875 1673 1939 libera
1721 1876 2111 1940 iurisdicione
2155 1879 2217 1939 et
2263 1879 2569 1958 potestate
2618 1876 2949 1939 secundum
2981 1877 3106 1942 fot-

387 1980 557 2025 mam
609 1967 679 2051 pt
737 1965 1015 2028 tenorem
1081 1964 1447 2040 oblacionis,
1512 1964 1872 2027 tradicionis
1933 1966 1997 2028 et
2057 1965 2463 2028 concessionis
2512 1963 2817 2027 factarum
2862 1966 3104 2045 prefato

384 2048 633 2118 domino
679 2050 818 2114 duci
867 2070 971 2133 pro
1017 2071 1081 2115 se
1124 2053 1188 2114 et
1234 2052 1477 2116 nomine
1524 2070 1640 2133 quo
1689 2071 1876 2135 supra
1923 2054 1994 2116 de
2046 2052 2208 2116 dicto
2254 2052 2524 2115 dominio
2574 2055 2732 2114 torre
2781 2051 2953 2134 Pagi,
3005 2054 3102 2118 di-

386 2138 642 2202 strictus
688 2143 753 2202 et
797 2139 998 2203 insule
1043 2159 1151 2222 per
1197 2140 1503 2221 sapientes
1566 2141 1726 2203 viros
1778 2142 2170 2223 Dragognam
2234 2139 2700 2214 Schitchovich‚
2749 2139 3101 2204 Prodanum

385 2225 604 2309 ngy,
656 2225 1025 2299 Premudam
1077 2228 1372 2291 Lavorich
1440 2231 1505 2291 et
1553 2228 1879 2311 Disignam
1928 2229 2250 2301 Damiani,
2315 2227 2580 2291 sindicos
2646 2228 2709 2290 et
2776 2227 3102 2293 sindicario

387 2316 633 2379 nomine
678 2316 1045 2391 communis,
1095 2316 1413 2379 hominum
1480 2319 1543 2380 et
1604 2316 2023 2380 universitatis
2070 2316 2259 2398 Pagi,
2329 2320 2393 2379 et
2448 2314 2896 2397 acceptacionis
2943 2315 3102 2382 facte

386 2422 493 2485 per
534 2402 844 2485 prefatum
892 2402 1209 2467 dominum
1255 2403 1473 2469 ducem
1520 2424 1627 2487 pro
1673 2424 1737 2467 se
1784 2406 1848 2468 et
1894 2405 2058 2468 dicto
2092 2403 2334 2467 nomine
2380 2404 2442 2467 in
2489 2403 2817 2469 millesimo
2863 2405 3102 2470 trecen-

384 2488 606 2555 tesimo
654 2492 1122 2573 quadragesimo
1170 2492 1451 2572 septimo,
1500 2492 1831 2556 indictione
1879 2492 2353 2574 quintadecima,
2415 2491 2513 2555 die
2563 2491 2856 2573 vigesimo
2904 2495 3102 2574 primo

387 2579 618 2660 mensis
663 2579 817 2658 iulii,
868 2580 1099 2663 scripta
1139 2580 1201 2644 iu
1250 2580 1494 2662 publica
1539 2579 1736 2644 forma
1791 2600 1898 2664 per
1946 2600 2041 2645 me
2104 2581 2408 2646 notarium
2475 2578 2976 2662 infrascriptum,
3039 2584 3104 2648 et

383 2673 607 2745 cartaS,
656 2668 1069 2732 iustrumenta
1117 2670 1180 2732 et
1225 2670 1562 2749 scripturas
1609 2670 1920 2751 quaslibet
1963 2673 2333 2752 opportunas
2382 2668 2718 2751 rogandum
2765 2671 2830 2732 et
2870 2667 3098 2734 facien-

386 2756 555 2832 dum,
604 2756 669 2819 et
713 2757 830 2820 sibi
876 2758 1007 2821 fieri
1052 2756 1485 2837 postulandum
1554 2762 1616 2820 et
1682 2757 2098 2840 recipiendum
2162 2776 2301 2821 cum
2364 2756 2649 2821 cautellis
2694 2759 2756 2820 et
2801 2756 3097 2823 clausulis

385 2844 765 2927 opportuniS,
815 2848 878 2908 et
921 2845 1297 2928 generaliter
1342 2849 1418 2907 ad
1468 2845 1674 2908 omnia
1722 2846 1847 2909 alia
1889 2850 1951 2908 et
1997 2846 2242 2928 singula
2274 2845 2540 2927 gerenda
2587 2846 2650 2907 et
2697 2846 3096 2927 procuranda,

384 2952 499 3015 que
549 2934 610 2996 in
658 2931 946 3013 predictis
990 2934 1054 2996 et
1100 2932 1360 3014 singulis
1407 2935 1471 2997 et
1516 2933 2000 3014 dependentibus
2045 2939 2106 2996 et
2139 2933 2411 2998 conexsis
2459 2932 2830 2997 neccessarie
2871 2931 3100 2998 fuerint

386 3026 451 3086 et
497 3023 854 3103 opportuna,
905 3021 1093 3084 etiam
1137 3021 1187 3084 si
1234 3020 1386 3084 talia
1430 3021 1666 3096 forent,
1723 3042 1839 3104 que
1900 3021 2257 3085 mandatum
2312 3020 2625 3102 exigerent
2687 3020 2987 3102 speciale,
3036 3026 3101 3089 et

384 3128 500 3191 que
546 3107 817 3190 prefatus
875 3108 1157 3172 dominus
1219 3109 1374 3186 dux,
1438 3128 1794 3186 commune,
1863 3108 2227 3174 universitas
2289 3113 2354 3172 et
2412 3108 2693 3173 homines
2754 3113 3100 3176 communis

384 3196 790 3261 Veueciarum
836 3196 1033 3261 facere
1081 3200 1371 3279 possent,
1435 3198 1485 3260 si
1530 3201 1845 3279 presentes
1910 3197 2144 3266 forent;
2208 3197 2366 3286 dans
2408 3200 2471 3261 et
2517 3197 2851 3261 concedens
2900 3199 3098 3265 dictus

382 3285 667 3349 dominus
711 3284 831 3347 dux
876 3304 984 3367 pro
1030 3304 1094 3347 se
1141 3287 1205 3348 et
1251 3284 1414 3348 dicto
1463 3286 1707 3349 nomine
1740 3286 2031 3367 predictis
2064 3286 2195 3349 eius
2228 3285 2479 3349 sindicis
2511 3287 2573 3349 et
2603 3288 3098 3367 procuratoribus

384 3376 448 3438 et
489 3371 745 3437 cuilibet
791 3391 996 3436 eorum
1045 3373 1293 3454 plenum
1341 3373 1697 3437 mandatum
1747 3376 1809 3437 et
1855 3374 2112 3438 liberam
2163 3377 2533 3457 potestatem
2582 3375 2640 3436 in
2693 3373 2989 3456 predictis
3035 3379 3099 3441 et

383 3460 646 3543 singulis
692 3462 756 3523 et
799 3459 1283 3533 dependentibus
1323 3463 1384 3524 et
1429 3462 1720 3538 conexsiS,
1775 3464 1838 3526 et
1882 3464 2247 3544 promittens
2282 3480 2388 3544 pro
2436 3481 2499 3525 se
2548 3463 2611 3525 et
2658 3461 2821 3526 dicto
2852 3465 3094 3529 nomine

384 3550 571 3613 michi
619 3548 854 3612 notario
901 3549 1290 3629 infrascripto
1351 3550 1675 3632 stipulanti
1736 3550 1798 3613 et
1845 3550 2164 3630 recipienti
2227 3551 2469 3614 nomine
2517 3553 2580 3613 et
2627 3550 2758 3613 vice
2805 3570 3093 3633 quorum-

382 3655 640 3718 cumque
687 3639 944 3701 interest
987 3637 1084 3700 vel
1129 3637 1428 3700 interesse
1492 3639 1701 3720 posset
1761 3657 1826 3700 se
1883 3637 2127 3701 firmum
2192 3640 2254 3702 et
2316 3642 2522 3701 ratum
2577 3640 2870 3720 perpetuo
2918 3641 3092 3704 habi-

380 3728 612 3801 turum,
661 3723 954 3806 quidquid
1000 3745 1106 3806 per
1137 3724 1330 3788 dictos
1377 3727 1507 3790 eius
1545 3725 1810 3789 sindicus
1845 3729 1906 3788 et
1939 3728 2356 3806 procuratores
2404 3728 2467 3789 et
2512 3726 2850 3807 quemlibet
2883 3747 3094 3792 eorum

382 3815 612 3890 actum,
660 3816 906 3896 gestum
955 3816 1018 3876 et
1064 3816 1451 3894 procuratum
1500 3813 1688 3877 fuerit
1734 3813 1795 3877 in
1845 3813 2135 3895 predictis
2174 3816 2235 3877 et
2282 3813 2557 3896 quolibet
2602 3831 2830 3890 eorum,
2878 3818 2942 3879 et
2972 3835 3092 3880 non

384 3903 930 3966 contraventurum
979 3900 1090 3964 sub
1154 3901 1532 3984 obligacioue
1595 3902 1868 3965 omnium
1933 3901 2226 3964 bonorum
2284 3901 2627 3964 communis
2673 3900 3094 3968 Veueciarum.

380 3990 463 4055 Et
502 3990 565 4052 in
610 3990 1024 4071 predictorum
1071 3990 1250 4054 fidem
1298 3993 1360 4053 et
1406 3989 1784 4054 evidenciam
1836 3988 2167 4070 pleniorem
2216 3989 2379 4053 idem
2426 3988 2706 4052 dominus
2758 3990 2874 4053 dux
2923 4010 3097 4055 man-

380 4077 554 4142 davit
586 4096 836 4159 presens
882 4078 1200 4159 publicum
1247 4077 1724 4142 instrumentum
1772 4096 1881 4141 sua
1926 4077 2095 4140 bulla
2142 4077 2431 4160 plumbea
2478 4076 2797 4140 comuuiri.
2860 4077 3090 4144 Actum

379 4165 445 4230 in
492 4166 691 4229 ducali
738 4166 974 4248 palacio
1025 4165 1426 4230 Veueciarum
1471 4165 1853 4246 presentibus
1901 4166 2177 4247 sapiente
2226 4166 2352 4229 viro
2401 4165 2644 4228 domino
2685 4163 2937 4231 Nicolao
2988 4168 3092 4231 Pi-

382 4254 620 4318 storino
683 4253 943 4317 ducatus
991 4253 1394 4317 Veueciarum
1441 4253 1784 4317 honorabili
1835 4253 2218 4331 cancellarie,
2270 4272 2339 4318 ac
2388 4252 2653 4334 providis
2702 4256 2764 4317 et
2810 4254 3093 4320 discretis

381 4341 531 4407 viris
579 4359 677 4405 ser
721 4341 1003 4406 Nicolino
1049 4341 1124 4405 de
1174 4341 1639 4423 FraganeschiS,
1704 4361 1801 4405 ser
1849 4340 2125 4425 Rafayno
2171 4342 2245 4405 de
2291 4339 2597 4406 Caresinis
2661 4342 2726 4404 et
2770 4360 2866 4406 ser
2911 4342 3094 4409 Jaco-

383 4430 544 4495 bello
589 4429 871 4507 Venerio,
920 4429 1174 4494 notariis
1222 4448 1327 4493 seu
1369 4429 1585 4494 scribis
1633 4431 1892 4493 ducatus
1940 4429 2361 4506 Veueciarum,
2410 4430 2675 4493 testibus
2721 4429 2800 4492 ad
2846 4430 2958 4494 hec
2992 4450 3096 4496 vo-

382 4518 539 4583 catis
578 4516 931 4600 specialiter
973 4520 1037 4582 et
1083 4518 1315 4600 rogatis
1362 4529 1423 4581 et
1468 4518 1623 4581 aliis.
1687 4518 1817 4600 Ego
1864 4516 2177 4582 Johannes
2239 4516 2397 4581 Vido
2460 4516 2763 4598 imperiali
2828 4520 3096 4583 auctori·

382 4609 511 4671 tate
555 4605 852 4684 notarius,
901 4609 965 4669 et
1009 4606 1270 4670 ducatus
1318 4605 1721 4670 Veueciarum
1769 4606 1990 4682 scriba,
2042 4605 2329 4688 predictis
2371 4605 2653 4669 omnibus
2701 4605 2982 4683 interfui,
3033 4609 3097 4671 et

382 4712 456 4761 ea
505 4695 578 4758 de
624 4694 917 4759 mandato
965 4693 1116 4757 dicti
1162 4693 1391 4757 domini
1438 4693 1610 4757 ducis
1659 4693 1896 4775 scripsi,
1946 4696 2009 4757 et
2054 4694 2115 4755 in
2159 4693 2403 4775 publica
2448 4691 2647 4756 forma
2677 4693 2906 4776 redegi.
2956 4694 3095 4758 Ple-

381 4783 519 4848 nius
568 4782 938 4862 continetur,
988 4782 1423 4865 recipientibus
1485 4781 1833 4846 sindicariis
1895 4781 2238 4846 nominibus
2305 4780 2707 4863 supradictis,
2778 4782 2980 4845 animo
3027 4783 3091 4844 et

454 4903 650 4952 spon.
700 4903 797 4951 111.
2763 4886 2805 4948 2
