<?xml version="1.0" encoding="UTF-8"?>
<!DOCTYPE html PUBLIC "-//W3C//DTD XHTML 1.0 Transitional//EN"
    "http://www.w3.org/TR/xhtml1/DTD/xhtml1-transitional.dtd">
<html xmlns="http://www.w3.org/1999/xhtml" xml:lang="en" lang="en">
 <head>
  <title>
</title>
<meta http-equiv="Content-Type" content="text/html;charset=utf-8" />
  <meta name='ocr-system' content='tesseract 3.04.00' />
  <meta name='ocr-capabilities' content='ocr_page ocr_carea ocr_par ocr_line ocrx_word'/>
</head>
<body>
  <div class='ocr_page' id='page_1' title='image "./monumentaspecta02umjegoog_0082.png"; bbox 0 0 3620 5282; ppageno 0'>
   <div class='ocr_carea' id='block_1_1' title="bbox 624 291 710 357">
    <p class='ocr_par' dir='ltr' id='par_1_1' title="bbox 624 291 710 357">
     <span class='ocr_line' id='line_1_1' title="bbox 624 291 710 357; baseline 0 0"><span class='ocrx_word' id='word_1_1' title='bbox 624 291 710 357; x_wconf 84' lang='lat'>36</span> 
     </span>
    </p>
   </div>
   <div class='ocr_carea' id='block_1_2' title="bbox 625 467 3349 2044">
    <p class='ocr_par' dir='ltr' id='par_1_2' title="bbox 625 467 3347 904">
     <span class='ocr_line' id='line_1_2' title="bbox 625 467 3347 553; baseline 0.001 -22"><span class='ocrx_word' id='word_1_2' title='bbox 625 467 784 532; x_wconf 87' lang='lat' dir='ltr'>infra</span> <span class='ocrx_word' id='word_1_3' title='bbox 826 487 1006 550; x_wconf 88' lang='lat' dir='ltr'>quam</span> <span class='ocrx_word' id='word_1_4' title='bbox 1058 469 1258 532; x_wconf 90' lang='lat' dir='ltr'>minus</span> <span class='ocrx_word' id='word_1_5' title='bbox 1305 469 1629 552; x_wconf 90' lang='lat' dir='ltr'>poterunt,</span> <span class='ocrx_word' id='word_1_6' title='bbox 1692 468 1953 533; x_wconf 80' lang='lat' dir='ltr'>faciente</span> <span class='ocrx_word' id='word_1_7' title='bbox 1998 470 2112 533; x_wconf 91' lang='lat' dir='ltr'>hoc</span> <span class='ocrx_word' id='word_1_8' title='bbox 2160 468 2433 549; x_wconf 90' lang='lat' dir='ltr'>predicto</span> <span class='ocrx_word' id='word_1_9' title='bbox 2479 469 2723 533; x_wconf 91' lang='lat' dir='ltr'>domino</span> <span class='ocrx_word' id='word_1_10' title='bbox 2785 488 2927 553; x_wconf 88' lang='lat' dir='ltr'>rege</span> <span class='ocrx_word' id='word_1_11' title='bbox 2991 488 3101 552; x_wconf 90' lang='lat' dir='ltr'>pro</span> <span class='ocrx_word' id='word_1_12' title='bbox 3146 489 3215 534; x_wconf 90' lang='lat' dir='ltr'>se</span> <span class='ocrx_word' id='word_1_13' title='bbox 3262 471 3347 533; x_wconf 82' lang='lat' dir='ltr'>et</span> 
     </span>
     <span class='ocr_line' id='line_1_3' title="bbox 626 556 3342 639; baseline -0 -18"><span class='ocrx_word' id='word_1_14' title='bbox 626 557 1075 621; x_wconf 85' lang='lat' dir='ltr'>successoribus</span> <span class='ocrx_word' id='word_1_15' title='bbox 1119 557 1244 621; x_wconf 81' lang='lat' dir='ltr'>suis</span> <span class='ocrx_word' id='word_1_16' title='bbox 1291 558 1464 622; x_wconf 90' lang='lat' dir='ltr'>nobis</span> <span class='ocrx_word' id='word_1_17' title='bbox 1507 560 1569 622; x_wconf 88' lang='lat' dir='ltr'>et</span> <span class='ocrx_word' id='word_1_18' title='bbox 1612 557 2062 621; x_wconf 89' lang='lat' dir='ltr'>successoribus</span> <span class='ocrx_word' id='word_1_19' title='bbox 2132 557 2355 621; x_wconf 89' lang='lat' dir='ltr'>nostris</span> <span class='ocrx_word' id='word_1_20' title='bbox 2425 577 2531 639; x_wconf 89' lang='lat' dir='ltr'>per</span> <span class='ocrx_word' id='word_1_21' title='bbox 2575 556 2826 621; x_wconf 90' lang='lat' dir='ltr'>modum</span> <span class='ocrx_word' id='word_1_22' title='bbox 2889 558 3342 622; x_wconf 76' lang='lat' dir='ltr'><strong>transactionis</strong></span> 
     </span>
     <span class='ocr_line' id='line_1_4' title="bbox 626 644 3346 726; baseline 0 -18"><span class='ocrx_word' id='word_1_23' title='bbox 626 644 724 710; x_wconf 87' lang='lat' dir='ltr'>vel</span> <span class='ocrx_word' id='word_1_24' title='bbox 768 663 1010 710; x_wconf 91' lang='lat' dir='ltr'>omnem</span> <span class='ocrx_word' id='word_1_25' title='bbox 1055 644 1242 710; x_wconf 89' lang='lat' dir='ltr'>alium</span> <span class='ocrx_word' id='word_1_26' title='bbox 1292 646 1541 710; x_wconf 88' lang='lat' dir='ltr'>modum</span> <span class='ocrx_word' id='word_1_27' title='bbox 1589 646 1786 726; x_wconf 73' lang='lat' dir='ltr'>magis</span> <span class='ocrx_word' id='word_1_28' title='bbox 1828 647 2051 724; x_wconf 89' lang='lat' dir='ltr'>tutum,</span> <span class='ocrx_word' id='word_1_29' title='bbox 2115 664 2254 709; x_wconf 91' lang='lat' dir='ltr'>cum</span> <span class='ocrx_word' id='word_1_30' title='bbox 2316 645 2599 710; x_wconf 88' lang='lat' dir='ltr'>cautellis</span> <span class='ocrx_word' id='word_1_31' title='bbox 2646 647 2708 710; x_wconf 88' lang='lat' dir='ltr'>et</span> <span class='ocrx_word' id='word_1_32' title='bbox 2760 647 3346 711; x_wconf 83' lang='lat' dir='ltr'>renunciationibus</span> 
     </span>
     <span class='ocr_line' id='line_1_5' title="bbox 626 733 3347 817; baseline 0 -20"><span class='ocrx_word' id='word_1_33' title='bbox 626 735 1001 817; x_wconf 77' lang='lat' dir='ltr'>opportunis,</span> <span class='ocrx_word' id='word_1_34' title='bbox 1050 733 1125 799; x_wconf 91' lang='lat' dir='ltr'>de</span> <span class='ocrx_word' id='word_1_35' title='bbox 1168 734 1420 799; x_wconf 87' lang='lat' dir='ltr'>consilio</span> <span class='ocrx_word' id='word_1_36' title='bbox 1463 735 1834 817; x_wconf 88' lang='lat' dir='ltr'>sapientum,</span> <span class='ocrx_word' id='word_1_37' title='bbox 1883 753 2024 799; x_wconf 93' lang='lat' dir='ltr'>cum</span> <span class='ocrx_word' id='word_1_38' title='bbox 2072 734 2378 816; x_wconf 89' lang='lat' dir='ltr'>sapientes</span> <span class='ocrx_word' id='word_1_39' title='bbox 2426 734 2576 798; x_wconf 89' lang='lat' dir='ltr'>iuris</span> <span class='ocrx_word' id='word_1_40' title='bbox 2623 734 2851 812; x_wconf 90' lang='lat' dir='ltr'>dicant,</span> <span class='ocrx_word' id='word_1_41' title='bbox 2901 733 3056 816; x_wconf 89' lang='lat' dir='ltr'>quod</span> <span class='ocrx_word' id='word_1_42' title='bbox 3090 734 3165 798; x_wconf 92' lang='lat' dir='ltr'>de</span> <span class='ocrx_word' id='word_1_43' title='bbox 3191 735 3347 798; x_wconf 81' lang='lat' dir='ltr'>iure</span> 
     </span>
     <span class='ocr_line' id='line_1_6' title="bbox 625 822 1987 904; baseline 0 -18"><span class='ocrx_word' id='word_1_44' title='bbox 625 822 738 887; x_wconf 90' lang='lat' dir='ltr'>boc</span> <span class='ocrx_word' id='word_1_45' title='bbox 774 823 904 887; x_wconf 86' lang='lat' dir='ltr'>fieri</span> <span class='ocrx_word' id='word_1_46' title='bbox 951 823 1153 904; x_wconf 89' lang='lat' dir='ltr'>potest</span> <span class='ocrx_word' id='word_1_47' title='bbox 1196 842 1336 888; x_wconf 89' lang='lat' dir='ltr'>cum</span> <span class='ocrx_word' id='word_1_48' title='bbox 1384 823 1713 888; x_wconf 77' lang='lat' dir='ltr'>securitate</span> <span class='ocrx_word' id='word_1_49' title='bbox 1761 824 1987 887; x_wconf 90' lang='lat' dir='ltr'>nostra.</span> 
     </span>
    </p>

    <p class='ocr_par' dir='ltr' id='par_1_3' title="bbox 627 908 3349 2044">
     <span class='ocr_line' id='line_1_7' title="bbox 838 908 3349 976; baseline 0.001 -3"><span class='ocrx_word' id='word_1_50' title='bbox 838 909 899 974; x_wconf 84' lang='lat'>2.</span> <span class='ocrx_word' id='word_1_51' title='bbox 935 908 1001 974; x_wconf 89' lang='lat' dir='ltr'>Si</span> <span class='ocrx_word' id='word_1_52' title='bbox 1047 914 1252 976; x_wconf 89' lang='lat' dir='ltr'>autem</span> <span class='ocrx_word' id='word_1_53' title='bbox 1300 911 1576 976; x_wconf 90' lang='lat' dir='ltr'>dominus</span> <span class='ocrx_word' id='word_1_54' title='bbox 1622 930 1725 975; x_wconf 83' lang='lat' dir='ltr'>rex</span> <span class='ocrx_word' id='word_1_55' title='bbox 1770 930 1889 975; x_wconf 93' lang='lat' dir='ltr'>non</span> <span class='ocrx_word' id='word_1_56' title='bbox 1948 911 2404 975; x_wconf 88' lang='lat' dir='ltr'>contentaretur</span> <span class='ocrx_word' id='word_1_57' title='bbox 2464 911 2636 976; x_wconf 86' lang='lat' dir='ltr'>nobis</span> <span class='ocrx_word' id='word_1_58' title='bbox 2680 910 2992 975; x_wconf 86' lang='lat' dir='ltr'>dimittere</span> <span class='ocrx_word' id='word_1_59' title='bbox 3046 910 3349 975; x_wconf 78' lang='lat' dir='ltr'>absolute</span> 
     </span>
     <span class='ocr_line' id='line_1_8' title="bbox 629 998 3347 1082; baseline 0 -20"><span class='ocrx_word' id='word_1_60' title='bbox 629 998 827 1063; x_wconf 88' lang='lat' dir='ltr'>dictas</span> <span class='ocrx_word' id='word_1_61' title='bbox 876 1000 1136 1081; x_wconf 88' lang='lat' dir='ltr'>quatuor</span> <span class='ocrx_word' id='word_1_62' title='bbox 1182 999 1484 1078; x_wconf 78' lang='lat' dir='ltr'>civitatee,</span> <span class='ocrx_word' id='word_1_63' title='bbox 1530 999 1636 1064; x_wconf 89' lang='lat' dir='ltr'>sed</span> <span class='ocrx_word' id='word_1_64' title='bbox 1683 1000 1885 1082; x_wconf 88' lang='lat' dir='ltr'>potius</span> <span class='ocrx_word' id='word_1_65' title='bbox 1936 998 2122 1063; x_wconf 90' lang='lat' dir='ltr'>vellet</span> <span class='ocrx_word' id='word_1_66' title='bbox 2177 998 2408 1082; x_wconf 90' lang='lat' dir='ltr'>aliquid</span> <span class='ocrx_word' id='word_1_67' title='bbox 2471 998 2825 1076; x_wconf 87' lang='lat' dir='ltr'>annuatim,</span> <span class='ocrx_word' id='word_1_68' title='bbox 2873 1000 2935 1063; x_wconf 93' lang='lat' dir='ltr'>et</span> <span class='ocrx_word' id='word_1_69' title='bbox 2981 998 3139 1064; x_wconf 89' lang='lat' dir='ltr'>foret</span> <span class='ocrx_word' id='word_1_70' title='bbox 3183 1018 3347 1063; x_wconf 90' lang='lat' dir='ltr'>con-</span> 
     </span>
     <span class='ocr_line' id='line_1_9' title="bbox 627 1087 3337 1172; baseline -0 -21"><span class='ocrx_word' id='word_1_71' title='bbox 627 1088 856 1165; x_wconf 88' lang='lat' dir='ltr'>tentus,</span> <span class='ocrx_word' id='word_1_72' title='bbox 919 1088 1078 1170; x_wconf 88' lang='lat' dir='ltr'>quod</span> <span class='ocrx_word' id='word_1_73' title='bbox 1136 1089 1265 1172; x_wconf 88' lang='lat' dir='ltr'>ipse</span> <span class='ocrx_word' id='word_1_74' title='bbox 1310 1090 1574 1169; x_wconf 86' lang='lat' dir='ltr'>quatuor</span> <span class='ocrx_word' id='word_1_75' title='bbox 1632 1088 1917 1153; x_wconf 86' lang='lat' dir='ltr'>civitates</span> <span class='ocrx_word' id='word_1_76' title='bbox 1978 1087 2151 1151; x_wconf 91' lang='lat' dir='ltr'>nobis</span> <span class='ocrx_word' id='word_1_77' title='bbox 2212 1087 2501 1170; x_wconf 89' lang='lat' dir='ltr'>perpetuo</span> <span class='ocrx_word' id='word_1_78' title='bbox 2560 1088 2625 1152; x_wconf 88' lang='lat' dir='ltr'>et</span> <span class='ocrx_word' id='word_1_79' title='bbox 2668 1087 2859 1151; x_wconf 91' lang='lat' dir='ltr'>libere</span> <span class='ocrx_word' id='word_1_80' title='bbox 2916 1089 3337 1164; x_wconf 72' lang='lat' dir='ltr'>remanerent,</span> 
     </span>
     <span class='ocr_line' id='line_1_10' title="bbox 628 1174 3339 1259; baseline 0.001 -21"><span class='ocrx_word' id='word_1_81' title='bbox 628 1174 995 1239; x_wconf 89' lang='lat' dir='ltr'>dimittendo</span> <span class='ocrx_word' id='word_1_82' title='bbox 1053 1176 1118 1239; x_wconf 91' lang='lat' dir='ltr'>in</span> <span class='ocrx_word' id='word_1_83' title='bbox 1184 1176 1357 1240; x_wconf 88' lang='lat' dir='ltr'>nobis</span> <span class='ocrx_word' id='word_1_84' title='bbox 1413 1177 1624 1240; x_wconf 90' lang='lat' dir='ltr'>omnia</span> <span class='ocrx_word' id='word_1_85' title='bbox 1688 1176 1855 1254; x_wconf 90' lang='lat' dir='ltr'>iura,</span> <span class='ocrx_word' id='word_1_86' title='bbox 1897 1195 2013 1259; x_wconf 88' lang='lat' dir='ltr'>que</span> <span class='ocrx_word' id='word_1_87' title='bbox 2074 1175 2330 1241; x_wconf 89' lang='lat' dir='ltr'>haberet</span> <span class='ocrx_word' id='word_1_88' title='bbox 2383 1194 2488 1241; x_wconf 91' lang='lat' dir='ltr'>seu</span> <span class='ocrx_word' id='word_1_89' title='bbox 2534 1176 2763 1241; x_wconf 91' lang='lat' dir='ltr'>diceret</span> <span class='ocrx_word' id='word_1_90' title='bbox 2821 1175 3046 1239; x_wconf 88' lang='lat' dir='ltr'>habere</span> <span class='ocrx_word' id='word_1_91' title='bbox 3106 1175 3170 1239; x_wconf 93' lang='lat' dir='ltr'>in</span> <span class='ocrx_word' id='word_1_92' title='bbox 3213 1176 3339 1254; x_wconf 80' lang='lat' dir='ltr'>eia,</span> 
     </span>
     <span class='ocr_line' id='line_1_11' title="bbox 627 1263 3335 1348; baseline 0 -21"><span class='ocrx_word' id='word_1_93' title='bbox 627 1263 865 1346; x_wconf 80' lang='lat' dir='ltr'>possint</span> <span class='ocrx_word' id='word_1_94' title='bbox 910 1263 1102 1328; x_wconf 85' lang='lat' dir='ltr'>nostri</span> <span class='ocrx_word' id='word_1_95' title='bbox 1145 1265 1500 1346; x_wconf 83' lang='lat' dir='ltr'>promittere</span> <span class='ocrx_word' id='word_1_96' title='bbox 1566 1282 1675 1348; x_wconf 93' lang='lat' dir='ltr'>pro</span> <span class='ocrx_word' id='word_1_97' title='bbox 1737 1265 1876 1348; x_wconf 88' lang='lat' dir='ltr'>ipsa</span> <span class='ocrx_word' id='word_1_98' title='bbox 1938 1265 2349 1329; x_wconf 80' lang='lat' dir='ltr'>transactione</span> <span class='ocrx_word' id='word_1_99' title='bbox 2413 1268 2478 1329; x_wconf 90' lang='lat' dir='ltr'>et</span> <span class='ocrx_word' id='word_1_100' title='bbox 2535 1263 2846 1329; x_wconf 89' lang='lat' dir='ltr'>concordio</span> <span class='ocrx_word' id='word_1_101' title='bbox 2896 1263 3146 1328; x_wconf 84' lang='lat' dir='ltr'>ducatos</span> <span class='ocrx_word' id='word_1_102' title='bbox 3194 1265 3335 1328; x_wconf 83' lang='lat' dir='ltr'>tres</span> 
     </span>
     <span class='ocr_line' id='line_1_12' title="bbox 628 1351 3339 1430; baseline 0 -15"><span class='ocrx_word' id='word_1_103' title='bbox 628 1351 799 1415; x_wconf 90' lang='lat' dir='ltr'>mille</span> <span class='ocrx_word' id='word_1_104' title='bbox 845 1353 1182 1430; x_wconf 90' lang='lat' dir='ltr'>annuatim,</span> <span class='ocrx_word' id='word_1_105' title='bbox 1225 1354 1289 1416; x_wconf 94' lang='lat' dir='ltr'>et</span> <span class='ocrx_word' id='word_1_106' title='bbox 1324 1353 1578 1417; x_wconf 84' lang='lat' dir='ltr'>ducatos</span> <span class='ocrx_word' id='word_1_107' title='bbox 1626 1354 1761 1417; x_wconf 93' lang='lat' dir='ltr'>octo</span> <span class='ocrx_word' id='word_1_108' title='bbox 1810 1353 1980 1417; x_wconf 90' lang='lat' dir='ltr'>mille</span> <span class='ocrx_word' id='word_1_109' title='bbox 2041 1352 2372 1417; x_wconf 87' lang='lat' dir='ltr'>baronibus</span> <span class='ocrx_word' id='word_1_110' title='bbox 2432 1353 2624 1417; x_wconf 89' lang='lat' dir='ltr'>semel</span> <span class='ocrx_word' id='word_1_111' title='bbox 2674 1355 2919 1417; x_wconf 89' lang='lat' dir='ltr'>tantum</span> <span class='ocrx_word' id='word_1_112' title='bbox 2977 1351 3075 1417; x_wconf 85' lang='lat' dir='ltr'>vel</span> <span class='ocrx_word' id='word_1_113' title='bbox 3118 1351 3339 1416; x_wconf 81' lang='lat' dir='ltr'>minus</span> 
     </span>
     <span class='ocr_line' id='line_1_13' title="bbox 629 1439 3341 1524; baseline 0 -20"><span class='ocrx_word' id='word_1_114' title='bbox 629 1439 808 1504; x_wconf 88' lang='lat' dir='ltr'>dictis</span> <span class='ocrx_word' id='word_1_115' title='bbox 854 1439 1326 1523; x_wconf 75' lang='lat' dir='ltr'>quantitatibuS,</span> <span class='ocrx_word' id='word_1_116' title='bbox 1376 1441 1428 1506; x_wconf 90' lang='lat' dir='ltr'>si</span> <span class='ocrx_word' id='word_1_117' title='bbox 1475 1442 1783 1524; x_wconf 90' lang='lat' dir='ltr'>poterunt,</span> <span class='ocrx_word' id='word_1_118' title='bbox 1849 1441 2177 1505; x_wconf 90' lang='lat' dir='ltr'>dummodo</span> <span class='ocrx_word' id='word_1_119' title='bbox 2220 1440 2331 1505; x_wconf 93' lang='lat' dir='ltr'>hoc</span> <span class='ocrx_word' id='word_1_120' title='bbox 2379 1460 2495 1505; x_wconf 93' lang='lat' dir='ltr'>non</span> <span class='ocrx_word' id='word_1_121' title='bbox 2542 1442 2655 1505; x_wconf 90' lang='lat' dir='ltr'>fiat</span> <span class='ocrx_word' id='word_1_122' title='bbox 2699 1459 2807 1523; x_wconf 92' lang='lat' dir='ltr'>per</span> <span class='ocrx_word' id='word_1_123' title='bbox 2864 1440 3112 1505; x_wconf 88' lang='lat' dir='ltr'>modum</span> <span class='ocrx_word' id='word_1_124' title='bbox 3159 1439 3341 1505; x_wconf 85' lang='lat' dir='ltr'>feudi</span> 
     </span>
     <span class='ocr_line' id='line_1_14' title="bbox 628 1528 3340 1612; baseline 0 -21"><span class='ocrx_word' id='word_1_125' title='bbox 628 1545 825 1611; x_wconf 89' lang='lat' dir='ltr'>neque</span> <span class='ocrx_word' id='word_1_126' title='bbox 872 1546 1085 1592; x_wconf 90' lang='lat' dir='ltr'>census</span> <span class='ocrx_word' id='word_1_127' title='bbox 1133 1549 1240 1593; x_wconf 90' lang='lat' dir='ltr'>seu</span> <span class='ocrx_word' id='word_1_128' title='bbox 1286 1529 1702 1608; x_wconf 88' lang='lat' dir='ltr'>subiectionis,</span> <span class='ocrx_word' id='word_1_129' title='bbox 1752 1547 1862 1594; x_wconf 88' lang='lat' dir='ltr'>nec</span> <span class='ocrx_word' id='word_1_130' title='bbox 1920 1548 2028 1612; x_wconf 91' lang='lat' dir='ltr'>per</span> <span class='ocrx_word' id='word_1_131' title='bbox 2073 1529 2264 1593; x_wconf 92' lang='lat' dir='ltr'>alium</span> <span class='ocrx_word' id='word_1_132' title='bbox 2326 1528 2612 1606; x_wconf 88' lang='lat' dir='ltr'>modum,</span> <span class='ocrx_word' id='word_1_133' title='bbox 2655 1528 2758 1612; x_wconf 89' lang='lat' dir='ltr'>qui</span> <span class='ocrx_word' id='word_1_134' title='bbox 2820 1529 3015 1611; x_wconf 89' lang='lat' dir='ltr'>possit</span> <span class='ocrx_word' id='word_1_135' title='bbox 3059 1529 3340 1611; x_wconf 89' lang='lat' dir='ltr'>preiudi-</span> 
     </span>
     <span class='ocr_line' id='line_1_15' title="bbox 633 1616 3343 1700; baseline 0.001 -21"><span class='ocrx_word' id='word_1_136' title='bbox 633 1633 771 1680; x_wconf 89' lang='lat' dir='ltr'>care</span> <span class='ocrx_word' id='word_1_137' title='bbox 813 1616 986 1686; x_wconf 85' lang='lat' dir='ltr'>nobis</span> <span class='ocrx_word' id='word_1_138' title='bbox 1032 1616 1097 1681; x_wconf 91' lang='lat' dir='ltr'>et</span> <span class='ocrx_word' id='word_1_139' title='bbox 1140 1618 1323 1682; x_wconf 91' lang='lat' dir='ltr'>titulo</span> <span class='ocrx_word' id='word_1_140' title='bbox 1370 1620 1614 1691; x_wconf 78' lang='lat' dir='ltr'>nostr03</span> <span class='ocrx_word' id='word_1_141' title='bbox 1678 1636 1818 1682; x_wconf 91' lang='lat' dir='ltr'>cum</span> <span class='ocrx_word' id='word_1_142' title='bbox 1865 1618 2170 1700; x_wconf 87' lang='lat' dir='ltr'>sapientes</span> <span class='ocrx_word' id='word_1_143' title='bbox 2217 1617 2366 1682; x_wconf 89' lang='lat' dir='ltr'>iuris</span> <span class='ocrx_word' id='word_1_144' title='bbox 2413 1617 2701 1682; x_wconf 88' lang='lat' dir='ltr'>similiter</span> <span class='ocrx_word' id='word_1_145' title='bbox 2745 1616 2988 1696; x_wconf 90' lang='lat' dir='ltr'>dicant,</span> <span class='ocrx_word' id='word_1_146' title='bbox 3036 1616 3150 1681; x_wconf 90' lang='lat' dir='ltr'>hoc</span> <span class='ocrx_word' id='word_1_147' title='bbox 3197 1617 3343 1681; x_wconf 88' lang='lat' dir='ltr'>fieri</span> 
     </span>
     <span class='ocr_line' id='line_1_16' title="bbox 627 1704 3335 1789; baseline 0 -21"><span class='ocrx_word' id='word_1_148' title='bbox 627 1722 804 1786; x_wconf 90' lang='lat' dir='ltr'>posse</span> <span class='ocrx_word' id='word_1_149' title='bbox 850 1704 921 1770; x_wconf 88' lang='lat' dir='ltr'>de</span> <span class='ocrx_word' id='word_1_150' title='bbox 968 1704 1098 1769; x_wconf 91' lang='lat' dir='ltr'>iure</span> <span class='ocrx_word' id='word_1_151' title='bbox 1143 1706 1368 1788; x_wconf 88' lang='lat' dir='ltr'>absque</span> <span class='ocrx_word' id='word_1_152' title='bbox 1414 1705 1745 1788; x_wconf 89' lang='lat' dir='ltr'>preiudicio</span> <span class='ocrx_word' id='word_1_153' title='bbox 1806 1707 2054 1781; x_wconf 80' lang='lat' dir='ltr'>nostr03</span> <span class='ocrx_word' id='word_1_154' title='bbox 2118 1705 2551 1789; x_wconf 88' lang='lat' dir='ltr'>intelligendo,</span> <span class='ocrx_word' id='word_1_155' title='bbox 2608 1705 2767 1787; x_wconf 89' lang='lat' dir='ltr'>quod</span> <span class='ocrx_word' id='word_1_156' title='bbox 2827 1705 2894 1770; x_wconf 91' lang='lat' dir='ltr'>in</span> <span class='ocrx_word' id='word_1_157' title='bbox 2958 1706 3124 1769; x_wconf 91' lang='lat' dir='ltr'>omni</span> <span class='ocrx_word' id='word_1_158' title='bbox 3181 1723 3335 1769; x_wconf 87' lang='lat' dir='ltr'>casu</span> 
     </span>
     <span class='ocr_line' id='line_1_17' title="bbox 629 1792 3337 1877; baseline 0.001 -22"><span class='ocrx_word' id='word_1_159' title='bbox 629 1811 732 1857; x_wconf 81' lang='lat' dir='ltr'>rex</span> <span class='ocrx_word' id='word_1_160' title='bbox 771 1792 1085 1857; x_wconf 89' lang='lat' dir='ltr'>renunciet</span> <span class='ocrx_word' id='word_1_161' title='bbox 1128 1796 1193 1858; x_wconf 90' lang='lat' dir='ltr'>et</span> <span class='ocrx_word' id='word_1_162' title='bbox 1238 1793 1514 1859; x_wconf 86' lang='lat' dir='ltr'>dimittet</span> <span class='ocrx_word' id='word_1_163' title='bbox 1543 1794 1718 1859; x_wconf 89' lang='lat' dir='ltr'>nobis</span> <span class='ocrx_word' id='word_1_164' title='bbox 1765 1797 2055 1877; x_wconf 90' lang='lat' dir='ltr'>perpetuo</span> <span class='ocrx_word' id='word_1_165' title='bbox 2100 1797 2163 1858; x_wconf 94' lang='lat' dir='ltr'>et</span> <span class='ocrx_word' id='word_1_166' title='bbox 2207 1794 2397 1859; x_wconf 89' lang='lat' dir='ltr'>libere</span> <span class='ocrx_word' id='word_1_167' title='bbox 2442 1793 2645 1859; x_wconf 90' lang='lat' dir='ltr'>omnia</span> <span class='ocrx_word' id='word_1_168' title='bbox 2690 1793 2857 1870; x_wconf 90' lang='lat' dir='ltr'>iura,</span> <span class='ocrx_word' id='word_1_169' title='bbox 2919 1812 3033 1876; x_wconf 89' lang='lat' dir='ltr'>que</span> <span class='ocrx_word' id='word_1_170' title='bbox 3095 1793 3337 1858; x_wconf 86' lang='lat' dir='ltr'>diceret</span> 
     </span>
     <span class='ocr_line' id='line_1_18' title="bbox 629 1881 3335 1966; baseline 0 -21"><span class='ocrx_word' id='word_1_171' title='bbox 629 1899 736 1945; x_wconf 90' lang='lat' dir='ltr'>seu</span> <span class='ocrx_word' id='word_1_172' title='bbox 777 1882 988 1962; x_wconf 86' lang='lat' dir='ltr'>posset</span> <span class='ocrx_word' id='word_1_173' title='bbox 1032 1881 1254 1947; x_wconf 89' lang='lat' dir='ltr'>habere</span> <span class='ocrx_word' id='word_1_174' title='bbox 1299 1881 1363 1946; x_wconf 92' lang='lat' dir='ltr'>in</span> <span class='ocrx_word' id='word_1_175' title='bbox 1413 1882 1696 1948; x_wconf 89' lang='lat' dir='ltr'>omnibus</span> <span class='ocrx_word' id='word_1_176' title='bbox 1746 1882 1887 1947; x_wconf 90' lang='lat' dir='ltr'>aliis</span> <span class='ocrx_word' id='word_1_177' title='bbox 1934 1882 2289 1947; x_wconf 85' lang='lat' dir='ltr'>civitatibus</span> <span class='ocrx_word' id='word_1_178' title='bbox 2337 1884 2400 1947; x_wconf 88' lang='lat' dir='ltr'>et</span> <span class='ocrx_word' id='word_1_179' title='bbox 2443 1881 2594 1947; x_wconf 90' lang='lat' dir='ltr'>locis</span> <span class='ocrx_word' id='word_1_180' title='bbox 2642 1881 2986 1959; x_wconf 90' lang='lat' dir='ltr'>Dalmatie,</span> <span class='ocrx_word' id='word_1_181' title='bbox 3034 1900 3186 1966; x_wconf 89' lang='lat' dir='ltr'>quas</span> <span class='ocrx_word' id='word_1_182' title='bbox 3232 1883 3335 1946; x_wconf 86' lang='lat' dir='ltr'>te-</span> 
     </span>
     <span class='ocr_line' id='line_1_19' title="bbox 627 1969 1166 2044; baseline 0.004 -12"><span class='ocrx_word' id='word_1_183' title='bbox 627 1987 864 2033; x_wconf 89' lang='lat' dir='ltr'>nemus.</span> <span class='ocrx_word' id='word_1_184' title='bbox 912 1969 1016 2044; x_wconf 83' lang='lat'>38,</span> <span class='ocrx_word' id='word_1_185' title='bbox 1062 1969 1166 2034; x_wconf 86' lang='lat'>44.</span> 
     </span>
    </p>
   </div>
   <div class='ocr_carea' id='block_1_3' title="bbox 839 2056 3335 2141">
    <p class='ocr_par' dir='ltr' id='par_1_4' title="bbox 839 2056 3335 2141">
     <span class='ocr_line' id='line_1_20' title="bbox 839 2056 3335 2141; baseline 0 -18"><span class='ocrx_word' id='word_1_186' title='bbox 839 2057 948 2123; x_wconf 90' lang='lat' dir='ltr'>Ser</span> <span class='ocrx_word' id='word_1_187' title='bbox 993 2056 1283 2123; x_wconf 88' lang='lat' dir='ltr'>Nicolaus</span> <span class='ocrx_word' id='word_1_188' title='bbox 1306 2058 1508 2123; x_wconf 92' lang='lat' dir='ltr'>Leono</span> <span class='ocrx_word' id='word_1_189' title='bbox 1554 2058 1708 2137; x_wconf 87' lang='lat' dir='ltr'>vult,</span> <span class='ocrx_word' id='word_1_190' title='bbox 1756 2058 1917 2141; x_wconf 93' lang='lat' dir='ltr'>quod</span> <span class='ocrx_word' id='word_1_191' title='bbox 1964 2059 2143 2123; x_wconf 88' lang='lat' dir='ltr'>dictis</span> <span class='ocrx_word' id='word_1_192' title='bbox 2189 2057 2690 2123; x_wconf 86' lang='lat' dir='ltr'>ambaxatoribus</span> <span class='ocrx_word' id='word_1_193' title='bbox 2737 2057 3169 2123; x_wconf 90' lang='lat' dir='ltr'>commictatur</span> <span class='ocrx_word' id='word_1_194' title='bbox 3228 2076 3335 2123; x_wconf 87' lang='lat' dir='ltr'>so-</span> 
     </span>
    </p>
   </div>
   <div class='ocr_carea' id='block_1_4' title="bbox 489 2144 3338 2229">
    <p class='ocr_par' dir='ltr' id='par_1_5' title="bbox 489 2144 3338 2229">
     <span class='ocr_line' id='line_1_21' title="bbox 489 2144 3338 2229; baseline 0 -19"><span class='ocrx_word' id='word_1_195' title='bbox 489 2190 514 2210; x_wconf 65' lang='lat'><em>.</em></span> <span class='ocrx_word' id='word_1_196' title='bbox 626 2144 793 2210; x_wconf 89' lang='lat' dir='ltr'>lum:</span> <span class='ocrx_word' id='word_1_197' title='bbox 838 2146 996 2229; x_wconf 91' lang='lat' dir='ltr'>quod</span> <span class='ocrx_word' id='word_1_198' title='bbox 1035 2147 1088 2210; x_wconf 91' lang='lat' dir='ltr'>si</span> <span class='ocrx_word' id='word_1_199' title='bbox 1132 2165 1234 2210; x_wconf 86' lang='lat' dir='ltr'>rex</span> <span class='ocrx_word' id='word_1_200' title='bbox 1279 2147 1560 2229; x_wconf 87' lang='lat' dir='ltr'>tangeret</span> <span class='ocrx_word' id='word_1_201' title='bbox 1606 2148 1693 2211; x_wconf 89' lang='lat' dir='ltr'>eis</span> <span class='ocrx_word' id='word_1_202' title='bbox 1739 2147 1814 2211; x_wconf 90' lang='lat' dir='ltr'>de</span> <span class='ocrx_word' id='word_1_203' title='bbox 1862 2146 1985 2211; x_wconf 91' lang='lat' dir='ltr'>illis</span> <span class='ocrx_word' id='word_1_204' title='bbox 2031 2149 2292 2229; x_wconf 91' lang='lat' dir='ltr'>quatuor</span> <span class='ocrx_word' id='word_1_205' title='bbox 2337 2147 2519 2211; x_wconf 88' lang='lat' dir='ltr'>terris</span> <span class='ocrx_word' id='word_1_206' title='bbox 2568 2147 2906 2226; x_wconf 83' lang='lat' dir='ltr'>Sclavonie,</span> <span class='ocrx_word' id='word_1_207' title='bbox 2964 2164 3115 2228; x_wconf 89' lang='lat' dir='ltr'>quas</span> <span class='ocrx_word' id='word_1_208' title='bbox 3153 2146 3338 2211; x_wconf 91' lang='lat' dir='ltr'>tene-</span> 
     </span>
    </p>
   </div>
   <div class='ocr_carea' id='block_1_5' title="bbox 630 2234 3340 3196">
    <p class='ocr_par' dir='ltr' id='par_1_6' title="bbox 630 2234 3340 3196">
     <span class='ocr_line' id='line_1_22' title="bbox 630 2234 3336 2318; baseline 0 -19"><span class='ocrx_word' id='word_1_209' title='bbox 630 2253 786 2310; x_wconf 88' lang='lat' dir='ltr'>mus,</span> <span class='ocrx_word' id='word_1_210' title='bbox 834 2234 1073 2317; x_wconf 90' lang='lat' dir='ltr'>possint</span> <span class='ocrx_word' id='word_1_211' title='bbox 1117 2234 1307 2300; x_wconf 89' lang='lat' dir='ltr'>nostri</span> <span class='ocrx_word' id='word_1_212' title='bbox 1353 2236 1774 2300; x_wconf 85' lang='lat' dir='ltr'>ambaxatores</span> <span class='ocrx_word' id='word_1_213' title='bbox 1821 2235 2180 2318; x_wconf 89' lang='lat' dir='ltr'>promittere</span> <span class='ocrx_word' id='word_1_214' title='bbox 2241 2235 2315 2300; x_wconf 91' lang='lat' dir='ltr'>de</span> <span class='ocrx_word' id='word_1_215' title='bbox 2375 2235 2572 2300; x_wconf 88' lang='lat' dir='ltr'>dando</span> <span class='ocrx_word' id='word_1_216' title='bbox 2633 2234 2877 2300; x_wconf 90' lang='lat' dir='ltr'>domino</span> <span class='ocrx_word' id='word_1_217' title='bbox 2940 2234 3067 2318; x_wconf 87' lang='lat' dir='ltr'>regi</span> <span class='ocrx_word' id='word_1_218' title='bbox 3133 2254 3336 2318; x_wconf 89' lang='lat' dir='ltr'>usque</span> 
     </span>
     <span class='ocr_line' id='line_1_23' title="bbox 632 2321 3339 2400; baseline 0 -13"><span class='ocrx_word' id='word_1_219' title='bbox 632 2325 709 2387; x_wconf 88' lang='lat' dir='ltr'>ad</span> <span class='ocrx_word' id='word_1_220' title='bbox 751 2321 1006 2386; x_wconf 88' lang='lat' dir='ltr'>florenos</span> <span class='ocrx_word' id='word_1_221' title='bbox 1051 2324 1178 2387; x_wconf 90' lang='lat' dir='ltr'>tres</span> <span class='ocrx_word' id='word_1_222' title='bbox 1226 2322 1394 2388; x_wconf 90' lang='lat' dir='ltr'>mille</span> <span class='ocrx_word' id='word_1_223' title='bbox 1440 2323 1605 2388; x_wconf 90' lang='lat' dir='ltr'>omni</span> <span class='ocrx_word' id='word_1_224' title='bbox 1650 2342 1827 2400; x_wconf 87' lang='lat' dir='ltr'>anno,</span> <span class='ocrx_word' id='word_1_225' title='bbox 1875 2323 2070 2387; x_wconf 89' lang='lat' dir='ltr'>dando</span> <span class='ocrx_word' id='word_1_226' title='bbox 2117 2323 2287 2388; x_wconf 91' lang='lat' dir='ltr'>nobis</span> <span class='ocrx_word' id='word_1_227' title='bbox 2334 2323 2761 2388; x_wconf 82' lang='lat' dir='ltr'>ambaxatores</span> <span class='ocrx_word' id='word_1_228' title='bbox 2821 2321 3025 2388; x_wconf 91' lang='lat' dir='ltr'>omnia</span> <span class='ocrx_word' id='word_1_229' title='bbox 3086 2323 3218 2387; x_wconf 89' lang='lat' dir='ltr'>iura</span> <span class='ocrx_word' id='word_1_230' title='bbox 3262 2323 3339 2387; x_wconf 86' lang='lat' dir='ltr'>iu</span> 
     </span>
     <span class='ocr_line' id='line_1_24' title="bbox 635 2410 3339 2494; baseline 0 -18"><span class='ocrx_word' id='word_1_231' title='bbox 635 2410 816 2476; x_wconf 88' lang='lat' dir='ltr'>dictis</span> <span class='ocrx_word' id='word_1_232' title='bbox 862 2410 1063 2488; x_wconf 82' lang='lat' dir='ltr'>terriS,</span> <span class='ocrx_word' id='word_1_233' title='bbox 1109 2412 1402 2494; x_wconf 90' lang='lat' dir='ltr'>possendo</span> <span class='ocrx_word' id='word_1_234' title='bbox 1447 2410 1762 2494; x_wconf 88' lang='lat' dir='ltr'>providere</span> <span class='ocrx_word' id='word_1_235' title='bbox 1797 2412 2122 2477; x_wconf 87' lang='lat' dir='ltr'>baronibus</span> <span class='ocrx_word' id='word_1_236' title='bbox 2167 2430 2357 2494; x_wconf 88' lang='lat' dir='ltr'>usque</span> <span class='ocrx_word' id='word_1_237' title='bbox 2417 2411 2497 2476; x_wconf 89' lang='lat' dir='ltr'>ad</span> <span class='ocrx_word' id='word_1_238' title='bbox 2535 2410 2793 2477; x_wconf 90' lang='lat' dir='ltr'>florenos</span> <span class='ocrx_word' id='word_1_239' title='bbox 2854 2410 3162 2476; x_wconf 89' lang='lat' dir='ltr'>octomille</span> <span class='ocrx_word' id='word_1_240' title='bbox 3208 2430 3339 2476; x_wconf 86' lang='lat' dir='ltr'>una</span> 
     </span>
     <span class='ocr_line' id='line_1_25' title="bbox 630 2498 3336 2583; baseline -0 -19"><span class='ocrx_word' id='word_1_241' title='bbox 630 2500 764 2565; x_wconf 90' lang='lat' dir='ltr'>vice</span> <span class='ocrx_word' id='word_1_242' title='bbox 818 2499 1035 2577; x_wconf 89' lang='lat' dir='ltr'>solum,</span> <span class='ocrx_word' id='word_1_243' title='bbox 1099 2501 1164 2563; x_wconf 94' lang='lat' dir='ltr'>et</span> <span class='ocrx_word' id='word_1_244' title='bbox 1207 2500 1522 2564; x_wconf 88' lang='lat' dir='ltr'>solvantur</span> <span class='ocrx_word' id='word_1_245' title='bbox 1582 2500 1781 2564; x_wconf 90' lang='lat' dir='ltr'>solum</span> <span class='ocrx_word' id='word_1_246' title='bbox 1843 2500 2145 2583; x_wconf 85' lang='lat' dir='ltr'>completo</span> <span class='ocrx_word' id='word_1_247' title='bbox 2207 2499 2451 2583; x_wconf 88' lang='lat' dir='ltr'>negotio</span> <span class='ocrx_word' id='word_1_248' title='bbox 2512 2501 2862 2565; x_wconf 88' lang='lat' dir='ltr'>concordie:</span> <span class='ocrx_word' id='word_1_249' title='bbox 2924 2514 2988 2563; x_wconf 84' lang='lat' dir='ltr'>et</span> <span class='ocrx_word' id='word_1_250' title='bbox 3048 2498 3336 2583; x_wconf 86' lang='lat' dir='ltr'>predicta</span> 
     </span>
     <span class='ocr_line' id='line_1_26' title="bbox 632 2586 3339 2672; baseline 0 -19"><span class='ocrx_word' id='word_1_251' title='bbox 632 2588 781 2654; x_wconf 86' lang='lat' dir='ltr'>fiant</span> <span class='ocrx_word' id='word_1_252' title='bbox 826 2606 933 2671; x_wconf 90' lang='lat' dir='ltr'>per</span> <span class='ocrx_word' id='word_1_253' title='bbox 979 2586 1225 2653; x_wconf 91' lang='lat' dir='ltr'>modum</span> <span class='ocrx_word' id='word_1_254' title='bbox 1266 2587 1698 2653; x_wconf 84' lang='lat' dir='ltr'>transactionis</span> <span class='ocrx_word' id='word_1_255' title='bbox 1743 2590 1807 2653; x_wconf 91' lang='lat' dir='ltr'>et</span> <span class='ocrx_word' id='word_1_256' title='bbox 1852 2588 2017 2653; x_wconf 88' lang='lat' dir='ltr'>omni</span> <span class='ocrx_word' id='word_1_257' title='bbox 2064 2589 2184 2653; x_wconf 89' lang='lat' dir='ltr'>alio</span> <span class='ocrx_word' id='word_1_258' title='bbox 2235 2588 2431 2666; x_wconf 89' lang='lat' dir='ltr'>modo,</span> <span class='ocrx_word' id='word_1_259' title='bbox 2479 2607 2595 2672; x_wconf 91' lang='lat' dir='ltr'>quo</span> <span class='ocrx_word' id='word_1_260' title='bbox 2645 2587 2861 2653; x_wconf 88' lang='lat' dir='ltr'>melius</span> <span class='ocrx_word' id='word_1_261' title='bbox 2899 2588 3031 2653; x_wconf 92' lang='lat' dir='ltr'>fieri</span> <span class='ocrx_word' id='word_1_262' title='bbox 3078 2591 3141 2653; x_wconf 87' lang='lat' dir='ltr'>et</span> <span class='ocrx_word' id='word_1_263' title='bbox 3184 2605 3339 2654; x_wconf 89' lang='lat' dir='ltr'>con-</span> 
     </span>
     <span class='ocr_line' id='line_1_27' title="bbox 633 2676 3337 2761; baseline 0 -20"><span class='ocrx_word' id='word_1_264' title='bbox 633 2677 864 2742; x_wconf 86' lang='lat' dir='ltr'>firmari</span> <span class='ocrx_word' id='word_1_265' title='bbox 909 2676 1136 2759; x_wconf 91' lang='lat' dir='ltr'>poterit</span> <span class='ocrx_word' id='word_1_266' title='bbox 1180 2695 1322 2742; x_wconf 90' lang='lat' dir='ltr'>cum</span> <span class='ocrx_word' id='word_1_267' title='bbox 1367 2677 1619 2742; x_wconf 89' lang='lat' dir='ltr'>consilio</span> <span class='ocrx_word' id='word_1_268' title='bbox 1653 2678 2018 2758; x_wconf 88' lang='lat' dir='ltr'>sapientum,</span> <span class='ocrx_word' id='word_1_269' title='bbox 2059 2678 2129 2741; x_wconf 89' lang='lat' dir='ltr'>ut</span> <span class='ocrx_word' id='word_1_270' title='bbox 2172 2680 2463 2761; x_wconf 87' lang='lat' dir='ltr'>perpetuo</span> <span class='ocrx_word' id='word_1_271' title='bbox 2510 2679 2669 2743; x_wconf 90' lang='lat' dir='ltr'>dicte</span> <span class='ocrx_word' id='word_1_272' title='bbox 2714 2682 2874 2742; x_wconf 87' lang='lat' dir='ltr'>terre</span> <span class='ocrx_word' id='word_1_273' title='bbox 2905 2677 3081 2741; x_wconf 91' lang='lat' dir='ltr'>nobis</span> <span class='ocrx_word' id='word_1_274' title='bbox 3127 2696 3337 2742; x_wconf 88' lang='lat' dir='ltr'>rema-</span> 
     </span>
     <span class='ocr_line' id='line_1_28' title="bbox 633 2764 3340 2848; baseline 0 -19"><span class='ocrx_word' id='word_1_275' title='bbox 633 2767 818 2830; x_wconf 91' lang='lat' dir='ltr'>neant</span> <span class='ocrx_word' id='word_1_276' title='bbox 861 2783 999 2828; x_wconf 91' lang='lat' dir='ltr'>cum</span> <span class='ocrx_word' id='word_1_277' title='bbox 1060 2764 1240 2848; x_wconf 92' lang='lat' dir='ltr'>pleno</span> <span class='ocrx_word' id='word_1_278' title='bbox 1305 2764 1469 2844; x_wconf 90' lang='lat' dir='ltr'>iure,</span> <span class='ocrx_word' id='word_1_279' title='bbox 1533 2764 1968 2848; x_wconf 87' lang='lat' dir='ltr'>intelligendo,</span> <span class='ocrx_word' id='word_1_280' title='bbox 2034 2766 2190 2848; x_wconf 89' lang='lat' dir='ltr'>quod</span> <span class='ocrx_word' id='word_1_281' title='bbox 2238 2767 2299 2830; x_wconf 93' lang='lat' dir='ltr'>in</span> <span class='ocrx_word' id='word_1_282' title='bbox 2345 2768 2660 2831; x_wconf 88' lang='lat' dir='ltr'>contractu</span> <span class='ocrx_word' id='word_1_283' title='bbox 2720 2766 3179 2848; x_wconf 87' lang='lat' dir='ltr'>compositionis</span> <span class='ocrx_word' id='word_1_284' title='bbox 3223 2766 3340 2830; x_wconf 88' lang='lat' dir='ltr'>do-</span> 
     </span>
     <span class='ocr_line' id='line_1_29' title="bbox 633 2853 3338 2937; baseline 0 -20"><span class='ocrx_word' id='word_1_285' title='bbox 633 2856 835 2918; x_wconf 91' lang='lat' dir='ltr'>minus</span> <span class='ocrx_word' id='word_1_286' title='bbox 881 2872 985 2917; x_wconf 81' lang='lat' dir='ltr'>rex</span> <span class='ocrx_word' id='word_1_287' title='bbox 1030 2853 1341 2918; x_wconf 91' lang='lat' dir='ltr'>renuntiet</span> <span class='ocrx_word' id='word_1_288' title='bbox 1386 2856 1450 2917; x_wconf 90' lang='lat' dir='ltr'>et</span> <span class='ocrx_word' id='word_1_289' title='bbox 1494 2853 1777 2918; x_wconf 86' lang='lat' dir='ltr'>remittat</span> <span class='ocrx_word' id='word_1_290' title='bbox 1824 2854 2029 2919; x_wconf 90' lang='lat' dir='ltr'>omnia</span> <span class='ocrx_word' id='word_1_291' title='bbox 2075 2855 2224 2932; x_wconf 90' lang='lat' dir='ltr'>iura,</span> <span class='ocrx_word' id='word_1_292' title='bbox 2272 2874 2389 2937; x_wconf 90' lang='lat' dir='ltr'>que</span> <span class='ocrx_word' id='word_1_293' title='bbox 2427 2854 2683 2919; x_wconf 89' lang='lat' dir='ltr'>haberet</span> <span class='ocrx_word' id='word_1_294' title='bbox 2713 2853 2809 2919; x_wconf 82' lang='lat' dir='ltr'>vel</span> <span class='ocrx_word' id='word_1_295' title='bbox 2832 2854 3061 2919; x_wconf 90' lang='lat' dir='ltr'>diceret</span> <span class='ocrx_word' id='word_1_296' title='bbox 3103 2855 3338 2918; x_wconf 88' lang='lat' dir='ltr'>habere</span> 
     </span>
     <span class='ocr_line' id='line_1_30' title="bbox 633 2941 3338 3025; baseline 0.001 -20"><span class='ocrx_word' id='word_1_297' title='bbox 633 2943 762 3005; x_wconf 87' lang='lat' dir='ltr'>tam</span> <span class='ocrx_word' id='word_1_298' title='bbox 823 2942 887 3006; x_wconf 90' lang='lat' dir='ltr'>in</span> <span class='ocrx_word' id='word_1_299' title='bbox 932 2941 1114 3006; x_wconf 89' lang='lat' dir='ltr'>dictis</span> <span class='ocrx_word' id='word_1_300' title='bbox 1174 2944 1435 3025; x_wconf 91' lang='lat' dir='ltr'>quatuor</span> <span class='ocrx_word' id='word_1_301' title='bbox 1501 2942 1893 3019; x_wconf 78' lang='lat' dir='ltr'>civitatibuS,</span> <span class='ocrx_word' id='word_1_302' title='bbox 1957 2962 2141 3024; x_wconf 87' lang='lat' dir='ltr'>quam</span> <span class='ocrx_word' id='word_1_303' title='bbox 2198 2942 2261 3006; x_wconf 90' lang='lat' dir='ltr'>in</span> <span class='ocrx_word' id='word_1_304' title='bbox 2320 2943 2602 3007; x_wconf 90' lang='lat' dir='ltr'>omnibus</span> <span class='ocrx_word' id='word_1_305' title='bbox 2661 2941 2802 3007; x_wconf 89' lang='lat' dir='ltr'>aliis</span> <span class='ocrx_word' id='word_1_306' title='bbox 2867 2943 3219 3007; x_wconf 86' lang='lat' dir='ltr'>civitatibus</span> <span class='ocrx_word' id='word_1_307' title='bbox 3264 2945 3338 3007; x_wconf 87' lang='lat' dir='ltr'>et</span> 
     </span>
     <span class='ocr_line' id='line_1_31' title="bbox 633 3029 3335 3113; baseline 0 -19"><span class='ocrx_word' id='word_1_308' title='bbox 633 3030 785 3094; x_wconf 91' lang='lat' dir='ltr'>locis</span> <span class='ocrx_word' id='word_1_309' title='bbox 833 3029 1162 3109; x_wconf 85' lang='lat' dir='ltr'>Dalmatio,</span> <span class='ocrx_word' id='word_1_310' title='bbox 1204 3048 1354 3113; x_wconf 92' lang='lat' dir='ltr'>quas</span> <span class='ocrx_word' id='word_1_311' title='bbox 1398 3032 1696 3094; x_wconf 71' lang='lat' dir='ltr'>tenemus</span> <span class='ocrx_word' id='word_1_312' title='bbox 1741 3031 1835 3094; x_wconf 94' lang='lat' dir='ltr'>De</span> <span class='ocrx_word' id='word_1_313' title='bbox 1879 3032 2054 3113; x_wconf 91' lang='lat' dir='ltr'>parte</span> <span class='ocrx_word' id='word_1_314' title='bbox 2095 3030 2199 3109; x_wconf 81' lang='lat'>37,</span> <span class='ocrx_word' id='word_1_315' title='bbox 2248 3029 2350 3109; x_wconf 85' lang='lat'>37,</span> <span class='ocrx_word' id='word_1_316' title='bbox 2398 3030 2473 3094; x_wconf 93' lang='lat' dir='ltr'>de</span> <span class='ocrx_word' id='word_1_317' title='bbox 2519 3048 2636 3096; x_wconf 89' lang='lat' dir='ltr'>non</span> <span class='ocrx_word' id='word_1_318' title='bbox 2663 3032 2723 3109; x_wconf 85' lang='lat'>6,</span> <span class='ocrx_word' id='word_1_319' title='bbox 2771 3048 2889 3095; x_wconf 93' lang='lat' dir='ltr'>non</span> <span class='ocrx_word' id='word_1_320' title='bbox 2934 3031 3156 3095; x_wconf 87' lang='lat' dir='ltr'>sinceri</span> <span class='ocrx_word' id='word_1_321' title='bbox 3176 3032 3236 3110; x_wconf 87' lang='grc'>2,</span> <span class='ocrx_word' id='word_1_322' title='bbox 3266 3032 3335 3095; x_wconf 82' lang='grc'>2.</span> 
     </span>
     <span class='ocr_line' id='line_1_32' title="bbox 719 3119 2252 3196; baseline -0.001 -15"><span class='ocrx_word' id='word_1_323' title='bbox 719 3119 875 3181; x_wconf 83' lang='lat' dir='ltr'>Secr.</span> <span class='ocrx_word' id='word_1_324' title='bbox 920 3138 1075 3180; x_wconf 79' lang='lat' dir='ltr'>cons,</span> <span class='ocrx_word' id='word_1_325' title='bbox 1120 3139 1241 3196; x_wconf 73' lang='lat' dir='ltr'>roy.</span> <span class='ocrx_word' id='word_1_326' title='bbox 1286 3120 1361 3180; x_wconf 82' lang='lat' dir='ltr'>A.</span> <span class='ocrx_word' id='word_1_327' title='bbox 1408 3125 1510 3191; x_wconf 86' lang='lat'>91,</span> <span class='ocrx_word' id='word_1_328' title='bbox 1555 3140 1598 3181; x_wconf 79' lang='lat' dir='ltr'><em>u</em></span> <span class='ocrx_word' id='word_1_329' title='bbox 1643 3122 1857 3180; x_wconf 76' lang='lat' dir='ltr'>arkivu</span> <span class='ocrx_word' id='word_1_330' title='bbox 1900 3122 2252 3181; x_wconf 64' lang='lat' dir='ltr'>mletackom.</span> 
     </span>
    </p>
   </div>
   <div class='ocr_carea' id='block_1_6' title="bbox 1017 3311 2939 3412">
    <p class='ocr_par' dir='ltr' id='par_1_7' title="bbox 1017 3311 2939 3412">
     <span class='ocr_line' id='line_1_33' title="bbox 1017 3311 2939 3412; baseline 0.001 -20"><span class='ocrx_word' id='word_1_331' title='bbox 1017 3311 1162 3392; x_wconf 90' lang='lat' dir='ltr'>LI.</span> <span class='ocrx_word' id='word_1_332' title='bbox 1214 3311 1419 3394; x_wconf 79' lang='lat' dir='ltr'>God.</span> <span class='ocrx_word' id='word_1_333' title='bbox 1471 3311 1690 3393; x_wconf 73' lang='lat'><strong>1347.</strong></span> <span class='ocrx_word' id='word_1_334' title='bbox 1743 3312 1840 3394; x_wconf 83' lang='grc'>18</span> <span class='ocrx_word' id='word_1_335' title='bbox 1895 3311 2387 3412; x_wconf 83' lang='lat' dir='ltr'>studenoga,</span> <span class='ocrx_word' id='word_1_336' title='bbox 2442 3335 2499 3394; x_wconf 91' lang='lat' dir='ltr'>u</span> <span class='ocrx_word' id='word_1_337' title='bbox 2553 3312 2939 3394; x_wconf 78' lang='lat' dir='ltr'>Mletcih.</span> 
     </span>
    </p>
   </div>
   <div class='ocr_carea' id='block_1_7' title="bbox 1065 3439 2895 3514">
    <p class='ocr_par' dir='ltr' id='par_1_8' title="bbox 1065 3439 2895 3514">
     <span class='ocr_line' id='line_1_34' title="bbox 1065 3439 2895 3514; baseline -0.001 -16"><span class='ocrx_word' id='word_1_338' title='bbox 1065 3439 1380 3498; x_wconf 79' lang='lat' dir='ltr'>Nastavak</span> <span class='ocrx_word' id='word_1_339' title='bbox 1422 3439 1693 3512; x_wconf 77' lang='lat' dir='ltr'>naputka</span> <span class='ocrx_word' id='word_1_340' title='bbox 1735 3455 1809 3499; x_wconf 74' lang='lat' dir='ltr'>za</span> <span class='ocrx_word' id='word_1_341' title='bbox 1850 3440 2156 3512; x_wconf 78' lang='lat' dir='ltr'>poslanikc</span> <span class='ocrx_word' id='word_1_342' title='bbox 2203 3440 2463 3500; x_wconf 66' lang='lat' dir='ltr'>odlazece</span> <span class='ocrx_word' id='word_1_343' title='bbox 2508 3458 2550 3497; x_wconf 81' lang='lat' dir='ltr'><em>u</em></span> <span class='ocrx_word' id='word_1_344' title='bbox 2607 3440 2895 3514; x_wconf 73' lang='lat' dir='ltr'>Uyarsku.</span> 
     </span>
    </p>
   </div>
   <div class='ocr_carea' id='block_1_8' title="bbox 637 3558 3337 4793">
    <p class='ocr_par' dir='ltr' id='par_1_9' title="bbox 637 3558 3337 4171">
     <span class='ocr_line' id='line_1_35' title="bbox 851 3558 3336 3643; baseline 0 -20"><span class='ocrx_word' id='word_1_345' title='bbox 851 3558 1036 3624; x_wconf 84' lang='lat'>1347.</span> <span class='ocrx_word' id='word_1_346' title='bbox 1085 3559 1181 3624; x_wconf 90' lang='lat' dir='ltr'>die</span> <span class='ocrx_word' id='word_1_347' title='bbox 1237 3558 1311 3621; x_wconf 88' lang='lat'>18</span> <span class='ocrx_word' id='word_1_348' title='bbox 1358 3560 1723 3634; x_wconf 77' lang='lat' dir='ltr'>novembriS,</span> <span class='ocrx_word' id='word_1_349' title='bbox 1772 3561 1988 3641; x_wconf 88' lang='lat' dir='ltr'>capta:</span> <span class='ocrx_word' id='word_1_350' title='bbox 2037 3561 2088 3624; x_wconf 89' lang='lat' dir='ltr'>si</span> <span class='ocrx_word' id='word_1_351' title='bbox 2134 3578 2273 3624; x_wconf 87' lang='lat' dir='ltr'>vero</span> <span class='ocrx_word' id='word_1_352' title='bbox 2319 3559 2599 3624; x_wconf 91' lang='lat' dir='ltr'>dominus</span> <span class='ocrx_word' id='word_1_353' title='bbox 2659 3580 2762 3624; x_wconf 81' lang='lat' dir='ltr'>rex</span> <span class='ocrx_word' id='word_1_354' title='bbox 2808 3561 3044 3643; x_wconf 89' lang='lat' dir='ltr'>peteret</span> <span class='ocrx_word' id='word_1_355' title='bbox 3104 3559 3336 3625; x_wconf 88' lang='lat' dir='ltr'>trausi-</span> 
     </span>
     <span class='ocr_line' id='line_1_36' title="bbox 638 3647 3337 3731; baseline -0.001 -17"><span class='ocrx_word' id='word_1_356' title='bbox 638 3650 772 3714; x_wconf 90' lang='lat' dir='ltr'>tum</span> <span class='ocrx_word' id='word_1_357' title='bbox 818 3666 856 3713; x_wconf 89' lang='lat' dir='ltr'>a</span> <span class='ocrx_word' id='word_1_358' title='bbox 899 3648 1070 3712; x_wconf 91' lang='lat' dir='ltr'>nobis</span> <span class='ocrx_word' id='word_1_359' title='bbox 1116 3647 1182 3711; x_wconf 90' lang='lat' dir='ltr'>in</span> <span class='ocrx_word' id='word_1_360' title='bbox 1226 3647 1531 3730; x_wconf 88' lang='lat' dir='ltr'>Apuleam</span> <span class='ocrx_word' id='word_1_361' title='bbox 1579 3666 1718 3711; x_wconf 92' lang='lat' dir='ltr'>cum</span> <span class='ocrx_word' id='word_1_362' title='bbox 1764 3647 1958 3730; x_wconf 87' lang='lat' dir='ltr'>galeis</span> <span class='ocrx_word' id='word_1_363' title='bbox 2005 3650 2067 3711; x_wconf 91' lang='lat' dir='ltr'>et</span> <span class='ocrx_word' id='word_1_364' title='bbox 2112 3648 2372 3731; x_wconf 85' lang='lat' dir='ltr'>navigiis</span> <span class='ocrx_word' id='word_1_365' title='bbox 2424 3648 2669 3728; x_wconf 87' lang='lat' dir='ltr'>nostris,</span> <span class='ocrx_word' id='word_1_366' title='bbox 2738 3648 3212 3730; x_wconf 86' lang='lat' dir='ltr'>respondeatur,</span> <span class='ocrx_word' id='word_1_367' title='bbox 3261 3650 3337 3712; x_wconf 89' lang='lat' dir='ltr'>ut</span> 
     </span>
     <span class='ocr_line' id='line_1_37' title="bbox 637 3735 3333 3820; baseline -0 -19"><span class='ocrx_word' id='word_1_368' title='bbox 637 3736 793 3802; x_wconf 86' lang='lat' dir='ltr'>alias</span> <span class='ocrx_word' id='word_1_369' title='bbox 835 3736 1074 3800; x_wconf 87' lang='lat' dir='ltr'>factum</span> <span class='ocrx_word' id='word_1_370' title='bbox 1117 3738 1229 3815; x_wconf 89' lang='lat' dir='ltr'>est,</span> <span class='ocrx_word' id='word_1_371' title='bbox 1277 3736 1434 3819; x_wconf 89' lang='lat' dir='ltr'>quod</span> <span class='ocrx_word' id='word_1_372' title='bbox 1473 3735 1740 3799; x_wconf 86' lang='lat' dir='ltr'>conditio</span> <span class='ocrx_word' id='word_1_373' title='bbox 1787 3736 1979 3816; x_wconf 89' lang='lat' dir='ltr'>patrie</span> <span class='ocrx_word' id='word_1_374' title='bbox 2025 3738 2227 3802; x_wconf 91' lang='lat' dir='ltr'>nostre</span> <span class='ocrx_word' id='word_1_375' title='bbox 2273 3736 2486 3820; x_wconf 81' lang='lat' dir='ltr'>exigit,</span> <span class='ocrx_word' id='word_1_376' title='bbox 2533 3738 2688 3820; x_wconf 94' lang='lat' dir='ltr'>quod</span> <span class='ocrx_word' id='word_1_377' title='bbox 2734 3738 3104 3801; x_wconf 85' lang='lat' dir='ltr'>mercatores</span> <span class='ocrx_word' id='word_1_378' title='bbox 3135 3735 3333 3800; x_wconf 90' lang='lat' dir='ltr'>nostri</span> 
     </span>
     <span class='ocr_line' id='line_1_38' title="bbox 637 3823 3331 3909; baseline -0.001 -18"><span class='ocrx_word' id='word_1_379' title='bbox 637 3825 873 3909; x_wconf 90' lang='lat' dir='ltr'>possint</span> <span class='ocrx_word' id='word_1_380' title='bbox 935 3825 1161 3906; x_wconf 87' lang='lat' dir='ltr'>absque</span> <span class='ocrx_word' id='word_1_381' title='bbox 1225 3823 1565 3907; x_wconf 92' lang='lat' dir='ltr'>suspicione</span> <span class='ocrx_word' id='word_1_382' title='bbox 1627 3823 1889 3889; x_wconf 89' lang='lat' dir='ltr'>ubilibet</span> <span class='ocrx_word' id='word_1_383' title='bbox 1946 3824 2286 3889; x_wconf 83' lang='lat' dir='ltr'>conversari</span> <span class='ocrx_word' id='word_1_384' title='bbox 2348 3828 2414 3889; x_wconf 90' lang='lat' dir='ltr'>et</span> <span class='ocrx_word' id='word_1_385' title='bbox 2470 3825 2665 3889; x_wconf 88' lang='lat' dir='ltr'>facere</span> <span class='ocrx_word' id='word_1_386' title='bbox 2724 3825 3090 3889; x_wconf 85' lang='lat' dir='ltr'>mercantias</span> <span class='ocrx_word' id='word_1_387' title='bbox 3152 3843 3331 3901; x_wconf 87' lang='lat' dir='ltr'>suas</span> 
     </span>
     <span class='ocr_line' id='line_1_39' title="bbox 638 3910 3326 3995; baseline -0.001 -16"><span class='ocrx_word' id='word_1_388' title='bbox 638 3914 798 3979; x_wconf 91' lang='lat' dir='ltr'>unde</span> <span class='ocrx_word' id='word_1_389' title='bbox 846 3932 984 3978; x_wconf 91' lang='lat' dir='ltr'>cum</span> <span class='ocrx_word' id='word_1_390' title='bbox 1031 3912 1149 3994; x_wconf 88' lang='lat' dir='ltr'>ipsi</span> <span class='ocrx_word' id='word_1_391' title='bbox 1196 3913 1259 3977; x_wconf 92' lang='lat' dir='ltr'>in</span> <span class='ocrx_word' id='word_1_392' title='bbox 1301 3930 1486 3995; x_wconf 88' lang='lat' dir='ltr'>regno</span> <span class='ocrx_word' id='word_1_393' title='bbox 1532 3910 1752 3993; x_wconf 86' lang='lat' dir='ltr'>Apulie</span> <span class='ocrx_word' id='word_1_394' title='bbox 1794 3930 1936 3976; x_wconf 90' lang='lat' dir='ltr'>cum</span> <span class='ocrx_word' id='word_1_395' title='bbox 1982 3931 2191 3977; x_wconf 91' lang='lat' dir='ltr'>eorum</span> <span class='ocrx_word' id='word_1_396' title='bbox 2234 3912 2411 3976; x_wconf 92' lang='lat' dir='ltr'>bonis</span> <span class='ocrx_word' id='word_1_397' title='bbox 2457 3913 2759 3995; x_wconf 89' lang='lat' dir='ltr'>copiosius</span> <span class='ocrx_word' id='word_1_398' title='bbox 2806 3914 3056 3978; x_wconf 81' lang='lat' dir='ltr'>utantur</span> <span class='ocrx_word' id='word_1_399' title='bbox 3087 3915 3151 3979; x_wconf 92' lang='lat' dir='ltr'>et</span> <span class='ocrx_word' id='word_1_400' title='bbox 3180 3913 3326 3991; x_wconf 89' lang='lat' dir='ltr'>sint,</span> 
     </span>
     <span class='ocr_line' id='line_1_40' title="bbox 640 4000 3333 4084; baseline -0 -18"><span class='ocrx_word' id='word_1_401' title='bbox 640 4001 1043 4084; x_wconf 89' lang='lat' dir='ltr'>periculosum</span> <span class='ocrx_word' id='word_1_402' title='bbox 1086 4000 1261 4065; x_wconf 83' lang='lat' dir='ltr'>valde</span> <span class='ocrx_word' id='word_1_403' title='bbox 1306 4001 1469 4065; x_wconf 87' lang='lat' dir='ltr'>esset</span> <span class='ocrx_word' id='word_1_404' title='bbox 1514 4001 1622 4077; x_wconf 90' lang='lat' dir='ltr'>eis,</span> <span class='ocrx_word' id='word_1_405' title='bbox 1670 4018 1776 4064; x_wconf 87' lang='lat' dir='ltr'>uos</span> <span class='ocrx_word' id='word_1_406' title='bbox 1822 4000 2234 4065; x_wconf 89' lang='lat' dir='ltr'>intromittere</span> <span class='ocrx_word' id='word_1_407' title='bbox 2274 4000 2335 4065; x_wconf 91' lang='lat' dir='ltr'>in</span> <span class='ocrx_word' id='word_1_408' title='bbox 2382 4002 2498 4066; x_wconf 92' lang='lat' dir='ltr'>hoc</span> <span class='ocrx_word' id='word_1_409' title='bbox 2552 4001 2748 4079; x_wconf 88' lang='lat' dir='ltr'>facto,</span> <span class='ocrx_word' id='word_1_410' title='bbox 2812 4005 2875 4065; x_wconf 89' lang='lat' dir='ltr'>et</span> <span class='ocrx_word' id='word_1_411' title='bbox 2915 4020 3054 4066; x_wconf 90' lang='lat' dir='ltr'>cum</span> <span class='ocrx_word' id='word_1_412' title='bbox 3100 4002 3219 4066; x_wconf 90' lang='lat' dir='ltr'>hiis</span> <span class='ocrx_word' id='word_1_413' title='bbox 3265 4004 3333 4066; x_wconf 90' lang='lat' dir='ltr'>et</span> 
     </span>
     <span class='ocr_line' id='line_1_41' title="bbox 637 4087 3324 4171; baseline -0 -16"><span class='ocrx_word' id='word_1_414' title='bbox 637 4090 779 4156; x_wconf 87' lang='lat' dir='ltr'>aliis</span> <span class='ocrx_word' id='word_1_415' title='bbox 825 4089 1056 4154; x_wconf 89' lang='lat' dir='ltr'>idoneis</span> <span class='ocrx_word' id='word_1_416' title='bbox 1081 4088 1281 4154; x_wconf 85' lang='lat' dir='ltr'>verbis</span> <span class='ocrx_word' id='word_1_417' title='bbox 1306 4108 1369 4153; x_wconf 90' lang='lat' dir='ltr'>se</span> <span class='ocrx_word' id='word_1_418' title='bbox 1396 4087 1682 4171; x_wconf 90' lang='lat' dir='ltr'>elongent</span> <span class='ocrx_word' id='word_1_419' title='bbox 1727 4090 1789 4153; x_wconf 91' lang='lat' dir='ltr'>et</span> <span class='ocrx_word' id='word_1_420' title='bbox 1835 4089 2118 4153; x_wconf 86' lang='lat' dir='ltr'>recedant</span> <span class='ocrx_word' id='word_1_421' title='bbox 2164 4088 2240 4152; x_wconf 91' lang='lat' dir='ltr'>ab</span> <span class='ocrx_word' id='word_1_422' title='bbox 2287 4090 2419 4153; x_wconf 89' lang='lat' dir='ltr'>hoc.</span> <span class='ocrx_word' id='word_1_423' title='bbox 2468 4090 2559 4153; x_wconf 90' lang='lat' dir='ltr'>De</span> <span class='ocrx_word' id='word_1_424' title='bbox 2606 4109 2724 4154; x_wconf 90' lang='lat' dir='ltr'>non</span> <span class='ocrx_word' id='word_1_425' title='bbox 2753 4088 2816 4169; x_wconf 89' lang='grc' dir='ltr'>,</span> <span class='ocrx_word' id='word_1_426' title='bbox 2868 4108 2986 4155; x_wconf 92' lang='lat' dir='ltr'>non</span> <span class='ocrx_word' id='word_1_427' title='bbox 3022 4089 3240 4155; x_wconf 86' lang='lat' dir='ltr'>sinceri</span> <span class='ocrx_word' id='word_1_428' title='bbox 3264 4090 3324 4154; x_wconf 80' lang='lat'>2.</span> 
     </span>
    </p>

    <p class='ocr_par' dir='ltr' id='par_1_10' title="bbox 637 4176 3330 4793">
     <span class='ocr_line' id='line_1_42' title="bbox 848 4176 3325 4263; baseline 0 -21"><span class='ocrx_word' id='word_1_429' title='bbox 848 4176 1073 4259; x_wconf 86' lang='lat' dir='ltr'>Capta:</span> <span class='ocrx_word' id='word_1_430' title='bbox 1123 4196 1334 4242; x_wconf 85' lang='lat' dir='ltr'>verum</span> <span class='ocrx_word' id='word_1_431' title='bbox 1381 4177 1432 4240; x_wconf 91' lang='lat' dir='ltr'>si</span> <span class='ocrx_word' id='word_1_432' title='bbox 1478 4176 1760 4240; x_wconf 88' lang='lat' dir='ltr'>dominus</span> <span class='ocrx_word' id='word_1_433' title='bbox 1809 4195 1910 4241; x_wconf 83' lang='lat' dir='ltr'>rex</span> <span class='ocrx_word' id='word_1_434' title='bbox 1955 4177 2204 4250; x_wconf 84' lang='lat' dir='ltr'>diceret,</span> <span class='ocrx_word' id='word_1_435' title='bbox 2248 4179 2298 4241; x_wconf 86' lang='lat' dir='ltr'>si</span> <span class='ocrx_word' id='word_1_436' title='bbox 2346 4178 2408 4242; x_wconf 93' lang='lat' dir='ltr'>in</span> <span class='ocrx_word' id='word_1_437' title='bbox 2456 4197 2637 4255; x_wconf 90' lang='lat' dir='ltr'>casu,</span> <span class='ocrx_word' id='word_1_438' title='bbox 2686 4196 2803 4261; x_wconf 82' lang='lat' dir='ltr'>quo</span> <span class='ocrx_word' id='word_1_439' title='bbox 2854 4179 2986 4261; x_wconf 88' lang='lat' dir='ltr'>ipse</span> <span class='ocrx_word' id='word_1_440' title='bbox 3033 4179 3128 4242; x_wconf 70' lang='lat' dir='ltr'>vol</span> <span class='ocrx_word' id='word_1_441' title='bbox 3175 4197 3325 4263; x_wconf 89' lang='lat' dir='ltr'>gens</span> 
     </span>
     <span class='ocr_line' id='line_1_43' title="bbox 641 4264 3329 4349; baseline 0 -18"><span class='ocrx_word' id='word_1_442' title='bbox 641 4284 753 4331; x_wconf 89' lang='lat' dir='ltr'>sua</span> <span class='ocrx_word' id='word_1_443' title='bbox 797 4266 1056 4330; x_wconf 89' lang='lat' dir='ltr'>transire</span> <span class='ocrx_word' id='word_1_444' title='bbox 1104 4265 1294 4331; x_wconf 88' lang='lat' dir='ltr'>vellet</span> <span class='ocrx_word' id='word_1_445' title='bbox 1338 4264 1404 4329; x_wconf 91' lang='lat' dir='ltr'>in</span> <span class='ocrx_word' id='word_1_446' title='bbox 1448 4265 1740 4349; x_wconf 87' lang='lat' dir='ltr'>Apuliam</span> <span class='ocrx_word' id='word_1_447' title='bbox 1786 4285 1894 4348; x_wconf 91' lang='lat' dir='ltr'>per</span> <span class='ocrx_word' id='word_1_448' title='bbox 1938 4285 2107 4331; x_wconf 90' lang='lat' dir='ltr'>mare</span> <span class='ocrx_word' id='word_1_449' title='bbox 2155 4265 2249 4330; x_wconf 81' lang='lat' dir='ltr'>vel</span> <span class='ocrx_word' id='word_1_450' title='bbox 2294 4285 2402 4349; x_wconf 89' lang='lat' dir='ltr'>per</span> <span class='ocrx_word' id='word_1_451' title='bbox 2446 4269 2712 4343; x_wconf 89' lang='lat' dir='ltr'>terram,</span> <span class='ocrx_word' id='word_1_452' title='bbox 2776 4269 2979 4331; x_wconf 92' lang='lat' dir='ltr'>utrum</span> <span class='ocrx_word' id='word_1_453' title='bbox 3028 4269 3329 4349; x_wconf 86' lang='lat' dir='ltr'>prestare-</span> 
     </span>
     <span class='ocr_line' id='line_1_44' title="bbox 644 4352 3328 4439; baseline 0 -21"><span class='ocrx_word' id='word_1_454' title='bbox 644 4372 780 4418; x_wconf 89' lang='lat' dir='ltr'>mus</span> <span class='ocrx_word' id='word_1_455' title='bbox 828 4353 949 4418; x_wconf 90' lang='lat' dir='ltr'>sibi</span> <span class='ocrx_word' id='word_1_456' title='bbox 995 4352 1498 4436; x_wconf 89' lang='lat' dir='ltr'>impedimentum</span> <span class='ocrx_word' id='word_1_457' title='bbox 1547 4353 1643 4418; x_wconf 88' lang='lat' dir='ltr'>vel</span> <span class='ocrx_word' id='word_1_458' title='bbox 1689 4353 2093 4432; x_wconf 77' lang='lat' dir='ltr'>obstaculum,</span> <span class='ocrx_word' id='word_1_459' title='bbox 2141 4354 2595 4438; x_wconf 87' lang='lat' dir='ltr'>respondeatur,</span> <span class='ocrx_word' id='word_1_460' title='bbox 2643 4358 2801 4439; x_wconf 91' lang='lat' dir='ltr'>quod</span> <span class='ocrx_word' id='word_1_461' title='bbox 2846 4358 3167 4439; x_wconf 89' lang='lat' dir='ltr'>postquam</span> <span class='ocrx_word' id='word_1_462' title='bbox 3214 4356 3328 4421; x_wconf 88' lang='lat' dir='ltr'>eri-</span> 
     </span>
     <span class='ocr_line' id='line_1_45' title="bbox 641 4442 3328 4526; baseline 0.001 -20"><span class='ocrx_word' id='word_1_463' title='bbox 641 4461 782 4507; x_wconf 90' lang='lat' dir='ltr'>mus</span> <span class='ocrx_word' id='word_1_464' title='bbox 829 4443 890 4506; x_wconf 93' lang='lat' dir='ltr'>in</span> <span class='ocrx_word' id='word_1_465' title='bbox 938 4442 1093 4506; x_wconf 88' lang='lat' dir='ltr'>bona</span> <span class='ocrx_word' id='word_1_466' title='bbox 1139 4460 1288 4525; x_wconf 91' lang='lat' dir='ltr'>pace</span> <span class='ocrx_word' id='word_1_467' title='bbox 1334 4460 1560 4520; x_wconf 90' lang='lat' dir='ltr'>secum,</span> <span class='ocrx_word' id='word_1_468' title='bbox 1612 4442 1986 4507; x_wconf 83' lang='lat' dir='ltr'>intendimus</span> <span class='ocrx_word' id='word_1_469' title='bbox 2032 4443 2204 4507; x_wconf 90' lang='lat' dir='ltr'>illam</span> <span class='ocrx_word' id='word_1_470' title='bbox 2252 4463 2359 4526; x_wconf 89' lang='lat' dir='ltr'>pro</span> <span class='ocrx_word' id='word_1_471' title='bbox 2404 4445 2580 4526; x_wconf 91' lang='lat' dir='ltr'>parte</span> <span class='ocrx_word' id='word_1_472' title='bbox 2640 4446 2849 4509; x_wconf 90' lang='lat' dir='ltr'>nostra</span> <span class='ocrx_word' id='word_1_473' title='bbox 2892 4444 3328 4509; x_wconf 87' lang='lat' dir='ltr'>iuviolabiliter</span> 
     </span>
     <span class='ocr_line' id='line_1_46' title="bbox 640 4530 3330 4613; baseline 0.001 -18"><span class='ocrx_word' id='word_1_474' title='bbox 640 4531 983 4608; x_wconf 89' lang='lat' dir='ltr'>observare,</span> <span class='ocrx_word' id='word_1_475' title='bbox 1025 4530 1352 4594; x_wconf 90' lang='lat' dir='ltr'>dummodo</span> <span class='ocrx_word' id='word_1_476' title='bbox 1397 4547 1506 4613; x_wconf 91' lang='lat' dir='ltr'>pro</span> <span class='ocrx_word' id='word_1_477' title='bbox 1567 4532 1740 4612; x_wconf 88' lang='lat' dir='ltr'>parte</span> <span class='ocrx_word' id='word_1_478' title='bbox 1786 4549 1892 4595; x_wconf 89' lang='lat' dir='ltr'>sue</span> <span class='ocrx_word' id='word_1_479' title='bbox 1954 4532 2297 4596; x_wconf 89' lang='lat' dir='ltr'>maiestatis</span> <span class='ocrx_word' id='word_1_480' title='bbox 2356 4532 2532 4597; x_wconf 88' lang='lat' dir='ltr'>nobis</span> <span class='ocrx_word' id='word_1_481' title='bbox 2595 4533 2884 4597; x_wconf 89' lang='lat' dir='ltr'>similiter</span> <span class='ocrx_word' id='word_1_482' title='bbox 2938 4533 3330 4609; x_wconf 86' lang='lat' dir='ltr'>observetur</span> 
     </span>
     <span class='ocr_line' id='line_1_47' title="bbox 639 4618 3328 4705; baseline 0 -20"><span class='ocrx_word' id='word_1_483' title='bbox 639 4621 703 4685; x_wconf 88' lang='lat' dir='ltr'>et</span> <span class='ocrx_word' id='word_1_484' title='bbox 747 4637 926 4701; x_wconf 89' lang='lat' dir='ltr'>super</span> <span class='ocrx_word' id='word_1_485' title='bbox 969 4619 1082 4683; x_wconf 92' lang='lat' dir='ltr'>hoc</span> <span class='ocrx_word' id='word_1_486' title='bbox 1130 4621 1354 4700; x_wconf 88' lang='lat' dir='ltr'>puncto</span> <span class='ocrx_word' id='word_1_487' title='bbox 1406 4618 1656 4696; x_wconf 89' lang='lat' dir='ltr'>instent,</span> <span class='ocrx_word' id='word_1_488' title='bbox 1718 4625 2042 4701; x_wconf 89' lang='lat' dir='ltr'>procurent</span> <span class='ocrx_word' id='word_1_489' title='bbox 2103 4623 2164 4684; x_wconf 91' lang='lat' dir='ltr'>et</span> <span class='ocrx_word' id='word_1_490' title='bbox 2223 4619 2453 4685; x_wconf 86' lang='lat' dir='ltr'>faciant</span> <span class='ocrx_word' id='word_1_491' title='bbox 2511 4620 2971 4700; x_wconf 81' lang='lat' dir='ltr'>ambaxatores,</span> <span class='ocrx_word' id='word_1_492' title='bbox 3030 4625 3328 4705; x_wconf 89' lang='lat' dir='ltr'>quantum</span> 
     </span>
     <span class='ocr_line' id='line_1_48' title="bbox 637 4706 3329 4793; baseline 0.001 -20"><span class='ocrx_word' id='word_1_493' title='bbox 637 4708 942 4793; x_wconf 90' lang='lat' dir='ltr'>poterunt,</span> <span class='ocrx_word' id='word_1_494' title='bbox 989 4707 1150 4789; x_wconf 92' lang='lat' dir='ltr'>quod</span> <span class='ocrx_word' id='word_1_495' title='bbox 1191 4706 1472 4772; x_wconf 89' lang='lat' dir='ltr'>dominus</span> <span class='ocrx_word' id='word_1_496' title='bbox 1531 4725 1633 4770; x_wconf 83' lang='lat' dir='ltr'>rex</span> <span class='ocrx_word' id='word_1_497' title='bbox 1677 4706 1752 4771; x_wconf 91' lang='lat' dir='ltr'>de</span> <span class='ocrx_word' id='word_1_498' title='bbox 1799 4707 2190 4790; x_wconf 86' lang='lat' dir='ltr'>responsione</span> <span class='ocrx_word' id='word_1_499' title='bbox 2251 4708 2599 4774; x_wconf 88' lang='lat' dir='ltr'>huiusmodi</span> <span class='ocrx_word' id='word_1_500' title='bbox 2662 4711 2747 4775; x_wconf 91' lang='lat' dir='ltr'>sit</span> <span class='ocrx_word' id='word_1_501' title='bbox 2790 4712 3147 4785; x_wconf 56' lang='lat' dir='ltr'>contentum</span> <span class='ocrx_word' id='word_1_502' title='bbox 3220 4710 3329 4775; x_wconf 85' lang='lat' dir='ltr'>sed</span> 
     </span>
    </p>
   </div>
  </div>
 </body>
</html>
