3620 5282
3169 354 3253 418 69

520 518 801 601 dispositi
842 522 905 584 et
951 522 1173 603 parati,
1215 542 1377 587 nunc
1439 542 1653 587 sumus
1696 525 1975 588 strictius
2036 523 2319 606 obligati,
2371 526 2435 588 et
2481 525 2710 589 erimus
2752 528 2817 590 et
2864 545 3138 592 essemus
3187 529 3255 592 in

519 606 793 689 quolibet
840 610 1112 689 tempore
1166 613 1545 692 opportuno;
1613 614 1903 694 rogantes
1951 630 2112 687 eum,
2159 614 2229 675 ut
2276 629 2386 674 nos
2426 611 2723 693 tanquam
2768 632 2943 678 veros
3002 616 3251 693 amicoS,

519 712 726 758 secure
774 696 1049 777 requirat
1095 698 1158 761 in
1204 697 1750 762 commoditatibus
1800 699 1927 762 suis
1975 698 2430 763 rationabiliter
2463 699 2776 774 honestis3
2826 704 2889 765 et
2936 701 3031 766 his
3075 704 3253 767 dictis

519 784 582 844 et
626 783 959 864 expositis,
1023 787 1197 849 caute
1253 788 1537 867 procuret
1598 785 1920 850 Nicolinus
1984 786 2107 850 iam
2175 785 2378 850 dictus
2441 788 2570 851 tam
2640 787 2719 851 ab
2786 790 2918 871 ipso
2982 789 3247 868 domin0‚

524 887 712 950 quam
759 871 1051 952 gentibus
1098 872 1227 936 suis
1265 875 1494 937 sentire
1543 875 1763 950 totum,
1807 873 2099 955 quicquid
2146 874 2371 938 habere
2404 876 2468 938 et
2498 876 2740 939 trahere
2788 877 3031 956 peterit,
3067 896 3250 958 quem

523 956 688 1021 facta
732 959 944 1022 nostra
991 962 1246 1024 monent
1299 960 1460 1042 apud
1491 960 1809 1023 dominum
1846 980 2054 1043 regem
2089 961 2472 1042 predictum;
2519 964 2581 1026 et
2611 964 2896 1045 quicquid
2930 963 3251 1028 dicebatur

514 1046 578 1107 et
623 1044 993 1109 credebatur
1038 1047 1112 1111 de
1161 1049 1285 1121 eis;
1336 1049 1695 1130 inquirendo
1741 1049 1928 1111 etiam
1970 1049 2043 1111 de
2092 1048 2272 1113 factis
2327 1067 2669 1131 campagne
2716 1053 2780 1114 et
2826 1052 3248 1133 prosecutione

515 1131 732 1211 ipsius,
783 1138 846 1195 et
892 1134 968 1196 ad
1017 1153 1197 1216 quem
1244 1135 1429 1199 finem
1478 1138 1928 1217 proposuerunt
1990 1135 2342 1213 intendere,
2393 1137 2443 1199 si
2493 1138 2648 1201 scire
2695 1139 2957 1220 poterit;
3029 1139 3251 1203 rescri-

517 1218 711 1282 bendo
759 1221 934 1285 nobis
981 1222 1274 1287 velociter
1299 1225 1363 1286 et
1388 1224 1678 1300 studiose,
1725 1241 2108 1304 quecumque
2133 1224 2385 1289 sciverit
2412 1224 2782 1290 ethabuerit
2809 1226 2872 1289 in
2904 1226 3243 1309 premissis,

594 1307 755 1368 δεον.
798 1328 954 1369 cons.
994 1329 1114 1386 roy.
1161 1312 1234 1371 A.
1289 1316 1431 1383 103,
1479 1332 1521 1371 u
1561 1314 1775 1372 arkivu
1818 1314 2175 1373 mletackom.

940 1501 1162 1591 CIV.
1219 1501 1423 1585 God.
1479 1502 1707 1584 1348.
1764 1502 1872 1584 24
1925 1502 2265 1603 offiujka,
2317 1525 2381 1584 u
2435 1502 2827 1584 Mletcih.

524 1622 864 1697 Zapovieda
905 1644 966 1685 se
1003 1627 1441 1699 naclstojnikom
1487 1646 1528 1685 u
1567 1627 1791 1698 Zadru,
1840 1628 1919 1686 da
1963 1629 2243 1687 mletacke
2276 1629 2527 1702 plemice
2573 1630 2596 1687 i
2631 1630 2907 1700 vojnicku
2952 1633 3080 1689 cetu
3125 1649 3235 1690 na-

519 1717 651 1786 {ray
696 1731 737 1771 u
781 1714 1006 1773 Mlctke
1051 1716 1341 1787 odprave‚·
1388 1733 1426 1772 a
1477 1717 1830 1787 kapetanom
1876 1717 2147 1786 bredow,
2201 1734 2285 1775 na
2329 1718 2490 1788 kojih
2535 1734 2610 1776 su
2655 1718 2814 1775 otisla·
2845 1718 3147 1789 poslanici
3191 1736 3233 1777 u

726 1801 1002 1875 Apul-eju,
1049 1804 1127 1860 cla
1173 1820 1256 1860 na
1289 1805 1594 1875 povratku
1621 1803 1871 1876 potraie
1906 1804 2133 1863 morske
2173 1821 2392 1878 yusarc
2430 1821 2504 1864 uz
2542 1805 2828 1863 krvatsku
2870 1806 3059 1863 obalu.

727 1920 914 1985 1348.
964 1920 1061 1984 die
1107 1922 1318 1986 XXIV
1365 1921 1596 2001 martii,
1647 1926 1865 2004 capta:
1917 1922 2077 2004 quod
2141 1923 2445 1987 scribatur
2509 1923 2723 1987 comiti
2763 1923 2826 1985 et
2868 1922 3240 1987 consiliariis

511 2007 718 2084 Jadre,
768 2008 928 2090 quod
977 2010 1232 2074 mittant
1277 2009 1569 2074 Venetias
1617 2009 1759 2074 illos
1806 2013 2071 2093 quatuor
2118 2010 2372 2088 nobiles,
2430 2011 2531 2092 qui
2584 2009 2779 2091 pridie
2828 2009 3085 2074 Jadram
3133 2010 3242 2074 de-

512 2096 727 2158 stinati
774 2098 1043 2173 fuerunt,
1094 2098 1158 2160 et
1199 2098 1419 2179 gentes
1466 2098 1676 2174 etiam,
1727 2117 1843 2180 que
1905 2097 2151 2163 iverunt
2221 2116 2364 2162 cum
2412 2098 2536 2174 eis;
2597 2099 2660 2161 et
2705 2097 3012 2162 scribatur
3056 2097 3239 2162 dictis

510 2182 820 2246 nobilibus
865 2183 1172 2262 similiter,
1220 2186 1382 2266 quod
1427 2184 1701 2249 redeant.
2393 2190 2412 2209 ⁹

721 2269 949 2353 Capta:
999 2272 1158 2354 quod
1205 2272 1524 2336 occasione
1587 2273 1935 2355 aliquorum
1992 2271 2456 2337 barchosiarum
2522 2274 2595 2336 de
2635 2270 2910 2350 Sclavis,
2962 2291 3078 2355 que
3140 2272 3235 2335 di-

507 2357 733 2421 cuntur
781 2358 867 2421 ire
933 2359 995 2421 in
1052 2377 1300 2423 cursum
1348 2362 1426 2439 ,et
1490 2359 1688 2424 facere
1740 2361 2033 2424 damnum
2098 2379 2203 2442 per
2259 2363 2466 2441 partes
2516 2359 2852 2437 Sclavonie‚
2922 2358 3233 2423 scribatur
3335 2378 3364 2409 ³

514 2445 741 2509 nostris
786 2446 1124 2528 capitaneis
1170 2446 1430 2511 duorum
1495 2448 1836 2530 lignorum,
1895 2448 1997 2530 qui
2058 2450 2460 2529 portaverunt
2505 2449 2745 2511 nostros
2809 2447 3237 2512 ambaxatores

507 2533 796 2610 Tranum,
842 2534 1000 2615 quod
1049 2536 1111 2598 in
1158 2534 1359 2598 reditu
1408 2553 1515 2599 suo
1562 2537 1790 2600 vadant
1834 2535 2110 2613 Jadram,
2162 2535 2440 2617 Pagum,
2492 2534 2813 2599 Chersium
2861 2536 2925 2597 et
2970 2532 3232 2613 Arbum‚

509 2621 574 2684 et
620 2620 950 2704 loquantur
994 2639 1133 2686 cum
1183 2622 1513 2687 comitibus
1576 2624 1800 2688 nostris
1867 2623 2173 2688 dictarum
2235 2624 2539 2687 terrarum
2586 2622 2661 2687 de
2707 2621 2866 2687 facto
2926 2622 3230 2687 dictorum

505 2707 867 2790 piratarum,
918 2710 1088 2773 etin
1134 2710 1286 2792 ipsis
1349 2710 1626 2792 partibus
1674 2710 1995 2775 Sclavonie
2065 2715 2128 2775 et
2188 2713 2519 2792 antequam
2588 2710 2900 2775 conferant
2960 2712 3022 2774 et
3066 2713 3228 2792 post,
3315 2733 3346 2768 ‘-

508 2795 835 2860 intendant
879 2796 956 2860 ad
1003 2815 1180 2861 omne
1225 2798 1518 2862 damnum
1565 2801 1629 2863 et
1673 2799 2160 2880 persecutionem
2206 2797 2511 2862 dictorum
2546 2798 2974 2875 cursariorum,
3025 2800 3229 2880 temp-

506 2883 694 2947 tando
741 2884 817 2949 de
860 2883 948 2947 eis
1008 2883 1071 2947 in
1117 2886 1401 2949 omnibus
1462 2885 1615 2949 locis
1679 2886 1954 2967 ipsarum
2016 2885 2289 2967 partium
2355 2883 2671 2949 Sclavonie
2723 2902 2833 2966 pro
2896 2884 3121 2948 damno
3168 2886 3232 2949 et

506 2973 738 3036 terrore
785 2972 1093 3053 ipsorum3
1143 2975 1206 3036 et
1252 2973 1557 3037 scribatur
1602 2972 1829 3037 nostris
1874 2973 2205 3038 comitibus
2252 2971 2547 3055 predictis
2594 2974 2658 3035 et
2702 2971 2879 3048 aliis,
2928 2971 3092 3036 sicut
3138 2972 3230 3037 vi-

508 3057 772 3136 debitur,
822 3060 977 3140 quod
1027 3062 1355 3142 procurent
1401 3078 1579 3124 omne
1635 3060 1929 3124 damnum
1978 3061 2042 3123 et
2105 3060 2497 3124 offensionem
2554 3058 2860 3124 dictorum
2924 3059 3225 3124 cursario·

503 3164 664 3221 rum,
712 3148 774 3209 et
820 3148 1101 3227 prestent
1145 3146 1335 3210 etiam
1398 3147 1738 3226 auxilium,
1803 3146 2129 3212 consilium
2189 3149 2253 3212 et
2315 3147 2589 3212 favorem
2647 3147 2828 3212 dictis
2888 3148 3226 3230 capitaneis

500 3234 753 3310 nostriS,
792 3234 955 3297 sicut
1001 3233 1270 3298 viderint
1317 3238 1750 3316 opportunum.
1800 3234 2029 3299 Omnes
2077 3236 2150 3298 de
2197 3236 2394 3318 parte.

589 3322 747 3383 δεον.
789 3340 945 3383 cons.
983 3329 1169 3399 royat.
1214 3324 1291 3383 A.
1327 3328 1471 3394 104,
1518 3344 1561 3384 u
1605 3327 1823 3384 arkivu
1856 3326 2214 3384 mletackom.

965 3508 1124 3593 CV.
1180 3510 1387 3594 eod.
1442 3512 1672 3595 1348.
1725 3513 1822 3595 27
1878 3511 2221 3612 orma,
2274 3533 2333 3591 u
2385 3509 2777 3591 metam.

504 3637 790 3710 Dopusca
833 3654 895 3696 sc
939 3637 1306 3698 nacclnikom
1352 3639 1590 3709 Zadra,
1651 3639 1731 3697 da
1776 3640 1851 3698 od
1895 3655 2006 3697 ono
2067 3642 2155 3697 sto
2196 3638 2501 3712 yradjana
2545 3636 2684 3694 radi
2727 3637 2856 3696 vcbe
2897 3624 3224 3710 siyurnosti

500 3743 621 3784 van
661 3726 856 3800 yrada
900 3725 1207 3798 poslcmih,
1260 3743 1494 3799 pozovu
1554 3732 1773 3800 natray
1832 3727 2025 3785 koliko
2057 3727 2177 3799 jim
2237 3726 2419 3799 drayo
2437 3743 2454 3794 ,·
2518 3728 2571 3784 te
2604 3725 2723 3797 jim
2767 3741 2830 3784 se
2874 3723 3101 3792 nataae,
3147 3723 3227 3781 da

1110 3815 1328 3886 orukje,
1377 3814 1718 3874 Zadranom
1763 3817 1928 3883 otet0,
1976 3831 2015 3872 u
2054 3814 2277 3872 Mletkc
2323 3814 2594 3885 oclprave.

721 3933 904 3998 1348.
954 3934 1052 3998 die
1078 3933 1323 3999 XXVII
1368 3934 1598 4008 marcii,
1630 3935 1851 4015 capta:
1888 3932 2114 3998 auditis
2155 3935 2219 3997 et
2258 3931 2593 3997 intellectis
2626 3932 2700 3994 ad
2734 3930 2985 4012 plenum
3019 3927 3224 3992 verbis

3314 2879 3349 2916 Μ’

501 4019 796 4104 expositis
841 4041 947 4103 per
1000 4040 1099 4085 ser
1139 4023 1406 4086 Paulum
1451 4022 1767 4086 Loredano
1814 4021 1962 4086 olim
2010 4020 2387 4103 provisorem
2452 4021 2512 4083 in
2575 4018 2855 4100 partibus
2905 4015 3222 4082 Sclavonie
3311 4019 3328 4044 ³

504 4113 569 4173 et
613 4158 627 4172 .
680 4161 693 4174 .
745 4156 759 4170 .
807 4158 821 4172 .
872 4128 988 4191 que
1034 4109 1251 4173 retulit
1294 4109 1369 4172 de
1416 4109 1577 4174 facto
1645 4111 1895 4174 centum
1942 4107 2426 4184 Jadratinorum,
2476 4105 2580 4188 qui
2625 4105 2701 4169 de
2747 4104 2938 4170 Jadra
2982 4103 3222 4167 noviter

509 4197 816 4261 licentiati
856 4195 1105 4260 fuerunt
1150 4199 1223 4261 de
1272 4199 1482 4261 nostro
1530 4197 1842 4274 mandato,
1908 4194 2238 4260 consulunt
2296 4194 2640 4277 sapienteS,
2712 4192 2868 4275 quod
2915 4190 3225 4255 scribatur

506 4285 733 4348 nostris
779 4282 995 4347 comiti
1043 4283 1107 4346 et
1150 4283 1517 4348 consiliariis
1563 4282 1773 4363 Jadre,
1823 4284 1980 4365 quod
2020 4285 2152 4347 tam
2198 4301 2304 4363 per
2349 4300 2558 4346 eorum
2606 4279 2850 4344 litteras
2897 4297 3085 4360 quam
3118 4296 3227 4359 per

505 4373 944 4453 expositionem
990 4369 1142 4434 dicti
1190 4390 1287 4434 ser
1332 4371 1511 4435 Pauli
1556 4370 2002 4446 intelleximus,
2052 4371 2212 4452 quod
2260 4370 2320 4432 in
2368 4369 2742 4434 licentiando
2786 4365 2927 4430 illos
2975 4366 3223 4430 centum

505 4460 993 4542 adimpleverunt
1039 4458 1321 4522 nostrum
1360 4458 1739 4523 mandatum.
1807 4457 2071 4521 Videtur
2115 4458 2348 4534 tamen,
2415 4456 2750 4520 secundum
2810 4454 2967 4535 quod
3030 4449 3225 4515 refert

504 4545 663 4611 idem
710 4565 811 4611 ser
850 4544 1105 4622 PauluS,
1151 4545 1307 4626 quod
1355 4546 1625 4609 maxima
1670 4563 1813 4626 pars
1859 4545 2168 4609 dictorum
2199 4545 2447 4608 centum
2481 4593 2495 4607 .
2531 4592 2545 4605 .
2581 4590 2596 4605 .
2633 4590 2648 4605 .
2700 4539 2826 4604 sint
2869 4540 2934 4602 in
2979 4553 3226 4635 necces-

507 4634 686 4700 sitate
728 4635 999 4698 maxima
1045 4632 1364 4697 constituti
1412 4632 1584 4709 ade0‚
1642 4633 1713 4697 ut
1759 4631 1887 4696 sint
1932 4630 2120 4713 aliqui
2167 4631 2431 4695 artifices
2462 4630 2526 4693 in
2557 4645 2814 4693 numero
2847 4623 3219 4719 supradicto,

511 4722 574 4784 et
616 4722 824 4804 plures
870 4719 1001 4800 alii,
1050 4720 1155 4800 qui
1202 4738 1319 4784 non
1365 4720 1599 4784 habent
1653 4719 1812 4783 unde
1871 4719 2083 4784 vivant
2143 4717 2316 4781 extra
2362 4717 2621 4782 Jadram
2682 4732 2791 4777 nec
2837 4731 2980 4778 suas
3041 4709 3224 4772 fami-
