3620 5282
489 337 620 403 374

491 514 851 580 nunciorum
902 511 1177 575 eiusdem
1248 510 1480 574 tenoris
1544 511 1607 573 in
1669 509 1954 573 omnibus
2002 510 2066 572 et
2110 527 2219 590 por
2281 506 2487 571 omnia
2548 507 2806 571 mutatis
2877 500 3215 579 mutandis,

495 601 669 666 cuius
718 602 897 664 erunt
942 599 1152 663 littere
1200 598 1387 680 regie,
1440 597 1594 678 ipsis
1642 596 1882 661 nunciis
1930 596 2116 676 regiis
2180 596 2638 677 assignantibus
2702 594 2902 657 eidem
2955 589 3212 655 domino

497 688 636 753 duci
684 690 749 752 et
794 688 1106 750 communi
1157 687 1357 750 dictas
1404 687 1650 749 litteras
1698 685 1923 767 regias,
1987 685 2186 748 Teuor
2231 686 2439 747 autem
2504 682 2919 763 predictarum
2968 679 3212 743 littera-

496 795 634 839 rum
682 777 995 857 regiarum
1043 794 1150 855 per
1196 773 1404 837 omnia
1454 772 1596 836 talis
1646 775 1759 835 est.
1810 772 2144 835 Lodovicus
2192 771 2290 834 dei
2330 770 2534 854 gratia
2581 789 2683 833 rex
2727 767 3044 850 Hungarie
3092 768 3214 829 etc.

495 863 629 927 Rex
668 863 963 945 pacificus
1009 880 1119 943 pro
1164 861 1582 943 redemptione
1628 859 1885 924 humaui
1930 860 2172 940 generis
2238 860 2309 922 de
2377 859 2722 940 suppremis
2770 856 3043 920 celorum
3092 855 3212 917 etc.

501 953 686 1033 prout
736 949 1017 1031 superius
1064 948 1442 1030 descriptum
1492 952 1609 1011 etc.
1658 947 1886 1011 Actum
1918 946 2107 1011 Jadre
2154 946 2216 1010 in
2263 945 2630 1011 monasterio
2677 939 3217 1009 sanctiFraucisci

497 1038 730 1101 ordinis
779 1036 1039 1100 fratrum
1081 1037 1385 1100 minorum
1415 1035 1473 1098 in
1525 1035 1810 1098 sacristia
1842 1034 2097 1098 ecclesie
2123 1053 2248 1110 sue,
2295 1034 2680 1115 presentibus
2722 1030 3056 1097 venerabili
3088 1029 3221 1092 viro

497 1125 747 1189 domino
796 1123 1096 1205 Gregorio
1143 1125 1392 1187 custode
1439 1122 1860 1198 Varradiensi,
1909 1123 2152 1186 domino
2179 1120 2430 1185 Nicolao
2478 1121 2604 1184 filio
2650 1119 2937 1203 voyvode,
2968 1115 3222 1183 Stefano

502 1211 761 1277 condam
812 1212 1060 1274 domino
1109 1211 1419 1275 Bonifatio
1466 1212 1538 1273 de
1588 1212 1817 1291 Luppis
1864 1208 2064 1273 milite
2114 1228 2452 1290 parmense,
2516 1209 2857 1272 Francesco
2904 1206 2979 1269 de
3026 1205 3225 1268 Leone

503 1302 635 1364 cive
682 1299 999 1381 paduano,
1050 1300 1113 1362 et
1153 1300 1399 1379 provido
1446 1298 1574 1361 viro
1621 1317 1719 1362 ser
1765 1297 2194 1361 Bartholomeo
2244 1296 2424 1361 Ursio
2491 1297 2729 1360 notario
2787 1297 3050 1358 ducatus
3094 1292 3217 1355 Ve-

511 1387 845 1461 neciarum,
896 1385 1163 1449 testibus
1230 1385 1460 1449 vocatis
1520 1388 1583 1449 et
1643 1386 1822 1461 aliis,
1892 1403 2051 1448 anno
2113 1384 2344 1448 domini
2394 1382 2839 1461 MCCCLVnI,
2890 1380 3227 1445 indictione

509 1474 621 1552 XI,
671 1474 772 1537 die
814 1473 1118 1537 dominico
1166 1472 1375 1536 XVIII
1426 1474 1654 1537 mensis
1702 1473 2015 1548 februarii,
2069 1472 2330 1536 feliciter
2379 1490 2579 1535 amen.

721 1562 807 1625 Et
852 1580 962 1643 ego
1008 1560 1322 1625 Johannes
1370 1559 1604 1643 Caspus
1650 1560 1944 1624 Radozlai
1994 1560 2321 1624 canonicus
2370 1558 2624 1623 ecclesie
2651 1556 3082 1641 Zagrabiensis
3113 1574 3227 1637 pu-

513 1649 713 1714 blicus
759 1648 1097 1731 apostolica
1160 1648 1530 1711 auctoritate
1593 1648 1869 1712 notarius
1933 1648 2246 1730 premissis
2313 1648 2601 1711 omnibus
2649 1649 2712 1709 et
2757 1643 3025 1727 singulis
3074 1644 3221 1707 dum

513 1736 606 1802 sic
651 1739 982 1818 agerentur
1027 1737 1094 1798 et
1140 1736 1358 1799 fierent
1401 1754 1523 1799 una
1570 1754 1705 1798 cum
1757 1736 2199 1818 prenominatis
2250 1735 2513 1799 testibus
2559 1752 2810 1816 presens
2859 1732 2968 1808 fui,
3018 1728 3225 1794 audivi

510 1826 575 1888 et
611 1824 737 1888 vidi
785 1827 849 1888 et
895 1826 1147 1905 rogatus
1194 1842 1302 1904 per
1348 1825 1553 1903 partes
1603 1826 1897 1905 utrasque
1943 1824 2246 1905 premissa
2294 1823 2354 1886 in
2402 1822 2562 1886 hanc
2594 1820 2908 1904 publicam
2959 1820 3225 1883 formam

504 1911 774 1976 fideliter
820 1912 884 1974 et
929 1910 1233 1993 legaliter,
1286 1909 1373 1971 nil
1420 1910 1650 1972 addens
1678 1910 1772 1972 vel
1798 1910 2103 1986 minuens,
2152 1911 2307 1991 quod
2336 1910 2750 1973 substantiam
2795 1907 2881 1970 rei
2908 1906 3222 1982 immutet,

470 1999 718 2081 ‘redegi
767 1998 1061 2081 signoque
1107 2015 1244 2061 meo
1292 1999 1583 2060 consueto
1610 1997 1845 2079 signavi
1894 1998 1956 2060 in
1990 1997 2415 2061 testimonium
2441 1997 2716 2061 omnium
2742 1995 3229 2077 premissorum3

509 2089 573 2149 et
613 2088 685 2149 de
738 2086 1031 2168 predictis
1084 2084 1368 2148 omnibus
1412 2088 1667 2165 rogatus
1718 2084 2008 2148 similiter
2053 2086 2173 2148 fuit
2222 2084 2448 2148 Paulus
2483 2086 2555 2148 de
2596 2082 2907 2147 Bernardo
2955 2082 3219 2146 condam

505 2173 740 2237 domini
771 2171 1074 2237 Johannis
1124 2171 1430 2253 imperiali
1458 2173 1825 2236 auctoritate
1853 2173 2121 2236 notarius
2170 2176 2231 2235 et
2275 2173 2534 2236 ducatus
2566 2171 2964 2234 Veneciarum
3001 2169 3226 2245 scriba,

504 2264 576 2324 ut
625 2261 860 2324 faceret
905 2259 1074 2322 aliud
1121 2258 1327 2321 simile
1375 2260 1876 2332 instrumentum,
1924 2261 1989 2322 et
2036 2261 2283 2341 utrique
2330 2260 2492 2340 parti
2541 2278 2729 2322 unum
2777 2258 2991 2333 daret,
3057 2256 3230 2319 vide-

510 2348 661 2412 licet
710 2366 960 2429 presens
1008 2346 1337 2410 antedictis
1400 2347 1663 2409 dominis
1728 2346 2264 2421 ambaxatoribus,
2337 2351 2401 2411 et
2463 2346 2630 2410 aliud
2693 2346 2992 2428 scriptum
3044 2362 3228 2407 manu

510 2434 695 2498 Pauli
744 2434 1009 2516 predicti
1057 2433 1223 2497 dicto
1264 2434 1513 2497 domino
1563 2433 1714 2515 regi.
1764 2434 1846 2496 Et
1893 2452 2004 2515 ego
2054 2434 2282 2497 Paulus
2331 2437 2403 2497 de
2453 2433 2765 2497 Bernardo
2812 2432 3070 2496 condam
3123 2433 3231 2495 do-

509 2521 667 2585 mini
714 2521 1019 2586 Johannis
1068 2521 1376 2603 imperiali
1428 2523 1799 2584 auctoritate
1846 2521 2120 2585 notarius
2169 2525 2232 2585 et
2279 2523 2538 2585 ducatus
2586 2521 2990 2585 Veneciarum
3025 2518 3231 2584 scriba

512 2608 833 2692 premissis
879 2607 1165 2672 omnibus
1210 2612 1272 2673 et
1316 2609 1579 2692 singulis
1623 2627 1872 2692 presens
1918 2608 2004 2672 fui
2054 2613 2115 2672 et
2156 2609 2358 2674 simile
2390 2610 2865 2673 instrumentum
2916 2607 2992 2672 de
3041 2606 3226 2672 verbo

511 2698 585 2762 ad
632 2695 886 2761 verbum
936 2695 1186 2773 confeci,
1234 2697 1394 2778 quod
1444 2698 1747 2761 remansit
1791 2696 1957 2779 apud
2005 2697 2317 2761 dominum
2367 2715 2596 2780 regem.

595 2787 913 2846 Paetorum
971 2787 1036 2846 V.
1087 2789 1231 2857 160,
1278 2805 1319 2845 u
1366 2789 1582 2847 arkivu
1627 2788 1987 2846 mletadkom.

886 2941 1270 3022 DXLIV.
1343 2940 1549 3024 God.
1603 2941 1830 3024 1358.
1884 2941 1982 3022 18
2036 2937 2395 3041 veljnee,
2448 2963 2508 3021 u
2562 2939 2875 3022 Zadru.

508 3049 793 3121 Ljudevit
840 3051 879 3107 1
922 3051 1249 3122 uffan-hro.
1297 3051 1456 3122 krab'
1500 3052 1523 3107 i
1566 3050 1836 3108 mlelacki
1887 3050 2178 3122 poslanici
2228 3049 2583 3121 potvrdjuju
2630 3050 2828 3120 medjzc
2887 3051 3081 3108 sobom
3126 3049 3229 3106 isti

835 3136 959 3194 dan
1002 3138 1333 3209 sklopljcnu
1371 3137 1643 3210 poyodbu
1687 3154 1761 3195 za
1819 3139 1976 3208 svoje
2021 3137 2249 3195 doticne
2300 3138 2609 3195 saveznikc
2653 3155 2694 3195 u
2741 3140 2897 3195 ratu.

730 3235 1091 3300 Contractus
1153 3256 1335 3318 super
1397 3238 1557 3302 facto
1620 3238 2048 3301 adherentium
2114 3244 2177 3300 et
2239 3239 2591 3320 sequacium
2645 3240 2963 3321 utriusque
3030 3238 3228 3320 partis

511 3323 682 3386 inter
728 3323 1045 3387 dominum
1112 3343 1320 3405 regem
1369 3344 1439 3388 ex
1488 3342 1609 3388 una
1665 3326 1841 3406 parte
1902 3326 1966 3388 et
2026 3325 2301 3390 dominos
2362 3326 2783 3389 ambaxatores
2830 3327 3230 3392 Venetiarum

516 3429 588 3474 ex
635 3411 855 3474 altera.
905 3411 974 3473 In
1025 3407 1258 3474 Christi
1309 3412 1549 3475 nomine
1596 3430 1795 3476 amen.
1847 3409 2000 3476 Cum
2066 3432 2248 3494 super
2310 3413 2653 3491 discordia,
2714 3432 2831 3494 que
2877 3413 3233 3477 vertebatur

518 3497 680 3562 inter
753 3497 1216 3561 serenissimum
1279 3498 1598 3563 dominum
1660 3499 1976 3563 dominum
2043 3500 2417 3564 Ludovicum
2486 3501 2580 3564 dei
2659 3501 2860 3582 gratia
2920 3501 3231 3564 illustrem

516 3604 728 3668 regem
779 3584 1094 3668 Hungarie
1144 3605 1216 3649 ex
1264 3606 1384 3651 una
1453 3590 1625 3667 parte
1672 3590 1735 3651 et
1779 3587 2096 3651 dominum
2159 3587 2372 3651 ducem
2438 3590 2501 3651 et
2563 3606 2889 3652 commune
2938 3587 3235 3651 Venecia-

520 3693 656 3737 rum
709 3692 780 3736 ex
830 3673 1045 3751 altera,
1093 3675 1558 3756 precedentibus
1605 3674 1822 3738 multis
1856 3674 2223 3738 tractatibus
2284 3676 2446 3739 inter
2510 3675 2719 3757 ipsum
2769 3676 3084 3739 dominum
3135 3693 3232 3737 re-

515 3779 657 3844 gem
704 3779 812 3824 seu
859 3760 1115 3824 barones
1165 3764 1228 3824 et
1276 3761 1660 3825 consiliarios
1709 3780 1850 3826 suos
1900 3764 1964 3825 et
2012 3761 2399 3826 honorabiles
2445 3764 2610 3826 viros
2639 3762 2918 3826 dominos
2968 3762 3222 3825 Petrum

513 3847 863 3925 TrivisanO,
936 3848 1283 3913 Johannem
1346 3847 1688 3913 Gradonico
1750 3851 1815 3911 et
1878 3849 2280 3913 Beneintendi
2345 3850 2783 3913 cancellarium
2853 3850 3116 3912 ducatus
3164 3850 3227 3911 et

513 3935 858 3999 communis
903 3935 1329 4012 Veneciarum,
1378 3936 1542 4000 cives
1591 3937 1783 4017 ipsius
1830 3936 2120 4012 civitatiS,
2170 3938 2598 4001 ambaxatores
2645 3939 2707 4000 et
2753 3937 3037 4020 syndicos
3069 3935 3235 3999 dicti

513 4021 743 4086 domiui
795 4022 969 4086 ducis
1017 4024 1081 4086 et
1125 4022 1470 4087 communis
1517 4024 1924 4088 Veneciarum
1974 4025 2047 4088 ad
2093 4025 2207 4088 hoc
2253 4024 2607 4106 specialiter
2654 4024 3018 4099 destinatos
3068 4022 3234 4086 sicut

513 4111 757 4173 constat
800 4110 1046 4191 publico
1094 4110 1503 4174 instrumento
1552 4111 1780 4192 scripto
1831 4129 2011 4174 manu
2065 4110 2387 4194 Raphayui
2434 4111 2509 4174 de
2554 4110 2863 4175 Caresinis
2914 4109 3220 4191 imperiali

515 4197 883 4260 auctoritate
907 4198 1127 4261 notarii
1176 4200 1239 4262 et
1285 4198 1545 4261 ducatus
1571 4198 1979 4262 Veneciarum
2017 4200 2214 4263 scribe
2258 4199 2371 4262 sub
2399 4196 2796 4263 MCCCLVII
2819 4199 2917 4262 die
2955 4196 3229 4261 XXVIII

515 4283 748 4346 mensis
794 4284 1162 4361 novembris,
1218 4284 1455 4348 decima
1501 4284 1869 4363 indictione,
1936 4285 2184 4349 volente
2247 4286 2453 4349 divina
2506 4287 2836 4350 clementia
2883 4287 2957 4350 ad
3006 4302 3220 4366 pacem

516 4371 577 4431 et
621 4370 1006 4435 concordiam
1055 4371 1139 4435 sit
1183 4371 1536 4449 deductum,
1587 4373 1651 4436 et
1696 4373 1858 4436 inter
1903 4372 2026 4435 alia
2093 4392 2275 4454 super
2319 4372 2481 4436 facto
2547 4373 2884 4437 amicorum
2932 4373 3228 4436 adheren-

515 4454 675 4517 tium
724 4458 789 4518 et
824 4459 1170 4539 sequatium
1218 4459 1535 4541 utriusque
1582 4460 1778 4541 partis
1827 4458 1911 4522 sit
1957 4459 2270 4541 provisum
2314 4459 2648 4523 secundum
2697 4459 2858 4542 quod
2905 4458 3224 4523 distintius

516 4540 863 4607 continetur
909 4545 971 4608 in
1016 4545 1388 4625 quibusdam
1434 4545 1663 4610 litteris
1712 4546 1899 4627 regiis
1966 4547 2396 4610 emanantibus
2443 4547 2688 4620 exinde,
2749 4565 3008 4628 quarum
3057 4550 3230 4609 tenor

516 4626 773 4692 inferius
819 4630 1217 4696 describetur.
1263 4633 1334 4695 Id
1379 4632 1540 4697 circo
1585 4633 1863 4715 prefatus
1912 4632 2196 4696 dominus
2243 4651 2347 4696 rex
2395 4652 2467 4698 ex
2515 4651 2635 4696 una
2680 4636 2855 4716 parte
2900 4652 3011 4715 per
3054 4650 3120 4696 se
3166 4635 3232 4696 et

519 4731 901 4781 successores
948 4735 1088 4781 suos
1130 4721 1194 4782 et
1239 4736 1451 4782 omnes
1496 4721 1878 4800 pertinentes
1925 4719 2004 4784 ad
2037 4738 2196 4798 eum,
2248 4721 2311 4784 et
2354 4719 2476 4801 ipsi
2500 4720 2928 4786 ambaxatores
2975 4721 3041 4784 et
3086 4736 3233 4802 syn-
