<?xml version="1.0" encoding="UTF-8"?>
<!DOCTYPE html PUBLIC "-//W3C//DTD XHTML 1.0 Transitional//EN"
    "http://www.w3.org/TR/xhtml1/DTD/xhtml1-transitional.dtd">
<html xmlns="http://www.w3.org/1999/xhtml" xml:lang="en" lang="en">
 <head>
  <title>
</title>
<meta http-equiv="Content-Type" content="text/html;charset=utf-8" />
  <meta name='ocr-system' content='tesseract 3.04.00' />
  <meta name='ocr-capabilities' content='ocr_page ocr_carea ocr_par ocr_line ocrx_word'/>
</head>
<body>
  <div class='ocr_page' id='page_1' title='image "./monumentaspecta02umjegoog_0243.png"; bbox 0 0 3620 5282; ppageno 0'>
   <div class='ocr_carea' id='block_1_1' title="bbox 3011 357 3135 423">
    <p class='ocr_par' dir='ltr' id='par_1_1' title="bbox 3011 357 3135 423">
     <span class='ocr_line' id='line_1_1' title="bbox 3011 357 3135 423; baseline 0 0"><span class='ocrx_word' id='word_1_1' title='bbox 3011 357 3135 423; x_wconf 88' lang='grc'>189</span> 
     </span>
    </p>
   </div>
   <div class='ocr_carea' id='block_1_2' title="bbox 395 534 3137 2715">
    <p class='ocr_par' dir='ltr' id='par_1_2' title="bbox 395 534 3137 2715">
     <span class='ocr_line' id='line_1_2' title="bbox 400 534 3136 619; baseline -0.001 -19"><span class='ocrx_word' id='word_1_2' title='bbox 400 556 516 619; x_wconf 91' lang='lat' dir='ltr'>que</span> <span class='ocrx_word' id='word_1_3' title='bbox 564 535 876 601; x_wconf 74' lang='lat' dir='ltr'>sentencie</span> <span class='ocrx_word' id='word_1_4' title='bbox 923 536 1314 619; x_wconf 89' lang='lat' dir='ltr'>postmodum</span> <span class='ocrx_word' id='word_1_5' title='bbox 1365 536 1591 600; x_wconf 88' lang='lat' dir='ltr'>debent</span> <span class='ocrx_word' id='word_1_6' title='bbox 1638 535 2029 619; x_wconf 89' lang='lat' dir='ltr'>exequutioni</span> <span class='ocrx_word' id='word_1_7' title='bbox 2080 535 2392 613; x_wconf 82' lang='lat' dir='ltr'>mandari;</span> <span class='ocrx_word' id='word_1_8' title='bbox 2456 536 2521 600; x_wconf 88' lang='lat' dir='ltr'>et</span> <span class='ocrx_word' id='word_1_9' title='bbox 2565 535 2790 600; x_wconf 88' lang='lat' dir='ltr'>nobilis</span> <span class='ocrx_word' id='word_1_10' title='bbox 2824 534 2917 598; x_wconf 88' lang='lat' dir='ltr'>vir</span> <span class='ocrx_word' id='word_1_11' title='bbox 2940 534 3136 598; x_wconf 85' lang='lat' dir='ltr'>Fran-</span> 
     </span>
     <span class='ocr_line' id='line_1_3' title="bbox 397 622 3127 707; baseline -0 -19"><span class='ocrx_word' id='word_1_12' title='bbox 397 626 595 688; x_wconf 88' lang='lat' dir='ltr'>ciscus</span> <span class='ocrx_word' id='word_1_13' title='bbox 641 624 887 688; x_wconf 90' lang='lat' dir='ltr'>Donato</span> <span class='ocrx_word' id='word_1_14' title='bbox 934 623 1393 707; x_wconf 72' lang='lat' dir='ltr'>presentialiter</span> <span class='ocrx_word' id='word_1_15' title='bbox 1441 643 1644 688; x_wconf 91' lang='lat' dir='ltr'>comes</span> <span class='ocrx_word' id='word_1_16' title='bbox 1690 625 1907 690; x_wconf 86' lang='lat' dir='ltr'>Chersi</span> <span class='ocrx_word' id='word_1_17' title='bbox 1971 623 2291 705; x_wconf 74' lang='lat' dir='ltr'>scripserit</span> <span class='ocrx_word' id='word_1_18' title='bbox 2351 623 2566 702; x_wconf 78' lang='lat' dir='ltr'>nobiS,</span> <span class='ocrx_word' id='word_1_19' title='bbox 2628 622 2788 706; x_wconf 87' lang='lat' dir='ltr'>quod</span> <span class='ocrx_word' id='word_1_20' title='bbox 2849 622 2969 686; x_wconf 85' lang='lat' dir='ltr'>fuit</span> <span class='ocrx_word' id='word_1_21' title='bbox 3011 622 3127 687; x_wconf 89' lang='lat' dir='ltr'>hoc</span> 
     </span>
     <span class='ocr_line' id='line_1_4' title="bbox 398 709 3131 794; baseline -0.001 -19"><span class='ocrx_word' id='word_1_22' title='bbox 398 731 554 776; x_wconf 86' lang='lat' dir='ltr'>anno</span> <span class='ocrx_word' id='word_1_23' title='bbox 601 713 676 777; x_wconf 93' lang='lat' dir='ltr'>ad</span> <span class='ocrx_word' id='word_1_24' title='bbox 723 711 997 776; x_wconf 88' lang='lat' dir='ltr'>insulam</span> <span class='ocrx_word' id='word_1_25' title='bbox 1047 711 1409 794; x_wconf 82' lang='lat' dir='ltr'>predictam,</span> <span class='ocrx_word' id='word_1_26' title='bbox 1459 715 1524 775; x_wconf 93' lang='lat' dir='ltr'>et</span> <span class='ocrx_word' id='word_1_27' title='bbox 1565 710 1771 793; x_wconf 87' lang='lat' dir='ltr'>plures</span> <span class='ocrx_word' id='word_1_28' title='bbox 1798 711 2147 776; x_wconf 87' lang='lat' dir='ltr'>sentencias</span> <span class='ocrx_word' id='word_1_29' title='bbox 2178 711 2328 775; x_wconf 85' lang='lat' dir='ltr'>tulit</span> <span class='ocrx_word' id='word_1_30' title='bbox 2371 710 2436 773; x_wconf 90' lang='lat' dir='ltr'>in</span> <span class='ocrx_word' id='word_1_31' title='bbox 2483 709 2755 775; x_wconf 84' lang='lat' dir='ltr'>favorem</span> <span class='ocrx_word' id='word_1_32' title='bbox 2783 709 3131 792; x_wconf 89' lang='lat' dir='ltr'>aliquorum</span> 
     </span>
     <span class='ocr_line' id='line_1_5' title="bbox 400 797 3135 884; baseline -0.001 -20"><span class='ocrx_word' id='word_1_33' title='bbox 400 799 805 884; x_wconf 88' lang='lat' dir='ltr'>Veglensium</span> <span class='ocrx_word' id='word_1_34' title='bbox 855 804 1071 863; x_wconf 91' lang='lat' dir='ltr'>contra</span> <span class='ocrx_word' id='word_1_35' title='bbox 1118 800 1375 864; x_wconf 80' lang='lat' dir='ltr'>comites</span> <span class='ocrx_word' id='word_1_36' title='bbox 1401 799 1692 882; x_wconf 86' lang='lat' dir='ltr'>prefatos,</span> <span class='ocrx_word' id='word_1_37' title='bbox 1743 801 2116 883; x_wconf 91' lang='lat' dir='ltr'>propinquos</span> <span class='ocrx_word' id='word_1_38' title='bbox 2165 801 2230 863; x_wconf 94' lang='lat' dir='ltr'>et</span> <span class='ocrx_word' id='word_1_39' title='bbox 2270 799 2500 863; x_wconf 89' lang='lat' dir='ltr'>iudices</span> <span class='ocrx_word' id='word_1_40' title='bbox 2526 817 2755 876; x_wconf 90' lang='lat' dir='ltr'>eorum,</span> <span class='ocrx_word' id='word_1_41' title='bbox 2806 797 2880 862; x_wconf 88' lang='lat' dir='ltr'>de</span> <span class='ocrx_word' id='word_1_42' title='bbox 2913 797 3135 881; x_wconf 82' lang='lat' dir='ltr'>quibus</span> 
     </span>
     <span class='ocr_line' id='line_1_6' title="bbox 401 887 3137 970; baseline -0.001 -18"><span class='ocrx_word' id='word_1_43' title='bbox 401 888 603 970; x_wconf 91' lang='lat' dir='ltr'>alique</span> <span class='ocrx_word' id='word_1_44' title='bbox 652 888 801 951; x_wconf 88' lang='lat' dir='ltr'>sunt</span> <span class='ocrx_word' id='word_1_45' title='bbox 852 887 1192 951; x_wconf 83' lang='lat' dir='ltr'>executioni</span> <span class='ocrx_word' id='word_1_46' title='bbox 1241 887 1530 951; x_wconf 86' lang='lat' dir='ltr'>mandate</span> <span class='ocrx_word' id='word_1_47' title='bbox 1579 888 1642 951; x_wconf 91' lang='lat' dir='ltr'>et</span> <span class='ocrx_word' id='word_1_48' title='bbox 1687 888 1892 970; x_wconf 89' lang='lat' dir='ltr'>alique</span> <span class='ocrx_word' id='word_1_49' title='bbox 1941 892 2215 964; x_wconf 83' lang='lat' dir='ltr'>restant,</span> <span class='ocrx_word' id='word_1_50' title='bbox 2263 905 2414 969; x_wconf 90' lang='lat' dir='ltr'>quas</span> <span class='ocrx_word' id='word_1_51' title='bbox 2473 905 2592 951; x_wconf 92' lang='lat' dir='ltr'>non</span> <span class='ocrx_word' id='word_1_52' title='bbox 2655 887 2874 950; x_wconf 89' lang='lat' dir='ltr'>curant</span> <span class='ocrx_word' id='word_1_53' title='bbox 2919 903 3137 950; x_wconf 88' lang='lat' dir='ltr'>execu-</span> 
     </span>
     <span class='ocr_line' id='line_1_7' title="bbox 398 973 3133 1057; baseline -0.001 -18"><span class='ocrx_word' id='word_1_54' title='bbox 398 975 555 1039; x_wconf 92' lang='lat' dir='ltr'>tioni</span> <span class='ocrx_word' id='word_1_55' title='bbox 603 975 933 1039; x_wconf 84' lang='lat' dir='ltr'>mandare:</span> <span class='ocrx_word' id='word_1_56' title='bbox 1006 975 1175 1039; x_wconf 87' lang='lat' dir='ltr'>vadit</span> <span class='ocrx_word' id='word_1_57' title='bbox 1220 993 1399 1056; x_wconf 89' lang='lat' dir='ltr'>pars,</span> <span class='ocrx_word' id='word_1_58' title='bbox 1447 977 1604 1057; x_wconf 90' lang='lat' dir='ltr'>quod</span> <span class='ocrx_word' id='word_1_59' title='bbox 1670 977 1979 1039; x_wconf 80' lang='lat' dir='ltr'>scribatur</span> <span class='ocrx_word' id='word_1_60' title='bbox 2041 975 2373 1039; x_wconf 87' lang='lat' dir='ltr'>comitibus</span> <span class='ocrx_word' id='word_1_61' title='bbox 2421 976 2485 1037; x_wconf 91' lang='lat' dir='ltr'>et</span> <span class='ocrx_word' id='word_1_62' title='bbox 2549 973 3014 1038; x_wconf 87' lang='lat' dir='ltr'>vicecomitibus</span> <span class='ocrx_word' id='word_1_63' title='bbox 3064 991 3133 1037; x_wconf 88' lang='lat' dir='ltr'>ac</span> 
     </span>
     <span class='ocr_line' id='line_1_8' title="bbox 395 1062 3134 1145; baseline -0.001 -18"><span class='ocrx_word' id='word_1_64' title='bbox 395 1063 705 1127; x_wconf 89' lang='lat' dir='ltr'>iudicibus</span> <span class='ocrx_word' id='word_1_65' title='bbox 752 1062 976 1139; x_wconf 86' lang='lat' dir='ltr'>insule,</span> <span class='ocrx_word' id='word_1_66' title='bbox 1028 1068 1333 1145; x_wconf 77' lang='lat' dir='ltr'>quatenus</span> <span class='ocrx_word' id='word_1_67' title='bbox 1374 1063 1685 1145; x_wconf 89' lang='lat' dir='ltr'>predictas</span> <span class='ocrx_word' id='word_1_68' title='bbox 1734 1063 2076 1128; x_wconf 85' lang='lat' dir='ltr'>sententias</span> <span class='ocrx_word' id='word_1_69' title='bbox 2125 1063 2291 1126; x_wconf 91' lang='lat' dir='ltr'>omni</span> <span class='ocrx_word' id='word_1_70' title='bbox 2354 1063 2671 1127; x_wconf 84' lang='lat' dir='ltr'>occasione</span> <span class='ocrx_word' id='word_1_71' title='bbox 2738 1068 2980 1125; x_wconf 89' lang='lat' dir='ltr'>remota</span> <span class='ocrx_word' id='word_1_72' title='bbox 3025 1062 3134 1124; x_wconf 89' lang='lat' dir='ltr'>de-</span> 
     </span>
     <span class='ocr_line' id='line_1_9' title="bbox 398 1149 3134 1225; baseline -0.001 -10"><span class='ocrx_word' id='word_1_73' title='bbox 398 1151 586 1215; x_wconf 88' lang='lat' dir='ltr'>beant</span> <span class='ocrx_word' id='word_1_74' title='bbox 634 1150 974 1215; x_wconf 83' lang='lat' dir='ltr'>executioni</span> <span class='ocrx_word' id='word_1_75' title='bbox 1022 1149 1314 1215; x_wconf 89' lang='lat' dir='ltr'>mandare</span> <span class='ocrx_word' id='word_1_76' title='bbox 1352 1151 1690 1215; x_wconf 87' lang='lat' dir='ltr'>secundum</span> <span class='ocrx_word' id='word_1_77' title='bbox 1738 1150 2183 1215; x_wconf 88' lang='lat' dir='ltr'>continentiam</span> <span class='ocrx_word' id='word_1_78' title='bbox 2234 1167 2447 1225; x_wconf 84' lang='lat' dir='ltr'>earum</span> <span class='ocrx_word' id='word_1_79' title='bbox 2497 1149 2659 1214; x_wconf 88' lang='lat' dir='ltr'>infra</span> <span class='ocrx_word' id='word_1_80' title='bbox 2722 1168 2908 1212; x_wconf 91' lang='lat' dir='ltr'>unum</span> <span class='ocrx_word' id='word_1_81' title='bbox 2961 1167 3134 1213; x_wconf 92' lang='lat' dir='ltr'>men-</span> 
     </span>
     <span class='ocr_line' id='line_1_10' title="bbox 399 1235 3129 1322; baseline -0.001 -19"><span class='ocrx_word' id='word_1_82' title='bbox 399 1258 529 1303; x_wconf 90' lang='lat' dir='ltr'>sem</span> <span class='ocrx_word' id='word_1_83' title='bbox 577 1258 615 1303; x_wconf 88' lang='lat' dir='ltr'>a</span> <span class='ocrx_word' id='word_1_84' title='bbox 660 1239 1115 1322; x_wconf 89' lang='lat' dir='ltr'>presentatione</span> <span class='ocrx_word' id='word_1_85' title='bbox 1172 1239 1477 1320; x_wconf 88' lang='lat' dir='ltr'>presentis</span> <span class='ocrx_word' id='word_1_86' title='bbox 1543 1238 2065 1320; x_wconf 89' lang='lat' dir='ltr'>computandum,</span> <span class='ocrx_word' id='word_1_87' title='bbox 2131 1239 2203 1300; x_wconf 89' lang='lat' dir='ltr'>de</span> <span class='ocrx_word' id='word_1_88' title='bbox 2266 1256 2386 1319; x_wconf 92' lang='lat' dir='ltr'>qua</span> <span class='ocrx_word' id='word_1_89' title='bbox 2443 1238 2899 1319; x_wconf 89' lang='lat' dir='ltr'>presentatione</span> <span class='ocrx_word' id='word_1_90' title='bbox 2945 1235 3129 1300; x_wconf 91' lang='lat' dir='ltr'>latori</span> 
     </span>
     <span class='ocr_line' id='line_1_11' title="bbox 403 1323 3130 1409; baseline -0.001 -20"><span class='ocrx_word' id='word_1_91' title='bbox 403 1326 752 1391; x_wconf 87' lang='lat' dir='ltr'>litterarum</span> <span class='ocrx_word' id='word_1_92' title='bbox 801 1328 1155 1390; x_wconf 88' lang='lat' dir='ltr'>nostrarum</span> <span class='ocrx_word' id='word_1_93' title='bbox 1200 1325 1487 1389; x_wconf 87' lang='lat' dir='ltr'>dabimus</span> <span class='ocrx_word' id='word_1_94' title='bbox 1534 1327 1780 1409; x_wconf 89' lang='lat' dir='ltr'>plenam</span> <span class='ocrx_word' id='word_1_95' title='bbox 1829 1326 2033 1401; x_wconf 88' lang='lat' dir='ltr'>fidem,</span> <span class='ocrx_word' id='word_1_96' title='bbox 2079 1324 2357 1389; x_wconf 89' lang='lat' dir='ltr'>faciendo</span> <span class='ocrx_word' id='word_1_97' title='bbox 2405 1325 2708 1389; x_wconf 86' lang='lat' dir='ltr'>incantari</span> <span class='ocrx_word' id='word_1_98' title='bbox 2754 1325 2913 1389; x_wconf 90' lang='lat' dir='ltr'>bona</span> <span class='ocrx_word' id='word_1_99' title='bbox 2957 1323 3130 1388; x_wconf 92' lang='lat' dir='ltr'>debi-</span> 
     </span>
     <span class='ocr_line' id='line_1_12' title="bbox 403 1411 3126 1496; baseline -0.001 -17"><span class='ocrx_word' id='word_1_100' title='bbox 403 1416 625 1492; x_wconf 89' lang='lat' dir='ltr'>torum,</span> <span class='ocrx_word' id='word_1_101' title='bbox 678 1414 777 1478; x_wconf 90' lang='lat' dir='ltr'>vel</span> <span class='ocrx_word' id='word_1_102' title='bbox 825 1415 1021 1478; x_wconf 91' lang='lat' dir='ltr'>dando</span> <span class='ocrx_word' id='word_1_103' title='bbox 1070 1432 1142 1477; x_wconf 87' lang='lat' dir='ltr'>ea</span> <span class='ocrx_word' id='word_1_104' title='bbox 1187 1413 1251 1477; x_wconf 91' lang='lat' dir='ltr'>in</span> <span class='ocrx_word' id='word_1_105' title='bbox 1300 1415 1570 1477; x_wconf 90' lang='lat' dir='ltr'>solutam</span> <span class='ocrx_word' id='word_1_106' title='bbox 1619 1414 2068 1491; x_wconf 85' lang='lat' dir='ltr'>creditoribus„</span> <span class='ocrx_word' id='word_1_107' title='bbox 2100 1412 2264 1477; x_wconf 87' lang='lat' dir='ltr'>sicut</span> <span class='ocrx_word' id='word_1_108' title='bbox 2307 1413 2529 1477; x_wconf 86' lang='lat' dir='ltr'>melius</span> <span class='ocrx_word' id='word_1_109' title='bbox 2574 1414 2705 1477; x_wconf 75' lang='lat' dir='ltr'>fieri</span> <span class='ocrx_word' id='word_1_110' title='bbox 2753 1411 3001 1496; x_wconf 89' lang='lat' dir='ltr'>poterit,</span> <span class='ocrx_word' id='word_1_111' title='bbox 3036 1413 3126 1475; x_wconf 86' lang='lat' dir='ltr'>ita</span> 
     </span>
     <span class='ocr_line' id='line_1_13' title="bbox 406 1499 3133 1585; baseline -0.001 -18"><span class='ocrx_word' id='word_1_112' title='bbox 406 1504 561 1585; x_wconf 90' lang='lat' dir='ltr'>quod</span> <span class='ocrx_word' id='word_1_113' title='bbox 610 1501 855 1566; x_wconf 92' lang='lat' dir='ltr'>omnino</span> <span class='ocrx_word' id='word_1_114' title='bbox 901 1502 1065 1565; x_wconf 89' lang='lat' dir='ltr'>dicte</span> <span class='ocrx_word' id='word_1_115' title='bbox 1113 1502 1416 1565; x_wconf 90' lang='lat' dir='ltr'>sententie</span> <span class='ocrx_word' id='word_1_116' title='bbox 1463 1502 1586 1565; x_wconf 87' lang='lat' dir='ltr'>sint</span> <span class='ocrx_word' id='word_1_117' title='bbox 1635 1520 1773 1565; x_wconf 87' lang='lat' dir='ltr'>cum</span> <span class='ocrx_word' id='word_1_118' title='bbox 1824 1501 2041 1565; x_wconf 87' lang='lat' dir='ltr'>effectu</span> <span class='ocrx_word' id='word_1_119' title='bbox 2085 1500 2387 1583; x_wconf 91' lang='lat' dir='ltr'>complete</span> <span class='ocrx_word' id='word_1_120' title='bbox 2434 1505 2497 1564; x_wconf 90' lang='lat' dir='ltr'>et</span> <span class='ocrx_word' id='word_1_121' title='bbox 2540 1499 2880 1565; x_wconf 84' lang='lat' dir='ltr'>executioni</span> <span class='ocrx_word' id='word_1_122' title='bbox 2928 1500 3133 1564; x_wconf 86' lang='lat' dir='ltr'>debite</span> 
     </span>
     <span class='ocr_line' id='line_1_14' title="bbox 408 1588 3130 1672; baseline -0 -19"><span class='ocrx_word' id='word_1_123' title='bbox 408 1590 698 1654; x_wconf 86' lang='lat' dir='ltr'>mandate</span> <span class='ocrx_word' id='word_1_124' title='bbox 744 1589 903 1653; x_wconf 84' lang='lat' dir='ltr'>infra</span> <span class='ocrx_word' id='word_1_125' title='bbox 968 1588 1303 1654; x_wconf 90' lang='lat' dir='ltr'>terminum</span> <span class='ocrx_word' id='word_1_126' title='bbox 1369 1589 1598 1653; x_wconf 87' lang='lat' dir='ltr'>mensis</span> <span class='ocrx_word' id='word_1_127' title='bbox 1658 1590 2030 1672; x_wconf 88' lang='lat' dir='ltr'>premissum</span> <span class='ocrx_word' id='word_1_128' title='bbox 2094 1588 2207 1652; x_wconf 89' lang='lat' dir='ltr'>sub</span> <span class='ocrx_word' id='word_1_129' title='bbox 2271 1606 2428 1671; x_wconf 90' lang='lat' dir='ltr'>pena</span> <span class='ocrx_word' id='word_1_130' title='bbox 2488 1589 2823 1653; x_wconf 87' lang='lat' dir='ltr'>solidorum</span> <span class='ocrx_word' id='word_1_131' title='bbox 2871 1589 3130 1652; x_wconf 91' lang='lat' dir='ltr'>duorum</span> 
     </span>
     <span class='ocr_line' id='line_1_15' title="bbox 401 1674 3132 1761; baseline -0.001 -19"><span class='ocrx_word' id='word_1_132' title='bbox 401 1697 510 1761; x_wconf 91' lang='lat' dir='ltr'>pro</span> <span class='ocrx_word' id='word_1_133' title='bbox 554 1678 718 1742; x_wconf 88' lang='lat' dir='ltr'>libra</span> <span class='ocrx_word' id='word_1_134' title='bbox 762 1677 838 1741; x_wconf 93' lang='lat' dir='ltr'>de</span> <span class='ocrx_word' id='word_1_135' title='bbox 884 1678 1018 1741; x_wconf 87' lang='lat' dir='ltr'>tota</span> <span class='ocrx_word' id='word_1_136' title='bbox 1065 1695 1245 1741; x_wconf 87' lang='lat' dir='ltr'>suma</span> <span class='ocrx_word' id='word_1_137' title='bbox 1290 1678 1735 1740; x_wconf 86' lang='lat' dir='ltr'>sententiarum</span> <span class='ocrx_word' id='word_1_138' title='bbox 1790 1696 1907 1741; x_wconf 92' lang='lat' dir='ltr'>non</span> <span class='ocrx_word' id='word_1_139' title='bbox 1955 1679 2347 1741; x_wconf 86' lang='lat' dir='ltr'>executarum</span> <span class='ocrx_word' id='word_1_140' title='bbox 2406 1677 2700 1759; x_wconf 85' lang='lat' dir='ltr'>exigenda</span> <span class='ocrx_word' id='word_1_141' title='bbox 2747 1677 2820 1740; x_wconf 93' lang='lat' dir='ltr'>de</span> <span class='ocrx_word' id='word_1_142' title='bbox 2868 1674 3132 1759; x_wconf 89' lang='lat' dir='ltr'>propriis</span> 
     </span>
     <span class='ocr_line' id='line_1_16' title="bbox 401 1763 3133 1847; baseline -0.001 -17"><span class='ocrx_word' id='word_1_143' title='bbox 401 1765 579 1830; x_wconf 91' lang='lat' dir='ltr'>bonis</span> <span class='ocrx_word' id='word_1_144' title='bbox 628 1783 861 1830; x_wconf 90' lang='lat' dir='ltr'>eorum.</span> <span class='ocrx_word' id='word_1_145' title='bbox 911 1764 1143 1828; x_wconf 87' lang='lat' dir='ltr'>Verum</span> <span class='ocrx_word' id='word_1_146' title='bbox 1191 1763 1243 1828; x_wconf 90' lang='lat' dir='ltr'>si</span> <span class='ocrx_word' id='word_1_147' title='bbox 1288 1763 1363 1828; x_wconf 89' lang='lat' dir='ltr'>de</span> <span class='ocrx_word' id='word_1_148' title='bbox 1409 1765 1563 1847; x_wconf 90' lang='lat' dir='ltr'>ipsis</span> <span class='ocrx_word' id='word_1_149' title='bbox 1614 1764 1942 1829; x_wconf 83' lang='lat' dir='ltr'>sententiis</span> <span class='ocrx_word' id='word_1_150' title='bbox 1989 1765 2086 1828; x_wconf 87' lang='lat' dir='ltr'>vel</span> <span class='ocrx_word' id='word_1_151' title='bbox 2125 1782 2337 1828; x_wconf 91' lang='lat' dir='ltr'>earum</span> <span class='ocrx_word' id='word_1_152' title='bbox 2381 1763 2588 1846; x_wconf 89' lang='lat' dir='ltr'>aliqua</span> <span class='ocrx_word' id='word_1_153' title='bbox 2619 1766 2977 1846; x_wconf 85' lang='lat' dir='ltr'>reputarent</span> <span class='ocrx_word' id='word_1_154' title='bbox 3008 1763 3133 1827; x_wconf 84' lang='lat' dir='ltr'>for-</span> 
     </span>
     <span class='ocr_line' id='line_1_17' title="bbox 400 1850 3129 1937; baseline -0.001 -19"><span class='ocrx_word' id='word_1_155' title='bbox 400 1854 562 1918; x_wconf 85' lang='lat' dir='ltr'>sitan</span> <span class='ocrx_word' id='word_1_156' title='bbox 608 1873 673 1917; x_wconf 90' lang='lat' dir='ltr'>se</span> <span class='ocrx_word' id='word_1_157' title='bbox 713 1854 1022 1937; x_wconf 88' lang='lat' dir='ltr'>gravatos,</span> <span class='ocrx_word' id='word_1_158' title='bbox 1068 1853 1132 1915; x_wconf 91' lang='lat' dir='ltr'>et</span> <span class='ocrx_word' id='word_1_159' title='bbox 1177 1852 1385 1916; x_wconf 87' lang='lat' dir='ltr'>velent</span> <span class='ocrx_word' id='word_1_160' title='bbox 1429 1854 1505 1917; x_wconf 88' lang='lat' dir='ltr'>ad</span> <span class='ocrx_word' id='word_1_161' title='bbox 1537 1869 1648 1916; x_wconf 91' lang='lat' dir='ltr'>nos</span> <span class='ocrx_word' id='word_1_162' title='bbox 1692 1853 1920 1917; x_wconf 91' lang='lat' dir='ltr'>habere</span> <span class='ocrx_word' id='word_1_163' title='bbox 1953 1870 2288 1929; x_wconf 83' lang='lat' dir='ltr'>recursum,</span> <span class='ocrx_word' id='word_1_164' title='bbox 2337 1853 2628 1935; x_wconf 89' lang='lat' dir='ltr'>poterunt</span> <span class='ocrx_word' id='word_1_165' title='bbox 2673 1850 3129 1929; x_wconf 88' lang='lat' dir='ltr'>nichilominus,</span> 
     </span>
     <span class='ocr_line' id='line_1_18' title="bbox 400 1938 3126 2023; baseline -0.001 -17"><span class='ocrx_word' id='word_1_166' title='bbox 400 1941 562 2006; x_wconf 87' lang='lat' dir='ltr'>facta</span> <span class='ocrx_word' id='word_1_167' title='bbox 609 1943 774 2005; x_wconf 88' lang='lat' dir='ltr'>intra</span> <span class='ocrx_word' id='word_1_168' title='bbox 821 1940 1055 2004; x_wconf 90' lang='lat' dir='ltr'>dictum</span> <span class='ocrx_word' id='word_1_169' title='bbox 1098 1939 1431 2004; x_wconf 91' lang='lat' dir='ltr'>terminum</span> <span class='ocrx_word' id='word_1_170' title='bbox 1483 1938 1836 2004; x_wconf 83' lang='lat' dir='ltr'>executione</span> <span class='ocrx_word' id='word_1_171' title='bbox 1884 1939 2158 2022; x_wconf 87' lang='lat' dir='ltr'>predicta</span> <span class='ocrx_word' id='word_1_172' title='bbox 2204 1941 2317 2005; x_wconf 91' lang='lat' dir='ltr'>sub</span> <span class='ocrx_word' id='word_1_173' title='bbox 2348 1958 2505 2023; x_wconf 90' lang='lat' dir='ltr'>pena</span> <span class='ocrx_word' id='word_1_174' title='bbox 2537 1941 2855 2021; x_wconf 90' lang='lat' dir='ltr'>premissa,</span> <span class='ocrx_word' id='word_1_175' title='bbox 2904 1939 2981 2003; x_wconf 91' lang='lat' dir='ltr'>ad</span> <span class='ocrx_word' id='word_1_176' title='bbox 3017 1956 3126 2002; x_wconf 89' lang='lat' dir='ltr'>nos</span> 
     </span>
     <span class='ocr_line' id='line_1_19' title="bbox 400 2025 3131 2110; baseline -0.002 -15"><span class='ocrx_word' id='word_1_177' title='bbox 400 2030 603 2095; x_wconf 85' lang='lat' dir='ltr'>venire</span> <span class='ocrx_word' id='word_1_178' title='bbox 649 2027 1025 2093; x_wconf 84' lang='lat' dir='ltr'>sufficienter</span> <span class='ocrx_word' id='word_1_179' title='bbox 1056 2027 1154 2091; x_wconf 87' lang='lat' dir='ltr'>vel</span> <span class='ocrx_word' id='word_1_180' title='bbox 1189 2028 1456 2106; x_wconf 90' lang='lat' dir='ltr'>mittere,</span> <span class='ocrx_word' id='word_1_181' title='bbox 1506 2027 1608 2110; x_wconf 93' lang='lat' dir='ltr'>qui</span> <span class='ocrx_word' id='word_1_182' title='bbox 1637 2026 1934 2093; x_wconf 84' lang='lat' dir='ltr'>faciemus</span> <span class='ocrx_word' id='word_1_183' title='bbox 1959 2047 2062 2092; x_wconf 91' lang='lat' dir='ltr'>eos</span> <span class='ocrx_word' id='word_1_184' title='bbox 2106 2029 2317 2092; x_wconf 90' lang='lat' dir='ltr'>audire</span> <span class='ocrx_word' id='word_1_185' title='bbox 2365 2030 2429 2091; x_wconf 93' lang='lat' dir='ltr'>et</span> <span class='ocrx_word' id='word_1_186' title='bbox 2473 2028 2627 2105; x_wconf 89' lang='lat' dir='ltr'>fieri,</span> <span class='ocrx_word' id='word_1_187' title='bbox 2676 2026 2836 2110; x_wconf 89' lang='lat' dir='ltr'>quod</span> <span class='ocrx_word' id='word_1_188' title='bbox 2884 2025 3131 2091; x_wconf 87' lang='lat' dir='ltr'>iusticia</span> 
     </span>
     <span class='ocr_line' id='line_1_20' title="bbox 402 2114 3128 2198; baseline -0.001 -17"><span class='ocrx_word' id='word_1_189' title='bbox 402 2117 707 2181; x_wconf 85' lang='lat' dir='ltr'>suadebit.</span> <span class='ocrx_word' id='word_1_190' title='bbox 771 2115 837 2180; x_wconf 89' lang='lat' dir='ltr'>Si</span> <span class='ocrx_word' id='word_1_191' title='bbox 898 2132 1043 2180; x_wconf 81' lang='lat' dir='ltr'>vero</span> <span class='ocrx_word' id='word_1_192' title='bbox 1090 2114 1252 2179; x_wconf 89' lang='lat' dir='ltr'>infra</span> <span class='ocrx_word' id='word_1_193' title='bbox 1311 2115 1512 2198; x_wconf 88' lang='lat' dir='ltr'>ipsum</span> <span class='ocrx_word' id='word_1_194' title='bbox 1580 2116 1916 2180; x_wconf 89' lang='lat' dir='ltr'>terminum</span> <span class='ocrx_word' id='word_1_195' title='bbox 1972 2135 2088 2180; x_wconf 93' lang='lat' dir='ltr'>non</span> <span class='ocrx_word' id='word_1_196' title='bbox 2139 2116 2566 2180; x_wconf 86' lang='lat' dir='ltr'>mandaverint</span> <span class='ocrx_word' id='word_1_197' title='bbox 2615 2134 2716 2180; x_wconf 87' lang='lat' dir='ltr'>eas</span> <span class='ocrx_word' id='word_1_198' title='bbox 2764 2114 3128 2192; x_wconf 86' lang='lat' dir='ltr'>executioni,</span> 
     </span>
     <span class='ocr_line' id='line_1_21' title="bbox 400 2201 3130 2288; baseline -0.002 -18"><span class='ocrx_word' id='word_1_199' title='bbox 400 2206 532 2288; x_wconf 90' lang='lat' dir='ltr'>ipso</span> <span class='ocrx_word' id='word_1_200' title='bbox 580 2204 808 2287; x_wconf 80' lang='lat' dir='ltr'>elapSO,</span> <span class='ocrx_word' id='word_1_201' title='bbox 858 2221 959 2268; x_wconf 91' lang='lat' dir='ltr'>eos</span> <span class='ocrx_word' id='word_1_202' title='bbox 1006 2201 1084 2267; x_wconf 88' lang='lat' dir='ltr'>ad</span> <span class='ocrx_word' id='word_1_203' title='bbox 1127 2203 1355 2267; x_wconf 88' lang='lat' dir='ltr'>dictam</span> <span class='ocrx_word' id='word_1_204' title='bbox 1405 2222 1628 2286; x_wconf 87' lang='lat' dir='ltr'>penam</span> <span class='ocrx_word' id='word_1_205' title='bbox 1675 2203 2044 2268; x_wconf 88' lang='lat' dir='ltr'>habebimus</span> <span class='ocrx_word' id='word_1_206' title='bbox 2090 2221 2200 2287; x_wconf 92' lang='lat' dir='ltr'>pro</span> <span class='ocrx_word' id='word_1_207' title='bbox 2249 2203 2532 2282; x_wconf 79' lang='lat' dir='ltr'>incursie,</span> <span class='ocrx_word' id='word_1_208' title='bbox 2597 2221 2786 2286; x_wconf 90' lang='lat' dir='ltr'>quam</span> <span class='ocrx_word' id='word_1_209' title='bbox 2832 2202 3130 2266; x_wconf 86' lang='lat' dir='ltr'>faciemus</span> 
     </span>
     <span class='ocr_line' id='line_1_22' title="bbox 404 2290 3128 2377; baseline -0.001 -20"><span class='ocrx_word' id='word_1_210' title='bbox 404 2292 568 2377; x_wconf 83' lang='lat' dir='ltr'>exigi</span> <span class='ocrx_word' id='word_1_211' title='bbox 613 2311 756 2357; x_wconf 90' lang='lat' dir='ltr'>cum</span> <span class='ocrx_word' id='word_1_212' title='bbox 802 2290 1044 2356; x_wconf 90' lang='lat' dir='ltr'>effectu.</span> <span class='ocrx_word' id='word_1_213' title='bbox 1092 2290 1177 2355; x_wconf 81' lang='lat' dir='ltr'>Et</span> <span class='ocrx_word' id='word_1_214' title='bbox 1222 2290 1530 2354; x_wconf 90' lang='lat' dir='ltr'>scribatur</span> <span class='ocrx_word' id='word_1_215' title='bbox 1576 2291 1791 2355; x_wconf 90' lang='lat' dir='ltr'>comiti</span> <span class='ocrx_word' id='word_1_216' title='bbox 1855 2294 2064 2355; x_wconf 90' lang='lat' dir='ltr'>nostro</span> <span class='ocrx_word' id='word_1_217' title='bbox 2126 2290 2341 2355; x_wconf 86' lang='lat' dir='ltr'>Chersi</span> <span class='ocrx_word' id='word_1_218' title='bbox 2403 2291 2605 2369; x_wconf 89' lang='lat' dir='ltr'>istud,</span> <span class='ocrx_word' id='word_1_219' title='bbox 2654 2290 2813 2373; x_wconf 88' lang='lat' dir='ltr'>quod</span> <span class='ocrx_word' id='word_1_220' title='bbox 2863 2309 2971 2372; x_wconf 90' lang='lat' dir='ltr'>per</span> <span class='ocrx_word' id='word_1_221' title='bbox 3016 2307 3128 2355; x_wconf 90' lang='lat' dir='ltr'>nos</span> 
     </span>
     <span class='ocr_line' id='line_1_23' title="bbox 399 2377 3126 2463; baseline -0.001 -19"><span class='ocrx_word' id='word_1_222' title='bbox 399 2382 748 2455; x_wconf 89' lang='lat' dir='ltr'>mandatur,</span> <span class='ocrx_word' id='word_1_223' title='bbox 796 2383 859 2442; x_wconf 89' lang='lat' dir='ltr'>et</span> <span class='ocrx_word' id='word_1_224' title='bbox 905 2377 1062 2461; x_wconf 91' lang='lat' dir='ltr'>quod</span> <span class='ocrx_word' id='word_1_225' title='bbox 1107 2378 1300 2442; x_wconf 89' lang='lat' dir='ltr'>faciat</span> <span class='ocrx_word' id='word_1_226' title='bbox 1340 2382 1585 2442; x_wconf 90' lang='lat' dir='ltr'>nostras</span> <span class='ocrx_word' id='word_1_227' title='bbox 1627 2379 1875 2443; x_wconf 85' lang='lat' dir='ltr'>litteras</span> <span class='ocrx_word' id='word_1_228' title='bbox 1922 2380 2303 2463; x_wconf 89' lang='lat' dir='ltr'>presentari,</span> <span class='ocrx_word' id='word_1_229' title='bbox 2353 2381 2417 2443; x_wconf 93' lang='lat' dir='ltr'>et</span> <span class='ocrx_word' id='word_1_230' title='bbox 2455 2382 2759 2463; x_wconf 90' lang='lat' dir='ltr'>procuret,</span> <span class='ocrx_word' id='word_1_231' title='bbox 2809 2377 2967 2460; x_wconf 92' lang='lat' dir='ltr'>quod</span> <span class='ocrx_word' id='word_1_232' title='bbox 3015 2379 3126 2442; x_wconf 90' lang='lat' dir='ltr'>ob-</span> 
     </span>
     <span class='ocr_line' id='line_1_24' title="bbox 397 2465 3128 2551; baseline -0.001 -18"><span class='ocrx_word' id='word_1_233' title='bbox 397 2473 687 2551; x_wconf 83' lang='lat' dir='ltr'>sequatur</span> <span class='ocrx_word' id='word_1_234' title='bbox 730 2467 1009 2531; x_wconf 88' lang='lat' dir='ltr'>nostrum</span> <span class='ocrx_word' id='word_1_235' title='bbox 1063 2466 1443 2544; x_wconf 86' lang='lat' dir='ltr'>mandatum,</span> <span class='ocrx_word' id='word_1_236' title='bbox 1501 2466 1890 2531; x_wconf 89' lang='lat' dir='ltr'>rescribendo</span> <span class='ocrx_word' id='word_1_237' title='bbox 1957 2467 2132 2533; x_wconf 90' lang='lat' dir='ltr'>nobis</span> <span class='ocrx_word' id='word_1_238' title='bbox 2184 2467 2381 2545; x_wconf 89' lang='lat' dir='ltr'>diem,</span> <span class='ocrx_word' id='word_1_239' title='bbox 2447 2486 2566 2550; x_wconf 90' lang='lat' dir='ltr'>qua</span> <span class='ocrx_word' id='word_1_240' title='bbox 2625 2466 2858 2531; x_wconf 89' lang='lat' dir='ltr'>fuerint</span> <span class='ocrx_word' id='word_1_241' title='bbox 2918 2465 3128 2530; x_wconf 90' lang='lat' dir='ltr'>littere</span> 
     </span>
     <span class='ocr_line' id='line_1_25' title="bbox 396 2553 2170 2640; baseline -0.002 -19"><span class='ocrx_word' id='word_1_242' title='bbox 396 2558 770 2640; x_wconf 86' lang='lat' dir='ltr'>presentate,</span> <span class='ocrx_word' id='word_1_243' title='bbox 822 2554 887 2618; x_wconf 92' lang='lat' dir='ltr'>et</span> <span class='ocrx_word' id='word_1_244' title='bbox 933 2553 1223 2637; x_wconf 88' lang='lat' dir='ltr'>quicquid</span> <span class='ocrx_word' id='word_1_245' title='bbox 1272 2554 1502 2619; x_wconf 81' lang='lat' dir='ltr'>factum</span> <span class='ocrx_word' id='word_1_246' title='bbox 1550 2554 1737 2619; x_wconf 89' lang='lat' dir='ltr'>fuerit</span> <span class='ocrx_word' id='word_1_247' title='bbox 1781 2573 1963 2638; x_wconf 91' lang='lat' dir='ltr'>super</span> <span class='ocrx_word' id='word_1_248' title='bbox 2008 2553 2170 2619; x_wconf 92' lang='lat' dir='ltr'>inde.</span> 
     </span>
     <span class='ocr_line' id='line_1_26' title="bbox 481 2646 1840 2715; baseline -0.002 -9"><span class='ocrx_word' id='word_1_249' title='bbox 481 2648 662 2707; x_wconf 78' lang='lat' dir='ltr'>Misti</span> <span class='ocrx_word' id='word_1_250' title='bbox 712 2646 841 2705; x_wconf 88' lang='lat' dir='ltr'>XX</span> <span class='ocrx_word' id='word_1_251' title='bbox 852 2646 953 2706; x_wconf 87' lang='lat' dir='ltr'>VI.</span> <span class='ocrx_word' id='word_1_252' title='bbox 989 2647 1093 2715; x_wconf 77' lang='lat'>34,</span> <span class='ocrx_word' id='word_1_253' title='bbox 1137 2664 1178 2705; x_wconf 80' lang='lat' dir='ltr'>u</span> <span class='ocrx_word' id='word_1_254' title='bbox 1224 2647 1563 2706; x_wconf 71' lang='lat' dir='ltr'>mletackom</span> <span class='ocrx_word' id='word_1_255' title='bbox 1608 2647 1840 2706; x_wconf 83' lang='lat' dir='ltr'>arkivu.</span> 
     </span>
    </p>
   </div>
   <div class='ocr_carea' id='block_1_3' title="bbox 734 2833 2796 2936">
    <p class='ocr_par' dir='ltr' id='par_1_3' title="bbox 734 2833 2796 2936">
     <span class='ocr_line' id='line_1_27' title="bbox 734 2833 2796 2936; baseline -0.001 -18"><span class='ocrx_word' id='word_1_256' title='bbox 734 2833 1179 2918; x_wconf 84' lang='lat' dir='ltr'>CCLXXI.</span> <span class='ocrx_word' id='word_1_257' title='bbox 1243 2834 1450 2917; x_wconf 75' lang='lat' dir='ltr'>God.</span> <span class='ocrx_word' id='word_1_258' title='bbox 1505 2835 1735 2919; x_wconf 76' lang='lat'>1350.</span> <span class='ocrx_word' id='word_1_259' title='bbox 1790 2836 1843 2918; x_wconf 80' lang='grc'><strong>6</strong></span> <span class='ocrx_word' id='word_1_260' title='bbox 1897 2835 2227 2936; x_wconf 63' lang='lat' dir='ltr'>arpina,</span> <span class='ocrx_word' id='word_1_261' title='bbox 2278 2856 2339 2916; x_wconf 92' lang='lat' dir='ltr'>u</span> <span class='ocrx_word' id='word_1_262' title='bbox 2392 2834 2796 2916; x_wconf 87' lang='lat' dir='ltr'>Budimu.</span> 
     </span>
    </p>
   </div>
   <div class='ocr_carea' id='block_1_4' title="bbox 406 2961 3130 3123">
    <p class='ocr_par' dir='ltr' id='par_1_4' title="bbox 406 2961 3130 3123">
     <span class='ocr_line' id='line_1_28' title="bbox 406 2961 3130 3040; baseline -0.002 -15"><span class='ocrx_word' id='word_1_263' title='bbox 406 2963 682 3040; x_wconf 75' lang='lat' dir='ltr'>Uyarska</span> <span class='ocrx_word' id='word_1_264' title='bbox 726 2963 984 3036; x_wconf 65' lang='lat' dir='ltr'>krab&#39;ica</span> <span class='ocrx_word' id='word_1_265' title='bbox 1017 2962 1219 3034; x_wconf 81' lang='lat' dir='ltr'>javlja</span> <span class='ocrx_word' id='word_1_266' title='bbox 1262 2962 1565 3034; x_wconf 83' lang='lat' dir='ltr'>republici,</span> <span class='ocrx_word' id='word_1_267' title='bbox 1614 2961 1694 3020; x_wconf 82' lang='lat' dir='ltr'>da</span> <span class='ocrx_word' id='word_1_268' title='bbox 1724 2963 1792 3035; x_wconf 83' lang='lat' dir='ltr'>je</span> <span class='ocrx_word' id='word_1_269' title='bbox 1823 2963 2062 3034; x_wconf 75' lang='lat' dir='ltr'>uputila</span> <span class='ocrx_word' id='word_1_270' title='bbox 2099 2962 2457 3035; x_wconf 73' lang='lat' dir='ltr'>hrvatskoqa</span> <span class='ocrx_word' id='word_1_271' title='bbox 2502 2962 2661 3019; x_wconf 83' lang='lat' dir='ltr'>bana</span> <span class='ocrx_word' id='word_1_272' title='bbox 2700 2979 2742 3018; x_wconf 82' lang='lat' dir='ltr'><em>u</em></span> <span class='ocrx_word' id='word_1_273' title='bbox 2774 2962 2944 3020; x_wconf 82' lang='lat' dir='ltr'>Km’n</span> <span class='ocrx_word' id='word_1_274' title='bbox 2974 2965 3130 3032; x_wconf 75' lang='lat' dir='ltr'>zato,</span> 
     </span>
     <span class='ocr_line' id='line_1_29' title="bbox 818 3049 2725 3123; baseline -0.001 -14"><span class='ocrx_word' id='word_1_275' title='bbox 818 3051 973 3109; x_wconf 76' lang='lat' dir='ltr'>nelca</span> <span class='ocrx_word' id='word_1_276' title='bbox 1017 3051 1160 3109; x_wconf 65' lang='lat' dir='ltr'>§tete</span> <span class='ocrx_word' id='word_1_277' title='bbox 1204 3050 1536 3108; x_wconf 65' lang='lat' dir='ltr'>mletackim</span> <span class='ocrx_word' id='word_1_278' title='bbox 1570 3049 1984 3122; x_wconf 59' lang='lat' dir='ltr'>podloinikom</span> <span class='ocrx_word' id='word_1_279' title='bbox 2033 3051 2318 3123; x_wconf 63' lang='lat' dir='ltr'>ucinjene,</span> <span class='ocrx_word' id='word_1_280' title='bbox 2364 3049 2725 3108; x_wconf 76' lang='lat' dir='ltr'>nadoknadi.</span> 
     </span>
    </p>
   </div>
   <div class='ocr_carea' id='block_1_5' title="bbox 386 3168 3131 3852">
    <p class='ocr_par' dir='ltr' id='par_1_5' title="bbox 386 3168 3131 3852">
     <span class='ocr_line' id='line_1_30' title="bbox 605 3168 3129 3253; baseline -0 -18"><span class='ocrx_word' id='word_1_281' title='bbox 605 3169 975 3252; x_wconf 86' lang='lat' dir='ltr'>Exemplum</span> <span class='ocrx_word' id='word_1_282' title='bbox 1018 3170 1401 3252; x_wconf 87' lang='lat' dir='ltr'>quarundam</span> <span class='ocrx_word' id='word_1_283' title='bbox 1448 3170 1799 3235; x_wconf 89' lang='lat' dir='ltr'>litterarum</span> <span class='ocrx_word' id='word_1_284' title='bbox 1851 3171 2178 3235; x_wconf 88' lang='lat' dir='ltr'>missarum</span> <span class='ocrx_word' id='word_1_285' title='bbox 2205 3170 2408 3235; x_wconf 88' lang='lat' dir='ltr'>ducali</span> <span class='ocrx_word' id='word_1_286' title='bbox 2455 3168 2723 3235; x_wconf 89' lang='lat' dir='ltr'>dominio</span> <span class='ocrx_word' id='word_1_287' title='bbox 2769 3188 2878 3253; x_wconf 90' lang='lat' dir='ltr'>per</span> <span class='ocrx_word' id='word_1_288' title='bbox 2926 3169 3129 3234; x_wconf 91' lang='lat' dir='ltr'>domi-</span> 
     </span>
     <span class='ocr_line' id='line_1_31' title="bbox 392 3257 3130 3342; baseline -0 -19"><span class='ocrx_word' id='word_1_289' title='bbox 392 3277 542 3324; x_wconf 87' lang='lat' dir='ltr'>nam</span> <span class='ocrx_word' id='word_1_290' title='bbox 590 3259 896 3342; x_wconf 86' lang='lat' dir='ltr'>Reginam</span> <span class='ocrx_word' id='word_1_291' title='bbox 941 3258 1282 3341; x_wconf 88' lang='lat' dir='ltr'>Hungarie.</span> <span class='ocrx_word' id='word_1_292' title='bbox 1347 3258 1570 3323; x_wconf 90' lang='lat' dir='ltr'>Vestre</span> <span class='ocrx_word' id='word_1_293' title='bbox 1639 3258 1842 3323; x_wconf 89' lang='lat' dir='ltr'>ducali</span> <span class='ocrx_word' id='word_1_294' title='bbox 1910 3258 2366 3341; x_wconf 85' lang='lat' dir='ltr'>magnificentie</span> <span class='ocrx_word' id='word_1_295' title='bbox 2428 3259 2640 3323; x_wconf 91' lang='lat' dir='ltr'>notum</span> <span class='ocrx_word' id='word_1_296' title='bbox 2712 3257 2973 3322; x_wconf 86' lang='lat' dir='ltr'>facimus</span> <span class='ocrx_word' id='word_1_297' title='bbox 3020 3277 3130 3341; x_wconf 92' lang='lat' dir='ltr'>per</span> 
     </span>
     <span class='ocr_line' id='line_1_32' title="bbox 390 3343 3130 3431; baseline -0.001 -19"><span class='ocrx_word' id='word_1_298' title='bbox 390 3349 752 3431; x_wconf 81' lang='lat' dir='ltr'>presenteS,</span> <span class='ocrx_word' id='word_1_299' title='bbox 802 3346 961 3429; x_wconf 86' lang='lat' dir='ltr'>quod</span> <span class='ocrx_word' id='word_1_300' title='bbox 1011 3364 1119 3428; x_wconf 91' lang='lat' dir='ltr'>pro</span> <span class='ocrx_word' id='word_1_301' title='bbox 1186 3344 1611 3411; x_wconf 84' lang='lat' dir='ltr'>satisfactione</span> <span class='ocrx_word' id='word_1_302' title='bbox 1676 3346 1914 3425; x_wconf 90' lang='lat' dir='ltr'>fienda,</span> <span class='ocrx_word' id='word_1_303' title='bbox 1965 3365 2072 3428; x_wconf 93' lang='lat' dir='ltr'>pro</span> <span class='ocrx_word' id='word_1_304' title='bbox 2136 3346 2280 3424; x_wconf 85' lang='lat' dir='ltr'>illis,</span> <span class='ocrx_word' id='word_1_305' title='bbox 2344 3364 2492 3428; x_wconf 92' lang='lat' dir='ltr'>quos</span> <span class='ocrx_word' id='word_1_306' title='bbox 2556 3343 2716 3410; x_wconf 90' lang='lat' dir='ltr'>lesos</span> <span class='ocrx_word' id='word_1_307' title='bbox 2772 3346 2948 3410; x_wconf 89' lang='lat' dir='ltr'>nobis</span> <span class='ocrx_word' id='word_1_308' title='bbox 2995 3364 3130 3411; x_wconf 89' lang='lat' dir='ltr'>esse</span> 
     </span>
     <span class='ocr_line' id='line_1_33' title="bbox 390 3433 3129 3517; baseline -0.001 -16"><span class='ocrx_word' id='word_1_309' title='bbox 390 3435 800 3514; x_wconf 82' lang='lat' dir='ltr'>scribebatiS,</span> <span class='ocrx_word' id='word_1_310' title='bbox 849 3433 1115 3499; x_wconf 90' lang='lat' dir='ltr'>nobilem</span> <span class='ocrx_word' id='word_1_311' title='bbox 1186 3436 1251 3498; x_wconf 93' lang='lat' dir='ltr'>et</span> <span class='ocrx_word' id='word_1_312' title='bbox 1310 3434 1603 3498; x_wconf 78' lang='lat' dir='ltr'>eximium</span> <span class='ocrx_word' id='word_1_313' title='bbox 1670 3434 1870 3498; x_wconf 90' lang='lat' dir='ltr'>virum</span> <span class='ocrx_word' id='word_1_314' title='bbox 1933 3434 2197 3498; x_wconf 89' lang='lat' dir='ltr'>Paulum</span> <span class='ocrx_word' id='word_1_315' title='bbox 2265 3434 2339 3497; x_wconf 90' lang='lat' dir='ltr'>de</span> <span class='ocrx_word' id='word_1_316' title='bbox 2387 3433 2549 3517; x_wconf 88' lang='lat' dir='ltr'>Vgal</span> <span class='ocrx_word' id='word_1_317' title='bbox 2599 3433 2870 3497; x_wconf 89' lang='lat' dir='ltr'>bannum</span> <span class='ocrx_word' id='word_1_318' title='bbox 2932 3434 3129 3499; x_wconf 90' lang='lat' dir='ltr'>totius</span> 
     </span>
     <span class='ocr_line' id='line_1_34' title="bbox 393 3521 3128 3604; baseline -0.001 -16"><span class='ocrx_word' id='word_1_319' title='bbox 393 3522 719 3588; x_wconf 85' lang='lat' dir='ltr'>Sclavonie</span> <span class='ocrx_word' id='word_1_320' title='bbox 765 3521 935 3586; x_wconf 87' lang='lat' dir='ltr'>iuxta</span> <span class='ocrx_word' id='word_1_321' title='bbox 982 3522 1258 3585; x_wconf 90' lang='lat' dir='ltr'>nostram</span> <span class='ocrx_word' id='word_1_322' title='bbox 1304 3521 1750 3586; x_wconf 90' lang='lat' dir='ltr'>ordinationem</span> <span class='ocrx_word' id='word_1_323' title='bbox 1815 3523 1892 3586; x_wconf 88' lang='lat' dir='ltr'>ad</span> <span class='ocrx_word' id='word_1_324' title='bbox 1955 3523 2159 3604; x_wconf 89' lang='lat' dir='ltr'>partes</span> <span class='ocrx_word' id='word_1_325' title='bbox 2224 3521 2603 3587; x_wconf 87' lang='lat' dir='ltr'>marittimas</span> <span class='ocrx_word' id='word_1_326' title='bbox 2666 3521 2792 3585; x_wconf 90' lang='lat' dir='ltr'>iam</span> <span class='ocrx_word' id='word_1_327' title='bbox 2838 3521 3128 3586; x_wconf 88' lang='lat' dir='ltr'>duximus</span> 
     </span>
     <span class='ocr_line' id='line_1_35' title="bbox 388 3608 3129 3693; baseline -0.001 -18"><span class='ocrx_word' id='word_1_328' title='bbox 388 3609 851 3687; x_wconf 85' lang='lat' dir='ltr'>destinandum,</span> <span class='ocrx_word' id='word_1_329' title='bbox 902 3608 977 3674; x_wconf 89' lang='lat' dir='ltr'>ad</span> <span class='ocrx_word' id='word_1_330' title='bbox 1024 3628 1209 3691; x_wconf 89' lang='lat' dir='ltr'>qnem</span> <span class='ocrx_word' id='word_1_331' title='bbox 1256 3611 1499 3674; x_wconf 84' lang='lat' dir='ltr'>vestros</span> <span class='ocrx_word' id='word_1_332' title='bbox 1538 3609 1791 3673; x_wconf 91' lang='lat' dir='ltr'>nuncios</span> <span class='ocrx_word' id='word_1_333' title='bbox 1839 3609 2163 3674; x_wconf 87' lang='lat' dir='ltr'>destinetis</span> <span class='ocrx_word' id='word_1_334' title='bbox 2206 3609 2266 3673; x_wconf 93' lang='lat' dir='ltr'>in</span> <span class='ocrx_word' id='word_1_335' title='bbox 2309 3609 2638 3693; x_wconf 81' lang='lat' dir='ltr'>Tyninum,</span> <span class='ocrx_word' id='word_1_336' title='bbox 2686 3608 2791 3691; x_wconf 92' lang='lat' dir='ltr'>qui</span> <span class='ocrx_word' id='word_1_337' title='bbox 2838 3628 2908 3674; x_wconf 88' lang='lat' dir='ltr'>ex</span> <span class='ocrx_word' id='word_1_338' title='bbox 2952 3628 3129 3673; x_wconf 90' lang='lat' dir='ltr'>man-</span> 
     </span>
     <span class='ocr_line' id='line_1_36' title="bbox 394 3696 3126 3779; baseline -0.001 -15"><span class='ocrx_word' id='word_1_339' title='bbox 394 3701 546 3764; x_wconf 89' lang='lat' dir='ltr'>dato</span> <span class='ocrx_word' id='word_1_340' title='bbox 596 3696 829 3762; x_wconf 91' lang='lat' dir='ltr'>domini</span> <span class='ocrx_word' id='word_1_341' title='bbox 875 3696 1048 3761; x_wconf 89' lang='lat' dir='ltr'>ducis</span> <span class='ocrx_word' id='word_1_342' title='bbox 1098 3697 1396 3779; x_wconf 88' lang='lat' dir='ltr'>Stephani</span> <span class='ocrx_word' id='word_1_343' title='bbox 1438 3697 1549 3761; x_wconf 90' lang='lat' dir='ltr'>filii</span> <span class='ocrx_word' id='word_1_344' title='bbox 1596 3697 1793 3761; x_wconf 91' lang='lat' dir='ltr'>nostri</span> <span class='ocrx_word' id='word_1_345' title='bbox 1843 3696 2155 3761; x_wconf 82' lang='lat' dir='ltr'>karissimi</span> <span class='ocrx_word' id='word_1_346' title='bbox 2213 3698 2276 3761; x_wconf 90' lang='lat' dir='ltr'>et</span> <span class='ocrx_word' id='word_1_347' title='bbox 2322 3700 2532 3762; x_wconf 81' lang='lat' dir='ltr'>nostro</span> <span class='ocrx_word' id='word_1_348' title='bbox 2592 3696 2934 3761; x_wconf 88' lang='lat' dir='ltr'>satisfaciet</span> <span class='ocrx_word' id='word_1_349' title='bbox 2977 3715 3126 3778; x_wconf 89' lang='lat' dir='ltr'>que-</span> 
     </span>
     <span class='ocr_line' id='line_1_37' title="bbox 386 3783 3131 3852; baseline -0.001 -2"><span class='ocrx_word' id='word_1_350' title='bbox 386 3786 736 3852; x_wconf 88' lang='lat' dir='ltr'>relantibus</span> <span class='ocrx_word' id='word_1_351' title='bbox 782 3785 952 3849; x_wconf 87' lang='lat' dir='ltr'>iuxta</span> <span class='ocrx_word' id='word_1_352' title='bbox 1002 3803 1212 3850; x_wconf 90' lang='lat' dir='ltr'>eorum</span> <span class='ocrx_word' id='word_1_353' title='bbox 1259 3803 1493 3848; x_wconf 88' lang='lat' dir='ltr'>meram</span> <span class='ocrx_word' id='word_1_354' title='bbox 1541 3784 1859 3849; x_wconf 89' lang='lat' dir='ltr'>lesionem.</span> <span class='ocrx_word' id='word_1_355' title='bbox 1919 3785 2152 3850; x_wconf 91' lang='lat' dir='ltr'>Datum</span> <span class='ocrx_word' id='word_1_356' title='bbox 2202 3785 2414 3850; x_wconf 90' lang='lat' dir='ltr'>Budue</span> <span class='ocrx_word' id='word_1_357' title='bbox 2462 3784 2524 3849; x_wconf 93' lang='lat' dir='ltr'>in</span> <span class='ocrx_word' id='word_1_358' title='bbox 2571 3787 2788 3850; x_wconf 85' lang='lat' dir='ltr'>octava</span> <span class='ocrx_word' id='word_1_359' title='bbox 2832 3783 2975 3847; x_wconf 84' lang='lat' dir='ltr'>festi</span> <span class='ocrx_word' id='word_1_360' title='bbox 3023 3784 3131 3848; x_wconf 92' lang='lat' dir='ltr'>be-</span> 
     </span>
    </p>
   </div>
   <div class='ocr_carea' id='block_1_6' title="bbox 388 3869 2166 4033">
    <p class='ocr_par' dir='ltr' id='par_1_6' title="bbox 388 3869 2166 4033">
     <span class='ocr_line' id='line_1_38' title="bbox 388 3869 1966 3956; baseline -0.001 -17"><span class='ocrx_word' id='word_1_361' title='bbox 388 3878 644 3941; x_wconf 88' lang='lat' dir='ltr'>atorum</span> <span class='ocrx_word' id='word_1_362' title='bbox 693 3873 864 3938; x_wconf 89' lang='lat' dir='ltr'>Petri</span> <span class='ocrx_word' id='word_1_363' title='bbox 912 3874 976 3936; x_wconf 89' lang='lat' dir='ltr'>et</span> <span class='ocrx_word' id='word_1_364' title='bbox 1021 3871 1199 3936; x_wconf 88' lang='lat' dir='ltr'>Pauli</span> <span class='ocrx_word' id='word_1_365' title='bbox 1247 3872 1665 3955; x_wconf 90' lang='lat' dir='ltr'>apostolorum</span> <span class='ocrx_word' id='word_1_366' title='bbox 1716 3869 1966 3956; x_wconf 79' lang='lat'>(1350).</span> 
     </span>
     <span class='ocr_line' id='line_1_39' title="bbox 479 3962 2166 4033; baseline -0.003 -6"><span class='ocrx_word' id='word_1_367' title='bbox 479 3964 1059 4027; x_wconf 79' lang='lat' dir='ltr'>Commemorialium</span> <span class='ocrx_word' id='word_1_368' title='bbox 1105 3962 1219 4022; x_wconf 89' lang='lat' dir='ltr'>IV.</span> <span class='ocrx_word' id='word_1_369' title='bbox 1271 3965 1414 4033; x_wconf 83' lang='lat'>176,</span> <span class='ocrx_word' id='word_1_370' title='bbox 1460 3981 1501 4021; x_wconf 80' lang='lat' dir='ltr'><strong><em>u</em></strong></span> <span class='ocrx_word' id='word_1_371' title='bbox 1545 3964 1888 4023; x_wconf 67' lang='lat' dir='ltr'>mletackom</span> <span class='ocrx_word' id='word_1_372' title='bbox 1933 3964 2166 4022; x_wconf 82' lang='lat' dir='ltr'>arkivu.</span> 
     </span>
    </p>
   </div>
   <div class='ocr_carea' id='block_1_7' title="bbox 694 4150 2845 4252">
    <p class='ocr_par' dir='ltr' id='par_1_7' title="bbox 694 4150 2845 4252">
     <span class='ocr_line' id='line_1_40' title="bbox 694 4150 2845 4252; baseline -0.002 -16"><span class='ocrx_word' id='word_1_373' title='bbox 694 4150 1188 4236; x_wconf 85' lang='lat' dir='ltr'>CCLXXII.</span> <span class='ocrx_word' id='word_1_374' title='bbox 1262 4151 1468 4234; x_wconf 64' lang='lat' dir='ltr'>eod.</span> <span class='ocrx_word' id='word_1_375' title='bbox 1524 4150 1753 4235; x_wconf 77' lang='lat'>1350.</span> <span class='ocrx_word' id='word_1_376' title='bbox 1807 4152 1895 4232; x_wconf 94' lang='grc'>11</span> <span class='ocrx_word' id='word_1_377' title='bbox 1952 4151 2282 4252; x_wconf 81' lang='lat' dir='ltr'>srpnja,</span> <span class='ocrx_word' id='word_1_378' title='bbox 2335 4174 2396 4232; x_wconf 89' lang='lat' dir='ltr'>u</span> <span class='ocrx_word' id='word_1_379' title='bbox 2449 4150 2845 4232; x_wconf 83' lang='lat' dir='ltr'>Mletcih.</span> 
     </span>
    </p>
   </div>
   <div class='ocr_carea' id='block_1_8' title="bbox 385 4256 3129 4442">
    <p class='ocr_par' dir='ltr' id='par_1_8' title="bbox 385 4256 3129 4442">
     <span class='ocr_line' id='line_1_41' title="bbox 385 4256 3129 4357; baseline -0.003 -14"><span class='ocrx_word' id='word_1_380' title='bbox 385 4268 567 4357; x_wconf 69' lang='lat' dir='ltr'>Sah&#39;u</span> <span class='ocrx_word' id='word_1_381' title='bbox 622 4297 686 4341; x_wconf 81' lang='lat' dir='ltr'>se</span> <span class='ocrx_word' id='word_1_382' title='bbox 732 4281 849 4339; x_wconf 86' lang='lat' dir='ltr'>dva</span> <span class='ocrx_word' id='word_1_383' title='bbox 890 4281 1169 4339; x_wconf 65' lang='lat' dir='ltr'>sveteana</span> <span class='ocrx_word' id='word_1_384' title='bbox 1203 4279 1531 4351; x_wconf 76' lang='lat' dir='ltr'>poscanika</span> <span class='ocrx_word' id='word_1_385' title='bbox 1575 4279 1614 4337; x_wconf 81' lang='lat' dir='ltr'><em>k</em></span> <span class='ocrx_word' id='word_1_386' title='bbox 1657 4256 1964 4337; x_wconf 63' lang='lat' dir='ltr'>srbskoimu</span> <span class='ocrx_word' id='word_1_387' title='bbox 2010 4295 2158 4337; x_wconf 84' lang='lat' dir='ltr'>caru</span> <span class='ocrx_word' id='word_1_388' title='bbox 2201 4279 2226 4335; x_wconf 83' lang='lat' dir='ltr'><strong><em>i</em></strong></span> <span class='ocrx_word' id='word_1_389' title='bbox 2269 4279 2308 4336; x_wconf 80' lang='grc' dir='ltr'>Ιο</span> <span class='ocrx_word' id='word_1_390' title='bbox 2353 4278 2514 4336; x_wconf 71' lang='lat' dir='ltr'>bama</span> <span class='ocrx_word' id='word_1_391' title='bbox 2559 4279 2949 4337; x_wconf 78' lang='lat' dir='ltr'>bosanskomu</span> <span class='ocrx_word' id='word_1_392' title='bbox 2969 4321 2982 4347; x_wconf 89' lang='lat'>,</span> <span class='ocrx_word' id='word_1_393' title='bbox 3047 4276 3129 4336; x_wconf 82' lang='lat' dir='ltr'>da</span> 
     </span>
     <span class='ocr_line' id='line_1_42' title="bbox 959 4365 2575 4442; baseline -0.001 -16"><span class='ocrx_word' id='word_1_394' title='bbox 959 4368 1059 4442; x_wconf 72' lang='lat' dir='ltr'>jih</span> <span class='ocrx_word' id='word_1_395' title='bbox 1080 4368 1330 4440; x_wconf 78' lang='lat' dir='ltr'>pomire,</span> <span class='ocrx_word' id='word_1_396' title='bbox 1375 4368 1400 4426; x_wconf 81' lang='lat' dir='ltr'><strong><em>i</em></strong></span> <span class='ocrx_word' id='word_1_397' title='bbox 1446 4367 1526 4424; x_wconf 87' lang='lat' dir='ltr'>da</span> <span class='ocrx_word' id='word_1_398' title='bbox 1570 4367 1802 4439; x_wconf 75' lang='lat' dir='ltr'>nastoje</span> <span class='ocrx_word' id='word_1_399' title='bbox 1847 4382 1880 4424; x_wconf 92' lang='lat' dir='ltr'>o</span> <span class='ocrx_word' id='word_1_400' title='bbox 1926 4367 2112 4424; x_wconf 81' lang='lat' dir='ltr'>dobru</span> <span class='ocrx_word' id='word_1_401' title='bbox 2158 4365 2575 4424; x_wconf 66' lang='lat' dir='ltr'>DubrovCana.</span> 
     </span>
    </p>
   </div>
   <div class='ocr_carea' id='block_1_9' title="bbox 382 4484 3127 4839">
    <p class='ocr_par' dir='ltr' id='par_1_9' title="bbox 382 4484 3127 4839">
     <span class='ocr_line' id='line_1_43' title="bbox 616 4484 3127 4568; baseline -0.002 -15"><span class='ocrx_word' id='word_1_402' title='bbox 616 4489 804 4553; x_wconf 82' lang='lat'>1350.</span> <span class='ocrx_word' id='word_1_403' title='bbox 851 4488 1183 4553; x_wconf 79' lang='lat' dir='ltr'>indictione</span> <span class='ocrx_word' id='word_1_404' title='bbox 1232 4488 1346 4566; x_wconf 90' lang='lat' dir='ltr'>III,</span> <span class='ocrx_word' id='word_1_405' title='bbox 1388 4486 1487 4550; x_wconf 89' lang='lat' dir='ltr'>die</span> <span class='ocrx_word' id='word_1_406' title='bbox 1533 4485 1625 4549; x_wconf 92' lang='lat' dir='ltr'>XI</span> <span class='ocrx_word' id='word_1_407' title='bbox 1671 4484 1842 4564; x_wconf 90' lang='lat' dir='ltr'>iulii,</span> <span class='ocrx_word' id='word_1_408' title='bbox 1910 4486 2130 4568; x_wconf 86' lang='lat' dir='ltr'>capta:</span> <span class='ocrx_word' id='word_1_409' title='bbox 2186 4485 2330 4567; x_wconf 89' lang='lat' dir='ltr'>quia</span> <span class='ocrx_word' id='word_1_410' title='bbox 2371 4486 2468 4550; x_wconf 88' lang='lat' dir='ltr'>est</span> <span class='ocrx_word' id='word_1_411' title='bbox 2526 4486 2721 4551; x_wconf 92' lang='lat' dir='ltr'>honor</span> <span class='ocrx_word' id='word_1_412' title='bbox 2769 4486 2975 4550; x_wconf 90' lang='lat' dir='ltr'>noster</span> <span class='ocrx_word' id='word_1_413' title='bbox 3020 4503 3127 4566; x_wconf 90' lang='lat' dir='ltr'>pro</span> 
     </span>
     <span class='ocr_line' id='line_1_44' title="bbox 385 4572 3127 4661; baseline -0.004 -16"><span class='ocrx_word' id='word_1_414' title='bbox 385 4579 555 4645; x_wconf 93' lang='lat' dir='ltr'>omni</span> <span class='ocrx_word' id='word_1_415' title='bbox 605 4578 894 4661; x_wconf 88' lang='lat' dir='ltr'>respectu</span> <span class='ocrx_word' id='word_1_416' title='bbox 941 4578 1005 4642; x_wconf 92' lang='lat' dir='ltr'>et</span> <span class='ocrx_word' id='word_1_417' title='bbox 1051 4575 1317 4640; x_wconf 86' lang='lat' dir='ltr'>maxime</span> <span class='ocrx_word' id='word_1_418' title='bbox 1367 4577 1616 4657; x_wconf 86' lang='lat' dir='ltr'>propter</span> <span class='ocrx_word' id='word_1_419' title='bbox 1641 4591 1932 4656; x_wconf 89' lang='lat' dir='ltr'>magnam</span> <span class='ocrx_word' id='word_1_420' title='bbox 1957 4572 2363 4651; x_wconf 87' lang='lat' dir='ltr'>affectionem,</span> <span class='ocrx_word' id='word_1_421' title='bbox 2415 4591 2602 4655; x_wconf 88' lang='lat' dir='ltr'>quam</span> <span class='ocrx_word' id='word_1_422' title='bbox 2649 4573 2725 4637; x_wconf 86' lang='lat' dir='ltr'>ad</span> <span class='ocrx_word' id='word_1_423' title='bbox 2770 4591 2880 4637; x_wconf 91' lang='lat' dir='ltr'>nos</span> <span class='ocrx_word' id='word_1_424' title='bbox 2917 4574 3127 4637; x_wconf 89' lang='lat' dir='ltr'>osten·</span> 
     </span>
     <span class='ocr_line' id='line_1_45' title="bbox 384 4659 3125 4749; baseline -0.004 -17"><span class='ocrx_word' id='word_1_425' title='bbox 384 4668 614 4732; x_wconf 88' lang='lat' dir='ltr'>derunt</span> <span class='ocrx_word' id='word_1_426' title='bbox 652 4685 764 4749; x_wconf 91' lang='lat' dir='ltr'>per</span> <span class='ocrx_word' id='word_1_427' title='bbox 808 4664 1095 4729; x_wconf 84' lang='lat' dir='ltr'>effectum</span> <span class='ocrx_word' id='word_1_428' title='bbox 1142 4667 1272 4727; x_wconf 90' lang='lat' dir='ltr'>tam</span> <span class='ocrx_word' id='word_1_429' title='bbox 1323 4661 1611 4726; x_wconf 89' lang='lat' dir='ltr'>dominus</span> <span class='ocrx_word' id='word_1_430' title='bbox 1658 4679 1758 4724; x_wconf 87' lang='lat' dir='ltr'>rex</span> <span class='ocrx_word' id='word_1_431' title='bbox 1803 4660 1997 4724; x_wconf 82' lang='lat' dir='ltr'>Raxie</span> <span class='ocrx_word' id='word_1_432' title='bbox 2042 4679 2227 4743; x_wconf 89' lang='lat' dir='ltr'>quam</span> <span class='ocrx_word' id='word_1_433' title='bbox 2273 4661 2468 4725; x_wconf 88' lang='lat' dir='ltr'>eciam</span> <span class='ocrx_word' id='word_1_434' title='bbox 2519 4662 2711 4725; x_wconf 88' lang='lat' dir='ltr'>banus</span> <span class='ocrx_word' id='word_1_435' title='bbox 2758 4661 2978 4737; x_wconf 89' lang='lat' dir='ltr'>Bosne,</span> <span class='ocrx_word' id='word_1_436' title='bbox 3029 4659 3125 4722; x_wconf 92' lang='lat' dir='ltr'>in-</span> 
     </span>
     <span class='ocr_line' id='line_1_46' title="bbox 382 4746 3122 4839; baseline -0.005 -19"><span class='ocrx_word' id='word_1_437' title='bbox 382 4756 707 4839; x_wconf 86' lang='lat' dir='ltr'>terponere</span> <span class='ocrx_word' id='word_1_438' title='bbox 755 4770 865 4817; x_wconf 89' lang='lat' dir='ltr'>uos</span> <span class='ocrx_word' id='word_1_439' title='bbox 913 4753 987 4817; x_wconf 90' lang='lat' dir='ltr'>de</span> <span class='ocrx_word' id='word_1_440' title='bbox 1034 4749 1355 4816; x_wconf 88' lang='lat' dir='ltr'>concordio</span> <span class='ocrx_word' id='word_1_441' title='bbox 1400 4749 1563 4814; x_wconf 90' lang='lat' dir='ltr'>inter</span> <span class='ocrx_word' id='word_1_442' title='bbox 1607 4766 1745 4813; x_wconf 90' lang='lat' dir='ltr'>eos:</span> <span class='ocrx_word' id='word_1_443' title='bbox 1791 4748 1966 4814; x_wconf 83' lang='lat' dir='ltr'>vadit</span> <span class='ocrx_word' id='word_1_444' title='bbox 2010 4767 2171 4832; x_wconf 78' lang='lat' dir='ltr'>pare,</span> <span class='ocrx_word' id='word_1_445' title='bbox 2223 4748 2384 4830; x_wconf 90' lang='lat' dir='ltr'>quod</span> <span class='ocrx_word' id='word_1_446' title='bbox 2425 4746 2497 4812; x_wconf 91' lang='lat' dir='ltr'>in</span> <span class='ocrx_word' id='word_1_447' title='bbox 2542 4748 2700 4813; x_wconf 88' lang='lat' dir='ltr'>bona</span> <span class='ocrx_word' id='word_1_448' title='bbox 2757 4747 2964 4831; x_wconf 87' lang='lat' dir='ltr'>gratia</span> <span class='ocrx_word' id='word_1_449' title='bbox 3010 4761 3122 4826; x_wconf 90' lang='lat' dir='ltr'>pro</span> 
     </span>
    </p>
   </div>
  </div>
 </body>
</html>
