3620 5282
3034 341 3164 407 307

644 515 803 579 Item
846 516 1005 598 quod
1053 516 1476 580 comestabilis
1539 518 1622 581 sit
1681 516 1915 600 plezius
1976 533 2084 598 pro
2144 514 2431 580 omnibus
2497 515 2625 579 suis
2672 514 2850 579 sotiis
2899 518 2962 580 et
3009 515 3158 581 sotii

437 621 542 683 pro
588 601 1116 680 comestabilibuS,
1166 606 1231 667 et
1277 605 1465 668 etiam
1518 623 1675 668 unus
1718 623 1829 685 pro
1871 603 1992 667 alio
2034 603 2095 665 in
2143 601 2410 666 solidum
2459 601 2535 666 de
2582 601 2754 666 soldo
2798 603 2864 666 et
2909 604 2981 666 de
3033 621 3167 667 om·
3289 609 3297 618 '

437 690 636 768 nibus,
685 708 801 772 que
848 693 1208 754 tenerentur
1253 693 1316 755 et
1356 692 1892 756 committerentur
1938 691 2154 754 contra
2200 707 2524 754 commune
2555 688 2977 755 Venetiarum.

649 778 809 842 Item
859 776 1018 859 quod
1062 778 1326 860 quilibet
1372 798 1564 862 equus
1612 780 1677 843 et
1722 780 2006 843 roncinus
2052 777 2274 841 debeat
2313 775 2596 841 extimari
2644 778 2707 841 et
2755 775 2954 841 bulari
3001 776 3165 842 sicut

445 864 607 930 iuste
653 865 938 943 valuerit,
988 867 1052 929 et
1098 866 1268 930 dicta
1314 867 1715 931 extimatione
1762 864 2439 940 tertium‘deducatur,
2488 868 2550 928 et
2595 863 2672 928 de
2719 882 2806 941 eo,
2874 865 3033 946 quod
3070 884 3167 929 re-

443 952 657 1032 stabit,
703 953 968 1035 ponatur
1012 953 1277 1034 pretium
1330 952 1483 1018 dicti
1528 954 1666 1035 equi
1708 953 1772 1017 in
1818 952 1980 1017 facto
2028 953 2301 1028 emende,
2352 970 2470 1033 que
2518 950 2838 1016 extimatio
2885 951 3020 1015 fieri
3059 950 3168 1017 de-

437 1040 545 1105 bet
592 1060 700 1123 per
745 1039 906 1116 illos,
957 1040 1060 1122 qui
1100 1040 1178 1103 ad
1225 1041 1339 1105 hoc
1384 1040 1617 1105 fuerint
1661 1040 1944 1124 deputati
1988 1059 2096 1122 per
2145 1057 2468 1103 commune
2509 1038 2930 1103 Venetiarum.

648 1128 808 1191 Item
858 1127 1261 1210 promittatur
1307 1129 1415 1206 eis,
1464 1129 1621 1210 quod
1669 1148 1775 1211 per
1841 1146 2032 1192 unum
2094 1145 2370 1190 mensem
2433 1128 2576 1190 ante
2639 1126 3166 1208 complementum

446 1214 621 1279 firme
669 1234 775 1279 sue
822 1214 1243 1280 notificabitur
1308 1217 1433 1294 eie,
1498 1215 1555 1279 si
1613 1216 1894 1281 dominus
1937 1214 2059 1279 dux
2123 1215 2187 1278 et
2247 1231 2571 1278 commune
2619 1213 3020 1278 Venetiarum
3062 1231 3166 1277 eos

438 1301 709 1386 amplius
754 1302 832 1365 ad
882 1321 1058 1366 suum
1108 1303 1430 1367 servitium
1477 1304 1758 1368 voluerit.

648 1390 806 1454 Item
855 1389 1017 1472 quod
1062 1391 1479 1456 comestabilis
1526 1409 1635 1456 seu
1696 1389 1887 1472 aliqui
1954 1387 2229 1470 equitum
2295 1388 2737 1470 premissorum
2803 1406 2919 1452 non
2966 1388 3166 1471 possit

443 1476 620 1540 modo
669 1477 874 1558 aliquo
922 1477 1051 1542 sive
1097 1480 1423 1559 equitando
1471 1479 1549 1542 ad
1596 1497 1772 1542 suam
1822 1479 2062 1560 portam
2111 1475 2237 1540 sive
2300 1476 2377 1539 ad
2424 1478 2669 1558 portam
2716 1476 3022 1558 capitanei
3068 1474 3165 1539 fa-

444 1581 579 1628 cere
617 1564 891 1647 aliquam
939 1564 1434 1642 derobationem‚
1481 1565 1818 1631 corrariam
1866 1564 1963 1630 vel
2010 1564 2348 1645 dampnum
2402 1562 2466 1625 in
2512 1562 2788 1646 personis
2839 1563 2937 1627 vel
2982 1563 3164 1627 rebus

446 1651 793 1734 aliquorum
836 1654 898 1717 et
942 1652 1059 1716 nisi
1108 1652 1308 1737 primo
1352 1654 1467 1717 hoc
1492 1654 1707 1718 notum
1756 1650 2013 1717 fecerint
2038 1650 2356 1732 capitaneo
2403 1650 2466 1714 et
2512 1649 2870 1714 nisihabita
2915 1650 3168 1715 licentia

448 1757 734 1821 expressa
777 1757 814 1803 a
860 1740 1184 1821 capitaneo
1230 1742 1606 1815 memorato:
1657 1741 1719 1804 et
1765 1741 1818 1804 si
1858 1741 2070 1803 contra
2118 1737 2375 1801 fecerint
2421 1739 2533 1800 aut
2574 1736 2852 1819 ipsorum
2914 1737 3163 1820 aliquia,

448 1827 521 1891 de
565 1845 674 1891 suo
722 1827 968 1910 proprio
1016 1827 1353 1910 dampnum
1401 1828 1634 1893 factum
1684 1846 1791 1891 seu
1838 1825 2295 1890 derobationem
2331 1825 2656 1889 emendare
2704 1827 2768 1889 et
2807 1824 3164 1889 satisfacere

440 1915 765 1979 teneantur
810 1914 908 1979 vel
954 1916 1254 1980 teneatur.

658 2003 818 2067 Item
868 2002 921 2067 si
968 2004 1331 2084 equitabunt
1378 2004 1591 2068 contra
1636 2001 1923 2066 inimicos
1970 1999 2048 2064 ad
2094 2002 2334 2084 portam
2375 1999 2717 2063 communis
2742 1997 3164 2077 Venetiarum,

441 2089 505 2152 et
548 2088 644 2153 sui
691 2088 830 2171 equi
877 2092 1400 2173 magagnerentur
1449 2091 1544 2155 vel
1592 2089 1989 2171 perderentur
2036 2089 2099 2152 in
2146 2088 2282 2170 ipsa
2313 2087 2649 2166 cavalcata,
2698 2085 2964 2150 debeant
3010 2086 3162 2151 dicti

441 2176 581 2258 equi
630 2176 945 2241 emendari
991 2197 1098 2259 per
1141 2193 1465 2243 commune
1512 2177 1950 2254 Venetiarum,
1999 2177 2063 2240 et
2119 2175 2398 2251 lucrum,
2470 2174 2628 2256 quod
2686 2173 2912 2238 facient
2953 2177 3167 2240 contra

442 2262 743 2343 inimico8‚
791 2264 920 2330 sint
965 2264 1235 2343 iilorum,
1291 2266 1395 2348 qui
1442 2266 1827 2347 equitabunt,
1876 2262 2150 2345 exceptis‘
2179 2262 2475 2346 personiS,
2524 2281 2644 2344 qne
2686 2264 3051 2343 caperentur
3098 2263 3162 2326 in

440 2351 623 2416 terris
658 2354 721 2416 et
763 2350 939 2429 locis,
988 2372 1106 2434 que
1154 2354 1218 2417 et
1268 2355 1375 2436 qui
1418 2352 1683 2418 debeant
1727 2370 1862 2416 esse
1907 2351 2251 2416 communis
2297 2348 2716 2415 Venetiarum.

652 2440 909 2522 Insuper
954 2441 1101 2522 quia
1149 2440 1298 2505 dicti
1347 2440 1683 2505 mittuntur
1725 2438 2138 2516 Sclavoniam‚
2211 2437 2475 2501 debeant
2520 2435 2674 2501 dicti
2721 2436 2891 2501 mitti
2937 2435 3015 2499 ad
3062 2454 3165 2500 ex·

439 2544 660 2608 pensas
706 2527 1048 2592 communis
1110 2528 1520 2594 Venetiarum
1583 2528 1970 2610 navigiorum
2020 2528 2288 2603 tantum,
2356 2525 2420 2587 et
2479 2523 2772 2590 similiter
2832 2524 2896 2587 in
2957 2541 3166 2588 eorum

440 2613 685 2680 redditu
746 2614 1041 2681 Venetias
1117 2615 1481 2682 reducantur
1541 2616 1619 2680 ad
1680 2632 1975 2698 expensas
2044 2610 2306 2696 predicti
2372 2613 2717 2678 communis
2781 2611 3167 2696 navigiorum

438 2703 1100 2858 tangaentemorialium
1156 2795 1221 2856 V.
1269 2796 1370 2865 50,
1415 2812 1458 2853 u
1504 2761 1655 2854 mle).
1702 2794 1939 2855 arkivu.

782 2981 1140 3063 ccccl„
1206 2981 1412 3064 God.
1468 2981 1696 3066 1356.
1752 2983 1853 3063 16
1909 2978 2265 3081 siecnja,
2320 3002 2381 3061 n
2434 2978 2827 3061 Mletcih.
2914 2965 2924 2974 ’

440 3105 668 3167 Ναῑαέε
712 3125 773 3167 se
819 3108 1009 3167 knezu
1053 3109 1077 3165 i
1119 3109 1354 3167 sudcem
1400 3127 1442 3166 u
1488 3109 1683 3179 Rabu,
1729 3108 1810 3166 da
1855 3109 2105 3181 njekoya
2148 3106 2420 3180 paikoya
2468 3106 2724 3164 liecnika
2768 3110 2930 3164 slave
2974 3122 3018 3164 u
3063 3122 3164 3178 po·

1033 3197 1161 3268 sjed
1209 3197 1558 3265 bastinstva,
1605 3197 1734 3268 koje
1777 3213 1880 3254 mu
1915 3213 1998 3268 po
2043 3194 2175 3253 beni
2223 3194 2570 3267 pripadalo.
2704 3210 2719 3220 ·

660 3313 847 3379 1355.
896 3314 1232 3380 indictione
1278 3315 1393 3380 IX.
1437 3315 1534 3380 die
1581 3315 1730 3379 XVI
1776 3314 2059 3393 ianuarii,
2111 3317 2326 3396 capta:
2383 3333 2524 3377 cum
2573 3312 2869 3394 magister
2917 3312 3167 3396 Marga-

444 3403 605 3467 ritus
653 3402 928 3468 medicus
997 3403 1329 3467 salariatus
1393 3403 1454 3467 in
1496 3403 1664 3486 Pago
1726 3405 2024 3485 exponat,
2091 3401 2276 3484 quod=
2306 3402 2369 3465 in
2434 3400 2768 3464 millesimo
2816 3397 3169 3465 CCCXLIX

442 3489 753 3555 contraxit
798 3509 937 3555 cum
987 3491 1258 3574 quadam
1307 3489 1557 3555 domina
1604 3491 1668 3554 in
1716 3491 1921 3554 insula
1966 3489 2141 3567 Arbi,
2191 3508 2308 3571 que
2332 3490 2578 3553 doctata
2623 3490 2759 3553 erat
2800 3488 2873 3552 de
2915 3488 3172 3570 quibus-

441 3578 587 3642 dam
634 3577 962 3642 territoriis
1013 3579 1150 3643 sitis
1202 3574 1451 3656 ibideni,
1504 3597 1618 3659 que
1677 3578 1923 3660 quidem
1993 3577 2303 3641 territoria
2347 3575 2514 3640 dicta
2574 3576 2707 3640 eius
2773 3592 2956 3654 uxor,
3019 3575 3170 3639 dum

439 3665 617 3745 vixit,
665 3666 870 3748 quiete
918 3667 1121 3730 tenuit
1172 3668 1236 3730 et
1280 3666 1576 3748 possedit,
1622 3665 1730 3730 sed
1778 3665 1913 3746 post
1957 3666 2221 3729 mortem
2285 3664 2518 3747 ipsine,
2585 3663 2871 3727 videlicet
2917 3662 2980 3726 in
3028 3662 3174 3727 mil·

438 3753 659 3819 lesimo
708 3751 998 3818 CCCLIV
1047 3753 1302 3836 quidam
1367 3753 1731 3817 Franciscus
1780 3750 1991 3816 Sertor
2037 3752 2113 3816 de
2174 3751 2342 3816 Arbo
2399 3753 2656 3832 patruus
2716 3750 2878 3814 dicte
2924 3750 3168 3814 domine

439 3841 767 3924 occupavit
812 3841 1059 3923 propria
1107 3840 1478 3906 auctoritate
1524 3840 1731 3904 omnia
1770 3840 1947 3917 bona,
2018 3858 2136 3921 que
2200 3840 2328 3921 ipse
2376 3838 2754 3920 Margaritus
2821 3837 2967 3900 tunc
3014 3840 3173 3901 tem-

439 3930 605 4012 poris
651 3929 1027 4012 possidebat,
1078 3932 1321 4011 partem
1369 3947 1627 4010 quorum
1672 3927 2121 3993 territoriorum
2174 3926 2342 3990 idern
2389 3924 2769 4007 Margaritus
2818 3924 3041 3989 asserit
3097 3925 3172 3988 de

439 4034 549 4081 suo
593 4016 841 4099 proprio
887 4017 1188 4116 exegisse,
1238 4016 1386 4080 dum
1435 4017 1641 4080 essent
1684 4016 1751 4079 in
1793 4015 2086 4098 pignore:
2151 4012 2437 4095 dicatque
2499 4012 2703 4075 dictus
2766 4010 3171 4094 Margaritae,

438 4106 597 4186 qnod
641 4104 716 4168 de
762 4104 1061 4186 predictis
1103 4104 1442 4187 querellam
1489 4103 1880 4186 deposuisset
1941 4101 2158 4166 comiti
2228 4104 2294 4165 et
2349 4099 2657 4163 iudicibus
2704 4098 2896 4176 Arbi,
2958 4101 3175 4181 petens

436 4191 688 4256 restitui
734 4192 800 4255 in
852 4191 1303 4274 possessionem
1368 4191 1676 4255 dictorum
1744 4191 2078 4267 bonorum,
2146 4190 2293 4270 quia
2340 4190 2483 4269 post
2527 4186 2985 4251 restitutionem
3034 4206 3176 4270 pre·

439 4280 673 4343 dictam
723 4281 978 4362 paratus
1026 4282 1159 4343 erat
1203 4278 1528 4360 unicuique
1577 4280 1943 4361 respondere
1988 4278 2060 4340 de
2117 4276 2268 4340 iure.
2326 4275 2411 4338 Et
2456 4275 2602 4338 licet
2648 4273 2841 4338 nobili
2887 4273 3018 4340 viro
3055 4325 3069 4340 .
3105 4323 3119 4339 .
3159 4324 3174 4340 .

437 4366 655 4431 comiti
706 4368 916 4431 nostro
965 4367 1120 4431 Arbi
1166 4367 1398 4430 iustum
1449 4369 1511 4431 et
1559 4366 1922 4430 conveniens
1987 4363 2335 4439 videretur,
2387 4363 2458 4426 nt
2503 4362 2801 4444 spoliatus
2863 4363 3064 4444 primo
3111 4362 3174 4426 in

437 4453 896 4538 possessionem
945 4455 1114 4518 mitti
1162 4454 1430 4529 deberet,
1485 4456 1696 4518 tamen
1760 4453 2000 4517 iudices
2049 4451 2211 4515 Arbi
2272 4449 2348 4514 ad
2398 4450 2514 4514 hoc
2579 4450 2878 4514 assentire
2926 4449 3180 4514 minime

439 4542 785 4607 voluerint:
836 4542 1010 4606 vadit
1056 4561 1214 4624 pars,
1265 4541 1582 4606 intellecta
1629 4559 1816 4623 super
1865 4541 1964 4604 his
2013 4538 2413 4621 responsione
2461 4536 2688 4619 prefati
2753 4537 3000 4601 comitis
3069 4554 3180 4600 nec

436 4648 557 4694 non
605 4630 963 4694 auditorum
1008 4628 1485 4705 sententiarum,
1533 4630 1695 4709 quod
1764 4626 2080 4691 scribatur
2127 4627 2191 4690 et
2240 4624 2567 4689 mandetur
2628 4622 2842 4687 comiti
2900 4625 2963 4687 et
3023 4622 3183 4687 iudi-

437 4718 609 4783 cibus
669 4716 867 4796 Arbi,
928 4716 1092 4800 quod
1153 4714 1392 4781 dictum
1460 4714 1871 4780 Franciscum
1944 4713 2255 4778 Sertorem
2322 4711 2628 4794 deponant
2694 4727 2731 4773 a
2778 4710 2994 4851 tenu?
3037 4726 3180 4790 pos-
