3620 5282
2953 381 3077 448 291

364 555 615 630 vallare,
666 557 728 618 et
775 554 1053 637 ipsarum
1100 555 1429 637 petitiones
1461 553 1784 620 liberalius
1831 557 2135 630 exaudire,
2185 558 2411 638 quanto
2442 554 2693 619 ducatui
2726 558 2933 622 nostro
2978 560 3082 622 de-

365 644 631 707 votiores
663 643 780 707 fide
815 644 877 707 et
909 643 1198 725 operibus
1248 663 1313 707 se
1359 645 1709 708 ostendunt.
1789 645 2205 709 Attendentes
2241 643 2432 727 igitur
2480 642 2848 726 multiplicis
2899 647 3081 710 bene-

368 733 633 796 volentie
679 731 1017 813 puritatem
1066 733 1129 795 et
1174 732 1515 795 devotionis
1565 732 2035 816 plenitudinem,
2111 750 2296 815 quam
2346 732 2728 813 magnificus,
2760 735 2821 795 et
2866 736 3082 815 potens

369 820 462 882 vir
509 820 794 883 dominus
841 818 1144 903 Georgius
1192 821 1265 882 de
1312 819 1519 898 Balsa,
1568 823 1750 883 natus
1783 821 2089 903 quondam
2120 819 2463 902 magnituci
2512 819 2743 883 domini
2790 820 2943 885 Jure
3010 823 3082 885 de

369 907 554 972 Balsa
597 908 804 971 intimi
853 913 915 971 et
968 908 1275 972 carissimi
1300 909 1512 986 nostri,
1548 910 1620 972 ad
1653 912 1860 973 nostre
1893 907 2340 993 magnitudinis
2388 908 2812 972 excellentiam
2859 907 3085 973 habere

366 998 668 1078 promptis
739 996 1063 1060 affectibus
1124 1016 1188 1059 se
1255 997 1541 1070 ostendit,
1604 996 1708 1079 qui
1755 998 1816 1061 in
1881 997 2134 1079 agendis
2183 1014 2311 1072 noa
2360 997 2645 1059 ducatum
2697 998 2974 1060 nostrum
3022 999 3086 1061 et

369 1084 712 1166 singulares
778 1102 1065 1166 personas
1134 1084 1392 1148 ducatus
1455 1085 1731 1166 ejusdem
1796 1085 2194 1168 tangentibus
2257 1087 2608 1166 promptum
2669 1088 2731 1148 et
2798 1086 3083 1149 devotum

368 1171 767 1236 laudabiliter
829 1176 892 1236 et
955 1173 1330 1236 incessanter
1391 1191 1454 1236 se
1518 1173 1759 1253 prebuit
1823 1175 2005 1255 atque
2050 1174 2287 1255 prebet,
2337 1171 2846 1254 suplicationibus
2908 1174 3084 1237 nobis

367 1279 480 1324 sua
552 1264 721 1342 parte
780 1261 1077 1342 porrectis
1142 1262 1473 1344 gratiosius
1529 1264 1887 1340 annuentes,
1958 1262 2263 1343 prefatum
2328 1260 2723 1342 magnificum
2771 1262 3082 1325 dominum

369 1347 706 1431 Georgium
771 1352 1115 1413 nostrorum
1177 1351 1452 1412 omnium
1515 1349 1912 1413 consiliorum
1990 1353 2051 1413 et
2113 1349 2680 1412 ordinamentorum
2741 1350 3084 1413 necessaria

368 1435 762 1501 solemnitate
826 1441 1084 1513 servata,
1143 1438 1206 1500 in
1269 1437 1568 1500 Venetum
1633 1442 1695 1502 et
1750 1439 1948 1503 civem
1997 1440 2273 1501 nostrum
2321 1455 2458 1500 cum
2507 1437 2633 1501 suis
2680 1436 2826 1500 filiis
2872 1439 2934 1500 et
2978 1438 3084 1501 he-

368 1526 615 1590 redibus
656 1527 948 1608 perpetuo
993 1525 1333 1606 recepimus
1380 1529 1561 1607 atque
1608 1526 1977 1608 recipimuS,
2037 1529 2100 1589 et
2140 1525 2444 1588 Venetum
2481 1528 2543 1587 et
2576 1524 2772 1588 civem
2807 1528 3080 1589 nostrum

370 1633 514 1678 cum
562 1615 689 1677 suis
737 1615 882 1678 filiis
930 1616 992 1676 et
1038 1613 1363 1678 heredibus
1410 1613 1669 1677 fecimus
1715 1617 1775 1678 et
1808 1614 2070 1681 facimus
2109 1616 2172 1676 et
2209 1632 2314 1695 pro
2347 1613 2582 1677 Veneto
2616 1616 2676 1674 et
2708 1615 2836 1676 cive
2872 1617 3082 1678 nostro

371 1721 510 1767 cum
561 1701 688 1767 suis
715 1702 861 1766 filiis
908 1706 969 1764 et
1010 1701 1337 1767 heredibus
1386 1701 1444 1764 in
1499 1702 1773 1766 Venetiis
1821 1706 1884 1767 et
1907 1704 2056 1766 alibi
2098 1703 2384 1783 deinceps
2417 1700 2630 1765 haberi
2662 1703 2726 1763 et
2758 1702 3073 1783 procurari

371 1790 536 1855 omni
585 1790 806 1854 effectu
850 1795 911 1852 et
957 1790 1337 1872 plenitudine
1384 1792 1663 1854 volumus
1710 1795 1773 1854 et
1825 1790 2101 1867 tractari,
2155 1792 2356 1872 ipsum
2391 1789 2626 1852 sincere
2662 1789 3080 1853 benevolentie

375 1879 638 1943 brachiis
684 1877 1102 1961 amplexantes
1150 1882 1214 1942 et
1258 1877 1517 1941 firmiter
1551 1878 1914 1954 statuentes
1968 1880 2127 1961 qnod
2162 1877 2424 1960 singulis
2452 1878 2866 1954 libertatibuS,
2901 1879 3084 1941 bene-

372 1965 551 2043 ficiis,
602 1967 1096 2031 immunitatibus
1145 1970 1207 2030 et
1248 1967 1580 2030 honoribus
1657 1969 2164 2050 quibuscumque,
2230 1967 2453 2048 quibus
2524 1966 2627 2028 alii
2692 1966 3081 2030 honorabiles

374 2055 594 2119 Veneti
642 2058 706 2119 et
753 2057 917 2120 cives
966 2057 1157 2119 nostri
1207 2055 1481 2137 gaudent
1530 2057 1595 2117 et
1638 2053 1867 2136 perfrui
1903 2056 2367 2137 dignoscuntur,
2402 2056 2677 2135 prefatus
2713 2055 3080 2136 magnificus

370 2143 657 2207 dominus
704 2143 1005 2224 Georgius
1054 2143 1306 2225 eiusque
1352 2143 1467 2206 filii
1513 2145 1575 2206 et
1642 2144 1894 2207 heredes
1966 2145 2028 2207 in
2096 2142 2371 2207 Venetiis
2434 2145 2496 2205 et
2557 2147 2728 2206 extra
2789 2152 3080 2224 perpetuo

369 2234 681 2315 gaudeant
728 2233 792 2295 et
838 2235 1114 2305 utantur,
1163 2230 1451 2312 idemque
1498 2230 1783 2294 dominus
1860 2231 2164 2313 Georgius
2232 2251 2340 2313 per
2397 2249 2576 2293 suum
2626 2234 3084 2311 procuratorem

371 2319 755 2401 legittimum
829 2318 1001 2382 nobis
1066 2319 1386 2383 fidelitatis
1455 2319 1726 2400 prestitit
1783 2322 2056 2384 debitum
2116 2321 2562 2395 iuramentum,
2631 2319 2693 2381 in
2755 2320 2930 2382 cuius
2996 2318 3081 2381 rei

373 2407 557 2470 fidem
609 2409 672 2470 et
719 2407 1090 2470 evidentiam
1142 2408 1479 2489 pleniorem
1532 2426 1778 2487 presens
1826 2408 2220 2491 privilegium
2269 2407 2399 2470 fieri
2450 2407 2764 2477 iussimus,
2813 2411 2876 2471 et
2914 2407 3088 2470 bulla

379 2497 587 2559 nostra
633 2514 821 2558 aurea
866 2497 1168 2576 pendente
1219 2496 1463 2558 muniri.
1516 2496 1743 2559 Datum
1795 2498 1858 2560 in
1907 2501 2115 2561 nostro
2164 2495 2366 2559 ducali
2415 2496 2641 2576 palatio
2688 2514 2845 2559 anno
2892 2496 3088 2559 domi-

374 2583 508 2648 nice
556 2583 990 2648 incarnationis
1040 2582 1368 2648 millesimo
1416 2584 1847 2651 trecentesimo
1895 2587 2287 2668 nonagesimo
2352 2584 2633 2662 secundo,
2705 2585 2803 2649 die
2852 2584 3087 2649 decimo

379 2672 609 2735 mensis
651 2672 887 2747 marcii,
937 2673 1270 2737 indictione
1318 2674 1723 2753 quindecima.

461 2762 646 2823 Liber
685 2763 1136 2838 privileyiorum
1180 2764 1241 2825 I.
1294 2765 1438 2832 100,
1486 2781 1528 2821 u
1574 2765 1729 2823 mlet.
1777 2767 2011 2824 arkivu.

665 2935 1118 3019 CCCCXX.
1175 2935 1381 3022 God.
1435 2937 1657 3019 1392.
1715 2938 1810 3019 18
1865 2937 2235 3037 travnja,
2291 2958 2348 3017 u
2404 2938 2794 3019 Mletcih.

583 3063 902 3126 Provisum
951 3062 1025 3125 de
1073 3062 1355 3124 custodia
1403 3065 1464 3123 et
1513 3061 1973 3125 conservatione
2035 3062 2222 3124 castri
2284 3062 2573 3125 Durachii
2627 3061 2927 3144 assignati
2977 3082 3085 3144 per

378 3149 693 3214 dominum
744 3150 893 3212 dicti
942 3150 1058 3213 loci
1109 3152 1168 3213 in
1218 3151 1505 3213 manibus
1554 3151 1857 3231 capitanei
1907 3149 2148 3231 culphy.
2199 3148 2481 3229 Eligatur
2529 3151 2902 3213 castellanus
2937 3151 3086 3213 dicti

377 3240 496 3302 loci
573 3258 681 3319 per
750 3238 899 3301 duos
967 3257 1177 3313 ann08‚
1242 3241 1305 3302 et
1372 3238 1658 3302 fulciatur
1729 3242 1999 3302 castrum
2068 3237 2432 3300 ballistariis
2482 3243 2543 3300 et
2615 3240 3084 3303 munitionibus

379 3326 685 3391 Scribitur
727 3328 1064 3408 capitane0‚
1120 3330 1188 3390 ut
1235 3326 1460 3400 videat,
1511 3328 1560 3391 si
1615 3327 1701 3391 ita
1746 3327 1877 3391 fieri
1916 3331 2136 3406 potest,
2167 3327 2323 3407 quod
2373 3330 2536 3389 terra
2584 3331 2847 3407 ponatur
2894 3327 2956 3389 in
2994 3329 3084 3391 in·

377 3416 533 3491 sula,
586 3416 748 3479 sicut
796 3415 1055 3496 populus
1104 3415 1399 3479 Durachii
1449 3417 1774 3480 desiderat.

463 3507 643 3565 Misti
694 3506 909 3564 XLII.
960 3508 1061 3583 54,
1109 3524 1153 3563 u
1198 3507 1352 3566 mlet.
1402 3509 1636 3566 arkivu.

535 3677 1037 3761 CCCCXXI.
1093 3679 1293 3761 God.
1352 3678 1578 3762 1392.
1634 3681 1731 3761 16
1788 3680 2156 3780 svibnja‚
2210 3701 2268 3760 u
2324 3679 2920 3761 Dubrovniku.

593 3805 660 3867 In
708 3804 869 3867 sacto
928 3804 1340 3866 derobationis
1410 3804 1607 3867 factae
1658 3823 1762 3884 per
1834 3823 2013 3867 unam
2085 3804 2394 3886 galeotam
2473 3804 2830 3885 ragusinam
2897 3823 3084 3886 supra

377 3891 683 3973 quoddam
752 3890 1066 3973 navigium
1139 3894 1423 3954 venetum
1476 3892 1823 3955 venientem
1889 3893 1961 3955 de
2025 3891 2206 3957 Creta
2253 3894 2316 3955 in
2379 3893 2661 3973 partibus
2730 3892 3087 3958 Sclavoniae

376 3982 573 4044 rector
619 3981 948 4062 ragusinus
999 3979 1218 4042 scribit
1258 3980 1630 4061 reipublicae
1663 3982 1938 4057 venetae,
1971 3981 2337 4044 notificando
2374 3980 2448 4054 ei,
2486 3983 2643 4063 qnod
2671 3981 2798 4064 jam
2834 3984 3089 4045 manda-

376 4070 533 4134 verit
578 4069 839 4152 propriis
886 4068 1121 4131 civibus
1164 4068 1223 4130 in
1275 4068 1577 4145 VeneciiS‚
1623 4070 1694 4132 ut
1739 4068 1981 4131 solvant
2027 4071 2231 4133 omnia
2277 4068 2522 4133 damna.

468 4159 1033 4219 Commemorialium
1093 4158 1275 4217 VIII.
1328 4161 1471 4228 161,
1520 4179 1560 4218 u
1604 4160 1759 4217 mlet.
1809 4161 2044 4218 arkivu.

560 4316 568 4325 ’
676 4331 1220 4415 CCCCXXII.
1280 4333 1485 4415 God.
1538 4331 1760 4414 1392.
1817 4332 1866 4415 2
1921 4334 2240 4437 srpnja,
2294 4352 2352 4412 u
2406 4330 2792 4412 Mletcih.

584 4455 742 4536 Quia
787 4456 1194 4541 apropinquat
1243 4462 1487 4538 tempus
1540 4457 1866 4520 solutionis
1915 4464 2154 4540 septem
2207 4456 2475 4520 millium
2552 4455 2928 4533 ducatorum,
2980 4456 3083 4538 qui

373 4543 509 4610 dari
557 4545 786 4610 debent
831 4547 1077 4611 domino
1123 4548 1254 4630 regi
1303 4545 1655 4629 Hungariae
1705 4546 1872 4608 iuxta
1915 4545 2174 4610 formam
2222 4545 2412 4627 pacis,
2464 4546 2527 4606 et
2570 4543 2726 4606 aliae
2759 4549 2903 4606 sunt
2937 4544 3084 4608 faci-

375 4633 566 4698 endae
608 4652 929 4715 expensae,
984 4635 1121 4698 ideo
1169 4640 1441 4716 captum,
1486 4634 1643 4717 quod
1692 4635 1932 4714 possint
1976 4635 2167 4714 accipi
2217 4651 2252 4696 a
2291 4630 2708 4713 provisoribus
2742 4632 3084 4696 communis

373 4722 446 4785 de
489 4721 981 4803 impositionibus
1033 4726 1096 4787 et
1145 4722 1599 4787 addictionibus
1649 4719 1965 4787 (laciorum
2012 4722 2218 4786 ducati
2270 4738 2459 4801 usque
2508 4719 2585 4782 ad
2643 4719 2718 4780 15
2768 4718 2983 4784 millia.

459 4811 638 4872 Misti
687 4811 913 4874 XLII.
964 4815 1064 4883 66,
1111 4830 1156 4873 u
1200 4813 1355 4874 mlet.
1407 4814 1640 4873 arkivu.

2637 4908 2675 4951 ψ
