<?xml version="1.0" encoding="UTF-8"?>
<!DOCTYPE html PUBLIC "-//W3C//DTD XHTML 1.0 Transitional//EN"
    "http://www.w3.org/TR/xhtml1/DTD/xhtml1-transitional.dtd">
<html xmlns="http://www.w3.org/1999/xhtml" xml:lang="en" lang="en">
 <head>
  <title>
</title>
<meta http-equiv="Content-Type" content="text/html;charset=utf-8" />
  <meta name='ocr-system' content='tesseract 3.04.00' />
  <meta name='ocr-capabilities' content='ocr_page ocr_carea ocr_par ocr_line ocrx_word'/>
</head>
<body>
  <div class='ocr_page' id='page_1' title='image "./monumentaspecta02umjegoog_0900.png"; bbox 0 0 3620 5282; ppageno 0'>
   <div class='ocr_carea' id='block_1_1' title="bbox 512 302 645 372">
    <p class='ocr_par' dir='ltr' id='par_1_1' title="bbox 512 302 645 372">
     <span class='ocr_line' id='line_1_1' title="bbox 512 302 645 372; baseline 0.015 -2"><span class='ocrx_word' id='word_1_1' title='bbox 512 302 645 372; x_wconf 81' lang='lat'><strong>342</strong></span> 
     </span>
    </p>
   </div>
   <div class='ocr_carea' id='block_1_2' title="bbox 496 478 3249 3103">
    <p class='ocr_par' dir='ltr' id='par_1_2' title="bbox 496 478 3249 1613">
     <span class='ocr_line' id='line_1_2' title="bbox 496 478 3244 565; baseline 0 -21"><span class='ocrx_word' id='word_1_2' title='bbox 496 478 907 560; x_wconf 87' lang='lat' dir='ltr'><strong>intendentes,</strong></span> <span class='ocrx_word' id='word_1_3' title='bbox 957 499 1172 545; x_wconf 86' lang='lat' dir='ltr'><strong>sumus</strong></span> <span class='ocrx_word' id='word_1_4' title='bbox 1218 481 1418 563; x_wconf 85' lang='lat' dir='ltr'><strong>parati</strong></span> <span class='ocrx_word' id='word_1_5' title='bbox 1467 498 1589 545; x_wconf 89' lang='lat' dir='ltr'><strong>non</strong></span> <span class='ocrx_word' id='word_1_6' title='bbox 1637 481 2030 545; x_wconf 80' lang='lat' dir='ltr'><strong>obstantibus</strong></span> <span class='ocrx_word' id='word_1_7' title='bbox 2079 481 2297 546; x_wconf 89' lang='lat' dir='ltr'><strong>multis</strong></span> <span class='ocrx_word' id='word_1_8' title='bbox 2346 483 2590 546; x_wconf 90' lang='lat' dir='ltr'><strong>damnis</strong></span> <span class='ocrx_word' id='word_1_9' title='bbox 2639 483 2703 545; x_wconf 84' lang='lat' dir='ltr'><strong>et</strong></span> <span class='ocrx_word' id='word_1_10' title='bbox 2726 479 3092 560; x_wconf 75' lang='lat' dir='ltr'><strong>incomodiS,</strong></span> <span class='ocrx_word' id='word_1_11' title='bbox 3119 499 3244 565; x_wconf 88' lang='lat' dir='ltr'><strong>que</strong></span> 
     </span>
     <span class='ocr_line' id='line_1_3' title="bbox 520 566 3244 651; baseline -0 -19"><span class='ocrx_word' id='word_1_12' title='bbox 520 586 594 632; x_wconf 85' lang='lat' dir='ltr'><strong>ex</strong></span> <span class='ocrx_word' id='word_1_13' title='bbox 628 566 747 633; x_wconf 89' lang='lat' dir='ltr'><strong>hoc</strong></span> <span class='ocrx_word' id='word_1_14' title='bbox 795 571 1091 651; x_wconf 79' lang='lat' dir='ltr'>sequntur</span> <span class='ocrx_word' id='word_1_15' title='bbox 1137 568 1586 633; x_wconf 80' lang='lat' dir='ltr'><strong>mercatoribus</strong></span> <span class='ocrx_word' id='word_1_16' title='bbox 1632 572 1694 632; x_wconf 89' lang='lat' dir='ltr'><strong>et</strong></span> <span class='ocrx_word' id='word_1_17' title='bbox 1746 569 2012 651; x_wconf 87' lang='lat' dir='ltr'><strong>navigiis</strong></span> <span class='ocrx_word' id='word_1_18' title='bbox 2065 570 2314 645; x_wconf 90' lang='lat' dir='ltr'><strong>nostris,</strong></span> <span class='ocrx_word' id='word_1_19' title='bbox 2363 589 2623 651; x_wconf 92' lang='lat' dir='ltr'><strong>quorum</strong></span> <span class='ocrx_word' id='word_1_20' title='bbox 2674 570 2828 633; x_wconf 92' lang='lat' dir='ltr'><strong>bona</strong></span> <span class='ocrx_word' id='word_1_21' title='bbox 2889 588 3027 649; x_wconf 90' lang='lat' dir='ltr'><strong>pars</strong></span> <span class='ocrx_word' id='word_1_22' title='bbox 3073 587 3244 633; x_wconf 91' lang='lat' dir='ltr'><strong>mer-</strong></span> 
     </span>
     <span class='ocr_line' id='line_1_4' title="bbox 510 655 3249 738; baseline -0 -19"><span class='ocrx_word' id='word_1_23' title='bbox 510 657 686 720; x_wconf 89' lang='lat' dir='ltr'><strong>catur</strong></span> <span class='ocrx_word' id='word_1_24' title='bbox 731 659 794 720; x_wconf 89' lang='lat' dir='ltr'><strong>et</strong></span> <span class='ocrx_word' id='word_1_25' title='bbox 836 658 1237 720; x_wconf 83' lang='lat' dir='ltr'><strong>conversatur</strong></span> <span class='ocrx_word' id='word_1_26' title='bbox 1288 658 1347 719; x_wconf 92' lang='lat' dir='ltr'><strong>in</strong></span> <span class='ocrx_word' id='word_1_27' title='bbox 1395 655 1581 719; x_wconf 87' lang='lat' dir='ltr'><strong>terris</strong></span> <span class='ocrx_word' id='word_1_28' title='bbox 1623 657 1688 719; x_wconf 84' lang='lat' dir='ltr'><strong>et</strong></span> <span class='ocrx_word' id='word_1_29' title='bbox 1739 656 1892 721; x_wconf 90' lang='lat' dir='ltr'><strong>locis</strong></span> <span class='ocrx_word' id='word_1_30' title='bbox 1953 656 2332 721; x_wconf 83' lang='lat' dir='ltr'><strong>Turcborum</strong></span> <span class='ocrx_word' id='word_1_31' title='bbox 2394 676 2536 721; x_wconf 91' lang='lat' dir='ltr'><strong>cum</strong></span> <span class='ocrx_word' id='word_1_32' title='bbox 2584 674 2810 738; x_wconf 87' lang='lat' dir='ltr'><strong>magna</strong></span> <span class='ocrx_word' id='word_1_33' title='bbox 2857 657 3132 721; x_wconf 84' lang='lat' dir='ltr'><strong>utilitate</strong></span> <span class='ocrx_word' id='word_1_34' title='bbox 3181 657 3249 718; x_wconf 86' lang='lat' dir='ltr'><strong>et</strong></span> 
     </span>
     <span class='ocr_line' id='line_1_5' title="bbox 510 742 3238 808; baseline 0 -3"><span class='ocrx_word' id='word_1_35' title='bbox 510 743 928 808; x_wconf 89' lang='lat' dir='ltr'><strong>emolumento</strong></span> <span class='ocrx_word' id='word_1_36' title='bbox 972 761 1044 808; x_wconf 89' lang='lat' dir='ltr'><strong>ac</strong></span> <span class='ocrx_word' id='word_1_37' title='bbox 1089 742 1274 807; x_wconf 91' lang='lat' dir='ltr'><strong>dubio</strong></span> <span class='ocrx_word' id='word_1_38' title='bbox 1313 744 1655 807; x_wconf 88' lang='lat' dir='ltr'><strong>multorum</strong></span> <span class='ocrx_word' id='word_1_39' title='bbox 1701 742 1974 807; x_wconf 90' lang='lat' dir='ltr'><strong>locorum</strong></span> <span class='ocrx_word' id='word_1_40' title='bbox 2023 746 2374 808; x_wconf 88' lang='lat' dir='ltr'><strong>nostrorum</strong></span> <span class='ocrx_word' id='word_1_41' title='bbox 2435 743 3020 808; x_wconf 84' lang='lat' dir='ltr'><strong>conterminantium</strong></span> <span class='ocrx_word' id='word_1_42' title='bbox 3089 762 3238 807; x_wconf 92' lang='lat' dir='ltr'><strong>cum</strong></span> 
     </span>
     <span class='ocr_line' id='line_1_6' title="bbox 511 830 3242 913; baseline 0 -20"><span class='ocrx_word' id='word_1_43' title='bbox 511 831 621 909; x_wconf 78' lang='lat' dir='ltr'><strong>eie,</strong></span> <span class='ocrx_word' id='word_1_44' title='bbox 668 847 809 893; x_wconf 88' lang='lat' dir='ltr'><strong>cum</strong></span> <span class='ocrx_word' id='word_1_45' title='bbox 856 830 1078 911; x_wconf 89' lang='lat' dir='ltr'><strong>quibus</strong></span> <span class='ocrx_word' id='word_1_46' title='bbox 1123 830 1411 896; x_wconf 90' lang='lat' dir='ltr'><strong>omnibus</strong></span> <span class='ocrx_word' id='word_1_47' title='bbox 1459 830 1613 895; x_wconf 91' lang='lat' dir='ltr'><strong>locis</strong></span> <span class='ocrx_word' id='word_1_48' title='bbox 1663 849 1879 894; x_wconf 88' lang='lat' dir='ltr'><strong>sumus</strong></span> <span class='ocrx_word' id='word_1_49' title='bbox 1928 831 1988 894; x_wconf 91' lang='lat' dir='ltr'><strong>in</strong></span> <span class='ocrx_word' id='word_1_50' title='bbox 2033 850 2182 912; x_wconf 87' lang='lat' dir='ltr'><strong>pace</strong></span> <span class='ocrx_word' id='word_1_51' title='bbox 2229 850 2461 909; x_wconf 84' lang='lat' dir='ltr'><strong>secum,</strong></span> <span class='ocrx_word' id='word_1_52' title='bbox 2511 833 2599 895; x_wconf 89' lang='lat' dir='ltr'><strong>ita</strong></span> <span class='ocrx_word' id='word_1_53' title='bbox 2645 831 2809 913; x_wconf 90' lang='lat' dir='ltr'><strong>quod</strong></span> <span class='ocrx_word' id='word_1_54' title='bbox 2870 835 3242 894; x_wconf 79' lang='lat' dir='ltr'><strong>mercatores</strong></span> 
     </span>
     <span class='ocr_line' id='line_1_7' title="bbox 507 916 3242 1001; baseline 0 -19"><span class='ocrx_word' id='word_1_55' title='bbox 507 918 574 982; x_wconf 89' lang='lat' dir='ltr'><strong>et</strong></span> <span class='ocrx_word' id='word_1_56' title='bbox 617 916 852 981; x_wconf 87' lang='lat' dir='ltr'><strong>subditi</strong></span> <span class='ocrx_word' id='word_1_57' title='bbox 898 917 1092 981; x_wconf 79' lang='lat' dir='ltr'><strong>nostri</strong></span> <span class='ocrx_word' id='word_1_58' title='bbox 1140 920 1289 982; x_wconf 86' lang='lat' dir='ltr'><strong>sunt</strong></span> <span class='ocrx_word' id='word_1_59' title='bbox 1334 918 1491 982; x_wconf 88' lang='lat' dir='ltr'><strong>salvi</strong></span> <span class='ocrx_word' id='word_1_60' title='bbox 1535 919 1598 982; x_wconf 91' lang='lat' dir='ltr'><strong>et</strong></span> <span class='ocrx_word' id='word_1_61' title='bbox 1645 920 1846 982; x_wconf 88' lang='lat' dir='ltr'><strong>securi</strong></span> <span class='ocrx_word' id='word_1_62' title='bbox 1894 918 1956 981; x_wconf 90' lang='lat' dir='ltr'><strong>in</strong></span> <span class='ocrx_word' id='word_1_63' title='bbox 2004 919 2288 982; x_wconf 89' lang='lat' dir='ltr'><strong>omnibus</strong></span> <span class='ocrx_word' id='word_1_64' title='bbox 2334 918 2488 983; x_wconf 89' lang='lat' dir='ltr'><strong>locis</strong></span> <span class='ocrx_word' id='word_1_65' title='bbox 2534 920 2682 996; x_wconf 88' lang='lat' dir='ltr'><strong>suis,</strong></span> <span class='ocrx_word' id='word_1_66' title='bbox 2739 936 2991 1001; x_wconf 86' lang='lat' dir='ltr'><strong>quorum</strong></span> <span class='ocrx_word' id='word_1_67' title='bbox 3038 936 3242 1000; x_wconf 91' lang='lat' dir='ltr'><strong>oppo-</strong></span> 
     </span>
     <span class='ocr_line' id='line_1_8' title="bbox 504 1004 3235 1089; baseline 0 -19"><span class='ocrx_word' id='word_1_68' title='bbox 504 1005 696 1070; x_wconf 89' lang='lat' dir='ltr'><strong>situm</strong></span> <span class='ocrx_word' id='word_1_69' title='bbox 746 1007 1041 1087; x_wconf 87' lang='lat' dir='ltr'><strong>sequetur</strong></span> <span class='ocrx_word' id='word_1_70' title='bbox 1089 1004 1377 1070; x_wconf 87' lang='lat' dir='ltr'><strong>intrando</strong></span> <span class='ocrx_word' id='word_1_71' title='bbox 1424 1004 1486 1068; x_wconf 91' lang='lat' dir='ltr'><strong>in</strong></span> <span class='ocrx_word' id='word_1_72' title='bbox 1537 1005 1653 1069; x_wconf 89' lang='lat' dir='ltr'><strong>isto</strong></span> <span class='ocrx_word' id='word_1_73' title='bbox 1700 1004 1882 1082; x_wconf 87' lang='lat' dir='ltr'><strong>fact0,</strong></span> <span class='ocrx_word' id='word_1_74' title='bbox 1933 1006 2438 1089; x_wconf 82' lang='lat' dir='ltr'><strong>quandocumque</strong></span> <span class='ocrx_word' id='word_1_75' title='bbox 2472 1007 2602 1086; x_wconf 90' lang='lat' dir='ltr'><strong>ipse</strong></span> <span class='ocrx_word' id='word_1_76' title='bbox 2635 1006 2920 1071; x_wconf 90' lang='lat' dir='ltr'><strong>dominus</strong></span> <span class='ocrx_word' id='word_1_77' title='bbox 2955 1026 3055 1070; x_wconf 80' lang='lat' dir='ltr'><strong>rex</strong></span> <span class='ocrx_word' id='word_1_78' title='bbox 3089 1025 3235 1071; x_wconf 89' lang='lat' dir='ltr'><strong>cum</strong></span> 
     </span>
     <span class='ocr_line' id='line_1_9' title="bbox 507 1091 3240 1174; baseline 0 -17"><span class='ocrx_word' id='word_1_79' title='bbox 507 1091 782 1157; x_wconf 88' lang='lat' dir='ltr'><strong>dominis</strong></span> <span class='ocrx_word' id='word_1_80' title='bbox 831 1092 1090 1157; x_wconf 88' lang='lat' dir='ltr'><strong>ducibus</strong></span> <span class='ocrx_word' id='word_1_81' title='bbox 1136 1092 1559 1170; x_wconf 88' lang='lat' dir='ltr'><strong>Lancbastrie,</strong></span> <span class='ocrx_word' id='word_1_82' title='bbox 1614 1092 1967 1174; x_wconf 89' lang='lat' dir='ltr'><strong>Burgondie</strong></span> <span class='ocrx_word' id='word_1_83' title='bbox 2044 1095 2109 1156; x_wconf 89' lang='lat' dir='ltr'><strong>et</strong></span> <span class='ocrx_word' id='word_1_84' title='bbox 2183 1092 2656 1158; x_wconf 82' lang='lat' dir='ltr'><strong>Aureliensibus</strong></span> <span class='ocrx_word' id='word_1_85' title='bbox 2735 1113 2799 1158; x_wconf 90' lang='lat' dir='ltr'><strong>se</strong></span> <span class='ocrx_word' id='word_1_86' title='bbox 2846 1094 3122 1158; x_wconf 90' lang='lat' dir='ltr'><strong>movebit</strong></span> <span class='ocrx_word' id='word_1_87' title='bbox 3170 1095 3240 1158; x_wconf 89' lang='lat' dir='ltr'><strong>et</strong></span> 
     </span>
     <span class='ocr_line' id='line_1_10' title="bbox 505 1179 3238 1264; baseline 0.001 -21"><span class='ocrx_word' id='word_1_88' title='bbox 505 1180 910 1261; x_wconf 80' lang='lat' dir='ltr'><strong>prosequetur</strong></span> <span class='ocrx_word' id='word_1_89' title='bbox 956 1182 1194 1245; x_wconf 86' lang='lat' dir='ltr'><strong>motum</strong></span> <span class='ocrx_word' id='word_1_90' title='bbox 1240 1199 1422 1245; x_wconf 86' lang='lat' dir='ltr'><strong>suum</strong></span> <span class='ocrx_word' id='word_1_91' title='bbox 1470 1181 1680 1244; x_wconf 89' lang='lat' dir='ltr'><strong>contra</strong></span> <span class='ocrx_word' id='word_1_92' title='bbox 1724 1179 1922 1245; x_wconf 88' lang='lat' dir='ltr'><strong>dictos</strong></span> <span class='ocrx_word' id='word_1_93' title='bbox 1972 1181 2267 1258; x_wconf 78' lang='lat' dir='ltr'><strong>Turch08,</strong></span> <span class='ocrx_word' id='word_1_94' title='bbox 2318 1182 2700 1264; x_wconf 84' lang='lat' dir='ltr'><strong>complacere</strong></span> <span class='ocrx_word' id='word_1_95' title='bbox 2762 1199 2870 1244; x_wconf 89' lang='lat' dir='ltr'><strong>sue</strong></span> <span class='ocrx_word' id='word_1_96' title='bbox 2917 1182 3238 1246; x_wconf 83' lang='lat' dir='ltr'><strong>maiestati</strong></span> 
     </span>
     <span class='ocr_line' id='line_1_11' title="bbox 506 1267 3237 1351; baseline 0.001 -21"><span class='ocrx_word' id='word_1_97' title='bbox 506 1268 579 1330; x_wconf 90' lang='lat' dir='ltr'><strong>de</strong></span> <span class='ocrx_word' id='word_1_98' title='bbox 628 1267 917 1349; x_wconf 89' lang='lat' dir='ltr'><strong>quimque</strong></span> <span class='ocrx_word' id='word_1_99' title='bbox 964 1268 1162 1350; x_wconf 87' lang='lat' dir='ltr'><strong>galeis</strong></span> <span class='ocrx_word' id='word_1_100' title='bbox 1211 1268 1271 1331; x_wconf 91' lang='lat' dir='ltr'><strong>in</strong></span> <span class='ocrx_word' id='word_1_101' title='bbox 1317 1285 1573 1332; x_wconf 92' lang='lat' dir='ltr'><strong>numero</strong></span> <span class='ocrx_word' id='word_1_102' title='bbox 1621 1267 1798 1331; x_wconf 90' lang='lat' dir='ltr'><strong>XXV</strong></span> <span class='ocrx_word' id='word_1_103' title='bbox 1846 1267 2162 1350; x_wconf 85' lang='lat' dir='ltr'><strong>galearum</strong></span> <span class='ocrx_word' id='word_1_104' title='bbox 2211 1269 2289 1333; x_wconf 92' lang='lat' dir='ltr'><strong>ad</strong></span> <span class='ocrx_word' id='word_1_105' title='bbox 2336 1270 2450 1333; x_wconf 92' lang='lat' dir='ltr'><strong>hoc</strong></span> <span class='ocrx_word' id='word_1_106' title='bbox 2494 1270 3001 1346; x_wconf 88' lang='lat' dir='ltr'><strong>necessariarum,</strong></span> <span class='ocrx_word' id='word_1_107' title='bbox 3076 1287 3237 1351; x_wconf 86' lang='lat' dir='ltr'><strong>quas</strong></span> 
     </span>
     <span class='ocr_line' id='line_1_12' title="bbox 506 1353 3236 1438; baseline 0 -19"><span class='ocrx_word' id='word_1_108' title='bbox 506 1354 967 1419; x_wconf 82' lang='lat' dir='ltr'><strong>consideramus</strong></span> <span class='ocrx_word' id='word_1_109' title='bbox 1016 1373 1230 1436; x_wconf 89' lang='lat' dir='ltr'><strong>capere</strong></span> <span class='ocrx_word' id='word_1_110' title='bbox 1278 1374 1585 1418; x_wconf 88' lang='lat' dir='ltr'><strong>summam</strong></span> <span class='ocrx_word' id='word_1_111' title='bbox 1626 1353 1873 1437; x_wconf 89' lang='lat' dir='ltr'><strong>singulo</strong></span> <span class='ocrx_word' id='word_1_112' title='bbox 1914 1374 2125 1421; x_wconf 90' lang='lat' dir='ltr'><strong>mense</strong></span> <span class='ocrx_word' id='word_1_113' title='bbox 2172 1355 2328 1420; x_wconf 90' lang='lat' dir='ltr'><strong>VIII</strong></span> <span class='ocrx_word' id='word_1_114' title='bbox 2389 1357 2590 1422; x_wconf 91' lang='lat' dir='ltr'><strong>millia</strong></span> <span class='ocrx_word' id='word_1_115' title='bbox 2649 1359 3032 1432; x_wconf 89' lang='lat' dir='ltr'><strong>ducatorum,</strong></span> <span class='ocrx_word' id='word_1_116' title='bbox 3077 1375 3236 1438; x_wconf 86' lang='lat' dir='ltr'><strong>quas</strong></span> 
     </span>
     <span class='ocr_line' id='line_1_13' title="bbox 502 1441 3233 1527; baseline 0.001 -22"><span class='ocrx_word' id='word_1_117' title='bbox 502 1441 714 1524; x_wconf 87' lang='lat' dir='ltr'><strong>galeas</strong></span> <span class='ocrx_word' id='word_1_118' title='bbox 760 1441 1110 1507; x_wconf 88' lang='lat' dir='ltr'><strong>tenebimus</strong></span> <span class='ocrx_word' id='word_1_119' title='bbox 1155 1443 1218 1506; x_wconf 91' lang='lat' dir='ltr'><strong>in</strong></span> <span class='ocrx_word' id='word_1_120' title='bbox 1265 1442 1450 1507; x_wconf 87' lang='lat' dir='ltr'><strong>dictis</strong></span> <span class='ocrx_word' id='word_1_121' title='bbox 1497 1442 1781 1524; x_wconf 86' lang='lat' dir='ltr'><strong>partibus</strong></span> <span class='ocrx_word' id='word_1_122' title='bbox 1829 1443 2153 1520; x_wconf 86' lang='lat' dir='ltr'><strong>Romanis,</strong></span> <span class='ocrx_word' id='word_1_123' title='bbox 2203 1445 2391 1508; x_wconf 87' lang='lat' dir='ltr'><strong>donec</strong></span> <span class='ocrx_word' id='word_1_124' title='bbox 2437 1445 2568 1527; x_wconf 89' lang='lat' dir='ltr'><strong>ipse</strong></span> <span class='ocrx_word' id='word_1_125' title='bbox 2617 1445 2899 1509; x_wconf 91' lang='lat' dir='ltr'><strong>dominus</strong></span> <span class='ocrx_word' id='word_1_126' title='bbox 2946 1462 3053 1508; x_wconf 85' lang='lat' dir='ltr'><strong>rex</strong></span> <span class='ocrx_word' id='word_1_127' title='bbox 3087 1463 3233 1508; x_wconf 91' lang='lat' dir='ltr'><strong>cum</strong></span> 
     </span>
     <span class='ocr_line' id='line_1_14' title="bbox 511 1528 2767 1613; baseline 0 -20"><span class='ocrx_word' id='word_1_128' title='bbox 511 1528 699 1594; x_wconf 90' lang='lat' dir='ltr'><strong>dictis</strong></span> <span class='ocrx_word' id='word_1_129' title='bbox 747 1528 1134 1612; x_wconf 89' lang='lat' dir='ltr'><strong>principibus</strong></span> <span class='ocrx_word' id='word_1_130' title='bbox 1174 1530 1240 1595; x_wconf 89' lang='lat' dir='ltr'><strong>et</strong></span> <span class='ocrx_word' id='word_1_131' title='bbox 1285 1530 1404 1594; x_wconf 90' lang='lat' dir='ltr'><strong>alie</strong></span> <span class='ocrx_word' id='word_1_132' title='bbox 1451 1530 1625 1613; x_wconf 84' lang='lat' dir='ltr'><strong>galee</strong></span> <span class='ocrx_word' id='word_1_133' title='bbox 1671 1530 1932 1595; x_wconf 89' lang='lat' dir='ltr'><strong>stabunt</strong></span> <span class='ocrx_word' id='word_1_134' title='bbox 1977 1531 2036 1595; x_wconf 92' lang='lat' dir='ltr'><strong>in</strong></span> <span class='ocrx_word' id='word_1_135' title='bbox 2091 1532 2368 1612; x_wconf 86' lang='lat' dir='ltr'><strong>partibus</strong></span> <span class='ocrx_word' id='word_1_136' title='bbox 2416 1531 2767 1596; x_wconf 85' lang='lat' dir='ltr'><strong>antedictis.</strong></span> 
     </span>
    </p>

    <p class='ocr_par' dir='ltr' id='par_1_3' title="bbox 502 1616 3237 3103">
     <span class='ocr_line' id='line_1_15' title="bbox 714 1616 3236 1702; baseline 0.001 -21"><span class='ocrx_word' id='word_1_137' title='bbox 714 1616 944 1681; x_wconf 88' lang='lat' dir='ltr'><strong>Verum</strong></span> <span class='ocrx_word' id='word_1_138' title='bbox 995 1619 1140 1700; x_wconf 91' lang='lat' dir='ltr'><strong>quia</strong></span> <span class='ocrx_word' id='word_1_139' title='bbox 1186 1618 1245 1682; x_wconf 90' lang='lat' dir='ltr'><strong>in</strong></span> <span class='ocrx_word' id='word_1_140' title='bbox 1296 1636 1418 1682; x_wconf 89' lang='lat' dir='ltr'><strong>una</strong></span> <span class='ocrx_word' id='word_1_141' title='bbox 1457 1620 1631 1699; x_wconf 89' lang='lat' dir='ltr'><strong>parte</strong></span> <span class='ocrx_word' id='word_1_142' title='bbox 1678 1636 1787 1682; x_wconf 90' lang='lat' dir='ltr'><strong>sue</strong></span> <span class='ocrx_word' id='word_1_143' title='bbox 1835 1618 2240 1684; x_wconf 88' lang='lat' dir='ltr'><strong>conclusionis</strong></span> <span class='ocrx_word' id='word_1_144' title='bbox 2291 1619 2408 1701; x_wconf 90' lang='lat' dir='ltr'><strong>ipsi</strong></span> <span class='ocrx_word' id='word_1_145' title='bbox 2458 1619 2798 1700; x_wconf 80' lang='lat' dir='ltr'><strong>tetigerunt</strong></span> <span class='ocrx_word' id='word_1_146' title='bbox 2841 1619 3035 1696; x_wconf 79' lang='lat' dir='ltr'><strong>nobie,</strong></span> <span class='ocrx_word' id='word_1_147' title='bbox 3070 1619 3236 1702; x_wconf 91' lang='lat' dir='ltr'><strong>quod</strong></span> 
     </span>
     <span class='ocr_line' id='line_1_16' title="bbox 508 1702 3235 1787; baseline 0 -19"><span class='ocrx_word' id='word_1_148' title='bbox 508 1702 817 1783; x_wconf 81' lang='lat' dir='ltr'><strong>dicamne,</strong></span> <span class='ocrx_word' id='word_1_149' title='bbox 867 1703 1170 1787; x_wconf 85' lang='lat' dir='ltr'><strong>quomodo</strong></span> <span class='ocrx_word' id='word_1_150' title='bbox 1218 1704 1500 1769; x_wconf 88' lang='lat' dir='ltr'><strong>volumus</strong></span> <span class='ocrx_word' id='word_1_151' title='bbox 1547 1705 1747 1770; x_wconf 89' lang='lat' dir='ltr'><strong>facere</strong></span> <span class='ocrx_word' id='word_1_152' title='bbox 1790 1705 1967 1782; x_wconf 91' lang='lat' dir='ltr'><strong>illud,</strong></span> <span class='ocrx_word' id='word_1_153' title='bbox 2014 1706 2171 1787; x_wconf 91' lang='lat' dir='ltr'><strong>quod</strong></span> <span class='ocrx_word' id='word_1_154' title='bbox 2219 1706 2703 1772; x_wconf 89' lang='lat' dir='ltr'><strong>deliberabimus</strong></span> <span class='ocrx_word' id='word_1_155' title='bbox 2751 1707 2842 1771; x_wconf 89' lang='lat' dir='ltr'><strong>eis</strong></span> <span class='ocrx_word' id='word_1_156' title='bbox 2873 1705 3073 1770; x_wconf 89' lang='lat' dir='ltr'><strong>facere</strong></span> <span class='ocrx_word' id='word_1_157' title='bbox 3118 1709 3235 1770; x_wconf 87' lang='lat' dir='ltr'><strong>aut</strong></span> 
     </span>
     <span class='ocr_line' id='line_1_17' title="bbox 508 1790 3227 1874; baseline 0.001 -18"><span class='ocrx_word' id='word_1_158' title='bbox 508 1791 588 1856; x_wconf 92' lang='lat' dir='ltr'><strong>ob</strong></span> <span class='ocrx_word' id='word_1_159' title='bbox 637 1790 733 1856; x_wconf 92' lang='lat' dir='ltr'><strong>dei</strong></span> <span class='ocrx_word' id='word_1_160' title='bbox 796 1792 1209 1857; x_wconf 90' lang='lat' dir='ltr'><strong>reverentiam</strong></span> <span class='ocrx_word' id='word_1_161' title='bbox 1259 1795 1323 1858; x_wconf 87' lang='lat' dir='ltr'><strong>et</strong></span> <span class='ocrx_word' id='word_1_162' title='bbox 1381 1792 1971 1874; x_wconf 86' lang='lat' dir='ltr'><strong>contemplationem</strong></span> <span class='ocrx_word' id='word_1_163' title='bbox 2035 1794 2270 1859; x_wconf 91' lang='lat' dir='ltr'><strong>domini</strong></span> <span class='ocrx_word' id='word_1_164' title='bbox 2336 1795 2431 1859; x_wconf 91' lang='lat' dir='ltr'><strong>sui</strong></span> <span class='ocrx_word' id='word_1_165' title='bbox 2494 1797 2605 1859; x_wconf 87' lang='lat' dir='ltr'><strong>aut</strong></span> <span class='ocrx_word' id='word_1_166' title='bbox 2665 1794 2790 1859; x_wconf 86' lang='lat' dir='ltr'><strong>alia</strong></span> <span class='ocrx_word' id='word_1_167' title='bbox 2858 1813 3065 1871; x_wconf 86' lang='lat' dir='ltr'><strong>causa,</strong></span> <span class='ocrx_word' id='word_1_168' title='bbox 3117 1812 3227 1858; x_wconf 89' lang='lat' dir='ltr'><strong>nos</strong></span> 
     </span>
     <span class='ocr_line' id='line_1_18' title="bbox 504 1878 3234 1964; baseline 0 -20"><span class='ocrx_word' id='word_1_169' title='bbox 504 1878 792 1958; x_wconf 75' lang='lat' dir='ltr'><strong>dicimuS,</strong></span> <span class='ocrx_word' id='word_1_170' title='bbox 843 1880 1002 1962; x_wconf 90' lang='lat' dir='ltr'><strong>quod</strong></span> <span class='ocrx_word' id='word_1_171' title='bbox 1048 1882 1246 1946; x_wconf 89' lang='lat' dir='ltr'><strong>dictas</strong></span> <span class='ocrx_word' id='word_1_172' title='bbox 1293 1879 1558 1962; x_wconf 85' lang='lat' dir='ltr'><strong>quinque</strong></span> <span class='ocrx_word' id='word_1_173' title='bbox 1604 1880 1813 1964; x_wconf 87' lang='lat' dir='ltr'><strong>galeas</strong></span> <span class='ocrx_word' id='word_1_174' title='bbox 1877 1882 2190 1945; x_wconf 87' lang='lat' dir='ltr'><strong>offerimus</strong></span> <span class='ocrx_word' id='word_1_175' title='bbox 2257 1885 2319 1946; x_wconf 89' lang='lat' dir='ltr'><strong>et</strong></span> <span class='ocrx_word' id='word_1_176' title='bbox 2382 1883 2582 1963; x_wconf 89' lang='lat' dir='ltr'><strong>parati</strong></span> <span class='ocrx_word' id='word_1_177' title='bbox 2643 1900 2860 1946; x_wconf 86' lang='lat' dir='ltr'><strong>sumus</strong></span> <span class='ocrx_word' id='word_1_178' title='bbox 2933 1881 3078 1946; x_wconf 89' lang='lat' dir='ltr'><strong>dare</strong></span> <span class='ocrx_word' id='word_1_179' title='bbox 3123 1901 3234 1948; x_wconf 86' lang='lat' dir='ltr'><strong>seu</strong></span> 
     </span>
     <span class='ocr_line' id='line_1_19' title="bbox 503 1966 3236 2050; baseline 0.001 -19"><span class='ocrx_word' id='word_1_180' title='bbox 503 1983 732 2049; x_wconf 90' lang='lat' dir='ltr'><strong>ponere</strong></span> <span class='ocrx_word' id='word_1_181' title='bbox 778 1966 856 2032; x_wconf 89' lang='lat' dir='ltr'><strong>ad</strong></span> <span class='ocrx_word' id='word_1_182' title='bbox 905 1967 1139 2032; x_wconf 89' lang='lat' dir='ltr'><strong>dictum</strong></span> <span class='ocrx_word' id='word_1_183' title='bbox 1190 1968 1360 2050; x_wconf 93' lang='lat' dir='ltr'><strong>pium</strong></span> <span class='ocrx_word' id='word_1_184' title='bbox 1408 1986 1558 2049; x_wconf 91' lang='lat' dir='ltr'><strong>opus</strong></span> <span class='ocrx_word' id='word_1_185' title='bbox 1593 1968 1657 2031; x_wconf 94' lang='lat' dir='ltr'><strong>in</strong></span> <span class='ocrx_word' id='word_1_186' title='bbox 1689 1969 2099 2033; x_wconf 84' lang='lat' dir='ltr'><strong>reverentiam</strong></span> <span class='ocrx_word' id='word_1_187' title='bbox 2134 1969 2273 2034; x_wconf 91' lang='lat' dir='ltr'><strong>fidei</strong></span> <span class='ocrx_word' id='word_1_188' title='bbox 2307 1969 2561 2034; x_wconf 86' lang='lat' dir='ltr'><strong>catolice</strong></span> <span class='ocrx_word' id='word_1_189' title='bbox 2595 1970 2658 2034; x_wconf 91' lang='lat' dir='ltr'><strong>et</strong></span> <span class='ocrx_word' id='word_1_190' title='bbox 2691 1968 2957 2033; x_wconf 89' lang='lat' dir='ltr'><strong>nominis</strong></span> <span class='ocrx_word' id='word_1_191' title='bbox 3013 1969 3236 2034; x_wconf 85' lang='lat' dir='ltr'><strong>christi</strong></span> 
     </span>
     <span class='ocr_line' id='line_1_20' title="bbox 503 2055 3235 2140; baseline 0.001 -22"><span class='ocrx_word' id='word_1_192' title='bbox 503 2057 568 2118; x_wconf 86' lang='lat' dir='ltr'><strong>et</strong></span> <span class='ocrx_word' id='word_1_193' title='bbox 608 2055 1197 2137; x_wconf 87' lang='lat' dir='ltr'><strong>contemplationem</strong></span> <span class='ocrx_word' id='word_1_194' title='bbox 1247 2056 1477 2119; x_wconf 91' lang='lat' dir='ltr'><strong>domini</strong></span> <span class='ocrx_word' id='word_1_195' title='bbox 1525 2056 1691 2140; x_wconf 88' lang='lat' dir='ltr'><strong>regis</strong></span> <span class='ocrx_word' id='word_1_196' title='bbox 1738 2057 1816 2119; x_wconf 88' lang='lat' dir='ltr'><strong>ad</strong></span> <span class='ocrx_word' id='word_1_197' title='bbox 1882 2058 2126 2121; x_wconf 83' lang='lat' dir='ltr'><strong>nostras</strong></span> <span class='ocrx_word' id='word_1_198' title='bbox 2183 2075 2502 2139; x_wconf 80' lang='lat' dir='ltr'><strong>expensas,</strong></span> <span class='ocrx_word' id='word_1_199' title='bbox 2575 2056 2858 2139; x_wconf 89' lang='lat' dir='ltr'><strong>quamvis</strong></span> <span class='ocrx_word' id='word_1_200' title='bbox 2921 2055 2984 2120; x_wconf 91' lang='lat' dir='ltr'><strong>in</strong></span> <span class='ocrx_word' id='word_1_201' title='bbox 3033 2058 3235 2139; x_wconf 90' lang='lat' dir='ltr'><strong>grati-</strong></span> 
     </span>
     <span class='ocr_line' id='line_1_21' title="bbox 502 2139 3233 2226; baseline 0.001 -21"><span class='ocrx_word' id='word_1_202' title='bbox 502 2139 852 2206; x_wconf 86' lang='lat' dir='ltr'><strong>ficationem</strong></span> <span class='ocrx_word' id='word_1_203' title='bbox 901 2144 998 2207; x_wconf 86' lang='lat' dir='ltr'><strong>tot</strong></span> <span class='ocrx_word' id='word_1_204' title='bbox 1044 2145 1108 2207; x_wconf 89' lang='lat' dir='ltr'><strong>et</strong></span> <span class='ocrx_word' id='word_1_205' title='bbox 1152 2145 1470 2209; x_wconf 86' lang='lat' dir='ltr'><strong>tantorum</strong></span> <span class='ocrx_word' id='word_1_206' title='bbox 1532 2143 1935 2207; x_wconf 88' lang='lat' dir='ltr'><strong>serviciornm</strong></span> <span class='ocrx_word' id='word_1_207' title='bbox 2008 2147 2072 2209; x_wconf 88' lang='lat' dir='ltr'><strong>et</strong></span> <span class='ocrx_word' id='word_1_208' title='bbox 2136 2145 2575 2210; x_wconf 87' lang='lat' dir='ltr'><strong>beneficiorum</strong></span> <span class='ocrx_word' id='word_1_209' title='bbox 2636 2145 3058 2225; x_wconf 88' lang='lat' dir='ltr'><strong>impensorum</strong></span> <span class='ocrx_word' id='word_1_210' title='bbox 3123 2163 3233 2226; x_wconf 90' lang='lat' dir='ltr'><strong>per</strong></span> 
     </span>
     <span class='ocr_line' id='line_1_22' title="bbox 503 2229 3234 2315; baseline 0 -22"><span class='ocrx_word' id='word_1_211' title='bbox 503 2246 615 2293; x_wconf 92' lang='lat' dir='ltr'><strong>nos</strong></span> <span class='ocrx_word' id='word_1_212' title='bbox 663 2230 979 2295; x_wconf 88' lang='lat' dir='ltr'><strong>maiestati</strong></span> <span class='ocrx_word' id='word_1_213' title='bbox 1027 2249 1136 2296; x_wconf 91' lang='lat' dir='ltr'><strong>sue</strong></span> <span class='ocrx_word' id='word_1_214' title='bbox 1183 2233 1247 2296; x_wconf 90' lang='lat' dir='ltr'><strong>et</strong></span> <span class='ocrx_word' id='word_1_215' title='bbox 1292 2247 1513 2296; x_wconf 90' lang='lat' dir='ltr'><strong>corone</strong></span> <span class='ocrx_word' id='word_1_216' title='bbox 1560 2229 1906 2312; x_wconf 89' lang='lat' dir='ltr'><strong>Hungarie‚</strong></span> <span class='ocrx_word' id='word_1_217' title='bbox 1955 2233 2018 2295; x_wconf 89' lang='lat' dir='ltr'><strong>et</strong></span> <span class='ocrx_word' id='word_1_218' title='bbox 2063 2233 2127 2295; x_wconf 91' lang='lat' dir='ltr'><strong>in</strong></span> <span class='ocrx_word' id='word_1_219' title='bbox 2173 2232 2423 2315; x_wconf 89' lang='lat' dir='ltr'><strong>signum</strong></span> <span class='ocrx_word' id='word_1_220' title='bbox 2473 2232 2630 2297; x_wconf 89' lang='lat' dir='ltr'><strong>bone</strong></span> <span class='ocrx_word' id='word_1_221' title='bbox 2675 2232 2951 2297; x_wconf 88' lang='lat' dir='ltr'><strong>amicitie</strong></span> <span class='ocrx_word' id='word_1_222' title='bbox 2997 2234 3064 2295; x_wconf 87' lang='lat' dir='ltr'><strong>et</strong></span> <span class='ocrx_word' id='word_1_223' title='bbox 3128 2250 3234 2295; x_wconf 86' lang='lat' dir='ltr'><strong>vo-</strong></span> 
     </span>
     <span class='ocr_line' id='line_1_23' title="bbox 503 2317 3236 2403; baseline 0.001 -23"><span class='ocrx_word' id='word_1_224' title='bbox 503 2317 786 2391; x_wconf 87' lang='lat' dir='ltr'><strong>luntatis,</strong></span> <span class='ocrx_word' id='word_1_225' title='bbox 834 2317 1068 2382; x_wconf 91' lang='lat' dir='ltr'><strong>iustum</strong></span> <span class='ocrx_word' id='word_1_226' title='bbox 1115 2321 1183 2383; x_wconf 92' lang='lat' dir='ltr'><strong>et</strong></span> <span class='ocrx_word' id='word_1_227' title='bbox 1227 2317 1598 2382; x_wconf 87' lang='lat' dir='ltr'><strong>rationabile</strong></span> <span class='ocrx_word' id='word_1_228' title='bbox 1644 2318 1803 2383; x_wconf 90' lang='lat' dir='ltr'><strong>foret</strong></span> <span class='ocrx_word' id='word_1_229' title='bbox 1848 2337 1921 2383; x_wconf 86' lang='lat' dir='ltr'><strong>ac</strong></span> <span class='ocrx_word' id='word_1_230' title='bbox 1967 2321 2216 2401; x_wconf 89' lang='lat' dir='ltr'><strong>gratum</strong></span> <span class='ocrx_word' id='word_1_231' title='bbox 2266 2321 2463 2395; x_wconf 74' lang='lat' dir='ltr'><strong>nebia,</strong></span> <span class='ocrx_word' id='word_1_232' title='bbox 2513 2321 2671 2403; x_wconf 91' lang='lat' dir='ltr'><strong>quod</strong></span> <span class='ocrx_word' id='word_1_233' title='bbox 2736 2319 3061 2383; x_wconf 88' lang='lat' dir='ltr'><strong>seremitas</strong></span> <span class='ocrx_word' id='word_1_234' title='bbox 3124 2337 3236 2383; x_wconf 86' lang='lat' dir='ltr'><strong>sua</strong></span> 
     </span>
     <span class='ocr_line' id='line_1_24' title="bbox 502 2405 3237 2490; baseline 0 -21"><span class='ocrx_word' id='word_1_235' title='bbox 502 2405 901 2487; x_wconf 87' lang='lat' dir='ltr'><strong>promitteret</strong></span> <span class='ocrx_word' id='word_1_236' title='bbox 945 2423 1089 2469; x_wconf 91' lang='lat' dir='ltr'><strong>cum</strong></span> <span class='ocrx_word' id='word_1_237' title='bbox 1135 2405 1636 2482; x_wconf 83' lang='lat' dir='ltr'><strong>solemnitatibus</strong></span> <span class='ocrx_word' id='word_1_238' title='bbox 1686 2407 2027 2490; x_wconf 84' lang='lat' dir='ltr'><strong>oportunis,</strong></span> <span class='ocrx_word' id='word_1_239' title='bbox 2079 2407 2243 2490; x_wconf 91' lang='lat' dir='ltr'><strong>quod</strong></span> <span class='ocrx_word' id='word_1_240' title='bbox 2289 2408 2842 2490; x_wconf 90' lang='lat' dir='ltr'><strong>quotienscumque</strong></span> <span class='ocrx_word' id='word_1_241' title='bbox 2872 2406 3100 2488; x_wconf 88' lang='lat' dir='ltr'><strong>aliquis</strong></span> <span class='ocrx_word' id='word_1_242' title='bbox 3131 2425 3237 2471; x_wconf 89' lang='lat' dir='ltr'><strong>cu-</strong></span> 
     </span>
     <span class='ocr_line' id='line_1_25' title="bbox 504 2492 3235 2577; baseline 0.001 -21"><span class='ocrx_word' id='word_1_243' title='bbox 504 2492 702 2558; x_wconf 90' lang='lat' dir='ltr'><strong>iusvis</strong></span> <span class='ocrx_word' id='word_1_244' title='bbox 750 2492 1116 2557; x_wconf 88' lang='lat' dir='ltr'><strong>conditionis</strong></span> <span class='ocrx_word' id='word_1_245' title='bbox 1150 2494 1440 2558; x_wconf 81' lang='lat' dir='ltr'><strong>existeret</strong></span> <span class='ocrx_word' id='word_1_246' title='bbox 1486 2493 1677 2559; x_wconf 89' lang='lat' dir='ltr'><strong>vellet</strong></span> <span class='ocrx_word' id='word_1_247' title='bbox 1724 2496 1931 2559; x_wconf 91' lang='lat' dir='ltr'><strong>venire</strong></span> <span class='ocrx_word' id='word_1_248' title='bbox 1977 2495 2076 2559; x_wconf 89' lang='lat' dir='ltr'><strong>vel</strong></span> <span class='ocrx_word' id='word_1_249' title='bbox 2125 2496 2364 2561; x_wconf 86' lang='lat' dir='ltr'><strong>veniret</strong></span> <span class='ocrx_word' id='word_1_250' title='bbox 2409 2495 2571 2559; x_wconf 90' lang='lat' dir='ltr'><strong>intra</strong></span> <span class='ocrx_word' id='word_1_251' title='bbox 2618 2495 2914 2577; x_wconf 88' lang='lat' dir='ltr'><strong>culphum</strong></span> <span class='ocrx_word' id='word_1_252' title='bbox 2947 2495 3235 2558; x_wconf 88' lang='lat' dir='ltr'><strong>nostrum</strong></span> 
     </span>
     <span class='ocr_line' id='line_1_26' title="bbox 503 2579 3236 2665; baseline 0 -20"><span class='ocrx_word' id='word_1_253' title='bbox 503 2597 613 2663; x_wconf 90' lang='lat' dir='ltr'><strong>per</strong></span> <span class='ocrx_word' id='word_1_254' title='bbox 660 2596 831 2645; x_wconf 88' lang='lat' dir='ltr'><strong>mare</strong></span> <span class='ocrx_word' id='word_1_255' title='bbox 879 2580 957 2645; x_wconf 88' lang='lat' dir='ltr'><strong>ad</strong></span> <span class='ocrx_word' id='word_1_256' title='bbox 1004 2580 1302 2647; x_wconf 86' lang='lat' dir='ltr'><strong>offensam</strong></span> <span class='ocrx_word' id='word_1_257' title='bbox 1349 2579 1740 2646; x_wconf 87' lang='lat' dir='ltr'><strong>subditorum</strong></span> <span class='ocrx_word' id='word_1_258' title='bbox 1790 2582 1855 2647; x_wconf 89' lang='lat' dir='ltr'><strong>et</strong></span> <span class='ocrx_word' id='word_1_259' title='bbox 1900 2583 2171 2647; x_wconf 88' lang='lat' dir='ltr'><strong>locorum</strong></span> <span class='ocrx_word' id='word_1_260' title='bbox 2207 2586 2576 2662; x_wconf 87' lang='lat' dir='ltr'><strong>nostrorum,</strong></span> <span class='ocrx_word' id='word_1_261' title='bbox 2610 2582 2730 2647; x_wconf 90' lang='lat' dir='ltr'><strong>sibi</strong></span> <span class='ocrx_word' id='word_1_262' title='bbox 2760 2581 3236 2665; x_wconf 87' lang='lat' dir='ltr'><strong>prohiberentur</strong></span> 
     </span>
     <span class='ocr_line' id='line_1_27' title="bbox 505 2668 3234 2754; baseline 0.001 -22"><span class='ocrx_word' id='word_1_263' title='bbox 505 2669 727 2751; x_wconf 90' lang='lat' dir='ltr'><strong>portus</strong></span> <span class='ocrx_word' id='word_1_264' title='bbox 773 2668 868 2733; x_wconf 90' lang='lat' dir='ltr'><strong>sui</strong></span> <span class='ocrx_word' id='word_1_265' title='bbox 914 2669 1225 2734; x_wconf 82' lang='lat' dir='ltr'><strong>Dalmatis</strong></span> <span class='ocrx_word' id='word_1_266' title='bbox 1272 2674 1335 2734; x_wconf 90' lang='lat' dir='ltr'><strong>et</strong></span> <span class='ocrx_word' id='word_1_267' title='bbox 1381 2669 1709 2752; x_wconf 90' lang='lat' dir='ltr'><strong>quodlibet</strong></span> <span class='ocrx_word' id='word_1_268' title='bbox 1754 2671 1886 2735; x_wconf 88' lang='lat' dir='ltr'><strong>tam</strong></span> <span class='ocrx_word' id='word_1_269' title='bbox 1937 2671 2299 2736; x_wconf 88' lang='lat' dir='ltr'><strong>victualium</strong></span> <span class='ocrx_word' id='word_1_270' title='bbox 2347 2690 2527 2754; x_wconf 90' lang='lat' dir='ltr'><strong>quam</strong></span> <span class='ocrx_word' id='word_1_271' title='bbox 2576 2671 2857 2753; x_wconf 88' lang='lat' dir='ltr'><strong>gentium</strong></span> <span class='ocrx_word' id='word_1_272' title='bbox 2918 2673 2982 2735; x_wconf 90' lang='lat' dir='ltr'><strong>et</strong></span> <span class='ocrx_word' id='word_1_273' title='bbox 3026 2688 3234 2735; x_wconf 71' lang='lat' dir='ltr'><strong>cutus-</strong></span> 
     </span>
     <span class='ocr_line' id='line_1_28' title="bbox 504 2755 3236 2842; baseline 0 -23"><span class='ocrx_word' id='word_1_274' title='bbox 504 2755 664 2822; x_wconf 88' lang='lat' dir='ltr'><strong>libet</strong></span> <span class='ocrx_word' id='word_1_275' title='bbox 711 2756 966 2820; x_wconf 88' lang='lat' dir='ltr'><strong>alterius</strong></span> <span class='ocrx_word' id='word_1_276' title='bbox 1013 2758 1121 2835; x_wconf 90' lang='lat' dir='ltr'><strong>rei,</strong></span> <span class='ocrx_word' id='word_1_277' title='bbox 1166 2759 1312 2841; x_wconf 89' lang='lat' dir='ltr'><strong>quia</strong></span> <span class='ocrx_word' id='word_1_278' title='bbox 1359 2775 1535 2823; x_wconf 88' lang='lat' dir='ltr'><strong>versa</strong></span> <span class='ocrx_word' id='word_1_279' title='bbox 1582 2758 1715 2823; x_wconf 90' lang='lat' dir='ltr'><strong>vice</strong></span> <span class='ocrx_word' id='word_1_280' title='bbox 1765 2758 1970 2841; x_wconf 89' lang='lat' dir='ltr'><strong>parati</strong></span> <span class='ocrx_word' id='word_1_281' title='bbox 2018 2777 2295 2824; x_wconf 89' lang='lat' dir='ltr'><strong>essemus</strong></span> <span class='ocrx_word' id='word_1_282' title='bbox 2342 2759 2665 2842; x_wconf 87' lang='lat' dir='ltr'><strong>prohibere</strong></span> <span class='ocrx_word' id='word_1_283' title='bbox 2734 2777 2947 2822; x_wconf 86' lang='lat' dir='ltr'><strong>omnes</strong></span> <span class='ocrx_word' id='word_1_284' title='bbox 3015 2762 3236 2840; x_wconf 89' lang='lat' dir='ltr'><strong>portus</strong></span> 
     </span>
     <span class='ocr_line' id='line_1_29' title="bbox 507 2844 3232 2927; baseline 0 -19"><span class='ocrx_word' id='word_1_285' title='bbox 507 2846 755 2909; x_wconf 89' lang='lat' dir='ltr'><strong>nostros</strong></span> <span class='ocrx_word' id='word_1_286' title='bbox 801 2844 1295 2927; x_wconf 90' lang='lat' dir='ltr'><strong>quibuscumque</strong></span> <span class='ocrx_word' id='word_1_287' title='bbox 1340 2845 1732 2910; x_wconf 88' lang='lat' dir='ltr'><strong>venientibus</strong></span> <span class='ocrx_word' id='word_1_288' title='bbox 1779 2847 1855 2909; x_wconf 88' lang='lat' dir='ltr'><strong>ad</strong></span> <span class='ocrx_word' id='word_1_289' title='bbox 1902 2845 2303 2911; x_wconf 85' lang='lat' dir='ltr'><strong>offensionem</strong></span> <span class='ocrx_word' id='word_1_290' title='bbox 2352 2850 2659 2911; x_wconf 86' lang='lat' dir='ltr'><strong>terrarum</strong></span> <span class='ocrx_word' id='word_1_291' title='bbox 2704 2849 2769 2910; x_wconf 89' lang='lat' dir='ltr'><strong>et</strong></span> <span class='ocrx_word' id='word_1_292' title='bbox 2811 2846 3088 2910; x_wconf 89' lang='lat' dir='ltr'><strong>locorum</strong></span> <span class='ocrx_word' id='word_1_293' title='bbox 3129 2864 3232 2909; x_wconf 91' lang='lat' dir='ltr'><strong>su-</strong></span> 
     </span>
     <span class='ocr_line' id='line_1_30' title="bbox 504 2932 3236 3017; baseline 0.001 -22"><span class='ocrx_word' id='word_1_294' title='bbox 504 2949 681 2996; x_wconf 90' lang='lat' dir='ltr'><strong>orum</strong></span> <span class='ocrx_word' id='word_1_295' title='bbox 723 2949 761 2996; x_wconf 90' lang='lat' dir='ltr'><strong>a</strong></span> <span class='ocrx_word' id='word_1_296' title='bbox 807 2932 1044 2997; x_wconf 88' lang='lat' dir='ltr'><strong>marina</strong></span> <span class='ocrx_word' id='word_1_297' title='bbox 1090 2949 1162 2997; x_wconf 90' lang='lat' dir='ltr'><strong>ac</strong></span> <span class='ocrx_word' id='word_1_298' title='bbox 1209 2932 1529 3016; x_wconf 89' lang='lat' dir='ltr'><strong>quodlibet</strong></span> <span class='ocrx_word' id='word_1_299' title='bbox 1576 2932 1922 2998; x_wconf 89' lang='lat' dir='ltr'><strong>subsidium</strong></span> <span class='ocrx_word' id='word_1_300' title='bbox 1996 2938 2127 2998; x_wconf 83' lang='lat' dir='ltr'><strong>tam</strong></span> <span class='ocrx_word' id='word_1_301' title='bbox 2197 2933 2561 2999; x_wconf 88' lang='lat' dir='ltr'><strong>victualium</strong></span> <span class='ocrx_word' id='word_1_302' title='bbox 2610 2952 2794 3017; x_wconf 90' lang='lat' dir='ltr'><strong>quam</strong></span> <span class='ocrx_word' id='word_1_303' title='bbox 2841 2936 3123 3017; x_wconf 89' lang='lat' dir='ltr'><strong>gentium</strong></span> <span class='ocrx_word' id='word_1_304' title='bbox 3171 2934 3236 2998; x_wconf 88' lang='lat' dir='ltr'><strong>et</strong></span> 
     </span>
     <span class='ocr_line' id='line_1_31' title="bbox 506 3018 2779 3103; baseline 0 -19"><span class='ocrx_word' id='word_1_305' title='bbox 506 3018 846 3085; x_wconf 88' lang='lat' dir='ltr'><strong>cuiuslibet</strong></span> <span class='ocrx_word' id='word_1_306' title='bbox 891 3018 1151 3085; x_wconf 91' lang='lat' dir='ltr'><strong>alterius</strong></span> <span class='ocrx_word' id='word_1_307' title='bbox 1197 3021 1306 3086; x_wconf 88' lang='lat' dir='ltr'><strong>rei.</strong></span> <span class='ocrx_word' id='word_1_308' title='bbox 1353 3021 1449 3086; x_wconf 89' lang='lat' dir='ltr'><strong>De</strong></span> <span class='ocrx_word' id='word_1_309' title='bbox 1497 3022 1673 3103; x_wconf 83' lang='lat' dir='ltr'><strong>parte</strong></span> <span class='ocrx_word' id='word_1_310' title='bbox 1725 3021 1781 3097; x_wconf 93' lang='lat' dir='ltr'><strong>l,</strong></span> <span class='ocrx_word' id='word_1_311' title='bbox 1833 3020 1908 3084; x_wconf 90' lang='lat' dir='ltr'><strong>de</strong></span> <span class='ocrx_word' id='word_1_312' title='bbox 1955 3040 2076 3086; x_wconf 91' lang='lat' dir='ltr'><strong>non</strong></span> <span class='ocrx_word' id='word_1_313' title='bbox 2123 3022 2185 3099; x_wconf 90' lang='lat'><strong>3,</strong></span> <span class='ocrx_word' id='word_1_314' title='bbox 2236 3041 2353 3087; x_wconf 92' lang='lat' dir='ltr'><strong>non</strong></span> <span class='ocrx_word' id='word_1_315' title='bbox 2402 3022 2627 3087; x_wconf 89' lang='lat' dir='ltr'><strong>sinceri</strong></span> <span class='ocrx_word' id='word_1_316' title='bbox 2685 3020 2779 3085; x_wconf 85' lang='lat'><strong>16.</strong></span> 
     </span>
    </p>
   </div>
   <div class='ocr_carea' id='block_1_3' title="bbox 593 3125 2440 3205">
    <p class='ocr_par' dir='ltr' id='par_1_4' title="bbox 593 3125 2440 3205">
     <span class='ocr_line' id='line_1_32' title="bbox 593 3125 2440 3205; baseline 0.001 -18"><span class='ocrx_word' id='word_1_317' title='bbox 593 3125 837 3188; x_wconf 78' lang='lat' dir='ltr'><strong>Secreta</strong></span> <span class='ocrx_word' id='word_1_318' title='bbox 886 3126 1140 3190; x_wconf 76' lang='lat' dir='ltr'><strong>Consilii</strong></span> <span class='ocrx_word' id='word_1_319' title='bbox 1183 3130 1552 3205; x_wconf 75' lang='lat' dir='ltr'><strong>Roqatorum</strong></span> <span class='ocrx_word' id='word_1_320' title='bbox 1593 3129 1673 3191; x_wconf 81' lang='lat' dir='ltr'><strong>R.</strong></span> <span class='ocrx_word' id='word_1_321' title='bbox 1721 3131 1867 3199; x_wconf 86' lang='grc'><strong>108,</strong></span> <span class='ocrx_word' id='word_1_322' title='bbox 1915 3148 1955 3189; x_wconf 85' lang='lat' dir='ltr'><strong>u</strong></span> <span class='ocrx_word' id='word_1_323' title='bbox 1999 3131 2155 3191; x_wconf 79' lang='lat' dir='ltr'><strong>mlet.</strong></span> <span class='ocrx_word' id='word_1_324' title='bbox 2205 3132 2440 3190; x_wconf 78' lang='lat' dir='ltr'><strong>arkivu.</strong></span> 
     </span>
    </p>
   </div>
   <div class='ocr_carea' id='block_1_4' title="bbox 631 3315 3115 3422">
    <p class='ocr_par' dir='ltr' id='par_1_5' title="bbox 631 3315 3115 3422">
     <span class='ocr_line' id='line_1_33' title="bbox 631 3315 3115 3422; baseline 0 -24"><span class='ocrx_word' id='word_1_325' title='bbox 631 3315 1465 3400; x_wconf 77' lang='lat' dir='ltr'><strong>OCOGLXXXVIH.</strong></span> <span class='ocrx_word' id='word_1_326' title='bbox 1518 3317 1725 3401; x_wconf 72' lang='lat' dir='ltr'><strong>God.</strong></span> <span class='ocrx_word' id='word_1_327' title='bbox 1778 3317 2010 3401; x_wconf 80' lang='lat'><strong>1395.</strong></span> <span class='ocrx_word' id='word_1_328' title='bbox 2066 3318 2159 3401; x_wconf 78' lang='lat'><strong>12</strong></span> <span class='ocrx_word' id='word_1_329' title='bbox 2214 3319 2553 3422; x_wconf 63' lang='lat' dir='ltr'><strong>ozujka,</strong></span> <span class='ocrx_word' id='word_1_330' title='bbox 2606 3340 2665 3399; x_wconf 89' lang='lat' dir='ltr'><strong>u</strong></span> <span class='ocrx_word' id='word_1_331' title='bbox 2720 3318 3115 3401; x_wconf 80' lang='lat' dir='ltr'><strong>Mletcih.</strong></span> 
     </span>
    </p>
   </div>
   <div class='ocr_carea' id='block_1_5' title="bbox 506 3442 3238 3607">
    <p class='ocr_par' dir='ltr' id='par_1_6' title="bbox 506 3442 3238 3607">
     <span class='ocr_line' id='line_1_34' title="bbox 506 3442 3238 3591; baseline 0 -89"><span class='ocrx_word' id='word_1_332' title='bbox 506 3442 843 3517; x_wconf 76' lang='lat' dir='ltr'><strong>Republika</strong></span> <span class='ocrx_word' id='word_1_333' title='bbox 888 3442 1119 3517; x_wconf 64' lang='lat' dir='ltr'><strong>obebaa&#39;e</strong></span> <span class='ocrx_word' id='word_1_334' title='bbox 1155 3442 1362 3517; x_wconf 62' lang='lat' dir='ltr'><strong>pomo&amp;</strong></span> <span class='ocrx_word' id='word_1_335' title='bbox 1402 3444 1728 3591; x_wconf 52' lang='lat' dir='ltr'><strong>uqarehrzz.</strong></span> <span class='ocrx_word' id='word_1_336' title='bbox 1745 3444 1998 3590; x_wconf 43' lang='lat' dir='ltr'><strong>klrrlzzljn,</strong></span> <span class='ocrx_word' id='word_1_337' title='bbox 2040 3444 2153 3547; x_wconf 54' lang='lat' dir='ltr'><strong>sko</strong></span> <span class='ocrx_word' id='word_1_338' title='bbox 2186 3463 2288 3504; x_wconf 71' lang='lat' dir='ltr'><strong>nau</strong></span> <span class='ocrx_word' id='word_1_339' title='bbox 2320 3447 2400 3520; x_wconf 75' lang='lat' dir='ltr'><strong>jn</strong></span> <span class='ocrx_word' id='word_1_340' title='bbox 2439 3444 2630 3518; x_wconf 60' lang='lat' dir='ltr'><strong>prusa</strong></span> <span class='ocrx_word' id='word_1_341' title='bbox 2685 3446 2709 3503; x_wconf 80' lang='lat' dir='ltr'><strong>i</strong></span> <span class='ocrx_word' id='word_1_342' title='bbox 2736 3446 3046 3516; x_wconf 69' lang='lat' dir='ltr'><strong>francezki</strong></span> <span class='ocrx_word' id='word_1_343' title='bbox 3077 3445 3100 3502; x_wconf 79' lang='lat' dir='ltr'><strong>i</strong></span> <span class='ocrx_word' id='word_1_344' title='bbox 3130 3461 3238 3504; x_wconf 79' lang='lat' dir='ltr'><strong>en-</strong></span> 
     </span>
     <span class='ocr_line' id='line_1_35' title="bbox 1619 3548 2100 3607; baseline 0.004 -16"><span class='ocrx_word' id='word_1_345' title='bbox 1619 3550 1657 3607; x_wconf 79' lang='lat'><em>9</em></span> <span class='ocrx_word' id='word_1_346' title='bbox 1712 3548 1744 3591; x_wconf 74' lang='lat' dir='ltr'><em>z</em></span> <span class='ocrx_word' id='word_1_347' title='bbox 1788 3550 1809 3590; x_wconf 66' lang='grc' dir='ltr'>ι</span> <span class='ocrx_word' id='word_1_348' title='bbox 1880 3549 2100 3593; x_wconf 67' lang='lat' dir='ltr'><strong>nezovv.</strong></span> 
     </span>
    </p>
   </div>
   <div class='ocr_carea' id='block_1_6' title="bbox 505 3647 3235 4788">
    <p class='ocr_par' dir='ltr' id='par_1_7' title="bbox 505 3647 3235 4788">
     <span class='ocr_line' id='line_1_36' title="bbox 718 3647 3230 3734; baseline 0.002 -22"><span class='ocrx_word' id='word_1_349' title='bbox 718 3647 911 3713; x_wconf 85' lang='lat'>1395.</span> <span class='ocrx_word' id='word_1_350' title='bbox 950 3649 1286 3715; x_wconf 89' lang='lat' dir='ltr'><strong>indictione</strong></span> <span class='ocrx_word' id='word_1_351' title='bbox 1333 3652 1548 3730; x_wconf 89' lang='lat' dir='ltr'><strong>tercia,</strong></span> <span class='ocrx_word' id='word_1_352' title='bbox 1596 3650 1695 3716; x_wconf 91' lang='lat' dir='ltr'><strong>die</strong></span> <span class='ocrx_word' id='word_1_353' title='bbox 1742 3652 2107 3717; x_wconf 90' lang='lat' dir='ltr'><strong>duodecimo</strong></span> <span class='ocrx_word' id='word_1_354' title='bbox 2159 3653 2392 3718; x_wconf 87' lang='lat' dir='ltr'><strong>marcii.</strong></span> <span class='ocrx_word' id='word_1_355' title='bbox 2470 3650 2582 3717; x_wconf 86' lang='lat' dir='ltr'><strong>Ser</strong></span> <span class='ocrx_word' id='word_1_356' title='bbox 2628 3653 2848 3717; x_wconf 90' lang='lat' dir='ltr'><strong>Petrus</strong></span> <span class='ocrx_word' id='word_1_357' title='bbox 2899 3651 3230 3734; x_wconf 87' lang='lat' dir='ltr'><strong>Mocenigo</strong></span> 
     </span>
     <span class='ocr_line' id='line_1_37' title="bbox 505 3737 3228 3824; baseline 0.001 -23"><span class='ocrx_word' id='word_1_358' title='bbox 505 3740 886 3821; x_wconf 88' lang='lat' dir='ltr'><strong>procurator,</strong></span> <span class='ocrx_word' id='word_1_359' title='bbox 947 3756 1047 3803; x_wconf 88' lang='lat' dir='ltr'><strong>ser</strong></span> <span class='ocrx_word' id='word_1_360' title='bbox 1107 3737 1486 3805; x_wconf 88' lang='lat' dir='ltr'><strong>Benedictus</strong></span> <span class='ocrx_word' id='word_1_361' title='bbox 1534 3738 1902 3822; x_wconf 86' lang='lat' dir='ltr'><strong>Superantio</strong></span> <span class='ocrx_word' id='word_1_362' title='bbox 1971 3743 2034 3805; x_wconf 91' lang='lat' dir='ltr'><strong>et</strong></span> <span class='ocrx_word' id='word_1_363' title='bbox 2092 3760 2192 3805; x_wconf 93' lang='lat' dir='ltr'><strong>ser</strong></span> <span class='ocrx_word' id='word_1_364' title='bbox 2241 3740 2472 3824; x_wconf 84' lang='lat' dir='ltr'><strong>Symou</strong></span> <span class='ocrx_word' id='word_1_365' title='bbox 2524 3739 2860 3816; x_wconf 90' lang='lat' dir='ltr'><strong>Dalmario,</strong></span> <span class='ocrx_word' id='word_1_366' title='bbox 2909 3740 3228 3820; x_wconf 89' lang='lat' dir='ltr'><strong>sapientes</strong></span> 
     </span>
     <span class='ocr_line' id='line_1_38' title="bbox 508 3824 3233 3904; baseline 0.001 -14"><span class='ocrx_word' id='word_1_367' title='bbox 508 3824 786 3902; x_wconf 79' lang='lat' dir='ltr'><strong>consilii3</strong></span> <span class='ocrx_word' id='word_1_368' title='bbox 834 3843 935 3889; x_wconf 90' lang='lat' dir='ltr'><strong>ser</strong></span> <span class='ocrx_word' id='word_1_369' title='bbox 978 3825 1292 3892; x_wconf 86' lang='lat' dir='ltr'><strong>Johannes</strong></span> <span class='ocrx_word' id='word_1_370' title='bbox 1341 3826 1417 3891; x_wconf 91' lang='lat' dir='ltr'><strong>de</strong></span> <span class='ocrx_word' id='word_1_371' title='bbox 1486 3825 1891 3904; x_wconf 83' lang='lat' dir='ltr'><strong>GarzonibuS,</strong></span> <span class='ocrx_word' id='word_1_372' title='bbox 1965 3846 2064 3892; x_wconf 86' lang='lat' dir='ltr'><strong>ser</strong></span> <span class='ocrx_word' id='word_1_373' title='bbox 2118 3828 2332 3893; x_wconf 90' lang='lat' dir='ltr'><strong>Victor</strong></span> <span class='ocrx_word' id='word_1_374' title='bbox 2390 3827 2710 3903; x_wconf 87' lang='lat' dir='ltr'><strong>Marcello,</strong></span> <span class='ocrx_word' id='word_1_375' title='bbox 2773 3845 2872 3891; x_wconf 89' lang='lat' dir='ltr'><strong>ser</strong></span> <span class='ocrx_word' id='word_1_376' title='bbox 2937 3826 3233 3893; x_wconf 88' lang='lat' dir='ltr'><strong>Nicolaus</strong></span> 
     </span>
     <span class='ocr_line' id='line_1_39' title="bbox 507 3911 3235 3998; baseline 0.001 -22"><span class='ocrx_word' id='word_1_377' title='bbox 507 3911 816 3995; x_wconf 89' lang='lat' dir='ltr'><strong>Delphino</strong></span> <span class='ocrx_word' id='word_1_378' title='bbox 864 3914 927 3977; x_wconf 91' lang='lat' dir='ltr'><strong>et</strong></span> <span class='ocrx_word' id='word_1_379' title='bbox 972 3932 1074 3977; x_wconf 91' lang='lat' dir='ltr'><strong>ser</strong></span> <span class='ocrx_word' id='word_1_380' title='bbox 1114 3913 1393 3980; x_wconf 88' lang='lat' dir='ltr'><strong>Andreas</strong></span> <span class='ocrx_word' id='word_1_381' title='bbox 1443 3914 1724 3991; x_wconf 89' lang='lat' dir='ltr'><strong>Veneri0,</strong></span> <span class='ocrx_word' id='word_1_382' title='bbox 1774 3915 2088 3997; x_wconf 88' lang='lat' dir='ltr'><strong>sapientes</strong></span> <span class='ocrx_word' id='word_1_383' title='bbox 2126 3915 2430 3980; x_wconf 90' lang='lat' dir='ltr'><strong>ordinum.</strong></span> <span class='ocrx_word' id='word_1_384' title='bbox 2481 3914 2711 3996; x_wconf 82' lang='lat' dir='ltr'><strong>Capta:</strong></span> <span class='ocrx_word' id='word_1_385' title='bbox 2756 3914 2902 3998; x_wconf 87' lang='lat' dir='ltr'><strong>quia</strong></span> <span class='ocrx_word' id='word_1_386' title='bbox 2934 3915 3067 3978; x_wconf 91' lang='lat' dir='ltr'><strong>heri</strong></span> <span class='ocrx_word' id='word_1_387' title='bbox 3101 3934 3235 3979; x_wconf 88' lang='lat' dir='ltr'><strong>am-</strong></span> 
     </span>
     <span class='ocr_line' id='line_1_40' title="bbox 509 3999 3232 4085; baseline 0.001 -21"><span class='ocrx_word' id='word_1_388' title='bbox 509 3999 860 4065; x_wconf 86' lang='lat' dir='ltr'><strong>basiatores</strong></span> <span class='ocrx_word' id='word_1_389' title='bbox 905 4000 1245 4085; x_wconf 89' lang='lat' dir='ltr'><strong>Hungarie‚</strong></span> <span class='ocrx_word' id='word_1_390' title='bbox 1294 4003 1507 4067; x_wconf 85' lang='lat' dir='ltr'><strong>audita</strong></span> <span class='ocrx_word' id='word_1_391' title='bbox 1554 4006 1617 4067; x_wconf 90' lang='lat' dir='ltr'><strong>et</strong></span> <span class='ocrx_word' id='word_1_392' title='bbox 1649 4001 1867 4067; x_wconf 89' lang='lat' dir='ltr'><strong>habita</strong></span> <span class='ocrx_word' id='word_1_393' title='bbox 1913 4003 2307 4085; x_wconf 86' lang='lat' dir='ltr'><strong>responsione</strong></span> <span class='ocrx_word' id='word_1_394' title='bbox 2372 4002 2459 4066; x_wconf 88' lang='lat' dir='ltr'><strong>eis</strong></span> <span class='ocrx_word' id='word_1_395' title='bbox 2529 4002 2674 4067; x_wconf 87' lang='lat' dir='ltr'><strong>data</strong></span> <span class='ocrx_word' id='word_1_396' title='bbox 2733 4021 2841 4084; x_wconf 91' lang='lat' dir='ltr'><strong>per</strong></span> <span class='ocrx_word' id='word_1_397' title='bbox 2888 4002 3232 4067; x_wconf 90' lang='lat' dir='ltr'><strong>dominium</strong></span> 
     </span>
     <span class='ocr_line' id='line_1_41' title="bbox 507 4088 3233 4172; baseline 0 -18"><span class='ocrx_word' id='word_1_398' title='bbox 507 4088 848 4154; x_wconf 89' lang='lat' dir='ltr'><strong>secundum</strong></span> <span class='ocrx_word' id='word_1_399' title='bbox 894 4089 1053 4170; x_wconf 90' lang='lat' dir='ltr'><strong>quod</strong></span> <span class='ocrx_word' id='word_1_400' title='bbox 1101 4093 1350 4172; x_wconf 87' lang='lat' dir='ltr'><strong>captum</strong></span> <span class='ocrx_word' id='word_1_401' title='bbox 1396 4090 1517 4154; x_wconf 89' lang='lat' dir='ltr'><strong>fuit</strong></span> <span class='ocrx_word' id='word_1_402' title='bbox 1585 4091 1647 4154; x_wconf 91' lang='lat' dir='ltr'><strong>in</strong></span> <span class='ocrx_word' id='word_1_403' title='bbox 1709 4091 1827 4155; x_wconf 89' lang='lat' dir='ltr'><strong>hoc</strong></span> <span class='ocrx_word' id='word_1_404' title='bbox 1902 4089 2179 4167; x_wconf 82' lang='lat' dir='ltr'><strong>consili0,</strong></span> <span class='ocrx_word' id='word_1_405' title='bbox 2250 4090 2603 4155; x_wconf 88' lang='lat' dir='ltr'><strong>habuerunt</strong></span> <span class='ocrx_word' id='word_1_406' title='bbox 2671 4090 2873 4154; x_wconf 87' lang='lat' dir='ltr'><strong>dicere</strong></span> <span class='ocrx_word' id='word_1_407' title='bbox 2914 4093 2976 4155; x_wconf 91' lang='lat' dir='ltr'><strong>et</strong></span> <span class='ocrx_word' id='word_1_408' title='bbox 3023 4093 3233 4172; x_wconf 89' lang='lat' dir='ltr'><strong>petere</strong></span> 
     </span>
     <span class='ocr_line' id='line_1_42' title="bbox 509 4174 3232 4260; baseline -0 -19"><span class='ocrx_word' id='word_1_409' title='bbox 509 4174 829 4253; x_wconf 85' lang='lat' dir='ltr'><strong>declarari,</strong></span> <span class='ocrx_word' id='word_1_410' title='bbox 878 4177 1036 4258; x_wconf 90' lang='lat' dir='ltr'><strong>quod</strong></span> <span class='ocrx_word' id='word_1_411' title='bbox 1084 4175 1146 4241; x_wconf 91' lang='lat' dir='ltr'><strong>in</strong></span> <span class='ocrx_word' id='word_1_412' title='bbox 1194 4195 1361 4254; x_wconf 88' lang='lat' dir='ltr'><strong>casu,</strong></span> <span class='ocrx_word' id='word_1_413' title='bbox 1411 4195 1529 4260; x_wconf 92' lang='lat' dir='ltr'><strong>quo</strong></span> <span class='ocrx_word' id='word_1_414' title='bbox 1578 4177 2006 4242; x_wconf 89' lang='lat' dir='ltr'><strong>christianitas</strong></span> <span class='ocrx_word' id='word_1_415' title='bbox 2057 4195 2164 4242; x_wconf 91' lang='lat' dir='ltr'><strong>seu</strong></span> <span class='ocrx_word' id='word_1_416' title='bbox 2206 4177 2300 4242; x_wconf 92' lang='lat' dir='ltr'><strong>illi</strong></span> <span class='ocrx_word' id='word_1_417' title='bbox 2354 4176 2661 4260; x_wconf 89' lang='lat' dir='ltr'><strong>principes</strong></span> <span class='ocrx_word' id='word_1_418' title='bbox 2711 4180 2773 4241; x_wconf 89' lang='lat' dir='ltr'><strong>et</strong></span> <span class='ocrx_word' id='word_1_419' title='bbox 2818 4176 3005 4242; x_wconf 91' lang='lat' dir='ltr'><strong>duces</strong></span> <span class='ocrx_word' id='word_1_420' title='bbox 3034 4179 3232 4241; x_wconf 81' lang='lat' dir='ltr'><strong>Fran-</strong></span> 
     </span>
     <span class='ocr_line' id='line_1_43' title="bbox 510 4263 3232 4346; baseline -0 -16"><span class='ocrx_word' id='word_1_421' title='bbox 510 4264 603 4330; x_wconf 89' lang='lat' dir='ltr'><strong>cie</strong></span> <span class='ocrx_word' id='word_1_422' title='bbox 647 4265 711 4328; x_wconf 88' lang='lat' dir='ltr'><strong>et</strong></span> <span class='ocrx_word' id='word_1_423' title='bbox 756 4264 982 4346; x_wconf 85' lang='lat' dir='ltr'><strong>Anglie</strong></span> <span class='ocrx_word' id='word_1_424' title='bbox 1028 4264 1269 4328; x_wconf 88' lang='lat' dir='ltr'><strong>nollent</strong></span> <span class='ocrx_word' id='word_1_425' title='bbox 1308 4265 1625 4329; x_wconf 87' lang='lat' dir='ltr'><strong>attendere</strong></span> <span class='ocrx_word' id='word_1_426' title='bbox 1673 4266 1748 4328; x_wconf 89' lang='lat' dir='ltr'><strong>ad</strong></span> <span class='ocrx_word' id='word_1_427' title='bbox 1796 4263 1963 4329; x_wconf 90' lang='lat' dir='ltr'><strong>istud</strong></span> <span class='ocrx_word' id='word_1_428' title='bbox 2011 4265 2266 4343; x_wconf 84' lang='lat' dir='ltr'><strong>factum,</strong></span> <span class='ocrx_word' id='word_1_429' title='bbox 2331 4265 2395 4329; x_wconf 88' lang='lat' dir='ltr'><strong>et</strong></span> <span class='ocrx_word' id='word_1_430' title='bbox 2454 4264 2738 4329; x_wconf 90' lang='lat' dir='ltr'><strong>dominus</strong></span> <span class='ocrx_word' id='word_1_431' title='bbox 2795 4283 2961 4339; x_wconf 82' lang='lat' dir='ltr'><strong>sune,</strong></span> <span class='ocrx_word' id='word_1_432' title='bbox 3011 4285 3232 4330; x_wconf 86' lang='lat' dir='ltr'><strong>secun-</strong></span> 
     </span>
     <span class='ocr_line' id='line_1_44' title="bbox 510 4351 3228 4437; baseline 0 -21"><span class='ocrx_word' id='word_1_433' title='bbox 510 4354 657 4416; x_wconf 91' lang='lat' dir='ltr'><strong>dum</strong></span> <span class='ocrx_word' id='word_1_434' title='bbox 699 4351 863 4437; x_wconf 91' lang='lat' dir='ltr'><strong>quod</strong></span> <span class='ocrx_word' id='word_1_435' title='bbox 911 4352 1038 4415; x_wconf 89' lang='lat' dir='ltr'><strong>iam</strong></span> <span class='ocrx_word' id='word_1_436' title='bbox 1083 4351 1541 4417; x_wconf 85' lang='lat' dir='ltr'><strong>deliberaverat</strong></span> <span class='ocrx_word' id='word_1_437' title='bbox 1577 4356 1642 4417; x_wconf 89' lang='lat' dir='ltr'><strong>et</strong></span> <span class='ocrx_word' id='word_1_438' title='bbox 1684 4353 2020 4435; x_wconf 88' lang='lat' dir='ltr'><strong>dispositus</strong></span> <span class='ocrx_word' id='word_1_439' title='bbox 2064 4356 2197 4417; x_wconf 83' lang='lat' dir='ltr'><strong>erat</strong></span> <span class='ocrx_word' id='word_1_440' title='bbox 2260 4353 2478 4428; x_wconf 90' lang='lat' dir='ltr'><strong>facere,</strong></span> <span class='ocrx_word' id='word_1_441' title='bbox 2547 4355 3024 4434; x_wconf 88' lang='lat' dir='ltr'><strong>prosequeretur</strong></span> <span class='ocrx_word' id='word_1_442' title='bbox 3086 4371 3228 4417; x_wconf 85' lang='lat' dir='ltr'><strong>curn</strong></span> 
     </span>
     <span class='ocr_line' id='line_1_45' title="bbox 511 4437 3231 4522; baseline 0 -20"><span class='ocrx_word' id='word_1_443' title='bbox 511 4439 622 4503; x_wconf 92' lang='lat' dir='ltr'><strong>deo</strong></span> <span class='ocrx_word' id='word_1_444' title='bbox 668 4438 916 4504; x_wconf 89' lang='lat' dir='ltr'><strong>dictum</strong></span> <span class='ocrx_word' id='word_1_445' title='bbox 962 4438 1222 4519; x_wconf 84' lang='lat' dir='ltr'><strong>factum,</strong></span> <span class='ocrx_word' id='word_1_446' title='bbox 1273 4441 1325 4505; x_wconf 91' lang='lat' dir='ltr'><strong>si</strong></span> <span class='ocrx_word' id='word_1_447' title='bbox 1375 4440 1645 4522; x_wconf 89' lang='lat' dir='ltr'><strong>placebit</strong></span> <span class='ocrx_word' id='word_1_448' title='bbox 1681 4441 1858 4505; x_wconf 90' lang='lat' dir='ltr'><strong>nobis</strong></span> <span class='ocrx_word' id='word_1_449' title='bbox 1893 4442 1958 4505; x_wconf 88' lang='lat' dir='ltr'><strong>et</strong></span> <span class='ocrx_word' id='word_1_450' title='bbox 2004 4442 2056 4505; x_wconf 90' lang='lat' dir='ltr'><strong>si</strong></span> <span class='ocrx_word' id='word_1_451' title='bbox 2105 4439 2466 4506; x_wconf 90' lang='lat' dir='ltr'><strong>volebamus</strong></span> <span class='ocrx_word' id='word_1_452' title='bbox 2511 4440 2575 4503; x_wconf 91' lang='lat' dir='ltr'><strong>in</strong></span> <span class='ocrx_word' id='word_1_453' title='bbox 2607 4439 2932 4504; x_wconf 87' lang='lat' dir='ltr'><strong>servitium</strong></span> <span class='ocrx_word' id='word_1_454' title='bbox 2977 4437 3231 4503; x_wconf 89' lang='lat' dir='ltr'><strong>christi-</strong></span> 
     </span>
     <span class='ocr_line' id='line_1_46' title="bbox 509 4525 3230 4611; baseline 0.001 -22"><span class='ocrx_word' id='word_1_455' title='bbox 509 4525 767 4591; x_wconf 88' lang='lat' dir='ltr'><strong>anitatis</strong></span> <span class='ocrx_word' id='word_1_456' title='bbox 812 4527 877 4591; x_wconf 89' lang='lat' dir='ltr'><strong>et</strong></span> <span class='ocrx_word' id='word_1_457' title='bbox 907 4527 972 4590; x_wconf 93' lang='lat' dir='ltr'><strong>in</strong></span> <span class='ocrx_word' id='word_1_458' title='bbox 1017 4545 1193 4591; x_wconf 91' lang='lat' dir='ltr'><strong>suam</strong></span> <span class='ocrx_word' id='word_1_459' title='bbox 1237 4526 1750 4610; x_wconf 88' lang='lat' dir='ltr'><strong>complacentiam</strong></span> <span class='ocrx_word' id='word_1_460' title='bbox 1800 4546 2025 4611; x_wconf 88' lang='lat' dir='ltr'><strong>ponere</strong></span> <span class='ocrx_word' id='word_1_461' title='bbox 2086 4528 2299 4611; x_wconf 86' lang='lat' dir='ltr'><strong>galeas</strong></span> <span class='ocrx_word' id='word_1_462' title='bbox 2359 4530 2601 4592; x_wconf 86' lang='lat' dir='ltr'><strong>nostras</strong></span> <span class='ocrx_word' id='word_1_463' title='bbox 2660 4528 2844 4609; x_wconf 89' lang='lat' dir='ltr'><strong>prout</strong></span> <span class='ocrx_word' id='word_1_464' title='bbox 2901 4526 3230 4608; x_wconf 91' lang='lat' dir='ltr'><strong>promitte-</strong></span> 
     </span>
     <span class='ocr_line' id='line_1_47' title="bbox 511 4612 3227 4698; baseline 0.001 -21"><span class='ocrx_word' id='word_1_465' title='bbox 511 4613 730 4677; x_wconf 89' lang='lat' dir='ltr'><strong>bamus</strong></span> <span class='ocrx_word' id='word_1_466' title='bbox 789 4614 857 4677; x_wconf 90' lang='lat' dir='ltr'><strong>et</strong></span> <span class='ocrx_word' id='word_1_467' title='bbox 915 4612 1105 4679; x_wconf 90' lang='lat' dir='ltr'><strong>aliud.</strong></span> <span class='ocrx_word' id='word_1_468' title='bbox 1198 4615 1280 4680; x_wconf 87' lang='lat' dir='ltr'><strong>Et</strong></span> <span class='ocrx_word' id='word_1_469' title='bbox 1336 4614 1741 4680; x_wconf 87' lang='lat' dir='ltr'><strong>consideratis</strong></span> <span class='ocrx_word' id='word_1_470' title='bbox 1802 4614 2009 4680; x_wconf 90' lang='lat' dir='ltr'><strong>verbis</strong></span> <span class='ocrx_word' id='word_1_471' title='bbox 2072 4634 2307 4694; x_wconf 91' lang='lat' dir='ltr'><strong>eorum,</strong></span> <span class='ocrx_word' id='word_1_472' title='bbox 2369 4633 2481 4698; x_wconf 89' lang='lat' dir='ltr'><strong>pro</strong></span> <span class='ocrx_word' id='word_1_473' title='bbox 2540 4614 2719 4679; x_wconf 88' lang='lat' dir='ltr'><strong>nobis</strong></span> <span class='ocrx_word' id='word_1_474' title='bbox 2777 4613 2967 4679; x_wconf 85' lang='lat' dir='ltr'><strong>faciat</strong></span> <span class='ocrx_word' id='word_1_475' title='bbox 3027 4615 3227 4680; x_wconf 84' lang='lat' dir='ltr'><strong>facere</strong></span> 
     </span>
     <span class='ocr_line' id='line_1_48' title="bbox 511 4697 3231 4788; baseline 0.001 -24"><span class='ocrx_word' id='word_1_476' title='bbox 511 4697 632 4764; x_wconf 89' lang='lat' dir='ltr'><strong>sibi</strong></span> <span class='ocrx_word' id='word_1_477' title='bbox 672 4698 923 4766; x_wconf 84' lang='lat' dir='ltr'><strong>finalem</strong></span> <span class='ocrx_word' id='word_1_478' title='bbox 968 4702 1428 4785; x_wconf 88' lang='lat' dir='ltr'><strong>responsionem</strong></span> <span class='ocrx_word' id='word_1_479' title='bbox 1477 4704 1785 4782; x_wconf 90' lang='lat' dir='ltr'><strong>nostram;</strong></span> <span class='ocrx_word' id='word_1_480' title='bbox 1838 4702 2009 4770; x_wconf 87' lang='lat' dir='ltr'><strong>vadit</strong></span> <span class='ocrx_word' id='word_1_481' title='bbox 2051 4721 2216 4788; x_wconf 89' lang='lat' dir='ltr'><strong>pars,</strong></span> <span class='ocrx_word' id='word_1_482' title='bbox 2264 4704 2424 4787; x_wconf 89' lang='lat' dir='ltr'><strong>quod</strong></span> <span class='ocrx_word' id='word_1_483' title='bbox 2469 4703 2908 4786; x_wconf 87' lang='lat' dir='ltr'><strong>respondeatur</strong></span> <span class='ocrx_word' id='word_1_484' title='bbox 2975 4700 3231 4782; x_wconf 87' lang='lat' dir='ltr'><strong>eisdem,</strong></span> 
     </span>
    </p>
   </div>
  </div>
 </body>
</html>
