3620 5282
3004 311 3133 377 463

423 509 687 575 cumque
729 488 1189 556 conventionem
1235 506 1376 554 cum
1422 486 1626 571 aliquo
1672 485 1949 570 principe
1996 486 2198 555 facere
2247 484 2718 564 intenderimus,
2759 486 2937 551 'tuuc
2983 505 3124 551 cum

432 580 595 645 scitu
638 579 913 663 ipsorum
953 576 1431 644 Sibinicensium
1466 579 1530 640 et
1576 594 1715 640 cum
1763 574 2195 640 reformatione
2241 575 2446 639 status
2482 571 2753 653 illorum,
2801 575 2986 639 sicuti
3019 592 3127 656 pro

433 667 610 732 nobis
657 666 748 733 sic
778 671 842 732 et
876 684 984 751 pro
1008 666 1158 751 ipsis
1189 664 1506 730 faciemus.
1556 665 1882 729 Presentes
1926 665 2136 727 autem
2181 682 2321 727 cum
2369 661 2543 726 nobis
2575 662 2638 726 in
2686 662 2890 745 specie
2942 662 3131 728 allate

433 755 681 835 fuerint,
727 775 851 839 per,
882 755 1126 820 litteras
1171 751 1592 838 privilegiales
1639 752 1790 817 dicti
1836 753 2064 816 domini
2090 750 2281 816 nostri
2328 752 2491 835 regis
2524 751 2888 816 confirmare
2928 754 2992 816 et
3021 770 3129 833 ap-

433 846 689 928 probare
731 842 1048 910 faciemus.
1096 842 1172 906 In
1216 841 1392 907 cuius
1438 841 1527 907 rei
1574 839 2005 906 testimonium
2052 841 2370 924 presentes
2415 842 2657 905 nostras
2705 839 2951 904 litteras
3015 838 3132 904 sub

429 932 836 1017 pendentibus
881 932 1115 1009 nostris
1158 930 1384 1014 sigillis
1432 928 1770 995 munimine
1819 930 2237 994 concessimus
2274 927 2610 993 roboratas.
2660 928 2892 993 Datum
2927 929 2990 992 in
3024 926 3141 992 Ce-

432 1023 564 1087 tina
608 1023 722 1087 sub
769 1020 971 1087 castro
1015 1020 1166 1085 Fsin
1210 1018 1311 1083 die
1365 1018 1443 1083 13
1491 1017 1723 1083 mensis
1769 1017 1940 1094 maii,
1991 1016 2181 1082 1402.

517 1131 623 1191 Ex
666 1131 912 1205 antiquo
956 1128 1365 1202 manuscripto
1409 1127 1574 1201 apud
1618 1125 1681 1187 S.
1727 1125 1968 1201 Ljubic.

782 1336 1255 1421 DCXXIII.
1307 1334 1512 1424 Gon.
1565 1334 1792 1418 1402.
1847 1336 1891 1417 1
1944 1334 2250 1438 lipnja,
2303 1356 2364 1416 u
2418 1333 2803 1419 Mletcih.

639 1478 971 1563 Capitaneo
1002 1479 1230 1561 culphi‚
1261 1478 1367 1561 qui
1397 1478 1525 1543 suis
1557 1477 1756 1542 literis
1787 1475 1951 1541 datis
1975 1475 2199 1542 Jadrae
2240 1475 2312 1540 17
2345 1479 2409 1542 et
2438 1475 2517 1542 18
2554 1478 2700 1543 maii
2730 1479 2954 1562 querit,
2980 1476 3135 1563 quid

442 1569 499 1634 ei
541 1568 908 1647 faciendum,
956 1567 1010 1632 si
1055 1567 1174 1632 duo
1218 1567 1429 1651 galeae
1497 1567 1814 1631 catalanae
1879 1566 2185 1630 intrarent
2256 1566 2319 1629 in
2364 1563 2659 1648 culphum
2704 1568 2768 1631 in
2815 1567 3137 1633 servitium

437 1659 605 1741 regis
651 1656 983 1734 Ladislavi,
1029 1656 1488 1740 respondeatur,
1536 1656 1694 1738 quod
1740 1655 1909 1738 ipsas
1954 1654 2110 1719 bene
2136 1656 2381 1733 tractet,
2417 1654 2702 1721 attendat
2732 1655 3137 1732 solummodo,

441 1747 598 1831 quod
643 1763 766 1811 non
812 1744 1120 1810 offendant
1166 1743 1431 1828 navigia,
1480 1762 1634 1827 quae
1680 1743 1936 1808 veniunt
1978 1743 2077 1808 vel
2124 1746 2342 1809 exeunt
2388 1761 2421 1808 e
2467 1742 2767 1809 Venetiis.

525 1854 764 1917 Secreta
810 1853 983 1916 Con-3.
1029 1854 1180 1930 Πομ.
1223 1854 1279 1914 1.
1331 1855 1434 1925 64,
1478 1870 1520 1913 u
1562 1853 1719 1914 mlet.
1766 1853 2002 1912 arkivu.

785 2060 1248 2145 DGXXIV.
1300 2061 1504 2147 Gon.
1558 2061 1786 2145 1402.
1841 2060 1893 2144 8
1946 2058 2254 2164 Imma,
2304 2085 2362 2145 u
2417 2061 2806 2147 metcih.

651 2203 808 2271 Cum
853 2206 1140 2281 rectores,
1187 2202 1418 2268 iudices
1465 2205 1529 2268 et
1572 2205 1897 2283 consilium
1943 2202 2181 2269 Cattari
2228 2206 2355 2270 suis
2399 2205 2630 2271 litteris
2677 2208 2751 2272 de
2796 2207 2880 2273 23
2912 2208 3130 2273 marcii

444 2314 514 2362 se
556 2295 900 2360 lamentent
949 2294 1146 2377 „quod
1192 2294 1407 2357 contra
1452 2293 1741 2376 antiquas
1783 2294 2255 2358 consuetudines
2303 2296 2368 2358 et
2412 2293 2775 2360 franchisias
2832 2297 3129 2361 hactenus

440 2384 793 2449 observatas
837 2400 1032 2464 nuper
1078 2381 1140 2447 in
1209 2381 1459 2446 civitate
1523 2386 1738 2447 nostra
1804 2381 2207 2447 Venetiarum
2276 2383 2338 2447 in
2406 2382 2588 2448 dictis
2638 2384 3030 2450 libertatibus
3077 2386 3142 2450 et

439 2470 794 2538 franchisiis
840 2488 958 2535 non
1004 2471 1413 2548 tractantur“,
1486 2474 1549 2533 et
1618 2471 1854 2555 rogent,
1924 2471 2083 2554 quod
2152 2469 2440 2536 vellimus
2512 2473 2675 2555 ipsos
2721 2472 2907 2537 sicuti
2953 2478 3139 2538 antea

442 2566 705 2627 tractare
730 2560 791 2624 in
816 2559 1129 2643 posterum
1167 2576 1344 2639 „cum
1379 2559 1581 2624 veneti
1613 2560 1805 2624 nostri
1840 2559 1905 2623 in
1935 2559 2184 2625 civitate
2227 2578 2337 2623 sua
2368 2560 2492 2624 sint
2522 2561 2702 2625 liberi
2734 2564 2796 2624 et
2827 2559 3133 2641 franchi“',

444 2652 904 2734 respondeatur,
952 2648 1115 2732 quod
1153 2648 1345 2714 nichil
1391 2648 1753 2714 innovatum
1798 2648 1937 2725 suit,
1985 2653 2049 2714 et
2092 2648 2253 2731 quod
2299 2650 2730 2717 tractabuntur
2775 2650 2959 2717 sicuti
2988 2652 3138 2717 reli-

440 2739 545 2823 qui
591 2737 955 2803 Dalmatini.

527 2846 766 2909 Secreta
815 2846 988 2908 Cous.
1036 2842 1187 2921 Roy.
1234 2840 1292 2906 1.
1341 2847 1443 2924 66,
1490 2863 1532 2906 u
1577 2844 1728 2905 mlet.
1779 2846 2013 2907 arkivu.

803 3053 1217 3137 DCXXV.
1242 3163 1249 3172 ⁸
1274 3054 1480 3139 God.
1532 3052 1760 3137 1402.
1816 3056 1903 3138 17
1955 3054 2264 3157 lipnja,
2315 3078 2376 3138 u
2411 3054 2785 3160 Napulu.

442 3199 629 3276 Krab'
669 3201 980 3276 napuliski
1022 3199 1320 3260 Ladislav
1366 3199 1502 3273 daje
1539 3200 1834 3274 panomoc}
1871 3198 2091 3260 Alviiu
2134 3199 2557 3264 Aldemarislou
2593 3222 2658 3265 ,u
2702 3205 2835 3264 soih
2870 3193 3142 3280 'poszovih

1267 3289 1486 3348 ἰίὸαέὲἠ
1527 3305 1590 3348 sc
1622 3288 1946 3363 predob-etea
1991 3290 2340 3365 Dalmaczje.

656 3410 981 3476 Ladislaus
1026 3408 1124 3473 dei
1171 3411 1372 3494 gratia
1415 3409 1753 3495 Hungarie,
1793 3409 2161 3487 Jerusalem,
2214 3412 2441 3491 Sicilie,
2491 3412 2824 3493 Dalmatio,
2876 3414 3141 3493 Oroatie,

452 3498 670 3576 Rame,
723 3498 953 3577 Servie,
999 3497 1246 3577 Galitie,
1294 3499 1675 3578 Lodomerie,
1730 3498 2065 3575 Cumanis,
2137 3501 2450 3584 Bulgarie,
2521 3521 2644 3581 rex,
2719 3506 3031 3585 provincie
3080 3510 3146 3571 et

455 3587 922 3671 Frobcalquerii
967 3605 1038 3651 ac
1082 3587 1464 3653 Pedimontis
1509 3607 1711 3653 comes
1742 3588 1934 3653 nobili
1966 3589 2096 3653 viro
2127 3588 2343 3673 Loysio
2384 3589 2808 3657 Aldemarisco
2857 3592 2933 3658 de
2979 3593 3145 3659 Nea-

443 3675 568 3759 poli
609 3677 831 3741 militis
869 3677 1022 3760 regii
1067 3678 1282 3755 nostri,
1334 3677 1542 3743 Sicilie
1589 3676 1959 3754 mariscallo,
2038 3680 2101 3742 et
2177 3681 2528 3743 nostrarum
2576 3680 2919 3761 gallearum
2962 3701 3151 3764 gene-

444 3764 582 3842 rali,
630 3766 963 3848 capitaneO,
1041 3766 1388 3830 consiliario
1445 3768 1507 3829 et
1551 3766 1717 3830 fideli
1764 3770 1973 3830 nostro
2042 3765 2267 3830 dilecto
2339 3768 2608 3851 gratiam
2655 3770 2720 3832 et
2766 3769 2987 3834 bonam
3037 3790 3147 3836 vo-

443 3852 771 3919 luntatem.
824 3853 916 3918 De
961 3856 1417 3936 recuperatione
1462 3855 1527 3918 et
1572 3858 1739 3919 statu
1785 3854 2019 3919 salubri
2069 3872 2398 3937 regnorum
2425 3859 2775 3922 nostrorum
2807 3857 3144 3940 Hungarie,

447 3941 787 4019 Dalmatio,
840 3939 1103 4018 Croatie,
1152 3941 1436 4008 Slavonie
1500 3943 1563 4007 et
1603 3942 1865 4007 aliorum
1934 3960 2264 4025 regnorum
2328 3944 2416 4008 eis
2473 3962 2825 4020 anexorum,
2890 3965 3148 4030 quorum

447 4049 591 4113 pars
638 4031 907 4096 maxima
952 4049 1060 4113 per
1104 4050 1224 4095 non
1268 4030 1473 4096 nullos
1521 4035 1767 4096 nostros
1816 4034 2105 4097 tenentur
2142 4031 2403 4097 emullos
2451 4037 2513 4097 et
2543 4035 2808 4098 rebelles
2861 4037 3140 4118 nequiter

450 4123 768 4201 occupata,
817 4118 916 4183 die
965 4120 1273 4202 noctuque
1319 4120 1486 4184 auris
1531 4120 1827 4203 vigilibus
1874 4121 2216 4202 cogitantes
2287 4138 2397 4184 nec
2472 4119 2725 4185 illorum
2773 4126 3145 4205 recuperati-

450 4224 646 4287 onem,
692 4225 806 4292 que
856 4207 1029 4272 satis·
1061 4208 1252 4272 menti
1296 4211 1504 4288 nostre
1547 4208 1726 4285 inest,
1776 4208 2185 4291 personaliter
2230 4227 2447 4273 vacare
2495 4208 2805 4293 valentes;
2870 4215 2933 4275 et
2978 4214 3149 4296 cupi-

452 4296 624 4360 entes
671 4312 995 4378 personam
1043 4297 1377 4378 exquirere,
1426 4314 1541 4378 que
1585 4296 1783 4380 possit
1831 4298 1993 4361 vices
2032 4301 2278 4361 nostras
2326 4296 2390 4361 in
2437 4296 2552 4362 bac
2594 4300 2771 4380 parte
2840 4302 3143 4382 supplere,

447 4382 595 4448 dum
641 4383 715 4449 de
761 4384 977 4449 multis
1023 4386 1454 4467 cogitaremus,
1502 4385 1579 4449 ad
1625 4387 1687 4452 te
1733 4387 2062 4468 postremo,
2112 4386 2217 4467 qui
2262 4386 2501 4450 statum
2551 4390 2827 4451 nostrum
2861 4388 3059 4471 cupis,
3089 4396 3152 4456 et

447 4470 627 4536 illum
678 4474 965 4538 continue
1009 4473 1385 4554 promovisti,
1462 4475 1742 4538 nostrum
1783 4473 2082 4556 juditium
2131 4473 2353 4546 merito
2400 4493 2466 4539 se
2513 4476 2835 4540 convertit.
2885 4475 3149 4563 Ideoque

449 4560 764 4641 premissis
808 4560 1065 4640 inducti,
1115 4580 1187 4627 ac
1231 4563 1304 4627 de
1351 4560 1444 4624 tui
1512 4580 1660 4646 erga
1725 4580 1837 4626 nos
1905 4560 2263 4626 sinceritate
2308 4563 2372 4626 et
2432 4562 2756 4628 affectione
2801 4565 3034 4645 confisi,
3087 4571 3148 4633 te

443 4647 745 4713 vicarium
813 4651 1096 4714 nostrum
1142 4650 1207 4713 in
1250 4650 1436 4715 dictis
1481 4649 1690 4733 regnis
1764 4649 2109 4734 Hungarie,
2163 4649 2494 4731 Dalmatis,
2545 4650 2809 4734 Oroatis,
2857 4653 3141 4721 Slavonie

444 4736 509 4799 et
552 4735 696 4802 aliis
760 4737 969 4821 regnis
1015 4739 1104 4804 eis
1149 4738 1421 4819 annexis,
1495 4758 1634 4806 cum
1700 4739 1886 4823 plena
1950 4738 2109 4806 meri
2175 4739 2472 4825 mixtique
2538 4741 2784 4831 imperii
2831 4745 2897 4810 et
2952 4745 3145 4831 gladii
