3620 5282
581 331 707 396 192

893 502 1379 587 CCLXXII.
1434 501 1642 584 God.
1697 499 1917 583 1383.
1972 501 2028 581 4
2075 495 2435 599 venece,
2486 519 2546 578 u
2600 495 2993 578 Mletcih.

1192 644 1490 721 Odyody'en
1535 645 1643 703 rok
1681 644 1841 702 istim
1882 643 2259 716 poslanikom
2299 658 2375 700 za
2420 640 2691 699 odlazak.

795 768 978 833 1382.
1033 766 1367 832 indictione
1410 765 1519 844 VI,
1568 763 1665 828 die
1702 764 1744 827 4
1805 763 2129 827 fabruarii.
2180 763 2500 837 DominuS,
2566 758 2930 836 consiliarii,
2993 756 3193 840 capita
3236 757 3299 819 et

577 860 887 941 sapientes
950 856 1209 921 consilii.
1243 853 1474 935 Capta:
1523 853 1682 934 quod
1739 853 2167 916 ambaxatores
2227 852 2305 913 ad
2357 850 2561 930 partes
2608 847 2931 930 Hungarie
2977 847 3300 910 teneantur

579 948 862 1011 recedere
908 963 1103 1025 usque
1149 943 1281 1005 dies
1329 959 1546 1005 novem
1594 940 1827 1003 mensis
1875 938 2166 1002 februarii
2216 937 2330 1001 sub
2378 954 2534 1019 pena
2580 934 2875 999 librarum
2904 934 3149 998 centum
3184 949 3296 1013 pro

578 1033 875 1115 quolibet,
923 1050 1103 1113 quam
1154 1030 1410 1112 exigunt
1456 1029 1851 1091 advocatores
1898 1025 2262 1102 communia,
2310 1024 2591 1088 habendo
2639 1025 2877 1103 partem
2924 1027 2995 1085 ut
3039 1022 3112 1084 de
3158 1019 3297 1082 aliis

578 1123 675 1184 sui
723 1118 921 1196 offitii,
972 1121 1036 1183 et
1083 1136 1203 1181 non
1251 1116 1447 1198 possit
1492 1115 1608 1178 iste
1668 1115 1973 1178 terminus
2034 1113 2302 1193 amplius
2358 1110 2679 1192 ellongari,
2733 1127 2843 1172 nec
2891 1109 2965 1172 de
3010 1126 3167 1191 pena
3212 1108 3305 1170 eis

581 1208 711 1272 fieri
760 1206 964 1290 gratia
1009 1207 1126 1270 sub
1171 1223 1326 1287 pena
1386 1204 1752 1266 ducatorum
1817 1205 2066 1265 centum
2130 1219 2237 1282 pro
2276 1200 2555 1282 quolibet
2597 1199 2861 1279 ponente
2905 1196 3004 1259 vel
3051 1214 3306 1258 consen—

579 1295 773 1359 tiente
820 1298 1057 1376 partem
1107 1294 1171 1356 in
1217 1292 1634 1367 contrarium3
1682 1291 1745 1353 et
1769 1289 1915 1366 illis,
1966 1290 2068 1370 qui
2116 1292 2410 1370 ponerent
2452 1286 2549 1350 vel
2596 1283 3019 1350 consentirent
3065 1284 3302 1365 partem

578 1383 674 1446 vel
725 1382 995 1464 gratiam
1046 1383 1257 1444 contra
1313 1378 1444 1454 hoc,
1510 1397 1628 1442 non
1686 1377 1884 1459 possit
1929 1376 2062 1439 fieri
2119 1377 2323 1458 gratia
2380 1376 2656 1454 de‘pena
2705 1373 2833 1435 ullo
2885 1373 3065 1434 modo
3112 1389 3310 1451 usque

582 1471 642 1533 in
687 1470 1000 1533 infinitum
1048 1469 1163 1532 sub
1213 1485 1371 1549 pena
1416 1465 1692 1548 predicta
1737 1464 2100 1528 ducatorum
2155 1467 2403 1526 centum
2447 1479 2553 1542 pro
2598 1460 2870 1542 quolibet
2912 1458 3177 1541 ponente
3210 1456 3309 1520 vel

579 1556 997 1621 consentiente
1043 1558 1282 1638 partem
1332 1556 1394 1618 in
1439 1553 1840 1617 contrarium.

666 1664 847 1722 Misti
897 1658 1288 1722 XXXVIII.
1337 1662 1398 1730 2,
1445 1679 1487 1718 u
1532 1660 1686 1719 mlet.
1737 1660 1974 1719 arkivu.

865 1864 1409 1949 chxxm.
1465 1864 1672 1946 son.
1728 1863 1948 1946 1383.
2003 1866 2057 1944 4
2112 1862 2476 1964 venaco,
2545 1885 2602 1944 u
2654 1862 3052 1945 Mletein.

1231 2007 1523 2078 Napatak
1564 2022 1639 2066 za
1672 2007 1990 2078 poslanike
2036 2007 2207 2065 {duce
2251 2024 2293 2065 u
2344 2006 2638 2080 Hyan-ska.
2781 2013 2784 2015 ’

797 2125 985 2191 1382.
1033 2123 1366 2189 indictione
1411 2125 1604 2202 sexta,
1651 2124 1751 2187 die
1786 2128 2002 2206 quarto
2053 2123 2367 2188 februarii.
2399 2123 2724 2206 Sapientes
2771 2125 3039 2190 consilii.
3081 2125 3313 2207 Capta:

583 2218 743 2299 qnod
793 2216 904 2280 fiat
966 2213 1319 2277 commissio
1390 2212 1893 2276 ambaxatoribus
1964 2213 2194 2275 nostris
2261 2211 2447 2275 ituris
2492 2213 2569 2274 ad
2618 2214 2824 2294 partes
2870 2213 3201 2297 Hungarie
3249 2214 3307 2276 in

579 2306 692 2369 hac
741 2305 958 2367 forma.

790 2390 916 2454 Nos
961 2389 1268 2452 Antonius
1313 2387 1575 2452 Venerio
1621 2387 1714 2450 dei
1760 2386 1965 2468 gratia
2024 2386 2146 2450 dux
2190 2384 2589 2451 Venetiarum
2639 2390 2698 2450 et
2747 2391 2863 2451 cet.
2916 2388 3309 2454 comittimus

579 2480 751 2544 vobis
798 2476 1110 2540 nobilibus
1157 2476 1311 2539 viris
1360 2477 1550 2540 Paulo
1599 2473 1968 2538 Mauroceno
2023 2478 2088 2538 et
2136 2477 2320 2538 Petro
2367 2474 2715 2556 Bragadino
2763 2475 3019 2540 dilectis
3069 2475 3309 2541 civibus

585 2570 649 2631 et
692 2565 980 2630 fidelibus
1014 2563 1260 2640 nostris,
1324 2565 1483 2645 quod
1545 2581 1686 2625 cum
1734 2561 1965 2624 nostris
2034 2562 2236 2626 literis
2282 2561 2704 2633 credulitatis,
2752 2581 2904 2644 quas
2951 2563 3135 2628 vobis
3182 2562 3308 2626 fieri

578 2654 858 2730 fecimuS,
921 2669 1271 2732 comparere
1332 2652 1612 2715 debeatis
1671 2668 1879 2713 coram
1929 2650 2338 2714 serenissimis
2385 2652 2449 2712 et
2512 2651 3063 2715 excellentissimis
3111 2650 3308 2716 domi-

580 2742 779 2806 nabus
829 2738 1056 2823 reginis
1103 2738 1423 2821 Hungarie
1470 2757 1609 2801 cum
1657 2736 1766 2801 illo
1800 2738 1957 2801 bono
1990 2737 2221 2816 ordine,
2248 2738 2352 2818 qui
2397 2737 2708 2802 videbitur
2754 2739 3061 2819 sapientie
3088 2741 3310 2803 vestre.

580 2829 819 2909 Quibus
855 2826 1019 2892 facta
1063 2827 1407 2890 reverentia
1453 2830 1516 2889 et
1561 2824 1937 2889 salutatione
1983 2826 2149 2889 sicut
2194 2824 2478 2890 convenit
2519 2842 2629 2906 pro
2677 2826 2905 2889 honore
2952 2827 3156 2891 nostri
3204 2826 3310 2889 do-

581 2917 776 2990 minii,
826 2933 1119 2996 exponere
1167 2914 1463 2991 debeatis,
1513 2913 1668 2993 quod
1717 2930 1855 2976 cum
1906 2914 2174 2976 maxima
2218 2912 2414 2976 cordis
2471 2912 2903 2990 amaritudine,
2937 2913 3110 2978 sicut
3157 2913 3308 2978 alias

580 3004 939 3085 scripsimus
1003 3001 1366 3065 excellentie
1427 3020 1551 3074 sue,
1617 2999 2038 3064 intelleximus
2103 2999 2181 3064 de
2227 2999 2402 3063 obitu
2462 2998 2824 3063 felicissime
2870 3003 2934 3064 et
2978 3000 3305 3064 recolende

580 3091 877 3155 memorie
928 3089 1301 3152 serenissimi
1350 3089 1414 3151 et
1459 3086 1961 3151 excellentissimi
2007 3087 2236 3151 domini
2285 3086 2573 3150 Lndovici
2626 3086 2789 3169 regis
2840 3088 3184 3169 Hungarie,
3236 3090 3307 3151 de

581 3197 717 3260 quo,
789 3178 948 3240 teste
1011 3177 1142 3253 deo,
1192 3175 1288 3239 cui
1349 3177 1570 3239 cuncta
1631 3176 1779 3237 sunt
1824 3174 2089 3256 cognita,
2151 3174 2429 3238 dolorem
2475 3173 2814 3238 maximnm
2862 3179 2927 3237 et
2972 3175 3312 3257 displicen-

579 3267 734 3328 tiam
781 3263 1153 3347 singularem
1204 3262 1512 3327 sensimus
1559 3265 1622 3325 et
1674 3261 1978 3325 sentimus
2026 3264 2084 3324 in
2134 3260 2374 3325 intimis
2424 3262 2670 3340 nostriS,
2721 3266 2856 3325 tum
2883 3263 2962 3326 ob
3009 3264 3301 3328 damnum

581 3350 1003 3416 inextimabile
1066 3352 1179 3413 toti
1243 3349 1686 3414 christianitati
1746 3368 1816 3412 ex
1862 3347 2001 3413 inde
2062 3350 2393 3430 sequutum
2454 3348 2586 3412 tum
2636 3349 2714 3411 ob
2748 3350 3153 3414 intrinsecam
3221 3349 3305 3413 af-

579 3438 927 3515 fectionem,
975 3455 1158 3518 quam
1200 3439 1564 3519 gerebamus
1610 3438 1675 3500 et
1719 3454 1930 3518 gerere
1991 3436 2461 3501 intendebamus
2508 3437 2567 3499 in
2618 3439 2934 3518 posterum
2981 3457 3092 3501 sue
3140 3438 3307 3519 regie

582 3524 928 3598 maiestati;
972 3526 1195 3588 utendo
1241 3526 1363 3588 hiis
1404 3529 1468 3588 et
1514 3524 1653 3587 aliis
1700 3523 1925 3599 verbiS,
1973 3543 2092 3605 que
2141 3524 2313 3588 vobis
2360 3523 2539 3587 utilia
2584 3524 2978 3588 videbuntur.

790 3628 1246 3710 Subsequenter
1303 3628 1637 3711 exponetis,
1678 3629 1837 3711 quod
1884 3627 1961 3692 de
2008 3630 2385 3710 promotione
2431 3633 2495 3692 et
2541 3630 2933 3693 coronatione
2980 3629 3305 3693 serenissi-
3382 3644 3391 3655 ·

580 3736 818 3781 marum
868 3719 933 3780 et
976 3717 1633 3781 excellentissimarum
1664 3715 2054 3779 dominarum
2105 3716 2455 3798 reginarum
2481 3716 2800 3798 Hungarie
2836 3717 2901 3779 et
2948 3718 3108 3780 bono
3141 3720 3309 3779 statu

577 3808 643 3869 et
689 3805 891 3869 salute
937 3823 1149 3867 earum
1194 3804 1534 3885 recepimus
1582 3808 1645 3867 et
1691 3804 2020 3885 recipimus
2060 3804 2123 3866 in
2166 3803 2455 3866 cordibus
2500 3804 2726 3865 nostris
2776 3804 3114 3867 maximam
3166 3804 3307 3865 leti-

578 3894 727 3957 tiam
774 3896 837 3955 et
882 3891 1385 3967 consolationem,
1434 3891 1858 3972 supplicantes
1907 3891 2225 3954 humiliter
2274 3908 2516 3955 summo
2558 3892 2841 3968 creatori,
2891 3909 2927 3954 a
2975 3910 3095 3972 quo
3148 3893 3301 3954 bona

581 3983 803 4044 cuncta
849 3980 1204 4060 procedunt,
1252 3978 1409 4059 quod
1458 3977 1749 4059 dignetur
1810 3977 2241 4041 serenissimas
2288 3979 2351 4040 et
2397 3976 2947 4041 excellentissimas
2997 3978 3307 4060 reginales

583 4085 866 4147 personas
901 4084 1043 4129 suas
1092 4067 1152 4129 in
1202 4066 1354 4127 bono
1380 4070 1442 4128 et
1495 4064 1744 4145 pacifico
1790 4066 1958 4128 statu
2008 4084 2111 4145 per
2148 4064 2511 4146 longissima
2545 4066 2823 4146 tempora
2868 4064 3132 4128 feliciter
3165 4082 3308 4127 con-

575 4173 816 4218 servare
841 4154 915 4215 ad
943 4151 1188 4216 laudem
1243 4152 1436 4233 ipsius
1506 4151 1800 4215 creatoris
1850 4153 2064 4230 nostri,
2113 4152 2591 4216 consolationem
2645 4155 2913 4217 nostram
2944 4152 3005 4212 et
3029 4152 3309 4215 omnium

576 4243 946 4314 amicorum;
998 4239 1223 4303 utendo
1269 4239 1457 4302 etiam
1506 4240 1669 4302 circa
1715 4240 1830 4302 hoc
1876 4239 1997 4302 biis
2045 4242 2109 4303 et
2152 4239 2294 4303 aliis
2340 4238 2563 4316 verbis,
2613 4258 2729 4321 que
2773 4238 3070 4319 sapientie
3106 4242 3309 4302 vestre

578 4329 759 4390 utilia
808 4327 1198 4391 videbuntur.

786 4429 1025 4494 Ultimo
1065 4430 1339 4492 debeatis
1385 4429 1601 4493 offerre
1632 4429 1780 4509 ipsis
1816 4427 2230 4492 serenissimis
2263 4434 2327 4491 et
2358 4428 2892 4493 excellentissimis
2924 4428 3297 4492 dominabus

577 4515 804 4596 reginis
848 4535 957 4579 nos
1003 4519 1067 4579 et
1111 4534 1434 4579 commune
1482 4519 1759 4580 nostrum
1808 4515 1938 4578 leta
2005 4519 2213 4578 mente
2282 4520 2530 4597 paratos
2599 4517 2676 4580 ad
2744 4534 2857 4580 sua
2924 4517 3309 4596 beneplacita

578 4607 643 4664 et
685 4602 944 4664 honores
991 4621 1128 4665 cum
1200 4602 1487 4665 omnibus
1558 4604 1760 4666 verbis
1831 4604 2059 4665 amoris
2106 4606 2171 4664 et
2217 4602 2590 4683 dilectionis,
2654 4604 2816 4665 sicut
2860 4604 3142 4666 convenit
3192 4620 3301 4682 pro

578 4686 806 4751 honore
853 4688 1044 4750 nostri
1094 4688 1373 4751 dominii.
