3620 5282
2973 360 3060 425 43

767 538 954 620 LX.
1030 538 1236 620 God.
1291 539 1508 621 1347.
1565 539 1615 623 5
1670 539 2099 641 prosinca,
2153 561 2210 620 u
2267 538 2657 621 Mletcih.

368 665 590 726 Nalaie
630 683 688 725 se
723 667 1102 739 poslanikom
1147 667 1493 735 izabranim,
1557 667 1636 725 da
1673 667 1867 740 podju
1928 668 1966 725 lc
2012 667 2365 742 uyarskomu
2411 666 2613 739 kralJ'u
2656 683 2730 726 za
2775 683 3063 741 uyovara-

1151 757 1249 828 m’e
1293 756 1465 825 mira,
1505 756 1659 813 neka
1701 771 1763 814 se
1808 773 1893 813 na
1926 759 2045 828 put
2087 759 2267 822 stave.

575 894 752 959 1347.
799 894 897 957 die
947 895 1006 957 V
1047 895 1406 971 decembriS,
1458 896 1670 978 capta:
1727 913 1869 959 cum
1915 894 2076 959 inter
2123 896 2356 959 ceteras
2401 893 2774 977 provisiones
2822 909 3066 975 semper

363 980 668 1046 utilimum
718 987 1044 1056 censeatur
1088 984 1264 1060 scire,
1336 1002 1693 1066 cognoscere
1739 986 1987 1067 tempus
2012 984 2095 1056 >et
2141 982 2476 1047 secundum
2524 982 2749 1046 bonam
2795 980 3060 1063 disposi-

362 1071 588 1134 tionem
633 1070 804 1135 illius
870 1070 1069 1145 facere
1131 1071 1295 1136 facta
1340 1091 1484 1150 sua,
1551 1074 1613 1136 et
1658 1071 1979 1149 dominus,
2028 1071 2132 1154 qui
2198 1089 2310 1134 sua
2372 1070 2755 1153 benignitate
2815 1070 3068 1133 cunctos

364 1161 537 1222 actus
583 1160 824 1223 nostros
871 1159 1110 1242 dirigit,
1151 1160 1450 1225 concessit
1495 1160 1673 1224 nobis
1719 1162 1964 1243 tempus
2014 1160 2078 1223 et
2121 1159 2324 1223 locum
2348 1157 2741 1224 concordandi
2788 1175 2896 1221 nos
2929 1174 3069 1220 curn

365 1248 602 1310 domino
644 1265 791 1330 rege
840 1248 1160 1330 Hungarie
1205 1266 1346 1312 cum
1399 1248 1718 1313 commodo
1782 1251 1848 1313 et
1904 1247 2131 1311 honore
2195 1249 2439 1325 nostro,
2498 1247 2681 1312 sicuti
2743 1244 3067 1309 manifeste

365 1335 789 1416 comprehendi
832 1338 1037 1417 potest
1081 1338 1209 1400 tam
1254 1355 1364 1419 per
1402 1335 1765 1401 relationem
1812 1338 2161 1400 nostrorum
2226 1354 2328 1400 sex
2390 1335 2889 1408 ambaxatorum,
2940 1350 3069 1396 ma·

361 1423 521 1486 xime
579 1441 685 1505 pro
729 1425 909 1488 bonis
953 1424 1190 1501 verbiS,
1242 1443 1358 1507 que
1405 1424 1751 1489 habuerunt
1795 1426 1873 1489 ab
1920 1424 2427 1488 reverendissimo
2481 1424 2759 1505 episcopo
2820 1421 3073 1503 Vespri-

364 1510 577 1588 mensi,
626 1511 687 1575 iu
735 1531 857 1595 quo
906 1513 1237 1577 consistere
1271 1511 1515 1577 videtur
1579 1513 1712 1577 tota
1775 1512 2034 1577 intentio
2097 1514 2159 1576 et
2218 1511 2538 1576 consilium
2583 1507 2813 1576 domini
2875 1509 3062 1592 regis,

358 1617 543 1681 quam
586 1619 691 1681 per
741 1600 976 1665 multos
1020 1601 1173 1664 alios
1219 1604 1533 1684 respectus
1582 1602 1644 1665 et
1687 1600 1932 1680 indicia,
1982 1600 2125 1682 quia
2172 1599 2297 1664 dici
2358 1599 2776 1664 verisimiliter
2817 1599 3063 1679 potest,

359 1687 520 1769 quod
565 1689 843 1752 dominus
891 1707 994 1753 rex
1040 1707 1149 1752 nos
1196 1689 1416 1753 invitet
1461 1693 1524 1752 et
1568 1689 1840 1770 requirat
1886 1688 1961 1752 ad
2008 1688 2379 1754 mittendum
2413 1689 2687 1752 nostram
2735 1686 3072 1750 solemnem

358 1772 752 1841 ambaxatam'
791 1777 918 1840 iam
973 1777 1347 1859 publicatam
1401 1780 1464 1841 et
1523 1776 1789 1842 factam:
1852 1776 2020 1843 vadit
2062 1796 2206 1858 pars
2234 1825 2249 1854 ,
2298 1776 2460 1860 quod
2519 1775 2582 1838 in
2646 1775 2805 1838 bona
2871 1773 3074 1856 gratia

357 1868 553 1927 nostri
600 1865 1028 1929 ambaxatores
1076 1865 1379 1930 solemnes
1431 1864 1580 1929 facti
1625 1884 1733 1947 pro
1781 1865 1976 1930 eundo
2021 1864 2098 1928 ad
2144 1864 2450 1948 prefatum
2499 1864 2818 1928 dominum
2867 1880 3070 1945 regem

358 1971 495 2015 cum
544 1952 877 2016 ambaxata
941 1954 1221 2017 ordinata
1280 1956 1344 2017 et
1405 1956 1585 2035 capta
1648 1973 1756 2036 per
1800 1953 1968 2017 istud
2013 1953 2376 2030 consilium,
2441 1955 2503 2016 et
2549 1970 2689 2016 cum
2737 1968 2809 2015 eo
2857 1951 3065 2027 etiam,

364 2039 525 2122 quod
585 2040 897 2105 videbitur
955 2041 1098 2105 huic
1161 2041 1416 2106 consilio
1474 2041 1823 2106 addendum
1870 2041 1944 2105 de
2003 2058 2158 2106 novo
2207 2044 2271 2106 et
2319 2039 2755 2124 corrigendum
2805 2037 2902 2104 vel
2940 2056 3077 2101 mu-

361 2128 636 2204 tandum,
686 2128 885 2194 eundo
932 2128 1284 2194 Ariminum
1332 2130 1428 2194 vel
1473 2130 1834 2208 Forlivium‚
1883 2130 2044 2193 sicut
2084 2129 2267 2194 dictis
2313 2128 2539 2193 uostris
2577 2126 3076 2192 ambaxatoribus

372 2216 678 2281 videbitur
724 2235 835 2300 pro
861 2216 1083 2282 honore
1126 2220 1336 2282 nostro
1382 2221 1446 2282 et
1490 2219 1648 2282 bono
1674 2218 2076 2302 negotiorum,
2124 2236 2265 2282 cum
2291 2217 2571 2281 dominus
2618 2234 2721 2280 rex
2753 2216 3077 2280 contentus

359 2304 639 2368 videatur
681 2304 757 2369 de
806 2306 953 2369 locis
1001 2306 1330 2387 predictis:
1399 2325 1517 2370 non
1575 2306 2034 2371 transeuntibus
2098 2306 2279 2371 dictis
2350 2303 2849 2369 ambaxatoribus
2914 2302 3078 2367 ultra

360 2394 480 2456 dua
531 2393 663 2456 loca
710 2393 1005 2475 predicta,
1056 2395 1119 2457 et
1161 2394 1447 2459 euntibus
1509 2414 1617 2478 per
1661 2413 1886 2476 aquam
1953 2394 2182 2477 absque
2248 2394 2514 2457 ducendo
2576 2410 2795 2475 equos;
2859 2394 2923 2455 et
2967 2391 3080 2455 fiat

357 2480 585 2545 tercius
632 2481 991 2548 ambaxator
1035 2481 1168 2546 loco
1216 2502 1314 2546 ser
1359 2482 1696 2548 Justiniani
1742 2482 1784 2547 J
1789 2481 2120 2561 ustiniano,
2172 2481 2274 2565 qui
2323 2481 2667 2564 acceptavit
2730 2480 3078 2563 capitanea-

358 2568 518 2632 riam
566 2569 827 2647 unionis,
872 2570 972 2652 qni
1015 2570 1244 2634 tercius
1307 2571 1529 2635 habere
1577 2571 1799 2635 debeat
1864 2570 2054 2635 libras
2125 2570 2373 2634 centum
2427 2587 2533 2652 pro
2584 2586 2702 2633 uno
2759 2585 2967 2632 mense
3014 2567 3078 2630 et

358 2655 580 2722 deinde
627 2661 690 2723 in
736 2663 918 2723 antea
976 2658 1169 2723 libras
1234 2662 1479 2724 centum
1528 2660 1590 2722 iu
1640 2678 1886 2734 mense,
1952 2661 2015 2723 et
2078 2678 2185 2742 per
2232 2658 2712 2723 dominationem
2774 2657 3081 2740 operetur,

357 2748 523 2828 quod
567 2745 679 2810 alii
725 2748 863 2824 duo,
914 2747 1020 2829 qui
1062 2749 1210 2811 sunt
1266 2746 1453 2824 facti,
1501 2746 1574 2812 de
1639 2749 1761 2812 isto
1824 2747 2050 2813 salario
2110 2745 2404 2812 similiter
2464 2747 2913 2810 contententur.
2984 2746 3077 2809 De

357 2838 538 2916 part-e
584 2834 689 2910 63,
739 2837 812 2898 de
860 2853 978 2899 non
1026 2836 1130 2911 24,
1179 2854 1297 2899 non
1344 2837 1565 2900 sinceri
1622 2837 1715 2899 lO.
2423 2842 2426 2846 ’

577 2920 816 3005 Capta:
860 2934 922 2987 et
969 2924 1184 2987 statim
1228 2923 1531 2988 scribatur
1578 2922 1817 3004 prefato
1856 2918 2108 2987 domino
2155 2924 2439 3006 episcopo
2481 2919 2922 3004 Vesprimensi,
2977 2937 3086 2984 no-

356 3011 651 3074 tificando
695 3010 816 3074 sibi
857 3016 1031 3093 parte
1078 3013 1309 3090 nostra,
1363 3012 1631 3094 qualiter
1675 3011 2095 3076 intelleximus
2158 3030 2266 3093 per
2313 3011 2675 3075 relationem
2732 3010 3080 3073 nostrorum

356 3100 822 3162 ambaxatorum
887 3099 1074 3163 verba
1122 3117 1230 3162 sua
1292 3118 1473 3181 super
1534 3099 1694 3164 facto
1762 3102 1968 3165 nostre
2030 3098 2352 3164 ambaxate
2419 3099 2710 3163 solemnis
2774 3097 3081 3161 mictende

356 3186 434 3249 ad
485 3185 799 3251 dominum
846 3206 1051 3268 regem
1101 3205 1207 3269 pro
1265 3187 1490 3251 honore
1537 3190 1601 3250 et
1647 3188 1800 3252 bono
1867 3187 2188 3270 utriusque
2252 3186 2476 3270 partis:
2548 3191 2611 3251 et
2672 3185 3084 3269 regratiamur

357 3274 477 3338 sibi
525 3275 601 3337 de
650 3276 806 3339 bona
849 3275 1180 3353 voluntate,
1229 3294 1411 3359 quam
1459 3275 1535 3338 ad
1587 3277 1700 3341 hoc
1739 3276 1965 3340 habere
1992 3276 2247 3341 videtur.
2296 3275 2378 3339 Et
2424 3275 2562 3340 ideo
2588 3274 2890 3352 nolentes,
2919 3272 3083 3356 quod

356 3381 468 3446 pro
515 3367 686 3444 parte
732 3364 942 3427 nostra
988 3363 1231 3428 tantum
1280 3363 1507 3428 bonum
1571 3364 1849 3442 deficiat,
1912 3363 2321 3444 disposuimus
2385 3364 2641 3428 mictere
2692 3364 2934 3427 nostros
2982 3380 3083 3425 so-

356 3451 595 3515 lemnes
637 3452 1067 3516 ambaxatores
1112 3453 1190 3515 ad
1216 3452 1445 3535 regiam
1472 3453 1886 3529 maiestatem,
1936 3453 2037 3534 qui
2072 3451 2361 3516 velociter
2392 3471 2456 3516 se
2494 3451 2717 3534 parant
2746 3469 2855 3533 pro
2888 3449 3084 3515 eundo

360 3540 441 3602 ad
494 3537 715 3613 locum,
764 3539 840 3602 de
886 3556 1004 3620 quo
1053 3538 1212 3603 idem
1257 3540 1539 3604 dominus
1587 3541 1908 3623 episcopus
1957 3540 2338 3605 mentionem
2388 3540 2557 3617 facit,
2616 3538 2901 3603 videlicet
2941 3536 3085 3601 Ari-

359 3629 596 3691 minum
640 3627 738 3691 vel
785 3626 1146 3691 Forlivium.
1214 3624 1415 3705 Quare
1477 3628 1808 3710 specialem
1869 3628 2159 3693 fiduciam
2221 3630 2507 3712 gerentes
2570 3628 2644 3692 de
2706 3627 3084 3709 paternitate

358 3734 471 3779 sua
516 3716 627 3780 hoc
675 3715 796 3779 sibi
844 3715 1159 3780 notificare
1206 3715 1551 3794 voluimus,
1618 3719 1688 3780 ut
1733 3716 1807 3781 de
1870 3717 1983 3782 hoc
2053 3716 2341 3780 notitiam
2397 3718 2540 3780 dare
2600 3715 2796 3799 possit
2840 3712 3085 3778 domino

357 3803 512 3887 regi,
556 3805 621 3867 et
666 3804 857 3867 etiam
911 3804 1085 3867 nobis
1133 3804 1493 3886 respondere
1539 3822 1718 3885 super
1761 3803 2060 3885 predictis
2109 3824 2217 3887 per
2261 3806 2608 3887 presentem
2657 3802 2947 3867 nuncium
2979 3819 3086 3865 no-

357 3895 580 3967 strum,
628 3909 817 3974 quam
857 3892 1041 3956 citius
1085 3909 1218 3956 esse
1265 3893 1488 3974 potest.
1534 3892 1624 3956 De
1671 3894 1849 3974 parte
1893 3892 1999 3969 86,
2052 3892 2130 3956 de
2176 3911 2297 3957 non
2344 3892 2403 3971 7,
2453 3910 2571 3957 non
2617 3891 2835 3956 sinceri
2882 3890 2941 3953 3.

443 3982 606 4042 Secr.
653 3999 810 4041 cons.
855 3987 1041 4056 νομαί.
1092 3983 1189 4040 zib.
1232 3983 1306 4040 A.
1348 3984 1449 4052 93,
1496 4001 1539 4041 u
1581 3984 1922 4043 mletaclcom
1969 3984 2200 4042 arkivu.

787 4171 1018 4252 LXI.
1072 4171 1279 4254 God.
1334 4172 1554 4255 1347.
1607 4173 1651 4255 7
1705 4173 2134 4274 prosinca,
2196 4194 2256 4253 u
2283 4172 2697 4255 Mletcih.

358 4300 687 4371 Izvieffeuje
730 4317 793 4358 se
821 4282 1220 4373 puiwmocnik
1264 4317 1308 4355 u
1353 4298 1534 4357 Rimu
1573 4301 1596 4357 i
1643 4300 1857 4359 konsul
1895 4318 1937 4358 u
1978 4300 2254 4374 Napuh‘u
2276 4346 2290 4370 ,
2349 4301 2428 4359 da
2473 4317 2535 4360 se
2579 4300 2741 4375 §aba
2790 4301 3092 4375 poscanici

360 4391 399 4448 k
444 4405 615 4462 ηραν.
660 4389 881 4461 kralju,
932 4391 984 4446 te
1012 4390 1130 4461 jim
1161 4405 1223 4446 se
1246 4385 1470 4456 ualuis,
1518 4388 1597 4446 da
1628 4390 1788 4461 jnve,
1835 4388 1924 4447 §to
1962 4406 2022 4447 sc
2063 4390 2132 4447 ob
2182 4406 2344 4449 ovom
2377 4389 2491 4447 veli
2537 4406 2581 4447 u
2623 4389 2763 4449 om’h
2797 4389 3090 4449 dvm-ovili.

581 4509 770 4573 1347.
812 4508 911 4573 die
958 4509 1079 4574 VH
1124 4509 1486 4585 decembriS,
1532 4511 1746 4592 capta:
1795 4511 1956 4593 quod
2006 4511 2326 4575 scribatur
2364 4511 2741 4592 procuratori
2789 4511 2997 4575 nostro
3029 4509 3092 4573 in

364 4597 540 4664 curia
585 4616 858 4674 romana,
905 4597 1204 4680 quomodo
1252 4597 1306 4660 ei
1354 4598 1732 4679 scripsimus,
1782 4599 1944 4681 quod
1978 4599 2539 4664 deliberaveramus
2568 4599 2818 4664 mittere
2851 4600 3090 4664 nostros

368 4686 796 4751 ambaxatores
843 4684 921 4750 ad
969 4684 1284 4751 dominum
1329 4704 1540 4769 regem
1585 4686 1903 4769 Hungarie
1946 4705 2056 4769 pro
2103 4687 2425 4752 tractando
2468 4687 2821 4752 acconcium
2850 4689 2913 4752 et
2947 4705 3092 4752 con-

372 4773 644 4840 cordiam
691 4792 833 4839 cum
880 4774 1014 4856 ipso
1059 4791 1202 4856 rege
1246 4774 1378 4837 sine
1439 4774 1669 4838 lesione
1716 4773 2009 4849 alicuius;
2069 4776 2460 4858 postmodum
2508 4774 2885 4857 scripsimus,
2934 4773 3092 4857 quod
