3620 5282
542 343 672 409 384

544 520 765 603 quibus
810 537 884 582 ex
930 518 1357 583 circhavicinis
1433 518 1585 595 suiS,
1665 519 1825 600 quia,
1904 519 2064 581 sicut
2104 538 2285 600 supra
2333 518 2615 595 dicimus
2665 518 3014 600 antiquitus
3060 522 3123 581 et
3173 517 3256 581 ad

544 626 797 691 presens
843 626 951 671 nos
999 612 1238 671 tantum
1288 626 1389 670 eos
1431 608 1798 681 amavimus
1849 608 2149 689 quantum
2218 606 2455 688 aliquos
2521 626 2592 670 ex
2657 607 2820 678 aliis,
2889 608 3036 688 quia
3101 607 3262 670 bene

547 697 827 760 novimus
872 695 1173 759 sinceram
1217 695 1626 770 affectionem,
1675 714 1859 777 quam
1912 697 2086 758 nobis
2135 695 2479 758 habuerunt
2523 703 2586 758 et
2613 695 2874 767 habent;
2939 695 3044 757 sed
3091 697 3260 758 sicut

544 784 662 867 ipsi
712 783 866 846 scire
917 786 1176 865 possunt
1223 785 1500 847 domiuus
1581 802 1729 847 suus
1794 782 2082 846 dominus
2151 803 2253 847 rex
2296 783 2611 865 Huugarie
2658 782 2804 845 fecit
2851 802 3047 864 nuper
3094 784 3254 845 ami-

545 871 825 936 cabiliter
870 889 977 934 nos
1027 872 1252 954 requiri
1301 873 1371 933 de
1418 871 1822 936 subventione
1872 872 2123 951 pecunie
2174 879 2383 935 mutuo
2432 876 2494 934 et
2552 873 2741 935 etiam
2805 870 3137 948 Jadratiui,
3186 874 3258 934 et

547 979 655 1025 nos
703 960 891 1023 certis
941 958 1434 1026 rationabilibus,
1484 962 1684 1022 causis
1731 959 2158 1023 excusavimus
2208 980 2317 1024 nos
2364 960 2442 1022 ab
2490 960 2597 1034 eis,
2647 978 2800 1041 quas
2848 961 3000 1022 certi
3049 959 3258 1022 reddi-

550 1067 687 1111 mus
734 1047 1079 1112 habuerunt
1124 1051 1431 1130 aceeptuS‚
1486 1051 1727 1128 propter
1774 1067 1955 1129 quam
2027 1066 2274 1111 causam
2339 1067 2458 1111 non
2521 1052 2776 1129 apparet
2843 1049 3037 1126 nobiS‚
3095 1047 3258 1129 quod

549 1156 687 1200 cum
736 1136 962 1199 honore
1010 1137 1199 1200 nostri
1248 1138 1497 1199 dominii
1538 1135 1732 1199 facere
1780 1137 1868 1199 eis
1915 1136 2216 1216 possimus
2265 1138 2749 1210 subventionem,
2800 1155 2981 1217 quam
3011 1140 3256 1217 petunt,

546 1227 785 1307 quando
849 1225 1104 1305 predicti
1167 1224 1461 1288 haberent
1521 1243 1769 1288 causam
1832 1243 1948 1286 non
2013 1225 2364 1288 remanendi
2438 1225 2527 1287 ita
2589 1224 2739 1288 bene
2804 1227 3123 1288 contentos
3178 1223 3258 1287 de

547 1315 744 1389 nobis,
792 1312 953 1375 sicut
998 1313 1293 1377 fecerunt.
1344 1312 1568 1377 Sumus
1615 1312 1804 1376 etiam
1855 1313 1930 1375 ad
1967 1332 2213 1392 presens
2261 1314 2322 1376 in
2370 1313 2681 1395 aliquibus
2728 1312 3105 1378 notabilibus
3150 1331 3253 1375 ex-

546 1402 772 1481 pensiS‚
825 1405 1074 1483 propter
1113 1420 1263 1484 quas
1310 1418 1527 1465 causas
1572 1419 1879 1476 rogamus,
1943 1401 2104 1483 quod
2166 1402 2379 1466 vellite
2441 1402 2664 1465 habere
2720 1420 2829 1464 nos
2880 1402 3103 1465 merito
3150 1419 3255 1464 ex-

547 1491 808 1553 casatos,

760 1578 860 1642 Ad
907 1578 1157 1641 tertium
1206 1578 1568 1659 capitulum,
1619 1595 1722 1658 per
1782 1578 1939 1658 quod
2003 1580 2238 1659 petunt,
2309 1579 2466 1660 quod
2515 1579 2753 1659 possint
2796 1596 3040 1642 armare
3087 1579 3262 1661 gale-

549 1668 711 1730 otam
764 1685 960 1741 suam,
1010 1686 1192 1748 qnam
1241 1666 1373 1729 fieri
1420 1665 1715 1740 fecerunt,
1764 1673 1828 1727 et
1874 1666 2047 1729 illam
2098 1668 2158 1731 iu
2209 1668 2362 1730 mari
2411 1667 2657 1730 mittere
2732 1686 2837 1746 pro
2897 1667 3080 1730 factis
3127 1668 3258 1730 suis

548 1757 614 1819 et
659 1755 887 1818 domini
937 1756 1032 1818 sui
1081 1754 1245 1835 regis
1292 1757 1354 1816 et
1404 1759 1545 1820 cet..
1592 1755 2051 1835 respondeatur,
2099 1756 2257 1837 quod
2320 1756 2436 1836 ipsi
2478 1755 2636 1818 scire
2681 1756 2906 1818 debent
2976 1758 3253 1819 nostram

554 1843 979 1919 intentionem,
1030 1846 1093 1905 et
1138 1843 1309 1918 illud,
1355 1843 1509 1924 quod
1559 1842 1715 1905 alias
1764 1842 1885 1905 dici
1934 1842 2190 1906 fecimus
2239 1843 2526 1906 omnibus
2577 1843 2759 1906 terris
2829 1853 2891 1906 et
2937 1844 3088 1907 locis
3135 1843 3262 1906 exi·

552 1932 858 1995 stentibus
905 1933 1069 1995 intra
1115 1930 1404 2011 culphnm
1458 1932 1732 1994 nostrum
1782 1930 1858 1993 ab
1910 1934 2164 2012 utraque
2214 1931 2453 2012 riperia.
2503 1930 2809 2008 videlicet,
2857 1933 3022 2013 quod
3055 1950 3265 1995 omnes

559 2020 1057 2100 permitterentur
1103 2020 1305 2082 venire
1353 2018 1427 2081 ad
1478 2021 1704 2081 terram
1759 2022 2028 2082 nostram
2080 2023 2142 2081 et
2190 2019 2329 2083 inde
2378 2019 2573 2082 redire
2606 2038 2745 2082 cum
2782 2010 3265 2084 mercationibus

557 2110 619 2170 et
668 2108 843 2171 bonis
895 2108 1020 2170 suis
1053 2111 1119 2168 et
1164 2110 1292 2170 tam
1344 2108 1403 2170 in
1476 2107 1703 2169 nostris
1766 2107 2028 2188 navigiis
2087 2125 2272 2188 quam
2319 2106 2605 2184 aliorum,
2676 2111 2741 2170 et
2786 2108 2838 2171 si
2888 2109 3073 2172 aliter
3122 2109 3264 2172 fiere

556 2193 924 2258 haberemus
971 2214 1318 2278 regressum
1360 2203 1569 2258 contra
1618 2195 1783 2258 fusta
1828 2195 2011 2258 aliter
2057 2194 2348 2259 facientia
2395 2199 2596 2259 terras
2644 2198 2708 2258 et
2749 2196 2886 2259 loca
2917 2198 3023 2260 ubi
3064 2195 3264 2260 forent

554 2289 799 2347 armata
845 2287 908 2347 et
947 2284 1057 2346 illa
1103 2284 1290 2347 etiam
1341 2283 1722 2364 receptantia
1778 2286 2094 2364 tamquam
2145 2289 2357 2348 contra
2415 2283 2690 2365 publicos
2756 2284 3015 2366 pirataS,
3089 2287 3153 2348 et
3202 2286 3262 2346 in

550 2373 673 2434 ista
717 2371 1058 2435 intentione
1107 2376 1170 2435 et
1215 2372 1609 2451 dispositione
1659 2391 2140 2450 perseveramus
2190 2374 2337 2455 quia
2382 2375 2434 2435 si
2481 2375 2850 2453 pate-remus,
2903 2375 3063 2456 quod
3113 2393 3253 2436 con-

552 2460 842 2531 trafieret,
893 2462 1050 2522 esset
1103 2461 1286 2522 nimis
1334 2461 1819 2540 preindicatnum
1887 2459 2058 2522 nobis
2115 2464 2178 2522 et
2242 2461 2431 2523 statui
2497 2464 2724 2536 nostro,
2775 2461 2882 2522 sed
2948 2461 3260 2524 reddimur

553 2548 710 2612 satis
758 2550 933 2622 certi,
984 2548 1140 2629 quod
1192 2548 1330 2629 ipsi,
1381 2558 1672 2629 tanquam
1709 2549 2036 2629 sapientes,
2071 2549 2370 2612 tenebunt
2403 2548 2652 2612 modum
2689 2550 2750 2611 in
2783 2548 3070 2613 faciendo
3105 2548 3258 2613 facta

553 2656 682 2713 sua,
731 2635 889 2718 quod
939 2656 1055 2700 uon
1105 2636 1469 2701 habebimus
1517 2655 1764 2700 causam
1818 2637 2125 2718 gravando
2174 2656 2284 2700 nos
2332 2638 2405 2699 de
2454 2636 2561 2701 εἰς.

763 2726 859 2788 Ad
906 2725 1175 2788 ultinum
1227 2726 1590 2807 capitulum,
1642 2745 1746 2805 per
1794 2727 1947 2806 quod
1996 2729 2216 2807 petunt
2265 2727 2336 2788 de
2381 2728 2594 2801 sartia‚
2647 2726 2799 2790 velis
2840 2727 2905 2787 et
2950 2725 3093 2789 aliis
3142 2726 3272 2788 fur-

557 2814 847 2877 nimentis
894 2813 1163 2895 antiquis
1214 2815 1404 2877 nostri
1454 2819 1774 2876 arsenatus
1822 2833 1929 2895 pro
1974 2813 2334 2877 fulcimento
2377 2815 2539 2878 dicte
2587 2835 2693 2878 sne
2727 2814 2989 2896 galeote‚
3025 2833 3276 2894 respon-

554 2902 790 2978 deatur,
838 2902 998 2984 quod
1049 2906 1294 2983 propter
1341 2904 1538 2964 certos
1590 2906 1828 2965 nostros
1870 2902 2111 2965 ordines
2154 2904 2226 2965 de
2276 2903 2458 2966 rebus
2507 2904 2698 2966 nostri
2747 2908 3069 2966 arsenatus
3100 2902 3275 2966 nullo

564 2993 743 3053 modo
791 2992 934 3053 daie
981 3008 1321 3071 possemus
1372 2990 1488 3052 nisi
1537 2991 1807 3071 precium
1856 2989 2216 3062 solveretur,
2264 2994 2330 3054 et
2397 2996 2714 3072 propterea
2768 2991 2822 3054 si
2869 2994 3017 3053 sunt
3062 2991 3276 3071 dispo-

562 3078 664 3141 siti
718 3078 832 3140 boc
880 3077 1095 3152 facere,
1147 3096 1254 3140 nos
1304 3077 1599 3140 faciemus
1651 3076 1861 3152 videri,
1911 3079 1960 3141 si
2012 3075 2218 3160 aliqua
2263 3079 2345 3142 ibi
2373 3086 2572 3149 erunt,
2606 3099 2722 3161 que
2755 3097 2860 3160 pro
2897 3080 2985 3142 eis
3020 3079 3275 3153 saciant,

562 3171 627 3229 et
674 3166 971 3230 faciemus
1018 3166 1149 3229 fieri
1197 3166 1285 3229 eis
1336 3166 1505 3229 illam
1555 3166 2086 3247 complacentiam,
2137 3185 2253 3247 que
2303 3167 2752 3231 rationabiliter
2821 3165 2954 3229 fieri
3019 3170 3272 3248 poterit.

645 3275 822 3332 Misti
874 3273 1133 3335 XLIII.
1187 3277 1330 3343 150,
1377 3293 1416 3332 u
1465 3276 1612 3333 mlet.
1660 3276 1897 3334 arkivu.

924 3463 1319 3544 DXXIX-
1384 3464 1587 3547 θοὰ.
1643 3463 1867 3546 1396.
1924 3465 2018 3546 19
2076 3469 2355 3567 rujna‚
2409 3486 2464 3545 u
2518 3464 2909 3580 Mletcili.

770 3606 927 3669 Loco
974 3604 1272 3670 ,Iohannis
1348 3606 1563 3684 Miani‚
1641 3606 1822 3670 electi
1899 3607 2142 3670 comitis
2206 3612 2269 3669 et
2314 3609 2618 3689 capitanei
2668 3606 2929 3685 Scutari,
2976 3610 3082 3690 qui
3133 3628 3286 3673 vero

560 3697 808 3775 propter
855 3694 1278 3758 infirmitatem
1331 3695 1458 3757 ullo
1509 3694 1683 3757 modo
1728 3695 1817 3758 ire
1867 3698 2071 3774 potest
2116 3697 2190 3758 ad
2240 3696 2442 3775 ipsum
2494 3698 2794 3778 regimen,
2843 3696 2954 3759 fiat
3015 3699 3091 3760 de
3140 3717 3290 3777 pre-

565 3782 726 3846 senti
775 3781 934 3845 alius
981 3800 1186 3845 comes
1235 3786 1298 3845 et
1344 3783 1702 3863 capitaneus
1751 3783 1950 3847 modis
1998 3785 2065 3846 et
2110 3785 2587 3861 condicionibu3‚
2632 3785 2853 3867 quibus
2885 3785 3123 3849 electus
3159 3784 3291 3849 fuit

561 3870 875 3936 ‚Iohannes
941 3870 1155 3946 Miani,
1219 3876 1279 3933 et
1343 3871 1706 3951 respondeat
1782 3889 1918 3934 cras
1995 3874 2071 3935 ad
2120 3874 2366 3948 tercia&
2431 3877 2496 3936 et
2542 3875 2786 3937 recedat
2832 3873 3084 3937 omnino
3136 3894 3285 3938 cum

563 3959 805 4039 navigio
849 3959 1211 4022 conducenti
1259 3964 1473 4040 gentes
1520 3962 1792 4022 armatas
1840 3961 1915 4021 ad
1961 3959 2103 4023 illas
2153 3964 2374 4041 partes,
2444 3961 2906 4042 Respondeatnr
2968 3963 3289 4027 ambasci-

562 4049 836 4111 atoribus
883 4046 1115 4111 domini
1168 4046 1376 4109 Merxe
1423 4047 1656 4111 domini
1704 4046 2039 4118 Avalonae,
2073 4051 2177 4130 qui
2213 4049 2463 4113 volebat
2522 4049 2697 4112 nobis
2730 4050 2874 4111 dare
2908 4050 3287 4127 Avalonam,

564 4134 897 4209 Cimerum,
948 4135 1320 4216 Belgradum
1371 4137 1435 4198 et
1478 4137 1697 4199 turrim
1770 4135 1976 4217 Pergi‚
2041 4136 2155 4200 hoc
2201 4136 2333 4200 fieri
2412 4156 2526 4200 non
2603 4156 2800 4218 posse,
2851 4138 2971 4200 nisi
3014 4141 3283 4219 premit-

563 4225 731 4287 tatur
777 4225 946 4305 prins
998 4224 1155 4287 bona
1203 4222 1557 4287 informatio
1603 4224 1763 4287 circa
1804 4224 1940 4304 ipsa
1988 4224 2144 4287 loca.

649 4332 828 4389 Misce:
879 4329 1135 4392 XLIII.
1189 4334 1331 4401 150,
1380 4351 1421 4389 u
1466 4333 1621 4391 mlet.
1669 4332 1901 4390 arkivu.

941 4540 1305 4623 DXXX.
1358 4541 1567 4624 God.
1625 4542 1847 4624 1396.
1903 4541 2002 4625 25
2061 4545 2343 4646 ruina,
2399 4566 2451 4624 u
2509 4543 2896 4625 Mletcili.

775 4681 968 4745 Juxta
1014 4685 1492 4765 propositionem
1558 4686 1786 4748 domini
1858 4685 2162 4751 Johaunis
2232 4689 2305 4751 da
2377 4686 2586 4752 Canali
2657 4687 2988 4769 provisoris
3057 4692 3295 4755 reversi

570 4764 828 4831 Scutaro
876 4773 1204 4847 statutum,
1254 4774 1413 4853 quod
1463 4775 1534 4836 de
1583 4777 1825 4837 caetero
1873 4794 2083 4838 omnes
2133 4793 2226 4839 res
2273 4777 2339 4838 et
2389 4777 2782 4854 mercantias,
2846 4796 3007 4860 quae
3073 4781 3291 4844 extra-
