3620 5282
3027 378 3112 443 73

830 564 1040 647 CXI.
1094 563 1300 646 God.
1357 565 1586 647 1348.
1640 565 1691 646 8
1745 565 2122 665 travnjan
2173 586 2233 644 u
2287 562 2678 645 Mleteih.

406 689 688 763 Upuaeuju
735 707 798 749 se
849 691 1092 776 nadalje
1143 692 1444 764 poslanici
1498 710 1583 750 na
1628 692 1962 765 uyarskoya
2023 691 2224 763 kralja
2284 690 2437 747 kako
2500 688 2579 745 da
2623 704 2683 746 sc
2719 684 3028 759 ponasqju
3073 701 3113 741 u

1088 779 1353 852 njihovih
1396 780 1708 853 doyovorih
1752 795 1825 838 sa
1868 780 2121 852 kraljem
2167 796 2199 837 o
2239 778 2438 835 mirus

622 915 808 978 1348.
854 915 1189 980 indictione
1237 915 1456 998 prima,
1506 916 1605 980 die
1653 917 1692 979 S
1740 917 1976 999 aprilis,
2023 919 2242 998 capta:
2288 912 2452 996 quod
2508 911 2948 995 respondeatur
2987 929 3123 975 am-

401 1003 802 1067 baxatoribus
848 1004 1097 1081 nostriS,
1146 1004 1304 1085 quod
1355 1023 1462 1085 per
1508 1004 1918 1086 Raphaynum
1991 1003 2298 1069 notarium
2363 1002 2645 1066 nostrum
2706 998 3123 1063 intelleximus

402 1108 783 1171 quecumque
825 1089 1107 1155 fecerunt
1152 1108 1291 1155 cum
1338 1091 1585 1156 domino
1645 1109 1790 1173 rege
1839 1091 2110 1174 Ungarie
2159 1092 2223 1154 et
2274 1108 2415 1154 cum
2464 1086 2904 1153 tractatoribus
2955 1086 3119 1160 suis3

400 1178 470 1241 de
515 1178 735 1258 quibus
784 1177 1070 1241 omnibus
1118 1180 1182 1242 et
1226 1179 1425 1243 modis
1472 1199 1579 1260 per
1626 1198 1727 1243 eos
1776 1180 2037 1244 servatis
2082 1178 2146 1242 in
2191 1176 2370 1242 factis
2418 1176 2537 1241 sibi
2587 1174 2938 1239 commissis
2985 1191 3124 1255 pro-

403 1266 739 1330 videntiam
787 1268 851 1328 et
895 1266 1373 1330 sollicitudinem
1421 1286 1597 1331 suam
1645 1265 1980 1349 plurimum
2031 1264 2553 1330 commendamus,
2604 1261 2726 1327 Sed
2760 1262 2903 1343 quia
2945 1262 3124 1342 opta-

405 1370 544 1415 mus
590 1371 701 1435 per
749 1370 992 1417 omnem
1043 1353 1315 1432 modum,
1366 1373 1480 1436 quo
1526 1355 1658 1419 fieri
1704 1356 1930 1434 potest,
1980 1354 2296 1437 pervenire
2329 1352 2406 1416 ad
2439 1369 2675 1434 pacem,
2724 1348 3121 1414 concordium

401 1440 464 1503 et
507 1440 864 1504 acconcium
913 1459 1053 1505 cum
1101 1442 1346 1505 domino
1393 1461 1535 1524 rege
1580 1441 1855 1524 prefato:
1903 1441 2269 1505 mandamus
2317 1439 2440 1515 eis,
2492 1439 2648 1520 quod
2711 1455 2820 1519 per
2880 1454 3123 1502 omnem

402 1527 583 1605 viam,
646 1545 766 1610 qua
809 1529 1116 1609 poterunt,
1180 1530 1469 1593 studeant
1527 1531 1812 1595 accedere
1873 1529 1948 1593 ad
2014 1528 2387 1612 presenciam
2428 1526 2684 1609 regiam,
2752 1525 3121 1606 ubicumque

402 1614 535 1691 erit,
586 1614 651 1677 et
698 1618 1021 1696 exponant,
1069 1617 1140 1679 ut
1187 1617 1307 1680 iarn
1356 1621 1799 1700 exposuerunt,
1851 1619 2007 1700 quod
2054 1614 2487 1680 affectantibus
2552 1612 2724 1678 nobis
2789 1630 2928 1676 cum
2991 1629 3122 1674 ma-

406 1701 726 1784 gnitudine
775 1720 887 1766 sua
920 1704 1294 1785 pertransire
1326 1704 1387 1767 in
1431 1723 1638 1769 amore
1686 1704 1936 1786 pacifico
1983 1707 2047 1768 et
2092 1702 2426 1784 tranquillo
2474 1720 2643 1767 more
2689 1718 2938 1763 suorum
2984 1717 3122 1781 pre-

408 1790 817 1867 decessorum,
865 1792 1077 1873 procul
1122 1792 1317 1872 pulsis
1367 1794 1431 1856 et
1495 1792 1747 1856 remotis
1809 1792 2293 1876 quibuscumque
2353 1789 2702 1853 valentibus
2749 1787 3125 1851 contrarium

406 1875 693 1940 inducere
739 1879 839 1941 vel
884 1897 1192 1960 generare,
1261 1883 1322 1943 et
1368 1881 1444 1944 ob
1490 1880 1645 1944 hanc
1708 1883 1981 1946 nostram
2035 1878 2506 1960 disposicionem
2561 1876 2783 1940 bonam
2832 1873 3124 1938 fiduciam

403 1966 806 2043 assuinenteS,
856 1967 1253 2048 sperabamus
1303 1967 1692 2031 maiestatem
1739 1986 1914 2031 suam
1964 1966 2235 2031 invenire
2283 1965 2619 2047 propiciam
2668 1966 2731 2027 et
2793 1963 3125 2044 benignam

406 2068 477 2116 ac
522 2070 779 2134 pronam
829 2054 906 2116 ad
950 2053 1110 2118 hunc
1159 2072 1435 2118 amorem
1471 2055 2014 2130 consederandum;
2064 2053 2169 2118 sed
2213 2053 2443 2117 auditis
2486 2050 2802 2134 nuperime
2847 2047 3129 2147 postula.-

407 2139 684 2203 cionibus
732 2140 939 2222 regiis,
988 2160 1104 2223 que
1151 2142 1229 2205 ab
1270 2143 1435 2206 omni
1484 2144 1752 2225 equitate
1800 2144 2035 2207 semote
2078 2142 2370 2219 existunt,
2419 2158 2537 2203 non
2575 2138 2882 2203 modicum
2929 2135 3129 2200 admi-

408 2244 619 2290 ramur
666 2230 730 2291 et
775 2227 1128 2293 nullatenus
1177 2247 1281 2293 eas
1327 2229 1459 2293 fieri
1508 2249 1614 2312 per
1661 2231 1892 2314 regiam
1927 2230 2317 2293 maiestatem
2351 2228 2594 2292 credere
2626 2227 3015 2309 poteramu83
3065 2224 3130 2286 et

407 2313 549 2395 quia
595 2315 660 2377 in
707 2316 952 2379 tanturn
1000 2320 1145 2379 sunt
1188 2316 1462 2381 inaudite
1501 2320 1566 2381 et
1607 2319 1684 2382 ab
1732 2318 2004 2400 equitate
2054 2316 2324 2392 semote,
2389 2333 2506 2379 non
2553 2317 2844 2398 putamus
2890 2312 3126 2394 regiam

408 2401 800 2465 maiestatem
850 2403 910 2465 in
960 2405 1092 2468 tam
1140 2403 1292 2467 duro
1355 2423 1569 2487 aspero
1631 2405 1942 2488 proposito
2003 2423 2111 2469 suo
2171 2403 2411 2468 diucius
2475 2403 2791 2480 constare,
2861 2399 3129 2464 maxime

410 2487 638 2553 intuitu
684 2489 1107 2571 disposicionis
1157 2494 1384 2569 nostre,
1435 2511 1618 2575 quam
1667 2511 1815 2576 erga
1862 2493 1992 2556 eius
2039 2510 2323 2556 coronam
2375 2491 2650 2573 gerimus
2697 2491 2761 2554 et
2805 2489 3126 2552 habemus,

404 2574 486 2639 Et
529 2578 857 2660 propterea
901 2580 977 2643 ad
1007 2579 1385 2662 presenciam
1433 2598 1539 2645 sue
1583 2579 1931 2646 maiestatis
1977 2597 2086 2647 vos
2131 2579 2649 2656 transmittimuS,
2698 2579 2770 2641 ut
2813 2576 2865 2641 si
2913 2574 3129 2674 digna-

412 2665 582 2729 retur
628 2664 789 2729 velle
833 2667 1108 2731 animum
1152 2687 1330 2732 suum
1378 2668 1684 2733 declinare
1720 2671 1797 2733 ad
1845 2687 1935 2746 ea,
1984 2687 2100 2750 que
2125 2669 2297 2733 licita
2341 2667 2470 2731 sint
2514 2667 2579 2731 et
2600 2666 2878 2743 honesta,
2926 2665 3130 2746 paratl

408 2769 618 2815 sumus
666 2771 776 2835 pro
815 2757 989 2835 parte
1038 2758 1248 2819 nostra
1292 2754 1524 2832 facere,
1589 2758 1746 2839 quod
1801 2757 2096 2821 honorem
2163 2756 2404 2838 regium
2447 2753 2744 2834 respiciat
2788 2756 2851 2816 et
2898 2752 3129 2815 bonum

407 2845 470 2902 et
504 2839 893 2904 concordium
943 2841 1104 2906 inter
1148 2845 1357 2924 partes
1405 2844 1607 2907 valeat
1649 2844 1984 2908 inmittere.
2044 2842 2199 2907 Cum
2244 2842 2364 2906 hiis
2412 2843 2475 2906 et
2520 2842 2662 2905 aliis
2709 2841 2945 2915 verbis,
3013 2855 3128 2919 que

408 2925 590 2990 dictis
635 2928 1142 2994 ambaxatoribus
1189 2930 1558 2995 videbuntur
1604 2951 1711 3013 pro
1761 2932 1918 2995 bono
1962 2931 2373 3013 negociorum.
2429 2930 2513 2993 Et
2572 2928 2624 2991 si
2672 2928 2792 3010 ipsi
2838 2926 3129 2993 ambaxa-

410 3016 571 3077 tores
631 3015 980 3097 ingressum
1036 3017 1260 3082 habere
1320 3036 1440 3082 non
1504 3020 1751 3100 possent
1814 3036 2021 3084 coram
2086 3019 2258 3101 regia
2319 3017 2682 3092 maiestate,
2745 3017 2857 3079 hec
2918 3014 3129 3078 eadem

334 3151 339 3156 .
411 3103 594 3165 verba
639 3106 856 3166 narent
902 3104 1049 3181 illis,
1100 3105 1203 3187 qui
1267 3108 1345 3169 ad
1409 3104 1522 3169 hoc
1583 3106 2042 3188 deputabuntur
2099 3125 2207 3189 per
2253 3104 2487 3169 dictum
2547 3122 2757 3186 regem
2800 3102 3127 3186 prefatum.

412 3187 494 3251 Et
536 3188 659 3252 hiis
707 3188 890 3254 dictis
936 3193 1001 3254 et
1046 3193 1339 3274 expositis
1387 3193 1645 3257 audiant
1689 3195 2135 3270 ambaxatores,
2186 3192 2332 3275 quid
2375 3192 2537 3256 dicet
2580 3191 2864 3255 dominus
2910 3208 3034 3267 rex,
3069 3191 3133 3252 et

415 3274 742 3339 fortificent
792 3280 857 3341 et
900 3279 1291 3344 substineant
1339 3281 1471 3345 iura
1517 3283 1725 3345 nostra
1771 3281 1836 3345 in
1884 3283 2181 3363 quantum
2217 3279 2416 3343 scient
2449 3281 2511 3343 et
2540 3281 2830 3360 poterunt
2869 3278 2933 3341 in
2965 3277 3131 3340 facto

414 3363 581 3426 tituli
621 3365 812 3428 nostri
862 3383 1003 3428 cum
1052 3365 1179 3430 illis
1212 3367 1575 3445 rationibuS,
1625 3387 1743 3450 que
1785 3368 2153 3433 videbuntur
2187 3366 2545 3431 discrecioni
2580 3386 2707 3443 sue,
2755 3364 3132 3431 ostendendo

415 3451 726 3515 occasione
774 3470 910 3515 cum
948 3502 961 3515 .
1000 3502 1013 3515 .
1052 3503 1065 3516 .
1098 3454 1490 3536 replicandi8‚
1540 3458 1695 3538 quod
1747 3457 2065 3521 civitatem
2117 3457 2393 3518 nostram
2427 3454 2615 3520 Jadre
2663 3472 2803 3517 cum
2850 3452 3131 3517 omnibus

416 3538 807 3618 pertinenciis
844 3544 909 3603 et
956 3541 1174 3604 insulis
1222 3542 1351 3606 suis
1398 3561 1508 3625 per
1553 3544 1830 3625 spacium
1885 3560 2186 3607 annorum
2235 3540 2384 3606 CCC
2432 3544 2494 3606 et
2540 3541 2810 3623 amplius
2856 3538 3132 3623 possedi-

416 3643 551 3688 mus
596 3625 756 3689 iuste
803 3629 864 3690 et
910 3626 1254 3709 legiptime,
1301 3648 1443 3694 cum
1489 3632 1650 3695 iusto
1697 3633 1762 3695 et
1801 3650 1940 3695 vero
1983 3628 2167 3694 titulo
2216 3630 2347 3693 sine
2394 3629 2846 3694 contradicione
2893 3627 3132 3708 aliquo-

416 3730 548 3774 rum
596 3731 841 3776 suorum
888 3715 1435 3796 predecessorum.
1472 3767 1484 3780 .
1523 3769 1535 3781 .
1572 3769 1585 3782 .
1621 3721 1682 3782 et
1728 3718 1908 3796 aliis,
1973 3737 2089 3799 que
2150 3717 2272 3781 dici
2318 3718 2382 3781 et
2426 3717 2664 3781 ostendi
2729 3717 3021 3799 poterunt
3065 3715 3133 3778 in

416 3797 571 3862 facto
617 3800 954 3881 premisso;
989 3806 1052 3866 et
1095 3805 1425 3885 procurent
1469 3825 1576 3886 per
1621 3823 1867 3870 omnem
1914 3805 2256 3869 maneriam
2303 3822 2425 3887 qua
2473 3806 2764 3888 poterunt
2811 3819 3130 3878 removere

417 3885 614 3966 ipsum
663 3887 979 3952 dominum
1028 3909 1236 3973 regem
1286 3911 1322 3955 a
1365 3893 1495 3955 tam
1544 3893 1788 3975 ampla,
1856 3892 2070 3958 disona
2115 3895 2179 3957 et
2224 3893 2497 3975 generali
2546 3890 2951 3974 requisicione
2998 3906 3129 3952 sua.

420 3972 498 4037 Et
540 3974 811 4038 finaliter
857 3976 909 4039 si
958 3976 1252 4055 viderent,
1302 3978 1505 4061 ipsum
1551 3979 1868 4044 dominum
1910 3999 2118 4062 regem
2166 3980 2243 4045 ab
2288 3979 2405 4044 hoc
2454 3979 2754 4044 removeri
2784 3997 2902 4042 non
2935 3995 3132 4058 posse,

419 4060 622 4124 dicant
664 4066 728 4125 et
775 4063 1122 4146 exprimant
1166 4064 1352 4143 clare,
1398 4066 1558 4148 quod
1620 4085 1740 4131 non
1801 4068 2176 4132 intendimus
2241 4066 2562 4132 civitatem
2618 4068 2896 4130 nostram
2942 4063 3133 4130 Jadre

417 4146 728 4214 dimittere
774 4149 900 4214 ullo
933 4151 1134 4230 mod0,
1184 4154 1328 4235 quia
1374 4153 1549 4217 nobis
1582 4152 1905 4237 legiptime
1946 4157 2203 4236 spectat,
2252 4156 2317 4218 et
2348 4156 2561 4219 nostra
2593 4155 2708 4218 est.
2753 4153 2858 4232 88,
2906 4152 2982 4217 de
3013 4170 3131 4218 non

421 4233 475 4312 7,
521 4253 642 4299 non
688 4236 912 4301 sinceri
954 4238 1014 4301 3.

623 4322 857 4406 Capta:
907 4328 971 4389 et
1015 4326 1066 4389 si
1115 4327 1397 4391 dominus
1444 4348 1567 4405 rex,
1616 4329 1937 4393 senciendo
1985 4329 2143 4393 hanc
2204 4329 2482 4393 nostram
2528 4329 2773 4393 firmam
2832 4327 3134 4393 intencio-

418 4428 555 4475 nem
600 4413 672 4475 de
716 4411 998 4477 nollendo
1044 4414 1360 4478 dimittere
1407 4413 1685 4493 Jadram,
1748 4416 2265 4481 condescenderet
2311 4419 2420 4480 aut
2481 4415 2881 4481 condescendi
2928 4418 3137 4480 osten-

416 4496 583 4562 deret
629 4500 703 4563 de
750 4498 1121 4564 dimittendo
1180 4500 1354 4565 illam
1403 4502 1574 4566 nobis
1634 4503 1697 4566 in
1744 4505 1984 4581 totum,
2035 4504 2099 4567 et
2157 4503 2233 4567 de
2279 4502 2421 4566 aliis
2467 4502 2844 4582 civitatibus,
2895 4503 3136 4567 scilicet

416 4583 729 4668 Tragurio,
782 4584 1037 4667 Spalato
1085 4589 1148 4651 et
1193 4587 1501 4667 Sibenic0‚
1548 4593 1968 4671 perseveraret
2014 4589 2076 4654 in
2121 4588 2542 4673 postulacione
2603 4609 2745 4668 sua,
2809 4590 3137 4674 procurent

415 4671 564 4736 dicti
610 4672 1043 4738 ambaxatores
1091 4677 1257 4739 omni
1304 4675 1484 4740 modo
1531 4677 1595 4739 et
1638 4676 1854 4755 forma,
1905 4677 2125 4760 quibus
2171 4677 2498 4759 poterunt,
2546 4676 2707 4760 quod
2753 4678 2922 4760 ipsas
2983 4675 3136 4740 civi-

416 4759 575 4824 tates
620 4761 851 4825 habere
897 4762 962 4824 et
1005 4762 1213 4825 tenere
1260 4762 1565 4843 possimus
1609 4782 1719 4846 per
1763 4765 1978 4828 modos
2035 4765 2098 4828 in
2146 4783 2258 4829 sua
2312 4764 2746 4828 commissione
2791 4764 3130 4838 contentos,
