3620 5282
3056 376 3137 440 77

402 551 689 617 fidelitati
739 554 941 615 vestre
991 549 1321 616 scribimus
1370 551 1433 614 et
1481 549 1871 625 mandamuS,
1917 554 2220 631 quatenus
2271 551 2345 614 de
2395 549 2545 614 locis
2585 550 2758 615 vobis
2791 552 3138 615 commissis

406 638 504 703 die
553 641 857 721 noctuque
906 638 1131 702 bonam
1179 639 1242 701 et
1286 638 1652 720 diligentem
1703 638 2049 701 custodiam
2096 642 2278 719 atque
2329 656 2540 701 curam
2590 639 2869 702 habeatis
2925 642 2989 702 et
3035 639 3139 703 ha·

406 727 535 790 beri
578 726 846 804 faciatis,
898 727 985 790 ita
1031 725 1187 809 quod
1230 727 1557 790 sinistrum
1597 724 1842 806 aliquod
1893 730 2098 788 vestra
2147 725 2455 788 mediante
2507 727 2851 807 provisione
2879 730 3143 808 nequeat

407 815 684 888 evenire;
733 818 797 876 et
844 813 1018 877 scitis
1067 813 1294 877 soliciti
1341 816 1416 877 ad
1464 813 1895 894 inquirendum
1942 812 2017 875 de
2060 812 2254 888 novi-³,
2304 816 2367 876 et
2412 832 2795 895 quecumque
2837 815 3139 890 sentietis,

409 902 582 967 nobis
631 901 908 965 debeatis
956 900 1220 965 sollicite
1269 901 1490 965 vestris
1539 900 1769 963 litteris
1818 901 2126 965 denotare.
2181 900 2341 964 Data
2388 900 2637 963 XXIIII
2687 902 2969 977 ianuarii,
3021 904 3142 965 ter-

412 989 497 1053 tie
545 988 920 1052 indictionis,
1706 1043 1711 1048 .

625 1075 865 1140 Similis
915 1074 1207 1157 potestati
1255 1073 1484 1148 Pirani‚
1534 1075 1832 1156 potestati
1878 1074 2108 1150 Insule,
2163 1075 2453 1156 potestati
2496 1075 2799 1153 Parencii,
2852 1075 3145 1157 potestati

413 1161 717 1241 Mothoni,
769 1164 1065 1246 potestati
1114 1163 1363 1238 Rubini,
1415 1162 1710 1243 potestati
1761 1161 1981 1239 Vallis,
2031 1163 2351 1243 capitaneo
2399 1161 2606 1226 Sancti
2657 1164 2995 1240 Lmrentii,
3045 1182 3143 1226 ca-

413 1252 659 1331 pitaneo
705 1250 1085 1333 Grisignani,
1135 1251 1432 1332 potestati
1479 1248 1766 1313 Civitatis
1799 1248 1994 1327 Nove,
2044 1251 2338 1331 potestati
2374 1250 2667 1332 Humagi,
2717 1251 2932 1314 comiti
2971 1251 3141 1314 Pola.

627 1338 931 1402 Comissio
977 1337 1284 1403 Johannis
1332 1340 1404 1400 de
1454 1337 1620 1401 Pola.
1669 1336 1985 1402 Johannes
2051 1340 2237 1401 vadas
2305 1338 2540 1401 Arbum
2607 1343 2670 1400 et
2729 1337 3018 1421 Segnam,
3082 1341 3146 1402 et

415 1427 593 1489 cauto
642 1427 705 1489 et
751 1428 999 1490 dextero
1045 1427 1227 1489 modo
1274 1428 1335 1489 te
1383 1424 1664 1499 informa,
1716 1424 1768 1488 si
1819 1426 1916 1488 est
1963 1443 2174 1488 verum
2224 1426 2296 1488 de
2330 1425 2810 1505 proclamatione
2846 1427 2940 1489 vel
2974 1424 3145 1489 crida

423 1512 588 1577 facta
635 1532 707 1577 ex
755 1516 932 1595 parte
978 1512 1209 1579 domini
1251 1513 1416 1594 regis
1463 1512 1782 1595 Hungarie
1831 1513 1893 1574 in
1939 1512 2132 1576 Jadra
2179 1516 2241 1575 et
2287 1512 2426 1575 aliis
2474 1512 2755 1593 partibus
2805 1511 3141 1591 Sclavonie,

416 1599 726 1677 videlicet,
771 1602 930 1683 quod
976 1600 1213 1665 nullum
1263 1599 1580 1681 navigium
1628 1600 1970 1664 caricatum
2018 1599 2145 1663 sale
2192 1599 2286 1663 vel
2332 1603 2391 1662 in
2440 1618 2558 1681 quo
2600 1601 2685 1663 sit
2731 1599 2844 1675 sal,
2917 1600 3145 1664 audeat

417 1686 650 1752 intrare
698 1699 907 1771 portus
954 1708 1097 1753 suos
1146 1689 1260 1751 sub
1303 1706 1458 1768 pena
1503 1686 1922 1751 conbustionis
1970 1688 2199 1769 navigii
2248 1692 2310 1750 et
2357 1705 2757 1767 personarum
2805 1690 2921 1751 etc.
2982 1691 3047 1751 et
3092 1688 3143 1750 si

395 1769 721 1840 'inveneris
768 1796 899 1839 rem
948 1795 1083 1840 esse
1127 1794 1357 1852 veram,
1406 1775 1570 1838 sicut
1615 1777 1711 1839 est
1757 1775 1972 1838 datum
2009 1775 2183 1839 nobis
2232 1774 2494 1857 inteligi,
2545 1775 2834 1839 velociter
2896 1779 2959 1839 et
3015 1774 3145 1838 sine

419 1881 591 1926 mora
636 1864 853 1927 mittas
901 1863 1142 1927 litteras
1184 1865 1445 1939 nostraS,
1495 1880 1644 1943 quas
1694 1863 1816 1926 tibi
1854 1862 2329 1943 assignavimus,
2380 1882 2484 1941 per
2532 1864 2840 1939 nuntium,
2908 1863 3013 1944 qui
3060 1867 3148 1925 te·

418 1968 559 2014 cum
607 1951 795 2029 venit,
845 1951 1090 2017 domino
1139 1951 1271 2033 regi
1332 1950 1669 2032 Huugarie,
1735 1953 1798 2012 et
1859 1950 2141 2032 imponas
2202 1950 2277 2026 ei,
2341 1948 2502 2031 quod
2566 1950 2831 2031 accipiat
2891 1951 2965 2013 de
3026 1950 3144 2025 via,

418 2042 481 2100 et
527 2038 692 2119 ipsas
739 2038 981 2102 litteras
1027 2041 1359 2120 presentet,
1406 2040 1467 2101 et
1509 2041 1797 2119 procuret
1844 2038 2017 2101 nobis
2064 2039 2310 2119 portare
2358 2037 2654 2101 velociter
2701 2037 3145 2119 responsivam.

419 2125 501 2188 Et
539 2125 650 2190 hoc
696 2126 857 2191 facto
904 2145 1044 2190 cum
1092 2127 1261 2190 omni
1310 2126 1490 2206 plena
1535 2124 1971 2189 informatione
2017 2125 2182 2189 dicte
2240 2125 2426 2201 eride,
2491 2124 2565 2188 de
2627 2125 2822 2190 forma
2883 2128 2947 2189 et
3003 2143 3144 2189 con-

421 2212 651 2276 ditione
699 2215 852 2290 eius,
902 2217 966 2278 et
1011 2215 1084 2276 de
1131 2214 1415 2277 omnibus
1463 2212 1605 2276 aliis
1651 2213 1725 2276 de
1766 2212 1928 2288 inde,
1976 2231 2091 2293 que
2137 2215 2366 2276 sentire
2398 2213 2651 2294 poteriS,
2704 2214 2999 2277 Venetias
3042 2230 3146 2277 ce-

422 2299 636 2363 leriter
681 2301 915 2377 redeaS,
964 2301 1039 2364 de
1070 2300 1354 2364 omnibus
1388 2299 1746 2381 plenissime
1776 2299 2166 2363 informatus
2215 2299 2507 2364 Preterea
2537 2302 2918 2381 presentabis
2964 2318 3149 2381 quam

425 2388 723 2452 secretius
782 2389 914 2453 fieri
975 2389 1218 2471 poterit²
1262 2387 1539 2463 Frisono,
1604 2388 1830 2451 vicario
1887 2388 1947 2450 in
1998 2386 2201 2469 Segna
2263 2406 2369 2467 pro
2431 2388 2762 2452 comitibus
2809 2387 3144 2463 Modrusie,

426 2473 688 2552 litteraS,
740 2495 890 2557 quas
930 2478 985 2538 ei
1034 2477 1232 2538 mittit
1279 2475 1682 2539 cancellarius
1732 2477 1958 2551 noster,
2023 2494 2280 2556 quarum
2342 2477 2581 2557 copiam
2652 2482 2853 2539 tecum
2923 2479 3147 2555 portaS,

426 2564 489 2625 et
536 2564 895 2644 procurabis
943 2582 1127 2646 penes
1174 2563 1314 2626 eum
1362 2562 1588 2626 habere
1636 2564 2056 2644 responsivam
2122 2562 2427 2626 dictarum
2494 2563 2864 2640 litterarum,
2931 2565 2993 2625 et
3054 2562 3151 2625 in·-

425 2649 719 2715 formabis
769 2655 830 2715 te
876 2652 960 2715 de*
999 2652 1284 2715 omnibus
1323 2652 1515 2727 novis,
1565 2670 1681 2732 que
1727 2652 1804 2713 ab
1841 2651 1992 2732 ipsis
2027 2652 2255 2731 poteris
2289 2653 2647 2732 persentire.
2704 2652 2766 2714 In
2806 2670 2954 2716 casu
2987 2669 3146 2726 ver0,

423 2755 542 2818 quo
589 2740 872 2812 sentireS,
923 2739 1088 2802 facta
1135 2739 1418 2820 diligenti
1465 2740 1529 2801 et
1574 2742 1752 2801 cauta
1823 2738 2241 2820 inquisitione,
2310 2757 2427 2800 non
2493 2758 2627 2802 esse
2690 2758 2923 2813 verum,
2989 2740 3150 2818 quod

425 2824 592 2888 dicta
638 2826 806 2889 crida
853 2826 952 2890 vel
1013 2827 1241 2890 similis
1306 2827 1470 2889 sacta
1531 2825 1710 2901 foret,
1780 2827 1926 2889 tunc
1992 2828 2123 2889 sine
2188 2827 2489 2889 mittendo
2554 2826 2797 2889 litteras
2859 2825 2989 2906 regi
3052 2826 3150 2889 vel

420 2912 541 2976 alia
579 2915 852 2977 novitate
902 2914 1099 2977 fienda
1144 2912 1400 2977 reddeas
1459 2912 1745 2976 Venetias
1791 2912 1868 2976 de
1916 2915 2204 2976 omnibus
2251 2913 2421 2977 novis
2466 2913 2822 2994 plenissime
2856 2912 3140 2976 informa-

422 3003 542 3063 tus.
590 2998 764 3064 Data
812 3001 906 3064 die
946 3001 1195 3065 XXIIII
1243 3001 1522 3078 ianuarii,
1571 3002 1755 3064 tertie
1801 2999 2176 3064 indictionis.

509 3107 748 3167 Secreta
791 3111 1026 3168 consilii
1069 3113 1425 3184 royatorum,
1474 3127 1516 3167 u
1561 3109 1716 3169 mlet.
1769 3110 2002 3168 arkivu.

732 3349 1176 3432 exunt.
1230 3351 1436 3434 son.
1493 3352 1717 3436 1365.
1769 3351 1875 3434 24
1927 3350 2283 3454 sieenja,
2340 3377 2396 3436 u
2451 3291 2841 3435 motem,

421 3495 715 3555 Mletdani
754 3496 900 3554 mole
945 3496 1273 3569 'eapuljsku
1318 3498 1594 3570 kraljicu,
1637 3499 1790 3557 nelca
1842 3497 2158 3566 nedozvoli,
2227 3498 2306 3555 da
2367 3498 2614 3572 uyarskc'
2678 3495 2842 3570 kralj
2898 3499 3154 3558 oboruia

591 3584 776 3657 yalije
818 3602 859 3642 u
906 3584 1167 3656 njczinih
1211 3586 1482 3658 stranah,
1525 3586 1638 3644 kao
1685 3586 1774 3644 sto
1820 3601 1881 3644 se
1915 3586 2295 3659 poyovaraIO,
2344 3586 2423 3644 da
2468 3603 2501 3644 ο
2552 3590 2667 3644 tom
2715 3588 2956 3659 nastoji.

633 3701 1002 3767 Commissio
1047 3703 1382 3768 Anastasii.
1435 3703 1562 3768 Nos
1609 3706 1978 3769 Laurentius
2027 3704 2190 3768 Celsi
2240 3710 2354 3769 etc.
2405 3705 2801 3769 Comittimus
2847 3704 2963 3768 tibi
3013 3722 3154 3785 pro-

422 3790 561 3854 vido
605 3792 738 3854 viro
784 3790 1116 3854 Anastasio
1166 3792 1399 3855 notario
1448 3792 1613 3860 fideli
1686 3796 1915 3868 nostro,
1980 3792 2140 3874 qnod
2202 3793 2276 3855 (16
2338 3795 2548 3856 nostro
2609 3792 2903 3856 mandato
2962 3792 3151 3854 vadas

423 3878 497 3940 ad
566 3878 1154 3942 excellentissimam
1215 3879 1526 3943 dominam
1593 3881 1868 3961 reginam
1932 3879 2192 3961 Apulee,
2264 3898 2383 3961 qua
2443 3879 2715 3944 salutata
2777 3897 2915 3941 cum
2981 3896 3153 3941 reve-

423 3964 622 4028 rentia
669 3967 828 4028 sicut
874 3967 1158 4030 convenit
1204 3985 1311 4047 pro
1355 3967 1576 4030 honore
1625 3971 1849 4043 nostr0,
1898 3985 2193 4048 exponere
2242 3968 2580 4030 maximum
2613 3984 2883 4029 amorem
2934 3968 2999 4029 et
3047 3965 3151 4028 be-

425 4051 838 4116 nevolentiam
902 4056 966 4115 et
1035 4053 1415 4135 singularem
1462 4055 1808 4129 caritatem,
1856 4074 1972 4136 que
2019 4073 2261 4132 semper
2303 4053 2424 4116 fuit
2469 4060 2531 4115 et
2576 4053 2687 4117 deo
2714 4057 2980 4117 ‘auctore
3029 4053 3152 4115 erit

423 4140 586 4202 inter
632 4141 1052 4221 progenitores
1101 4160 1242 4205 suos
1282 4143 1346 4205 et
1392 4142 1609 4222 ipsam,
1660 4146 1723 4205 et
1767 4161 1875 4205 nos
1924 4145 1989 4205 et
2033 4145 2311 4205 nostrum
2362 4160 2709 4216 commune,
2758 4140 2860 4223 qui
2905 4158 3149 4220 semper

418 4225 649 4291 {ulmus
695 4228 1004 4291 coniuncti
1052 4247 1193 4291 vero
1240 4246 1448 4292 amore
1495 4232 1559 4292 et
1597 4229 1837 4293 sincera
1881 4230 2021 4304 fide,
2074 4232 2140 4292 ut
2190 4228 2544 4309 plenissime
2593 4233 2808 4291 notum
2836 4229 2951 4302 est,
3002 4244 3146 4290 cum

422 4314 542 4377 hiis
590 4317 655 4379 et
698 4315 837 4379 aliis
887 4316 1111 4392 verbiS,
1175 4335 1291 4398 que
1339 4316 1452 4379 tibi
1502 4315 1683 4379 utilia
1726 4320 1791 4380 et
1837 4317 2183 4380 necessaria
2229 4316 2618 4379 videbuntur.
2691 4313 3155 4397 subsequenter

421 4419 703 4483 expones,
774 4402 930 4484 quod
1002 4422 1195 4485 nuper
1258 4405 1334 4467 ad
1407 4404 1779 4468 audientiam
1834 4409 2106 4468 nostram
2157 4404 2436 4485 pervenit
2498 4403 2791 4466 relatione
2858 4403 3151 4479 veridica,

423 4489 587 4570 quod
634 4490 916 4555 dominus
981 4510 1084 4554 rex
1148 4491 1467 4572 Hungarie
1531 4491 1799 4555 intendit
1858 4491 2058 4555 facere
2120 4492 2347 4554 armari
2405 4492 2464 4554 in
2512 4490 2794 4571 partibus
2854 4489 3027 4554 Nicie
3091 4492 3157 4552 et

420 4576 741 4640 Provincie
789 4579 1176 4642 subditorum
1224 4579 1570 4643 maiestatis
1616 4597 1724 4641 sue
1771 4579 1830 4641 X
1867 4580 2096 4661 galeaS,
2147 4580 2211 4641 et
2256 4597 2441 4660 quare
2487 4578 2650 4641 dicte
2699 4579 2873 4660 galee
2932 4579 3155 4657 posunt

420 4662 638 4727 leviter
686 4665 892 4728 venire
937 4664 1012 4728 ad
1059 4666 1353 4730 damnum
1402 4668 1718 4739 nostrum3
1769 4685 2074 4730 memores
2119 4666 2373 4748 antique
2422 4665 2839 4730 benevolentis
2877 4663 3150 4744 predicte

422 4751 487 4816 et
530 4752 1021 4832 reminiscenteS,
1067 4754 1226 4834 quod
1291 4753 1353 4817 in
1414 4753 1813 4832 novitatibus,
1874 4771 2027 4835 quas
2087 4752 2244 4817 alias
2306 4753 2590 4819 dominus
2652 4772 2756 4818 rex
2818 4747 3148 4834 Hungarie
