3620 5282
3001 357 3124 425 17‘1

399 535 464 599 et
506 533 717 612 Raxie,
781 535 1188 617 respondetur
1250 555 1358 617 per
1418 534 1703 600 inclitum
1763 535 2082 601 dominum
2138 535 2357 599 ducem
2402 533 2810 599 veneciarum
2871 534 2936 600 et
2995 533 3127 600 eius

400 621 745 698 consilium,
794 625 980 705 prout
1027 622 1278 687 inferius
1325 623 1711 689 continetur:

607 709 689 773 Et
734 710 934 792 primo
985 711 1061 774 ad
1110 712 1452 793 capitulum
1500 713 1766 793 primum
1818 711 2158 790 continens,
2207 708 2366 793 quod
2412 709 2659 791 placeat
2688 708 2934 774 domino
2967 708 3128 790 duci,

402 796 452 860 si
501 812 635 861 esse
686 800 907 879 potest,
987 818 1119 863 esse
1166 800 1241 863 ad
1307 800 1657 881 coloquium
1721 800 1785 862 in
1847 798 2120 881 Ragusio
2180 798 2277 862 vel
2338 816 2375 861 a
2443 797 2719 880 Ragusio
2773 797 2930 861 citra
2990 815 3133 863 cum

401 885 536 967 ipso
585 884 832 949 domino
880 886 1270 969 imperatore,
1321 888 1796 970 respondeatur:
1855 886 2012 970 quod
2057 887 2122 950 in
2169 885 2490 965 omnibus,
2554 904 2672 967 que
2732 883 3028 950 honorem
3069 886 3134 950 et

401 972 857 1055 beneplacitum
918 975 1069 1039 dicti
1134 975 1365 1038 domini
1435 975 1830 1057 imperatoris
1894 974 2303 1055 respicerent,
2369 975 2500 1057 ipse
2567 972 2853 1036 dominus
2899 972 3019 1037 dux
3065 975 3130 1038 et

400 1062 814 1125 communitas
861 1062 1263 1127 Venetiarum
1311 1063 1386 1128 ob
1434 1081 1710 1128 amorem
1761 1063 2102 1140 sincerum,
2154 1081 2334 1143 quem
2384 1063 2460 1126 ad
2509 1060 2902 1125 maiestatem
2951 1078 3129 1125 suam

401 1152 640 1231 gerunt,
688 1148 1104 1214 libentissime
1150 1151 1475 1214 redderent
1521 1170 1585 1214 se
1631 1149 2012 1227 conformeS,
2062 1149 2168 1213 sed
2232 1150 2394 1213 sicut
2454 1149 2760 1214 notorium
2816 1150 2949 1226 est,
3011 1165 3133 1213 non

402 1237 787 1317 permittitur
834 1238 951 1320 ipsi
997 1237 1246 1302 domino
1295 1240 1429 1302 duci
1478 1240 1642 1303 exire
1705 1239 1999 1302 ducatum
2050 1238 2147 1301 vel
2195 1236 2511 1301 civitatem
2569 1236 2974 1300 Veneciarnm
3022 1253 3132 1318 pro

403 1324 612 1404 aliqua
657 1342 843 1387 causa
890 1328 1436 1408 quantumcunque
1480 1328 1565 1390 sit
1611 1328 1802 1390 ardua
1851 1327 1979 1389 sive
2026 1342 2275 1407 magna,
2334 1344 2445 1388 nec
2493 1342 2804 1406 nunquam
2852 1342 2962 1407 pro
3010 1323 3130 1387 ali-

406 1412 627 1492 quibus
676 1413 964 1494 negotiiS,
1013 1414 1201 1477 etiam
1250 1413 1617 1479 conditionis
1665 1413 1972 1489 sublimia,
2023 1431 2136 1495 qne
2182 1430 2505 1477 commune
2552 1412 2961 1476 Veneciarnm
3023 1412 3135 1476 ha·

406 1499 552 1562 beat
601 1500 665 1562 et
709 1499 997 1564 habuerit
1042 1519 1078 1563 a
1126 1501 1341 1565 multis
1390 1501 1774 1585 temporibus
1820 1501 1977 1565 citra
2026 1520 2167 1564 cum
2216 1500 2460 1565 domino
2515 1518 2691 1582 papa,
2742 1498 3136 1581 imperatori-

407 1585 541 1662 buS,
593 1586 839 1669 regibus
885 1588 949 1652 et
990 1587 1129 1652 aliis
1176 1589 1388 1654 mundi
1435 1591 1816 1673 principibus
1863 1589 2262 1672 pertractare,
2312 1587 2442 1670 ipse
2482 1589 2619 1665 dur,
2668 1587 3136 1669 prohibentibus

408 1674 955 1740 constitutionibus
1004 1676 1431 1755 veneciarum,
1481 1679 1686 1760 potuit
1730 1677 2052 1742 civitatem
2100 1676 2283 1753 exire,
2333 1675 2440 1739 sed
2484 1693 2554 1738 ea
2600 1693 2709 1757 per
2740 1674 3136 1757 interpositas

406 1779 699 1843 personas
736 1763 995 1829 tractari
1043 1764 1192 1828 fecit
1236 1767 1301 1829 et
1344 1764 1514 1830 facit.
1564 1765 1795 1829 Verum
1845 1783 1881 1829 a
1914 1763 2214 1848 peticione
2261 1764 2552 1827 contenta
2592 1762 2655 1825 in
2698 1761 2830 1862 ipso
2876 1761 3136 1827 consilio

408 1852 612 1931 potest
649 1851 829 1915 abere
875 1851 1049 1935 regia
1091 1854 1391 1918 serenitas
1441 1854 1642 1937 ipsum
1686 1853 2007 1917 dominum
2068 1852 2285 1916 ducem
2346 1869 2417 1915 ex
2472 1850 2790 1933 premissis
2836 1849 2990 1914 satis
3037 1867 3139 1914 ra-

408 1936 791 2002 tionabiliter
839 1942 1215 2005 excusatum.

616 2024 716 2090 Ad
764 2027 1101 2092 secundum
1150 2029 1513 2110 capitulum,
1565 2049 1671 2111 per
1716 2027 1876 2110 quod
1924 2028 2189 2111 petitur,
2239 2026 2396 2126 quod
2444 2025 2730 2090 dominus
2776 2023 3135 2108 imperator,

406 2111 573 2178 filins
620 2114 751 2180 eius
796 2114 1057 2180 Urosius
1105 2119 1168 2179 et
1212 2117 1575 2217 imperatrix
1621 2135 1761 2181 cum
1807 2116 2139 2180 heredibus
2187 2114 2316 2178 suis
2371 2112 2795 2197 recipiantur
2779 2132 2840 2176 ιιι
2867 2113 3138 2177 Venetos

407 2203 733 2283 tamquam
782 2204 834 2266 si
881 2206 1086 2268 essent
1130 2206 1260 2268 nati
1325 2205 1388 2269 in
1435 2205 1718 2269 Veneciis
1779 2206 1899 2269 etc.
1947 2203 2422 2299 respondeatur,
2472 2203 2630 2302 quod
2678 2200 2894 2265 ducale
2939 2199 3140 2264 domi-

414 2290 607 2368 nium,
658 2291 729 2353 ut
766 2296 859 2355 est
905 2291 1160 2370 dictum,
1210 2295 1452 2393 plomte
1493 2292 1842 2375 disponitur
1872 2292 1949 2355 ad
1983 2283 2505 2374 complacendum,
2553 2289 2619 2353 in
2664 2290 2964 2372 quantum
2996 2305 3140 2353 cum

405 2378 634 2442 honore
680 2396 790 2442 suo
837 2381 1061 2460 potest,
1104 2381 1272 2463 regie
1320 2380 1658 2445 maiestati.
1708 2381 1789 2444 Et
1834 2381 2158 2462 propterea
2203 2377 2285 2457 id,
2352 2378 2510 2460 qnod
2557 2378 2828 2461 petitur,
2877 2378 2950 2440 de
2997 2374 3141 2440 rici-

404 2465 626 2547 piendo
673 2466 878 2548 ipsum
926 2467 1243 2533 dominum
1290 2468 1751 2569 imperatorem,
1803 2467 2005 2532 filium
2049 2469 2114 2530 et
2159 2465 2621 2548 imperatricem
2669 2481 2741 2529 ac
2772 2481 2984 2530 eorum
3032 2464 3141 2528 he-

406 2551 585 2617 redes
632 2552 694 2617 in
743 2553 907 2618 cives
955 2555 1382 2635 Veneciarnm,
1432 2574 1502 2620 ac
1551 2556 1604 2622 si
1652 2556 1892 2620 oriundi
1936 2555 2154 2633 forent,
2199 2553 2614 2618 libentissime
2661 2571 2769 2636 per
2799 2553 3003 2635 ipsum
3035 2550 3143 2615 do-

408 2640 651 2706 minum
698 2640 1034 2709 admitetur
1085 2664 1226 2709 cum
1274 2645 1670 2710 consiliorum
1720 2661 1972 2710 suorum
2029 2643 2108 2708 ad
2165 2643 2281 2708 hec
2326 2641 2693 2708 necessariis
2739 2637 3143 2724 solempnita-

407 2729 578 2794 tibus
624 2730 689 2793 et
734 2749 1007 2797 assensu.

627 2817 726 2882 Ad
771 2818 1035 2883 tercium
1082 2820 1439 2902 capitalum,
1488 2840 1597 2904 per
1642 2819 1802 2903 quod
1850 2818 2107 2903 petitur,
2173 2818 2332 2901 qnod
2381 2815 2640 2901 predicti
2683 2817 3025 2882 habeantur
3080 2815 3145 2881 et

411 2903 545 2969 sint
586 2905 768 2970 liberi
808 2909 873 2970 et
915 2907 1109 2971 securi
1160 2912 1298 2986 etc„
1348 2909 1812 2991 respondentur,
1860 2908 2019 2990 quod
2067 2908 2283 2971 ducale
2329 2904 2670 2971 dominium
2731 2904 2896 2987 ipsos
2942 2904 3146 2969 inten-

408 2992 506 3057 dit
550 2994 824 3058 tractare
870 2997 935 3059 et
981 2996 1234 3059 tractari
1282 2958 1480 3062 'facere
1519 2996 1686 3061 omni
1734 2997 2012 3079 tempore
2058 2996 2223 3060 sicut
2266 2994 2621 3059 carissimos
2669 2992 2834 3057 cives
2878 3008 3043 3071 snos,
3080 2992 3147 3057 et

408 3080 573 3164 qnod
623 3082 684 3145 in
728 3081 977 3147 civitate
1040 3083 1451 3149 Veneciarnm
1512 3085 1752 3168 possint
1814 3102 2166 3166 quocunque
2229 3084 2503 3182 tempore
2570 3098 2779 3146 secure
2828 3081 2892 3145 et
2948 3079 3145 3145 libere

409 3169 640 3246 venire,
679 3172 847 3233 stare
896 3172 959 3234 et
1004 3173 1284 3237 recedere
1329 3173 1403 3237 ad
1453 3172 1908 3255 beneplacitum
1956 3191 2157 3249 suum,
2207 3173 2270 3235 et
2318 3170 2378 3234 in
2429 3188 2501 3235 ea
2538 3167 2759 3248 facere,
2809 3169 2969 3234 sicut
3001 3186 3145 3252 pos-

407 3259 557 3321 sunt
602 3257 865 3341 quilibet
908 3258 1295 3324 honorabiles
1343 3262 1409 3325 et
1453 3260 1759 3327 carissimi
1806 3260 1990 3334 cives
2036 3258 2274 3324 oriundi
2316 3259 2390 3322 de
2437 3259 2605 3323 terra
2646 3257 3072 3322 Veneciarnm.

580 3345 724 3409 ‘Ad
770 3350 1055 3428 quartum
1104 3347 1466 3430 capitulum,
1510 3369 1617 3431 per
1663 3348 1827 3431 quod
1874 3348 2129 3430 petitur,
2195 3346 2356 3431 qnod
2400 3347 2514 3411 fiat
2561 3345 2649 3410 eis
2697 3344 2907 3429 aliqua
2953 3344 3144 3410 hono-

404 3431 742 3511 rificencia,
780 3434 833 3497 si
880 3434 1161 3500 venirent
1206 3435 1612 3501 habitandum
1663 3436 1985 3513 VeneciaS,
2035 3435 2495 3518 respondeatur,
2546 3434 2704 3517 quod
2740 3434 3001 3499 intentio
3033 3432 3148 3497 du-

407 3519 567 3584 calis
614 3520 869 3585 dominii
912 3523 1027 3600 est,
1078 3524 1137 3585 in
1186 3525 1354 3588 omni
1406 3543 1549 3588 casu
1615 3526 1677 3588 et
1738 3525 2015 3606 tempore
2073 3523 2241 3606 ipsos
2307 3521 2746 3588 honorabiliter
2804 3523 2869 3586 et
2912 3521 3149 3586 amica-

409 3606 626 3672 biliter
671 3610 1074 3690 pertractare.
1145 3611 1228 3676 Et
1301 3612 1353 3676 si
1405 3612 1645 3694 quondo
1701 3630 1883 3676 casus
1943 3612 2252 3689 evenerit,
2325 3612 2481 3693 qnod
2532 3609 2831 3675 Venecias
2876 3610 3144 3686 veniant,

410 3696 577 3777 quod
625 3697 808 3777 absit,
856 3697 980 3761 nisi
1022 3718 1161 3763 cum
1208 3699 1433 3764 honore
1481 3702 1544 3764 et
1588 3699 1839 3764 comodo
1888 3717 2017 3778 sno,
2065 3699 2231 3782 ipsos
2279 3697 2500 3762 libenti
2554 3699 2759 3762 animo
2806 3697 3039 3762 videbit
3083 3696 3148 3759 et

411 3783 831 3849 amicabiliter
876 3787 1149 3869 recipiet,
1200 3789 1264 3852 et
1305 3806 1595 3869 personas
1643 3807 1854 3852 eorum
1905 3787 2237 3852 honorabit
2281 3790 2345 3851 et
2388 3785 2675 3850 honorari
2727 3785 2932 3864 faciet,
2980 3783 3146 3849 sicut

405 3889 516 3954 pro
566 3872 795 3936 honore
844 3892 954 3938 suo
1004 3876 1227 3942 viderit
1272 3876 1615 3940 convenire.

628 3958 728 4024 Ad
775 3961 1061 4044 quintum
1109 3964 1447 4048 capitulum
1496 3964 1571 4028 de
1618 3963 2019 4029 subventione
2067 3964 2211 4028 hinc
2262 3964 2402 4028 inde
2465 3960 2832 4046 prestanda,
2893 3977 3145 4044 respon-

412 4047 613 4147 detur,
663 4049 823 4131 quod
866 4053 1120 4135 propter
1166 4070 1459 4135 magnam
1509 4051 1938 4131 affectionem,
2005 4071 2187 4136 quam
2238 4053 2408 4119 visus
2473 4053 2568 4115 est
2615 4053 2680 4115 et
2723 4049 2968 4116 videtur
3010 4050 3145 4134 ipse

412 4132 757 4219 imperator
802 4136 1026 4204 habere
1073 4142 1147 4204 ad
1194 4140 1452 4205 honores
1494 4140 1733 4205 ducalis
1779 4140 2056 4218 dominii,
2108 4142 2588 4225 quandocunque
2621 4138 2738 4206 sibi
2772 4157 2926 4222 opus
2959 4142 3143 4219 esset,

413 4221 621 4306 ipsum
671 4225 988 4292 dominum
1037 4227 1472 4329 imperatorem
1522 4228 1739 4293 ducale
1801 4229 2142 4294 dominium
2211 4229 2552 4313 requireret
2615 4229 2677 4292 in
2722 4227 3147 4311 opportunita-

412 4310 581 4378 tibus
629 4314 780 4393 suiS,
834 4320 897 4378 et
938 4316 1405 4382 siceconverso
1454 4317 1583 4399 ipse
1633 4317 1918 4382 dominus
1966 4318 2304 4402 imperator
2352 4319 2554 4401 ipsum
2581 4318 2790 4400 posset
2834 4317 3143 4400 requirere

416 4396 476 4462 in
523 4402 728 4484 gratis
770 4402 912 4484 sibi,
963 4403 1107 4487 quia
1146 4403 1207 4468 in
1247 4407 1545 4487 quantum
1596 4403 1912 4470 decentius
1956 4408 2169 4489 posset
2213 4425 2353 4472 cum
2401 4406 2625 4470 honore
2681 4406 2747 4469 et
2792 4406 2962 4471 statu
3009 4421 3139 4486 suo,

413 4490 576 4553 esset
625 4489 994 4573 dispositum
1044 4493 1240 4557 eidem
1291 4491 1699 4557 amicabiliter
1742 4493 2144 4576 complacere.

625 4576 727 4642 Ad
774 4583 1013 4644 sextum
1064 4580 1425 4662 capitulum,
1475 4600 1582 4664 per
1626 4581 1790 4662 quod
1839 4582 2072 4664 petitur
2120 4583 2417 4647 auxilium
2469 4579 2783 4663 galearum
2830 4596 2952 4662 pro
2986 4578 3135 4643 sub-

414 4662 682 4746 ingando
727 4666 1061 4749 imperium
1102 4668 1422 4747 Romanie,
1466 4669 1888 4751 respondetur,
1936 4668 2097 4753 quod
2146 4688 2255 4733 nos
2302 4686 2515 4734 sumus
2569 4667 2635 4730 in
2681 4669 2943 4749 treugna
2987 4682 3135 4729 cum

411 4747 782 4841 imperatore
827 4753 1526 4840 Constantinopolitano,
1595 4775 1704 4839 per
1749 4774 1943 4840 quam
1988 4757 2151 4822 inter
2200 4758 2403 4822 cetera
2461 4752 2703 4821 vinculo
2760 4751 3135 4816 sacramenti

474 4872 670 4923 arou.
716 4877 816 4928 ιιι.
2812 4852 2890 4916 12
