3620 5282
485 341 612 407 122

477 538 701 603 gruum
751 518 990 585 scilicet
1033 521 1517 603 possibilitatem
1569 526 1862 607 vestram,
1910 528 1972 588 et
2019 525 2072 588 si
2120 523 2267 606 quid
2316 523 2598 600 defuerit,
2649 541 2774 604 noe,
2824 522 2929 605 qui
2971 542 3214 605 semper

480 625 586 671 vos
633 608 696 671 et
736 607 893 672 alios
941 611 1179 673 nostros
1228 608 1435 674 fideles
1481 611 1772 675 adiuvare
1804 630 1924 675 non
1971 630 2309 690 cessamuS‚
2361 611 2799 694 suppleremus
2832 610 2908 675 ad
2938 612 3209 694 plenum.

480 695 565 759 Et
608 698 926 776 propterea
971 696 1119 761 licet
1164 698 1589 762 ambaxatores
1638 699 1894 764 Sibinici
1963 702 2028 764 et
2071 699 2362 778 Tragurii
2432 699 2594 763 circa
2651 699 2928 781 predicta
2974 698 3209 781 aliquid

487 801 670 864 super
717 783 855 846 inde
902 784 1078 847 nobis
1125 804 1195 847 ex
1240 787 1416 867 parte
1460 786 1882 868 predictarum
1929 787 2258 851 civitatum
2308 788 2599 852 oretenus
2646 785 3057 869 exposuerint,
3099 804 3208 868 per

476 872 795 951 presentes
842 871 1015 934 vobis
1062 872 1410 949 scribimuS,
1460 874 1619 955 quod
1668 876 1908 957 quando
1965 875 2130 939 dicta
2196 876 2405 938 nostra
2472 873 2739 956 provisio
2806 874 2982 938 vobis
3042 873 3214 938 utilis

479 956 805 1031 videretur,
859 960 1015 1039 quod
1056 959 1282 1023 bonum
1332 965 1514 1038 esset,
1578 963 1737 1043 quod
1784 963 1921 1025 istis
1984 963 2205 1026 vestris
2266 960 2765 1026 ambaxatoribus
2833 979 2935 1026 vos
2996 960 3210 1024 mitte-

476 1044 627 1107 retis
687 1044 1057 1109 sindicatum
1119 1046 1195 1110 ad
1243 1048 1528 1129 plenum,
1596 1049 2030 1114 nichilominus
2087 1068 2187 1114 eos
2233 1050 2637 1113 informantes
2698 1067 2882 1130 super
2935 1047 3076 1112 inde
3137 1047 3210 1112 de

477 1131 821 1196 intencione
864 1136 1085 1210 vestra,
1150 1137 1220 1198 ut
1265 1135 1375 1198 deo
1434 1136 1639 1218 previo
1687 1137 2004 1202 valeamus
2050 1137 2112 1200 in
2160 1136 2453 1219 predictis
2499 1135 2846 1218 procedere,
2896 1135 3059 1199 sicut
3101 1153 3210 1199 no-

478 1219 605 1282 stro
661 1219 873 1283 honori
930 1225 992 1284 et
1059 1221 1318 1286 utilitati
1400 1226 1601 1287 vestre
1671 1224 2016 1289 videbimus
2084 1226 2446 1303 convenire;
2517 1223 2985 1306 cognoscentes,
3050 1223 3206 1303 quod

479 1323 620 1370 cum
667 1324 869 1371 comes
916 1308 1140 1372 Paulus
1190 1329 1297 1392 per
1350 1329 1489 1375 suos
1545 1312 1796 1375 nuncios
1845 1312 2016 1376 nobis
2071 1313 2289 1394 exponi
2350 1310 2597 1388 fecerit,
2647 1311 2806 1392 quod
2866 1311 2920 1373 si
2966 1309 3205 1374 dictum

476 1393 932 1477 paysinaticum
967 1416 1074 1478 per
1113 1415 1221 1461 nos
1269 1397 1672 1475 ordinaretur,
1722 1399 1967 1464 volebat
1997 1399 2263 1464 libenter
2310 1398 2557 1481 poni-in
2603 1399 2737 1480 ipso
2781 1400 2844 1462 et
2887 1398 2967 1461 ad
3000 1397 3202 1478 ipsum

479 1481 751 1546 conferre
798 1481 873 1545 de
919 1485 1102 1566 gente
1139 1487 1292 1562 ‘sua,
1339 1485 1498 1567 quod
1537 1486 1829 1550 similiter
1889 1487 2008 1550 sibi
2069 1487 2417 1566 scribimus,
2474 1487 2631 1568 quod
2698 1486 2941 1549 mittere
2984 1483 3205 1547 debeat

479 1569 768 1632 nuncium
814 1570 913 1634 vel
959 1571 1211 1636 nuncios
1259 1590 1401 1636 suos
1448 1592 1588 1637 cum
1637 1575 1939 1639 sindicatu
1985 1577 2060 1639 ad
2107 1575 2376 1656 plenum.

690 1657 775 1721 Et
814 1660 1000 1740 capto
1048 1658 1122 1723 de
1169 1660 1490 1725 scribendo
1532 1661 1828 1743 predictis
1873 1663 2199 1727 comitibus
2253 1664 2316 1727 et
2362 1657 2934 1737 communitatibuS,
2981 1659 3054 1722 ut
3100 1658 3199 1721 est

479 1742 740 1822 dictum,
788 1745 1032 1809 videtur
1073 1746 1203 1811 fore
1245 1748 1421 1812 utilis
1483 1750 1558 1812 ad
1606 1749 2124 1832 supersedendum
2180 1769 2289 1832 pro
2337 1749 2517 1832 modo
2571 1747 2646 1812 de
2713 1746 2966 1824 unione,
3018 1764 3203 1829 quam

479 1833 702 1913 petunt
748 1832 1009 1897 invicem
1060 1834 1178 1917 ipsi
1218 1836 1664 1907 ambaxatores,
1715 1837 1904 1901 donec
1950 1838 2228 1901 venerint
2269 1836 2698 1919 responsiones
2746 1853 2977 1899 eorum.

691 1917 920 2000 Capta:
968 1922 1272 1986 scribatur
1318 1923 1505 1987 etiam
1555 1923 1768 1988 comiti
1814 1926 2010 1989 Paulo
2042 1923 2267 1990 Cliscie
2307 1927 2371 1989 et
2419 1923 2744 1999 Scardone,
2788 1921 2946 2004 quod
2978 1918 3200 1984 mittat

479 2025 657 2071 suum
704 2008 1164 2073 ambaxatorem
1213 2010 1289 2073 ad
1337 2030 1448 2074 nos
1495 2030 1639 2076 cum
1687 2013 1989 2077 sindicatu
2036 2013 2113 2076 ad
2159 2012 2429 2095 plenum,
2478 2012 2644 2076 sicut
2689 2011 2808 2074 erit
2839 2007 3186 2090 expediens.

689 2093 918 2177 Capta:
966 2099 1244 2179 preterea
1289 2118 1398 2180 per
1443 2098 1705 2178 litteraS,
1755 2119 1907 2182 quas
1953 2100 2239 2165 dominus
2289 2100 2483 2163 banus
2527 2096 2782 2162 Bossine
2829 2095 3053 2159 direxit
3084 2094 3197 2159 du-

479 2181 598 2247 cali
636 2181 923 2260 dominio,
983 2185 1288 2249 scribatur
1333 2186 1545 2250 comiti
1595 2190 1658 2252 et
1706 2187 2015 2252 iudicibus
2052 2187 2321 2252 Sibenici
2368 2190 2432 2251 et
2476 2184 2690 2251 comiti
2737 2187 2945 2249 nostro
2991 2181 3200 2260 Jadre,

478 2269 636 2352 quod
686 2270 833 2349 illis,
883 2290 1039 2353 quos
1083 2274 1214 2354 ipse
1259 2274 1537 2337 dominus
1588 2276 1782 2339 banus
1830 2275 2110 2339 nominat
2152 2276 2216 2339 in
2263 2274 2490 2339 litteris
2536 2273 2687 2352 suia,
2733 2271 2921 2337 faciat
2953 2270 3104 2335 iuris
3136 2270 3201 2333 et

479 2356 724 2422 iusticie
774 2359 1134 2441 expeditum
1180 2362 1245 2425 et
1289 2360 1568 2425 debitum
1615 2362 2156 2443 complementum,
2207 2381 2280 2427 ne
2326 2362 2528 2426 dictus
2587 2363 2784 2426 banus
2827 2362 2889 2423 et
2936 2358 3053 2441 ipsi
3098 2375 3205 2440 pe-

478 2446 683 2509 tentes
732 2446 999 2510 habeant
1043 2447 1144 2511 ius
1191 2448 1480 2529 querelle.
1529 2449 1758 2514 Verum
1812 2450 1865 2513 si
1927 2449 2238 2514 videretur
2284 2449 2409 2527 eiS‚
2475 2447 2807 2513 comitibus
2855 2464 2975 2510 non
3022 2463 3208 2527 posse

477 2532 803 2614 procedere
851 2533 911 2596 in
959 2534 1094 2617 ipso
1143 2537 1395 2619 negocio
1442 2536 1607 2601 iuxte
1652 2535 1989 2602 secundum
2039 2536 2452 2600 intencionem
2499 2553 2748 2612 eorum,
2797 2534 2899 2615 qui
2953 2533 3194 2614 petunt,

477 2621 758 2686 scribant
803 2622 980 2687 nobis
1028 2622 1246 2688 seriem
1295 2624 1443 2689 facti
1485 2625 1548 2689 et
1594 2644 1774 2689 suum
1823 2643 2135 2707 apparere.

689 2708 916 2791 Capta:
954 2713 1019 2774 et
1055 2731 1244 2793 quum
1272 2712 1527 2795 petitur
1572 2732 1681 2795 per
1728 2713 2160 2777 ambaxatores
2204 2711 2479 2776 locorum
2527 2711 2821 2793 ipsorum,
2879 2707 3039 2790 quod
3087 2724 3199 2789 pro

476 2794 701 2861 damno
746 2800 811 2861 et
857 2799 1140 2875 rubariis,
1190 2819 1305 2881 que
1354 2800 1477 2863 sibi
1519 2799 1685 2865 facte
1730 2803 1878 2864 sunt
1921 2803 1984 2864 et
2028 2799 2255 2864 cotidie
2300 2798 2459 2863 fiunt
2504 2818 2614 2881 per
2639 2795 2919 2860 subditos
2964 2794 3207 2859 domini

476 2884 642 2967 regis
690 2886 753 2949 et
800 2886 930 2949 eius
972 2885 1303 2972 Hungaros
1351 2890 1415 2952 et
1461 2887 1691 2952 domini
1741 2887 1886 2952 bani
1933 2886 2171 2952 Stefani
2217 2888 2439 2964 Bosne,
2495 2884 2849 2951 scribantur
2909 2882 3203 2964 predictis

480 2971 744 3035 dominis
786 2973 1016 3044 littere,
1059 2974 1219 3037 bano
1266 2973 1525 3039 Nicolao
1576 2975 1898 3041 Sclavenie
1962 2978 2025 3040 et
2086 2976 2244 3039 bano
2292 2975 2529 3039 Bosne:
2597 2972 2768 3036 vadit
2812 2988 2990 3054 parS,
3041 2968 3204 3052 quod

486 3058 640 3141 ipsis
686 3059 951 3124 dominis
1002 3061 1310 3125 scribatur
1357 3061 1419 3126 in
1471 3061 1690 3140 forma,
1737 3083 1854 3146 que
1897 3064 2016 3128 erit
2057 3063 2434 3127 neccessaria
2479 3080 2587 3144 pro
2629 3060 2784 3124 bono
2831 3076 3062 3122 eorum.

697 3145 934 3229 Capta:
985 3150 1263 3230 preterea
1310 3168 1451 3213 cum
1518 3168 1722 3214 comes
1784 3149 2051 3216 Sibenici
2119 3150 2434 3233 scripserit
2499 3150 2563 3214 et
2621 3146 2970 3229 expositum
3017 3143 3206 3208 fuerit

485 3232 692 3297 ducali
740 3234 1007 3300 dominio
1055 3254 1165 3318 per
1210 3237 1671 3302 ambaxatorem
1716 3239 1780 3302 et
1825 3238 2125 3302 sindicum
2173 3257 2372 3315 suum,
2408 3235 2718 3320 Angelum
2769 3232 3205 3298 canzellarium

487 3319 755 3386 Sibenici
798 3323 1138 3388 condidisse
1164 3325 1576 3388 instrumenta
1624 3324 1796 3403 falsa,
1846 3326 2010 3390 sicut
2054 3326 2114 3389 in
2162 3325 2280 3388 isto
2327 3323 2582 3389 consilio
2621 3322 2853 3385 lectum
2900 3319 3013 3396 est,
3064 3336 3206 3383 con-

485 3408 716 3486 sulunt,
766 3410 924 3492 quod
975 3411 1373 3476 consideratis
1421 3415 1686 3494 tempuS,
1736 3432 1856 3495 quo
1906 3414 2041 3494 ipsa
2103 3413 2518 3476 instrumenta
2577 3411 2740 3474 facta
2801 3406 3081 3484 fuerunt,
3141 3406 3205 3504 et

482 3513 687 3574 causa,
737 3516 852 3579 que
901 3500 1105 3582 coegit
1148 3498 1460 3582 Angelum
1507 3499 1906 3577 antedictum,
1954 3500 2346 3581 inspicientes
2408 3500 2649 3564 litteras
2711 3496 2905 3579 ipsius
2951 3491 3201 3575 Angeh,

484 3585 549 3648 et
595 3584 1073 3666 confessionem,
1123 3604 1308 3669 quam
1374 3587 1587 3651 statim
1655 3587 1837 3664 fecit,
1885 3589 1948 3652 et
2007 3588 2498 3665 excusationem,
2547 3603 2662 3668 que
2718 3581 2876 3645 infra
2922 3581 3200 3655 videtur3

482 3671 763 3737 videntes
811 3674 1078 3755 insuper,
1128 3673 1290 3756 quod
1334 3674 1702 3739 fidelitatem
1752 3694 2045 3758 magnam
2078 3676 2295 3739 habuit
2339 3693 2486 3758 erga
2518 3674 2798 3738 nostrum
2830 3667 3198 3767 dominium,

481 3760 644 3824 sicut
689 3760 1018 3825 manifeste
1065 3762 1474 3844 cognoscitur,
1523 3764 1588 3826 et
1632 3762 2017 3846 legalitatem
2069 3764 2133 3826 et
2180 3763 2404 3827 bonum
2439 3759 2896 3845 portamentum
2948 3774 3101 3834 elus,
3126 3754 3204 3819 de

481 3865 600 3930 quo
649 3850 941 3924 rectores,
989 3848 1094 3931 qui
1141 3848 1387 3913 fuerunt
1433 3868 1542 3930 per
1576 3851 1876 3931 tempora,
1926 3850 2248 3932 perbibent
2279 3848 2709 3913 testimonium
2742 3845 2897 3909 satis
2943 3843 3203 3920 clarum,

480 3935 791 3999 scribatur
837 3936 1049 4000 comiti
1096 3939 1161 4000 et
1206 3937 1520 4000 communi
1570 3936 1862 4015 Sibenici,
1907 3937 2069 4019 quod
2122 3955 2332 4001 omnes
2379 3953 2703 4020 processus
2750 3933 2947 3996 factos
2995 3933 3209 3996 contra

483 4024 684 4103 ipsum
733 4022 1045 4106 Angelum
1084 4025 1398 4088 occasione
1446 4024 1717 4106 ipsorum
1768 4025 2289 4088 intrumentorum
2336 4044 2409 4088 ex
2455 4025 2586 4088 toto
2657 4021 2921 4085 debeant
2967 4018 3206 4084 cancel-

478 4109 615 4187 lari,
665 4114 728 4175 et
772 4110 932 4193 quod
985 4110 1186 4192 ipsum
1221 4111 1531 4193 Angelum
1573 4130 1645 4175 ea
1692 4111 1765 4175 de
1814 4131 2001 4176 causa
2047 4112 2111 4175 in
2158 4112 2359 4193 aliquo
2401 4112 2670 4193 amplius
2715 4108 2792 4173 de
2839 4108 3040 4171 cetero
3086 4123 3207 4170 non

486 4197 836 4262 molestent.
885 4197 970 4262 Et
1015 4216 1152 4262 cum
1201 4200 1335 4281 ipsa
1385 4200 1795 4263 instrumenta
1843 4200 2130 4264 dicantur
2175 4218 2309 4263 esse
2356 4200 2417 4263 in
2466 4198 2749 4262 manibus
2797 4194 3042 4260 comitis
3096 4213 3207 4258 no-

482 4284 597 4347 stri
643 4284 853 4360 Jadre,
903 4285 1208 4349 scribatur
1255 4288 1318 4350 et
1362 4288 1686 4351 mandetur
1734 4287 1953 4364 eidem,
2002 4287 2161 4370 quod
2227 4288 2361 4369 ipsa
2424 4285 2842 4350 instrumenta
2886 4282 3204 4347 destruere

481 4371 726 4448 debeat,
775 4371 996 4449 delere,
1048 4374 1113 4437 et
1158 4374 1509 4451 anichilare,
1560 4376 1622 4438 et
1668 4394 1858 4438 unum
1908 4374 2073 4438 aliud
2118 4375 2598 4438 instrumentum
2645 4371 2839 4436 simili
2886 4369 3066 4435 modo
3099 4388 3208 4452 per

483 4458 683 4539 ipsum
727 4457 1039 4540 Angelum
1085 4460 1427 4525 faciendum
1476 4480 1661 4542 super
1706 4480 2031 4526 commune
2078 4459 2347 4525 Sibenici
2403 4460 2563 4525 sicut
2608 4460 2738 4542 ipse
2785 4457 3066 4541 Angelus
3113 4457 3208 4521 fa-

484 4546 672 4622 tetur,
723 4546 969 4609 studeat
1014 4546 1238 4611 habere
1283 4547 1461 4624 illud,
1524 4550 1587 4612 et
1633 4548 1838 4613 deleat
1884 4552 1948 4613 et
1994 4548 2324 4624 anichilet,
2385 4551 2455 4612 ut
2522 4551 2618 4611 est
2660 4547 2918 4611 dictum.
2987 4545 3070 4610 Et
3114 4545 3204 4609 sic

483 4632 789 4698 scribatur
834 4632 1022 4696 etiam
1071 4634 1302 4714 comiti,
1349 4635 1601 4700 consilio
1648 4637 1713 4700 et
1756 4637 2069 4701 communi
2118 4635 2407 4702 Sibenici.
2454 4636 2548 4700 De
2588 4636 2763 4717 parte
2810 4633 2917 4712 89,
2966 4633 3039 4697 de
3086 4649 3206 4696 non

482 4721 543 4799 3,
583 4736 705 4784 non
751 4718 971 4783 sinceri
1020 4720 1120 4784 13.
1907 4779 1911 4780 γ

568 4810 750 4872 Micca·
799 4808 1000 4869 XXV.
1039 4812 1143 4882 16,
1186 4829 1230 4870 u
1274 4812 1612 4873 mletadkom
1657 4813 1889 4872 arkivu.
