3620 5282
476 396 610 464 220

479 573 633 640 civis
680 572 888 637 noster
936 573 1002 636 et
1041 572 1403 637 carissimus
1475 575 1715 637 amicus
1784 572 1981 635 nostri
2050 570 2306 636 dominii
2376 590 2482 652 per
2548 589 2726 635 suam
2782 571 3202 635 ambaxiatam

475 659 690 742 exponi
737 659 974 736 fecerit,
1047 660 1205 742 quod
1276 662 1554 723 contrate
1605 678 1714 723 sue
1758 658 1848 723 ita
1910 657 2136 722 cotidie
2203 657 2638 740 opprimuntur
2683 660 2748 722 et
2790 658 3203 722 molestantur

479 765 513 810 a
559 746 845 822 Turchis,
895 746 1053 828 quod
1107 748 1225 810 nisi
1277 747 1661 824 provideatur
1706 746 1781 808 de
1831 746 2118 810 remediis
2165 747 2548 828 opportuniS,
2612 746 2839 827 ponent
2883 745 3199 809 contratas

478 852 619 897 suas
667 832 729 896 in
780 833 1111 898 maximam
1159 835 1581 898 confusionem
1632 837 1693 896 et
1739 833 2219 897 destructionem
2283 851 2422 897 cum
2473 834 2735 897 maximo
2783 833 3006 896 damno
3053 832 3204 896 sub-

481 922 754 984 ditorum
813 938 1064 984 suorum
1113 923 1178 984 et
1240 923 1427 984 etiam
1495 922 1909 985 mercatorum
1975 922 2323 984 nostrorum
2352 921 2843 984 conversantium
2893 919 2957 984 in
3005 919 3203 1002 parti-

479 1008 593 1071 bus
638 1010 698 1070 et
752 1007 932 1070 terris
979 1008 1128 1082 suiS,
1178 1011 1244 1072 et
1296 1008 1356 1071 in
1409 1008 1740 1072 notabilem
1814 1007 2220 1090 ignominiam
2291 1008 2486 1071 totins
2554 1005 3053 1088 christianitatis,
3116 1005 3197 1068 ad

480 1113 738 1176 quorum
789 1095 1162 1159 Turchorum
1211 1094 1527 1177 perfidiam
1580 1097 2031 1176 reprimendam
2081 1113 2330 1159 necesse
2374 1100 2556 1171 esset,
2592 1096 2665 1158 ut
2702 1095 2957 1158 haberet
2985 1094 3202 1175 galeas

477 1182 773 1257 armatae,
821 1200 974 1263 quas
1021 1200 1057 1244 a
1103 1201 1168 1245 se
1220 1184 1473 1246 minime
1536 1182 1763 1246 habere
1827 1183 2050 1263 posset,
2112 1185 2175 1245 et
2234 1183 2556 1264 propterea
2618 1183 2897 1246 recurrat
2965 1179 3044 1244 ad
3090 1181 3201 1244 do·

478 1268 885 1331 minationem
935 1271 1228 1344 nostram,
1275 1270 1588 1350 requirens
1636 1289 1778 1333 cum
1820 1271 2086 1333 maxima
2131 1270 2426 1342 instantia
2472 1289 2580 1351 per
2626 1268 2824 1332 dictos
2876 1285 3020 1331 suos
3067 1285 3203 1332 am-

484 1356 826 1432 baxatoreS,
878 1357 947 1419 ut
993 1355 1318 1420 concedere
1365 1356 1695 1420 debeamus
1743 1355 1862 1419 sibi
1909 1360 2173 1439 quatuor
2219 1356 2447 1439 galeas,
2484 1374 2638 1439 quas
2671 1355 2938 1420 intendit
2967 1355 3194 1419 armari

482 1441 681 1506 facere
729 1443 788 1504 in
834 1442 1117 1507 Venetiis
1160 1462 1266 1525 per
1318 1448 1581 1526 quatuor
1627 1462 1892 1522 menseS,
1940 1446 2170 1506 etcum
2208 1443 2360 1525 ipsis
2409 1444 2694 1507 resistere
2726 1443 3039 1525 iniquitati
3074 1441 3201 1505 dic-

483 1533 685 1593 torum
757 1529 1174 1604 Turchorum;
1248 1532 1418 1594 vadit
1484 1550 1626 1612 pars
1694 1549 1803 1612 pro
1870 1530 2256 1611 expeditione
2323 1530 2632 1595 dictorum
2698 1530 3191 1606 ambaxatorum,

487 1616 649 1698 qnod
696 1617 1135 1698 respondeatur
1182 1617 1289 1694 eis,
1340 1620 1494 1699 quod
1546 1619 2105 1700 quocienscumque
2154 1616 2517 1700 magnificus
2571 1617 2854 1687 dominus
2899 1635 3048 1681 suus
3093 1614 3204 1679 de-

490 1703 756 1767 clarabit
802 1703 979 1768 nobis
1024 1705 1250 1780 locum,
1303 1706 1363 1768 in
1403 1723 1521 1786 quo
1567 1704 1703 1769 vult
1747 1708 1957 1767 tenere
2003 1707 2069 1770 et
2112 1706 2348 1787 operari
2411 1702 2611 1770 dictas
2665 1704 2899 1787 galeas,
2964 1707 3026 1766 et
3066 1702 3200 1766 dici

485 1789 670 1853 faciet
718 1790 912 1868 nobiS,
976 1793 1217 1873 quando
1277 1794 1460 1855 erunt
1504 1794 1596 1855 eis
1638 1793 1998 1868 necessarie,
2026 1811 2137 1857 nos
2183 1793 2466 1857 dabimus
2506 1793 2562 1857 ei
2612 1791 2799 1856 talem
2846 1790 3198 1874 responsio-

483 1896 644 1950 nem,
692 1878 852 1958 quod
899 1878 1263 1959 magnitudo
1309 1898 1417 1942 sua
1465 1879 1718 1943 habebit
1765 1880 1986 1944 merito
2039 1880 2406 1945 contentari.

558 1984 738 2042 Misti
787 1984 1102 2046 XXXIX.
1152 1986 1297 2058 123,
1342 2004 1385 2046 u
1429 1986 1582 2046 mlet.
1626 1986 1862 2048 a'rkivu.

756 2207 1182 2291 oooxm
1236 2209 1442 2292 eoa.
1498 2209 1718 2293 1385.
1773 2147 1867 2292 12
1916 2210 2363 2309 kolovoza
2416 2231 2477 2291 u
2527 2209 2924 2291 materh.

478 2353 675 2411 Jakov
725 2352 976 2427 Quirino
1017 2352 1240 2426 puscen
1288 2371 1370 2412 na
1406 2354 1670 2415 slobodu.
1713 2355 2027 2502 ὰΜῑειίαηί
2070 2355 2235 2429 §aliu
2278 2355 2607 2429 aqam-hm.
2653 2353 2894 2426 kraljici
2931 2353 3199 2428 yodis‘m'i

1755 2460 1879 2502 ana
1922 2489 1934 2502 .

688 2557 800 2622 Ser
849 2559 1210 2624 Desiderato
1250 2562 1449 2626 Luceo
1510 2564 1751 2628 notario
1813 2565 2046 2627 nostro.
2105 2561 2483 2625 Desiderate.
2530 2560 2902 2644 Recepimus
2951 2561 3080 2624 heri
3130 2560 3190 2623 X

478 2647 733 2730 augusti
782 2647 995 2711 literas
1067 2650 1204 2712 tuas
1274 2650 1450 2715 datas
1513 2652 1809 2734 Zagrabie
1872 2651 2137 2716 secundo
2204 2651 2480 2732 preteriti
2527 2650 2761 2713 mensis
2802 2650 3050 2731 augusti
3096 2667 3189 2723 ea,

479 2753 596 2817 que
646 2733 880 2798 feceras
913 2754 1055 2798 cum
1104 2737 1431 2817 magnifico
1500 2740 1748 2804 domino
1817 2739 2089 2821 voyvoda
2134 2740 2198 2801 et
2243 2738 2503 2801 liberam
2572 2736 3014 2801 relaxationem
3069 2735 3188 2800 viri

471 2821 701 2885 nobilis
747 2821 1053 2886 Jacobelli
1101 2820 1359 2902 Quirino
1404 2826 1697 2890 seriosius
1735 2826 2137 2901 continentes,
2185 2843 2294 2906 pro
2326 2825 2549 2906 quibus
2594 2826 2768 2887 tuam
2796 2822 3188 2906 diligentiam

475 2911 539 2970 et
587 2908 1043 2973 solicitudinem
1084 2911 1303 2974 merito
1328 2915 1852 2978 commendamus.
1903 2912 1999 2975 Ad
2047 2913 2280 2977 factum
2325 2917 2529 2976 autem
2580 2912 2759 2975 eundi
2806 2911 2881 2975 ad
2929 2910 3194 2974 serenis-

474 2995 698 3058 simam
765 2997 1073 3060 dominam
1140 2999 1419 3081 reginam
1478 3001 1801 3082 Hungarie
1866 3000 2283 3074 rescribimuS,
2333 2999 2493 3080 quod
2539 2997 2592 3062 si
2641 2999 2871 3080 absque
2917 2997 3191 3079 periculo

474 3084 563 3145 ire
614 3085 806 3162 poteS,
865 3084 1051 3147 vadas
1095 3086 1154 3148 in
1204 3086 1449 3149 nomine
1509 3088 1776 3161 domini;
1826 3088 1879 3151 si
1922 3104 2060 3150 vero
2107 3088 2195 3150 ire
2242 3104 2358 3149 uon
2407 3085 2654 3168 poteria,
2705 3085 3002 3149 Venecias
3049 3102 3191 3148 cum

474 3171 689 3233 nostra
753 3171 963 3251 gracia
1026 3173 1371 3248 revertaris,
1421 3172 1525 3237 sed
1590 3177 1732 3239 ante
1792 3177 1967 3239 tuum
2018 3191 2332 3238 recessum
2378 3174 2647 3238 scribere
2694 3174 2916 3238 debeas
2952 3170 3190 3254 prefate

477 3258 724 3320 domine
773 3258 1002 3340 regine,
1054 3259 1469 3340 qualiteriam
1511 3262 1732 3325 multis
1775 3262 1988 3326 diebus
2013 3260 2370 3343 applicuisti
2413 3261 2824 3342 Ysagrabiam
2850 3277 2961 3341 pro
2995 3259 3190 3322 eundo

476 3345 550 3406 de
599 3347 810 3407 nostro
858 3346 1146 3409 mandato
1194 3348 1270 3410 ad
1318 3349 1689 3427 presentiam
1740 3368 1849 3413 sue
1896 3348 2246 3412 maiestatis
2290 3366 2400 3430 pro
2440 3348 2596 3412 bona
2642 3365 2843 3423 causa,
2887 3349 2950 3410 et
2993 3347 3186 3410 etiam

471 3447 580 3511 pro
630 3430 995 3495 notificando
1044 3434 1302 3515 reginali
1351 3437 1687 3514 serenitati,
1728 3436 1993 3518 qualiter
2036 3435 2325 3517 providus
2376 3437 2470 3500 vir
2514 3435 2826 3501 Johannes
2873 3432 3189 3498 Plumatio

471 3517 744 3582 notarius
794 3519 858 3580 et
902 3520 1157 3584 nuntius
1219 3525 1428 3585 noster
1489 3523 1612 3586 iam
1665 3523 1947 3604 pluribus
1992 3523 2207 3587 diebus
2251 3522 2372 3588 fuit
2420 3526 2483 3587 et
2523 3529 2618 3586 est
2661 3521 2852 3588 Jadre
2894 3540 3037 3585 cnm
3081 3539 3188 3601 pe-

471 3604 656 3667 cunia
703 3622 860 3687 page
908 3608 1209 3687 presentis
1274 3612 1440 3684 anni,
1504 3614 1758 3691 paratus
1805 3612 1882 3674 ad
1929 3610 2303 3691 presentiam
2351 3630 2461 3674 sue
2507 3610 2857 3674 maiestatis
2900 3610 3187 3673 accedere

468 3693 531 3754 et
580 3692 813 3756 dictam
856 3694 1180 3774 pecuniam
1229 3698 1563 3778 assignare,
1593 3695 1931 3761 dummodo
1978 3698 2236 3761 haberet
2280 3714 2561 3763 securum
2596 3698 2966 3761 conductum
3013 3714 3049 3759 a
3078 3694 3186 3760 Ja-

465 3778 573 3843 dra
596 3798 786 3861 usque
810 3781 888 3842 ad
912 3782 1288 3861 presentiam
1313 3802 1420 3847 sue
1445 3784 1807 3850 maiestatis.
1837 3785 1905 3848 In
1933 3784 2100 3848 omni
2120 3789 2330 3849 autem
2358 3805 2501 3850 casu
2522 3787 2716 3850 eundo
2733 3786 2797 3848 et
2822 3802 2940 3848 non
2967 3782 3185 3856 eundo,

466 3865 747 3948 significa
794 3866 957 3931 dicto
994 3866 1279 3945 Johanni,
1308 3870 1410 3952 qui
1435 3876 1530 3935 est
1553 3870 1762 3950 Jadre,
1805 3871 2096 3955 quicquid
2137 3873 2357 3956 egeris.
2390 3873 2703 3937 Mittimus
2744 3871 2990 3936 litteras
3034 3870 3188 3932 duas

468 3954 795 4036 magnifico
843 3955 1085 4019 domino
1134 3959 1417 4040 voyvode,
1467 3977 1727 4041 quarum
1774 3961 2016 4042 copiam
2062 3961 2176 4024 tibi
2226 3960 2539 4024 mittimus
2574 3959 2961 4042 presentibus
2995 3958 3186 4022 inter-

467 4040 710 4105 clusam
764 4057 869 4122 pro
916 4043 1024 4105 tua
1067 4041 1519 4110 informatione.
1568 4047 1734 4111 Data
1784 4048 1865 4111 12
1911 4048 2180 4129 augusti,
2224 4053 2263 4109 8
2311 4047 2661 4112 indictione.

644 4146 944 4217 ‚Johanni
995 4148 1312 4213 Plumatio
1360 4152 1596 4215 notario
1644 4152 1853 4216 nostro
1898 4153 2059 4234 apud
2101 4152 2383 4218 Jadram.
2432 4151 2728 4232 Quamvis
2774 4171 2894 4217 non
2939 4149 3186 4215 dubite-

466 4252 626 4310 mus,
674 4234 832 4315 quod
883 4235 1117 4312 statim,
1175 4255 1317 4300 cum
1364 4239 1676 4320 aplicuisti
1746 4239 2029 4317 Jadram,
2078 4239 2448 4323 significasti
2495 4240 2889 4304 serenissime
2934 4239 3184 4303 domine

471 4321 680 4399 regine
719 4321 1034 4403 Hungarie
1099 4326 1431 4389 adventum
1495 4327 1670 4391 tuum
1743 4344 1883 4391 cum
1956 4328 2231 4407 pecunia,
2274 4330 2347 4392 ut
2394 4326 2687 4391 maiestas
2734 4344 2844 4390 sua
2890 4325 3183 4409 dignetur

468 4406 787 4484 providere
834 4409 906 4472 de
970 4409 1274 4474 mittendo
1328 4430 1436 4492 pro
1485 4414 1547 4476 te
1593 4413 1837 4477 salvum
1900 4414 2293 4490 conductum,
2357 4421 2564 4480 tamen
2609 4414 2995 4479 notificamus
3041 4412 3179 4491 tibi,

465 4495 623 4571 quod
672 4494 962 4572 providus
1011 4498 1100 4560 vir
1133 4498 1528 4563 Desideratus
1575 4501 1812 4564 Luceus
1867 4501 2143 4565 notarius
2189 4504 2396 4566 noster
2442 4521 2549 4584 per
2593 4500 2836 4565 litteras
2885 4518 3026 4564 suas
3072 4501 3180 4564 da-

466 4579 564 4638 tas
615 4576 916 4660 Zagrabie
963 4583 1227 4648 secundo
1272 4587 1574 4667 presentis
1610 4588 1840 4652 mensis
1873 4587 2119 4671 augusti
2151 4588 2494 4654 notificavit
2526 4589 2721 4666 nobie,
2765 4589 2923 4671 quod
2959 4586 3181 4650 itinera

465 4661 624 4760 adu-c
670 4667 1014 4744 periculosa
1071 4674 1424 4748 noscuntur,
1477 4674 1635 4755 quod
1682 4692 1798 4738 non
1835 4675 2029 4739 credit
2059 4693 2237 4757 posse
2268 4674 2356 4738 ire
2399 4676 2473 4740 ad
2521 4676 2820 4757 prefatam
2866 4675 3180 4738 dominam

465 4766 744 4839 reginam
791 4753 868 4815 ad
933 4757 1369 4827 notificandum
1411 4761 1530 4824 sibi
1577 4762 1753 4829 tuum
1822 4763 2156 4827 adventum
2197 4761 2457 4828 Jadram
2504 4781 2642 4828 cum
2690 4762 2970 4850 pecunia,
3019 4760 3180 4827 unde

2565 4926 2588 4953 X
