3620 5282
448 344 578 411 468

669 517 1215 604 DCXXVIH.
1270 517 1476 601 God.
1528 517 1759 601 1402.
1813 518 1864 601 3
1916 517 2362 617 kolovoza‚
2415 539 2476 599 ιι
2541 514 2932 601 Mletcih.

448 649 763 724 Odyovara
805 664 867 707 se
902 646 1280 720 poslanikom
1324 644 1722 720 napuzjskoqa
1779 626 1982 719 kffialja
2039 634 2398 719 deislava‚
2447 645 2530 704 da
2571 645 2633 705 όε
2673 647 2918 720 njeyovc
2960 643 3172 720 yalije‚

446 737 826 812 odpravh'ene
863 752 906 793 u
951 734 1318 806 Dalmaciju,
1370 728 1481 792 biti
1524 734 1600 792 od
1643 733 1924 793 mletacke
1967 737 2173 792 strane
2214 733 2587 807 priq‘atch'ski
2623 733 2896 807 vidjm5
2958 732 3043 792 da
3103 748 3174 791 se

446 843 531 886 na
565 824 901 900 ponudjcm‘
940 839 1114 883 savez
1147 821 1404 895 pristati
1445 821 1706 892 neumis,-
1763 840 1806 880 a
1861 822 2026 898 ylcdc
2070 821 2234 893 Krfa
2292 822 2599 897 odredjm'e
2660 838 2742 898 se,
2788 822 2872 881 da
2914 838 2976 881 se
3020 822 3168 895 cuju

1374 910 1648 984 predlozi
1689 911 1835 969 istih
1871 911 2214 984 poslanikd.

662 1014 849 1080 1402.
897 1013 1232 1079 indictione
1278 1012 1536 1091 decima,
1606 1012 1706 1078 die
1777 1013 1970 1078 tercio
2035 1015 2265 1078 mensis
2334 1013 2606 1095 augusti.
2655 1011 2769 1078 Ser
2812 1010 3161 1077 Ludovicus

451 1103 829 1183 Lauredano‚
879 1121 977 1167 ser
1023 1101 1373 1166 Ludovicus
1418 1100 1813 1178 Mauroceno,
1874 1120 1974 1166 ser
2049 1100 2366 1167 Johannes
2413 1102 2760 1184 Mecenigc),
2807 1119 2909 1164 ser
2964 1099 3161 1162 Ram-

454 1195 665 1260 bertus
737 1191 930 1272 Geno,
979 1208 1078 1255 ser
1123 1189 1447 1255 Zacharias
1493 1188 1819 1254 Trivisano
1861 1190 2063 1265 mileS,
2141 1190 2449 1272 sapientes
2514 1190 2794 1265 consilii;
2858 1206 2957 1252 ser
3001 1187 3160 1251 Leo-

448 1282 676 1347 nardus
723 1279 986 1357 Victuri,
1036 1297 1134 1343 ser
1198 1278 1672 1342 Bartholomeus
1743 1277 2100 1358 Contaren0,
2170 1280 2481 1379 sapientes
2544 1279 2848 1343 ordinum.
2917 1274 3154 1357 Capta:

449 1370 610 1454 quod
656 1367 1097 1451 respondeatur
1142 1364 1488 1431 oratoribus
1537 1366 1918 1431 serenissimi
1964 1367 2198 1431 domini
2248 1368 2413 1451 regis
2458 1366 2730 1432 Ladislai
2797 1363 2875 1429 ad
2939 1362 3153 1427 amba-

452 1462 677 1524 siatam
720 1456 898 1521 nobis
944 1455 1279 1537 expositam
1327 1455 1501 1537 parte
1549 1472 1699 1529 sua,
1748 1457 1812 1519 et
1855 1455 2055 1536 primo
2102 1455 2180 1519 ad
2227 1456 2496 1538 primam
2541 1458 2784 1555 partem
2825 1453 3170 1517 facientem·

453 1547 834 1611 mentionem
879 1545 955 1609 de
1003 1544 1291 1607 mandato
1342 1561 1449 1625 per
1494 1541 1696 1625 ipsum
1745 1542 2065 1608 dominum
2113 1562 2321 1626 regem
2385 1543 2552 1608 facto
2618 1542 2939 1627 capitaneo
2984 1539 3152 1623 gale-

453 1653 632 1700 arum
700 1650 948 1698 suarum
1016 1632 1346 1696 missarum
1423 1628 1499 1694 ad
1567 1631 1778 1733 partes
1848 1632 2178 1709 Dalmatie,
2248 1631 2409 1716 quod
2457 1633 2510 1697 si
2558 1632 2688 1714 ipse
2733 1630 2911 1715 galee
2955 1628 3154 1692 forent

454 1722 634 1789 nobis
680 1722 887 1804 aliqua
933 1738 1119 1785 causa
1162 1719 1523 1798 necessarie,
1571 1721 1701 1802 ipse
1748 1719 1970 1786 debeat
2015 1739 2176 1785 esse
2194 1720 2271 1784 ad
2316 1738 2563 1785 omnem
2610 1721 2886 1784 nostram
2945 1715 3154 1782 obedi-

459 1811 689 1877 entiam
739 1811 804 1875 et
848 1810 1133 1874 nostrum
1181 1808 1565 1883 mandatum,
1607 1824 1723 1871 non
1770 1807 2127 1888 dubitando,
2175 1810 2331 1891 quod
2390 1810 2521 1892 ipse
2587 1809 2763 1892 galee
2830 1809 2895 1871 et
2940 1806 3149 1888 gentes

451 1919 559 1966 sue
599 1899 663 1963 in
708 1898 827 1974 hie,
867 1914 983 1980 que
1028 1895 1411 1979 expedientia
1470 1895 1589 1960 sibi
1653 1894 1873 1973 forent,
1940 1897 2001 1960 in
2048 1897 2274 1961 nostris
2320 1897 2472 1963 locis
2518 1900 2581 1964 et
2624 1916 2662 1962 a
2714 1894 2946 1960 nostris
2991 1895 3150 1957 trac-

448 1990 732 2054 tarentur
775 1983 1234 2051 amicabililiter
1277 1985 1341 2049 et
1384 1981 1649 2048 fraterne
1695 1987 1813 2050 etc.
1862 1984 2035 2065 Quod
2077 1986 2493 2064 regraciamur
2541 1987 2694 2050 satis
2725 1983 2895 2067 regie
2925 1981 3151 2047 sereni-

451 2077 592 2154 tati,
637 2074 735 2140 cui
770 2072 1009 2158 placuit
1054 2070 1178 2138 tale
1224 2072 1589 2137 mandatum
1636 2070 1839 2138 facere
1884 2073 2201 2156 capitaneo
2249 2075 2315 2139 et
2362 2073 2557 2157 galeis
2601 2073 2753 2150 suis,
2814 2089 2954 2136 cum
2998 2068 3150 2133 illud

448 2184 486 2230 a
531 2165 768 2230 sincera
818 2160 1231 2227 benivolentia
1276 2165 1341 2226 et
1384 2177 1608 2237 amore,
1658 2179 1843 2243 quem
1910 2160 1987 2225 ad
2027 2178 2145 2244 nos
2195 2165 2259 2225 et
2321 2166 2533 2228 nostra
2584 2161 2767 2245 gerit,
2831 2157 3151 2242 procedere

450 2268 910 2337 cognoscamuS,
959 2266 1078 2313 non
1123 2248 1477 2314 dubitantes
1526 2249 1634 2314 sed
1678 2267 1718 2312 a
1762 2252 1932 2314 certo
1982 2251 2284 2327 tenenteS,
2355 2250 2519 2333 quod
2586 2250 2679 2314 ita
2746 2246 2979 2313 servari
3047 2263 3153 2328 per

451 2341 611 2407 illos
641 2338 985 2405 videbimus
1028 2355 1133 2419 per
1180 2336 1487 2414 effectum,
1534 2336 1679 2420 quia
1724 2337 1951 2402 similis
1999 2337 2320 2420 dispositio
2364 2339 2537 2422 viget
2581 2339 2644 2403 in
2691 2336 2902 2410 nobis;
2944 2334 3158 2414 dispo-

451 2429 560 2496 siti
604 2427 731 2492 leto
768 2427 978 2490 animo
1017 2425 1251 2491 dictum
1297 2427 1688 2508 capitaneum
1737 2427 1802 2490 et
1847 2426 2057 2509 galeas
2103 2443 2245 2490 suas
2287 2445 2360 2491 ac
2405 2428 2625 2511 gentes
2670 2444 2817 2490 suas
2849 2423 3055 2488 videre
3084 2423 3149 2485 et

447 2519 712 2583 tractare
754 2533 825 2579 ac
872 2512 1064 2579 videri
1109 2516 1174 2578 et
1218 2514 1476 2579 tractari
1541 2511 1743 2578 facere
1812 2517 1874 2578 in
1942 2513 2092 2578 locis
2162 2516 2390 2579 nostris
2459 2533 2530 2579 ac
2592 2533 2631 2579 a
2674 2512 2870 2597 galeis
2917 2510 3144 2576 nostris

453 2600 862 2676 amicabiliter
903 2605 966 2668 et
1011 2600 1300 2680 fraterne,
1348 2619 1420 2667 ac
1467 2600 1521 2666 si
1559 2601 1802 2704 proprie
1848 2603 2055 2668 nostre
2096 2599 2316 2669 forent.

661 2692 757 2756 Ad
806 2673 1140 2755 secundam
1185 2692 1424 2772 partem
1472 2691 1735 2769 unionis,
1784 2708 1966 2774 quam
2012 2691 2146 2773 ipse
2192 2693 2479 2758 dominus
2526 2710 2630 2757 rex
2675 2692 2829 2758 dicit
2873 2689 3034 2757 velle
3062 2687 3152 2753 fa-

448 2801 584 2848 cere
629 2781 949 2845 nobiscum
990 2777 1068 2843 ad
1114 2777 1528 2843 defensionem
1570 2782 1849 2843 statuum
1896 2782 1961 2843 et
2023 2778 2102 2841 ad
2159 2780 2558 2845 offensionem
2628 2795 3148 2865 quorumcumque

450 2872 662 2955 partes
706 2868 1048 2933 volentium
1101 2866 1451 2943 molestare,
1523 2868 1587 2931 et
1645 2869 1777 2931 tam
1845 2867 2445 2933 ultramontanorum
2514 2887 2701 2952 quam
2747 2869 3143 2933 citramonta-

452 2976 673 3024 norum
719 2957 837 3021 etc.
884 2955 1349 3038 respondeatur,
1397 2953 1578 3038 quod,
1627 2955 1793 3019 sicut
1833 2958 2135 3020 serenitas
2177 2958 2351 3041 regia
2395 2960 2663 3022 sensisse
2689 2957 2912 3040 potuit,
2960 2952 3151 3020 domi-

448 3047 615 3112 natio
662 3046 872 3110 nostra
915 3061 1023 3125 per
1067 3043 1278 3125 elapsa
1321 3047 1617 3125 tempora,
1666 3046 1730 3106 et
1777 3046 1905 3107 tam
1952 3043 2197 3109 vivente
2244 3045 2641 3111 serenissimo
2688 3045 2970 3128 genitore
3043 3059 3151 3106 suo

455 3152 639 3218 quam
715 3135 888 3216 post,
967 3149 1086 3196 non
1169 3130 1362 3197 semel
1449 3130 1555 3196 sed
1638 3131 1870 3211 pluries
1955 3131 2072 3196 fuit
2164 3132 2467 3216 requisita
2560 3154 2602 3200 a
2691 3132 3007 3215 regalibus
3088 3133 3151 3193 et

449 3221 832 3306 principibus
878 3219 1137 3285 Francie
1181 3221 1247 3284 et
1291 3217 1611 3302 Hungarie
1679 3220 1751 3283 de
1822 3220 2082 3284 volendo
2150 3221 2447 3305 colligare
2517 3241 2584 3286 se
2653 3221 2995 3296 nobiscum,
3043 3235 3146 3283 seu

451 3311 613 3393 quod
655 3308 1081 3392 colligaremus
1128 3326 1268 3371 cum
1315 3306 1424 3385 eis,
1473 3305 1730 3372 volendo
1777 3309 1944 3372 certe
2015 3309 2192 3373 nobis
2259 3309 2459 3374 facere
2529 3328 2756 3393 magna
2816 3307 3146 3388 avantagia

456 3401 521 3463 et
563 3398 743 3480 larga
786 3396 1034 3478 partita,
1083 3395 1304 3496 quibus
1351 3414 1663 3478 nunquam
1709 3395 1857 3460 dare
1888 3397 2266 3461 audientiam
2299 3398 2608 3464 voluimus
2640 3400 2887 3482 propter
2915 3398 3152 3460 invete-

456 3488 659 3551 ratum
707 3503 1001 3561 amorem,
1049 3484 1155 3566 qui
1200 3503 1442 3565 semper
1487 3483 1690 3566 viguit
1732 3486 1796 3546 et
1841 3485 2079 3567 vigebit
2122 3486 2285 3550 inter
2331 3505 2477 3551 suos
2527 3487 2963 3571 progenitores,
3013 3501 3154 3548 eum

458 3577 523 3639 et
565 3592 696 3639 nos.
741 3572 885 3637 Nun
931 3574 1139 3636 autem
1186 3577 1435 3655 propter
1480 3572 1692 3655 plures
1736 3572 2144 3637 rationabiles
2190 3576 2254 3638 et
2300 3575 2587 3640 honestas
2634 3593 2855 3639 causas
2904 3590 3022 3637 non
3052 3572 3145 3634 vi-

458 3663 642 3727 detur
668 3661 842 3727 nobis
876 3662 950 3725 de
981 3658 1352 3724 attendendo
1379 3657 1457 3723 ad
1492 3660 1690 3742 ligam
1722 3661 2077 3740 predictam.

670 3749 772 3814 Ad
836 3748 1091 3812 terciam
1147 3749 1219 3812 de
1280 3747 1464 3812 factis
1498 3744 1796 3831 Corphoy,
1869 3767 2052 3830 super
2096 3750 2319 3831 quibus
2366 3751 2582 3816 dicunt
2628 3749 2856 3817 habere
2904 3750 3152 3832 plenum

459 3839 821 3903 mandatum
890 3835 970 3900 ab
1023 3837 1157 3919 ipso
1220 3836 1465 3901 domino
1534 3855 1679 3920 rege
1747 3837 1824 3900 de
1893 3839 2187 3918 possendo
2263 3838 2466 3903 venire
2514 3840 2589 3904 ad
2651 3838 3152 3921 compositionem

460 3928 802 4003 nobiscum,
863 3923 1323 4007 respondeatur,
1390 3924 1553 4007 quod
1615 3924 1775 3988 sicut
1841 3944 2029 4006 supra
2087 3926 2350 3991 diximus
2409 3928 2674 3993 intentio
2717 3932 2781 3992 et
2836 3924 3151 4010 dispositio

462 4013 661 4080 nostri
708 4012 963 4077 dominii
1012 4018 1106 4077 est
1147 4012 1305 4076 velle
1352 4015 1557 4076 vivere
1613 4012 1677 4075 in
1741 4013 1898 4077 bono
1928 4031 2132 4077 amore
2181 4019 2245 4079 et
2288 4014 2446 4079 bona
2516 4016 2950 4092 benivolentia,
3016 4031 3150 4077 cum

459 4104 593 4186 ipso
669 4101 915 4166 domino
992 4118 1101 4164 suo
1177 4100 1421 4165 domiuo
1500 4118 1663 4183 rege,
1733 4102 1796 4163 et
1871 4103 2194 4183 propterea
2263 4103 2509 4168 omissis
2588 4103 2821 4180 multia,
2870 4121 2988 4185 que
3035 4100 3154 4166 dici

459 4190 711 4274 possent
740 4207 923 4271 super
955 4188 1080 4252 ista
1112 4188 1390 4266 materia,
1424 4206 1638 4253 sumus
1664 4188 1954 4267 contenti,
1976 4190 2037 4252 iu
2063 4207 2208 4255 casu
2232 4211 2352 4274 quo
2384 4192 2748 4256 mandatum
2774 4209 2974 4272 suum,
3001 4189 3162 4274 quod

458 4279 686 4344 habere
730 4276 946 4341 dicunt
986 4295 1171 4358 super
1212 4276 1397 4341 dictis
1456 4274 1656 4354 factis,
1721 4278 1805 4339 sit
1866 4277 1926 4341 iu
1972 4276 2153 4360 plena
2194 4281 2259 4342 et
2302 4280 2646 4363 expedienti
2691 4278 2906 4356 forma,
2940 4279 3153 4342 audire

461 4367 591 4443 illa,
640 4385 756 4449 que
803 4364 1006 4428 dicere
1052 4364 1361 4428 voluerint
1406 4363 1481 4428 de
1527 4364 1867 4429 intentione
1911 4365 2060 4429 dicti
2107 4365 2335 4432 domini
2386 4370 2550 4451 regis
2598 4386 2782 4450 super
2812 4367 2945 4449 ipso
2971 4365 3153 4439 facto,

460 4454 684 4538 quibus
732 4452 980 4531 auditis,
1030 4451 1137 4516 ιἰοε
1190 4452 1491 4517 faciemus
1539 4453 1627 4515 eis
1671 4451 1854 4517 illam
1900 4456 2375 4537 responsionem,
2412 4474 2596 4538 quam
2628 4454 3154 4520 considerabimus

458 4542 783 4606 honestam
827 4543 891 4605 et
937 4540 1390 4605 rationabilem.

671 4627 752 4689 Et
797 4645 869 4691 ex
916 4645 1078 4692 nunc
1121 4629 1205 4692 sit
1249 4630 1522 4710 captum,
1572 4626 1732 4711 quod
1769 4628 2099 4713 collegium
2162 4630 2420 4710 domini,
2490 4630 3003 4712 consiliariorum,
3049 4647 3153 4697 ca-

457 4712 658 4792 pitum
704 4716 767 4776 et
807 4716 1159 4795 sapientum
1207 4715 1448 4780 consilii
1495 4717 1559 4779 et
1603 4715 1888 4781 ordinum
1954 4719 2177 4783 habeat
2242 4718 2620 4800 libertatem,
2690 4724 2947 4786 exeunte
2986 4681 3158 4786 'dicto

457 4797 753 4869 mandato
803 4798 881 4862 ad
929 4801 1206 4883 plenum,
1254 4802 1591 4884 deputandi
1636 4805 1877 4886 aliquos
1915 4805 1990 4871 de
2033 4806 2199 4872 dicto
2239 4806 2520 4892 collegio,
2554 4807 2661 4891 qui
2705 4809 2834 4875 sint
2861 4828 3006 4876 cum
3028 4827 3165 4877 am-
