3620 5282
552 401 682 469 232

543 579 784 645 sturbia
847 579 912 644 et
961 599 1031 642 ex
1104 581 1503 645 conventione
1568 579 1737 662 pacis
1802 579 2055 661 prefatis
2120 577 2489 644 dominabus
2547 579 2779 662 reginis
2827 580 3063 645 solvere
3106 583 3295 644 tene-

543 667 778 733 bamini
846 667 1142 732 Mauritio
1193 668 1372 733 Pauli
1419 669 1493 731 de
1541 669 1860 732 Florentia
1911 668 2244 733 mercatori
2285 668 2576 744 Budensi,
2629 668 2730 750 qui
2781 686 2890 749 pro
2938 669 3092 751 ipsis
3141 689 3296 749 sep-

540 758 667 820 tem
731 754 907 819 mille
970 755 1211 819 florenis
1275 756 1508 820 eisdem
1576 755 1959 820 Dominabus
2033 756 2264 838 reginis
2315 756 2562 819 omnino
2609 755 2931 833 satisfecit,
3003 759 3116 820 aut
3162 757 3295 822 ibi-

544 845 683 908 dem
729 843 1144 909 commoranti
1192 845 1323 908 eius
1372 844 1621 907 nomine
1668 843 2019 925 recipienti,
2085 846 2273 925 prout
2327 843 2391 907 in
2442 844 2673 908 litteris
2744 844 3061 925 regalibus
3110 845 3294 908 vobis

546 931 756 996 extitit
822 931 1229 1010 declaratum,
1300 932 1538 997 solvere
1607 931 1936 996 deberetis.
2008 932 2089 995 Et
2150 931 2294 1014 quia
2357 931 2729 1008 audivimus,
2784 933 2946 1013 quod
2987 932 3087 995 hic
3135 939 3292 997 sunt

544 1018 754 1095 multi,
821 1021 924 1101 qui
972 1018 1233 1083 diversis
1280 1019 1478 1084 modis
1547 1020 1664 1084 sibi
1736 1020 1933 1083 dictos
1992 1023 2231 1100 septem
2293 1018 2467 1083 mille
2515 1019 2775 1083 florenos
2822 1037 2859 1083 a
2903 1018 3075 1083 vobis
3124 1020 3291 1084 solvi

546 1111 897 1190 procurant,
956 1106 1387 1172 excellentiam
1456 1110 1723 1172 vestram
1775 1111 1840 1170 et
1885 1107 2400 1171 communitatem
2464 1125 2787 1188 precamur
2832 1111 2898 1171 et
2938 1109 3288 1184 hortamur,

544 1198 616 1259 ut
656 1196 858 1260 dictos
903 1195 1163 1261 florenos
1221 1197 1452 1261 nemini
1518 1194 1868 1277 persolvere
1933 1195 2232 1272 debeatiS,
2299 1213 2616 1276 quousque
2663 1195 2971 1276 sepedicte
3036 1196 3290 1259 domine

539 1284 749 1366 regine
796 1283 1153 1360 liberentur,
1204 1303 1277 1348 ac
1301 1283 1583 1366 utrisque
1632 1286 1761 1347 tam
1789 1282 2182 1347 dominarum
2245 1283 2600 1365 reginarum
2651 1302 2838 1364 quam
2887 1283 3118 1347 nostris
3169 1284 3284 1347 lit-

546 1372 721 1443 teris,
764 1371 862 1436 cui
909 1371 1076 1454 ipsos
1122 1371 1384 1436 florenos
1435 1389 1661 1454 pagare
1709 1370 2070 1446 debueritiS,
2133 1370 2378 1434 fueritis
2434 1370 2708 1452 plenarie
2758 1370 3099 1448 informati,
3136 1391 3289 1453 gra·

546 1463 675 1523 tam
721 1460 894 1525 nobis
941 1459 1460 1542 complacentiam
1507 1459 1835 1523 ostensuri.
1874 1460 2104 1523 Datum
2161 1459 2223 1522 in
2257 1459 2622 1540 Vespremio
2656 1459 2962 1542 vigesima
3007 1461 3285 1524 secunda

544 1547 642 1612 die
689 1548 920 1612 mensis
991 1548 1339 1612 novembris
1384 1546 1727 1612 LXXXVI.

642 1655 1214 1716 Commemorialium
1272 1656 1449 1716 VIII
1491 1656 1636 1725 118,
1684 1672 1725 1714 u
1769 1656 1927 1716 mlet.
1976 1656 2209 1715 arkivu.

785 1843 1406 1927 CCCXXXIII.
1463 1843 1667 1926 Gon.
1729 1844 1946 1928 1387.
2001 1843 2101 1927 22
2154 1845 2494 1946 OZujka,
2550 1865 2606 1924 u
2660 1844 3056 1926 Mleteih.

596 1990 869 2064 Βίεέεπο,
912 1990 992 2048 da
1059 1989 1244 2064 yalije
1320 1989 1585 2062 prevedu
1632 2007 1672 2047 u
1719 1989 2035 2047 Hrvatsku
2086 1989 2414 2061 poslanika
2481 1989 2764 2062 srbskoya
2832 1990 3252 2062 iuyarskoya.

764 2107 949 2172 1387.
1000 2108 1098 2172 die
1148 2108 1233 2171 22
1290 2107 1522 2172 martii.
1577 2106 1823 2190 Capta:
1883 2108 2041 2190 quod
2113 2128 2272 2172 unus
2329 2108 2689 2172 ambaxator
2750 2108 3129 2171 serenissimi
3178 2108 3290 2172 do-

554 2197 710 2262 mini
758 2197 919 2279 regis
961 2195 1155 2260 Raxie
1224 2196 1422 2278 possit
1488 2196 1679 2260 levari
1749 2215 1932 2276 super
1999 2197 2198 2280 galeis
2272 2196 2434 2272 culfi,
2501 2199 2566 2259 et
2610 2196 2751 2259 duci
2798 2214 2872 2259 ac
2919 2196 3142 2277 deponi
3207 2195 3286 2258 ad

558 2286 844 2350 Braziam
893 2303 1032 2348 cum
1077 2284 1207 2347 eius
1256 2284 1504 2348 famulis
1552 2286 1615 2347 et
1661 2285 1919 2348 arnesiis
1966 2284 2224 2349 levibus.

763 2371 999 2454 Capta:
1048 2371 1210 2455 quod
1273 2372 1564 2437 similiter
1630 2372 1827 2453 possit
1890 2372 2083 2436 levari
2145 2375 2209 2437 et
2269 2371 2527 2436 conduci
2578 2373 2653 2434 ad
2703 2375 2911 2453 partes
2957 2370 3284 2435 Sclavenie

555 2480 655 2525 ser
699 2460 1017 2525 Johannes
1090 2461 1164 2524 de
1208 2458 1449 2536 Ymola,
1527 2461 1789 2524 nuncius
1861 2461 2398 2525 serenissimarum
2473 2461 2859 2524 dominarum
2932 2461 3284 2542 reginarum

544 2549 889 2630 Hungarie.

634 2659 816 2718 Misti
865 2657 1004 2717 XL.
1055 2659 1156 2727 64,
1197 2674 1239 2716 u
1279 2656 1433 2717 mlet.
1480 2659 1715 2720 arkivu.

796 2862 1400 2947 CCCXXXIV.
1456 2864 1665 2947 Gon.
1725 2864 1946 2947 1387.
2003 2866 2113 2949 30
2167 2866 2505 2967 oiujka.
2565 2888 2623 2946 u
2675 2865 3072 2947 Mleteih.

572 3009 1019 3082 Ustanovzjeno‚
1083 3008 1239 3066 nelca
1299 3026 1361 3067 se
1397 3010 1703 3081 pomorski
1758 3011 2182 3081 zapoviednici,
2245 3011 2500 3069 oblazeei
2560 3010 2957 3069 dalmatinske
3013 3011 3285 3085 yradoce,

1388 3096 1717 3170 nemiesaju
1762 3114 1804 3156 u
1843 3098 2148 3171 ondjesnje
2172 3099 2429 3171 poslove.

770 3214 960 3279 1387.
1011 3215 1111 3280 die
1158 3215 1505 3298 penultimo
1553 3216 1788 3281 marcii.
1839 3214 1954 3281 Ser
2005 3218 2229 3281 Petrus
2279 3218 2596 3283 Mocenico
2643 3221 3007 3300 procurator
3038 3216 3281 3300 sapiens

560 3304 841 3379 consilii3
892 3321 990 3366 ser
1035 3301 1258 3368 Petrus
1291 3302 1649 3383 CentarenO,
1684 3325 1783 3368 ser
1805 3306 2124 3371 Johannes
2157 3305 2555 3382 MaurocenO,
2608 3308 2922 3389 sapientes
2971 3305 3278 3371 ordinum.

764 3390 920 3455 Cum
967 3394 1220 3473 propter
1275 3409 1431 3457 nova
1492 3410 1609 3475 que
1656 3393 2027 3458 multimode
2097 3394 2466 3471 sentiuntur,
2517 3413 2633 3476 que
2683 3396 2967 3458 notanter
3014 3395 3285 3477 tangunt

551 3480 788 3543 statum
838 3479 1141 3557 nostrum,
1193 3479 1355 3544 sicut
1419 3483 1516 3545 est
1572 3480 1862 3545 omnibus
1927 3481 2357 3558 manifestum,
2410 3483 2474 3545 et
2520 3501 2628 3563 pro
2669 3481 3134 3549 conservatione
3183 3501 3286 3545 no·

548 3570 680 3630 stra
745 3565 935 3631 faciat
994 3565 1305 3649 sapienter
1372 3567 1434 3631 in
1497 3570 1770 3651 negociis
1820 3570 1959 3633 istis
2007 3570 2359 3652 procedere,
2403 3569 2762 3653 specialiter
2811 3571 2870 3633 in
2903 3570 3085 3634 factis
3134 3570 3284 3634 Dal-

550 3655 780 3731 matie;
827 3652 998 3719 vadit
1042 3672 1207 3736 pars,
1254 3658 1411 3737 quod
1471 3657 1905 3722 committatur
1937 3658 2254 3740 capitaneo
2302 3661 2508 3722 nostro
2560 3658 2705 3722 culfi
2750 3659 2814 3723 et
2858 3657 3281 3740 provisoribus

550 3743 783 3808 nostris
832 3742 1015 3806 ituris
1051 3742 1354 3827 Corphoy,
1404 3745 1557 3827 quod
1606 3744 1671 3808 in
1713 3744 1834 3809 isto
1883 3746 2101 3810 itinere
2148 3762 2258 3809 suo
2310 3746 2575 3811 debeant
2622 3765 2759 3810 cum
2813 3746 3011 3829 galeis
3047 3745 3282 3809 uostris

547 3830 638 3897 ire
686 3830 1082 3913 Tragurium,
1160 3830 1484 3913 Spalatum
1534 3833 1598 3896 et
1643 3833 2006 3915 Ragusi'um,
2056 3834 2450 3910 ostendend0‚
2525 3835 2684 3916 quod
2756 3834 2985 3898 vadant
3037 3852 3140 3914 pro
3190 3853 3285 3898 re·

553 3918 941 3996 freschandO,
989 3919 1060 3983 ut
1103 3918 1297 3983 moris
1329 3921 1441 3997 est,
1492 3924 1555 3983 et
1594 3919 1753 4002 quod
1827 3940 2072 4004 semper
2140 3922 2514 3986 continuatis
2576 3923 2983 4004 temporibus,
3032 3923 3277 4004 quando

544 4007 719 4091 galee
764 4008 971 4071 nostre
1017 4006 1221 4071 solent
1265 4006 1325 4070 in
1351 4006 1538 4071 dictis
1564 4008 1844 4090 partibus
1873 4009 2297 4092 propinquare,
2333 4012 2746 4073 comunitates
2778 4009 3088 4074 dictarum
3141 4013 3271 4073 ter-

550 4113 759 4160 rarum
823 4095 1085 4159 mittunt
1130 4095 1204 4158 de
1251 4094 1381 4159 suis
1442 4095 1679 4160 civibus
1726 4095 1804 4159 ad
1852 4098 2098 4161 nostros
2145 4098 2500 4179 capitaneos
2561 4100 2967 4174 armatarum,
3018 4101 3081 4161 et
3130 4097 3278 4161 oste-

553 4183 700 4248 runt
745 4184 888 4247 dare
935 4181 1413 4247 refrescamenta
1459 4183 1535 4247 ad
1575 4203 1753 4248 suum
1820 4185 2275 4267 beneplacitum
2339 4204 2482 4249 cum
2530 4183 2735 4249 verbis
2805 4184 3278 4250 honorabilibus

552 4272 616 4336 et
660 4270 896 4335 devotis
955 4269 1393 4348 oblationibuS,
1450 4271 1755 4348 volumus,
1819 4273 1978 4355 quod
2025 4273 2088 4337 in
2137 4274 2299 4337 dicto
2363 4292 2509 4337 casu
2559 4274 2919 4354 capitaneus
2969 4278 3032 4335 et
3072 4275 3280 4354 provi-

549 4376 719 4423 sores
763 4357 957 4423 nostri
1002 4358 1270 4423 debeant
1315 4359 1584 4441 gratiose
1632 4364 1694 4424 et
1741 4361 2004 4442 benigne
2069 4361 2334 4443 recipere
2360 4360 2519 4438 illos,
2550 4361 2653 4443 qui
2681 4360 2753 4425 ad
2785 4378 2885 4425 eos
2910 4361 3181 4439 venient,
3217 4367 3282 4426 et

554 4445 774 4523 dicere,
839 4446 998 4527 quod
1058 4447 1229 4511 novit
1285 4446 1452 4525 dene,
1502 4448 1658 4529 quod
1719 4466 1962 4531 semper
2029 4450 2335 4531 gessimus
2383 4449 2458 4512 ad
2504 4448 2646 4513 illos
2694 4447 3274 4529 singularissimam

553 4532 941 4598 affectionem
987 4536 1052 4598 et
1102 4533 1610 4611 benevolentiam,
1673 4553 1969 4613 amorem,
2042 4540 2361 4620 tamquam
2409 4535 2485 4600 ad
2533 4536 2881 4601 carissimos
2929 4537 3124 4600 nostri
3172 4538 3285 4601 do·

555 4618 753 4695 minii,
802 4622 864 4682 et
906 4620 997 4684 sie
1042 4640 1256 4687 sumus
1304 4622 1658 4699 certissimi,
1707 4625 1863 4707 quod
1914 4626 2029 4705 ipsi
2078 4630 2224 4689 sunt
2270 4644 2417 4707 erga
2457 4626 2736 4689 nostrum
2799 4624 3168 4702 dominium,
3211 4630 3279 4688 et

556 4705 825 4769 multum
872 4706 1253 4785 affectamus,
1303 4710 1461 4792 quod
1509 4710 1628 4792 ipsi
1679 4711 2084 4794 disponantur
2130 4712 2205 4777 ad
2239 4713 2758 4777 conservationem
2811 4715 3011 4777 status
3060 4730 3280 4776 eorum

555 4791 634 4855 ad
682 4790 970 4857 honorem
1016 4794 1191 4878 regni
1238 4796 1581 4881 Hungarie.
1631 4798 1712 4863 Et
1757 4801 2084 4884 propterea
2131 4800 2291 4884 quod
2332 4800 2497 4866 idem
2546 4800 2901 4882 capitaneus
2934 4802 3145 4864 noster
3181 4804 3284 4866 est
