3620 5282
583 367 715 434 422

862 544 1301 627 DLXXX.
1357 542 1562 625 God.
1619 540 1846 626 1399.
1902 541 1953 621 6
2007 540 2509 640 εῐιιιίθιιοςιι,
2561 563 2623 622 ιι
2676 539 3072 622 Mletcih.

794 686 1079 767 Captum,
1132 684 1292 766 quod
1341 682 1491 765 eligi
1536 684 1762 749 debeat
1808 683 2088 765 potestas
2136 682 2416 746 Drivasti
2459 701 2567 763 per
2609 681 2763 746 duos
2812 699 3018 755 annos
3059 699 3210 745 cum
3239 699 3342 745 sa·

587 775 742 839 lario
785 774 1081 838 librarum
1117 772 1533 855 quadraginta
1578 789 1935 854 grossorum
1982 770 2047 833 in
2092 787 2272 848 anne,
2321 770 2400 834 ad
2449 768 2750 834 rationem
2800 787 3167 851 grossorum
3216 769 3336 832 tri-

586 862 763 945 ginta
807 861 1069 942 quatuor
1118 879 1227 941 pro
1273 859 1519 938 ducam,
1564 877 1682 923 non
1730 858 1929 940 possit
1974 858 2101 922 ullo
2140 858 2318 923 modo
2361 856 2641 939 accipere
2686 856 2915 921 donum
2954 859 3022 921 et
3046 875 3331 938 presen8‚

584 968 695 1013 nec
742 948 861 1013 sibi
908 946 1300 1030 appropriare
1345 946 1613 1031 aliquam
1666 945 1970 1029 regaliam
2036 946 2404 1022 communis,
2468 962 2582 1009 nec
2651 944 2854 1008 facere
2901 943 2977 1008 de
3019 945 3333 1009 mercati·

583 1037 839 1111 onibus;
886 1032 1257 1118 respondeat
1302 1034 1463 1098 infra
1510 1032 1765 1099 tertiam
1821 1033 2009 1111 diem,
2082 1035 2146 1097 et
2212 1032 2462 1098 recedat
2528 1033 2606 1097 ad
2671 1032 3141 1114 beneplacitum
3213 1031 3333 1096 do-

582 1124 777 1187 minii.
826 1123 1048 1188 Sedeat
1090 1122 1167 1185 ad
1216 1122 1522 1207 banchum
1571 1139 1681 1205 pro
1730 1122 1828 1185 ius
1873 1121 2178 1186 reddendo
2243 1120 2410 1185 omni
2471 1120 2570 1184 die
2615 1120 2819 1197 lunae,
2891 1120 3187 1184 mercurii
3261 1121 3330 1183 et

582 1211 822 1275 veneris
865 1210 939 1274 de
989 1228 1167 1274 mane
1213 1229 1405 1292 usque
1451 1210 1527 1274 ad
1574 1210 1828 1274 tertiam
1881 1208 1960 1272 ad
2009 1208 2213 1273 minus
2265 1212 2329 1273 et
2374 1210 2515 1289 post
2578 1207 2910 1290 prandium
2983 1226 3177 1289 usque
3250 1208 3329 1272 ad

583 1316 886 1378 vesperem,
957 1298 1053 1361 die
1125 1316 1265 1363 vero
1329 1298 1553 1362 martis
1599 1298 1664 1361 et
1709 1296 1862 1360 iovis
1910 1295 2302 1361 solummodo
2350 1299 2495 1379 post
2542 1296 2892 1379 prandium.
2972 1295 3231 1360 Electus
3284 1297 3325 1358 9

583 1384 876 1449 februarii
923 1404 1023 1449 ser
1066 1385 1383 1451 Johannes
1431 1385 1626 1450 Diedo
1675 1384 1982 1469 quondam
2032 1403 2131 1449 ser
2175 1384 2415 1450 Jacobi.

669 1493 849 1553 Mists·
902 1493 1064 1552 XLI
1078 1494 1145 1554 V.
1193 1490 1343 1563 128,
1388 1510 1431 1553 u
1469 1493 1623 1553 mlet.
1671 1494 1908 1553 arkivu.

867 1681 1354 1764 DLXXXI.
1410 1681 1616 1764 God.
1672 1682 1903 1765 1399.
1956 1683 2014 1763 4
2066 1681 2495 1782 prosinca,
2549 1702 2611 1762 u
2662 1680 3061 1763 Mletcih.

797 1821 1246 1888 Committitur
1292 1822 1506 1887 comiti
1548 1823 1613 1887 et
1658 1825 1981 1906 capitaneo
2031 1822 2278 1888 Scutari
2325 1839 2437 1886 nec
2483 1840 2602 1886 non
2650 1822 2952 1905 potestati
2987 1822 3154 1885 ituro
3190 1822 3341 1885 Dri-

587 1914 852 1987 vastum‚
903 1910 1065 1992 quod
1124 1928 1264 1973 cum
1306 1909 1470 1974 idem
1520 1913 1795 1993 potestas
1831 1907 2158 1975 Scutarum
2192 1910 2582 1993 applicuerit,
2611 1909 2837 1974 debeat
2871 1928 3010 1973 esse
3051 1928 3195 1972 cum
3233 1928 3343 1973 co-

587 1999 742 2062 mite
792 1997 1066 2075 Scutari‚
1119 2001 1182 2061 et
1221 1998 1476 2063 insimul
1524 1998 1857 2084 diligenter
1902 1999 2256 2062 examinare
2303 1998 2687 2062 conditiones
2735 1995 2989 2062 Scutari
3056 1998 3122 2060 et
3185 1997 3340 2061 Dri-

593 2086 776 2164 vasti‚
826 2103 1041 2150 causas
1089 2083 1448 2149 rebellionis
1501 2086 1734 2166 „totius
1781 2088 2092 2151 contracte
2125 2088 2541 2168 quantitatem
2576 2085 2856 2168 gentium
2903 2083 3331 2150 sufficientem

589 2172 667 2237 ad
716 2191 925 2238 eorum
972 2173 1341 2250 custodiam,
1387 2174 1596 2237 modos
1663 2175 1727 2238 et
1795 2174 1945 2253 viae,
2013 2193 2123 2256 per
2169 2191 2323 2257 quas
2370 2190 2690 2256 possemus
2748 2169 3072 2254 pronarios
3127 2172 3332 2252 ipsius

585 2262 907 2325 contracte
948 2262 1156 2325 tenere
1200 2261 1412 2325 fideles
1459 2261 1525 2325 et
1572 2262 1745 2326 nobis
1772 2261 2167 2338 obedientes,
2217 2262 2280 2325 et
2327 2262 2476 2343 quot
2522 2265 2670 2325 sunt
2714 2265 3037 2338 nnmero“‚
3106 2262 3177 2323 et
3223 2260 3332 2324 de-

581 2346 735 2412 inde
782 2347 1120 2412 informent
1163 2367 1347 2431 super
1393 2348 1526 2426 hoc,
1578 2351 1649 2413 ut
1697 2350 1895 2431 possit
1940 2347 2266 2433 provideri,
2317 2348 2482 2413 sicut
2526 2348 2648 2412 erit
2696 2366 2963 2412 necesse.

671 2455 852 2515 Misti
900 2454 1061 2515 XLI
1076 2455 1139 2516 V.
1190 2458 1335 2526 130,
1382 2473 1425 2516 u
1467 2456 1623 2517 mlet.
1673 2457 1907 2518 arkivu.
1975 2538 1984 2541 j

851 2644 1388 2726 nnxxxn.
1447 2646 1653 2728 sou.
1708 2591 1939 2729 1399.
1992 2648 2050 2728 4
2101 2646 2531 2747 prosmea,
2585 2667 2644 2725 u
2679 2643 3081 2726 Mletmn.

801 2785 1172 2852 Ordinatum
1219 2786 1538 2870 capitaneo
1587 2787 1818 2869 culphi‚
1891 2790 1954 2852 et
2000 2785 2460 2870 supracomitiS‚
2532 2785 2695 2868 quod
2771 2785 3340 2870 quotienscumque

586 2873 884 2939 acciderit
930 2893 1068 2952 „eos
1116 2891 1260 2938 cum
1304 2874 1501 2956 galeis
1547 2875 1668 2940 sibi
1713 2875 2068 2939 commissis
2132 2874 2397 2939 transire
2462 2874 2624 2954 apud
2697 2871 3049 2937 flumeriam
3126 2875 3335 2940 sancti

589 2960 797 3032 Serzii,
844 2962 1145 3044 possendo
1193 2981 1335 3026 cum
1382 2964 1701 3028 commodo
1741 2981 1854 3026 suo
1901 2961 2131 3028 intrare
2179 2963 2410 3026 dictam
2466 2960 2840 3040 fiumeriam‚
2913 2960 3187 3026 debeant
3259 2964 3324 3026 in

586 3047 763 3112 illam
794 3050 1037 3113 intrare
1085 3052 1150 3113 et
1195 3052 1524 3115 ascendere
1571 3069 1762 3134 usque
1810 3050 2095 3114 sanctum
2152 3048 2451 3126 Senium,
2490 3068 2633 3113 cum
2685 3050 2797 3113 hoc
2830 3050 3000 3113 esset
3031 3048 3337 3114 fidelibus

589 3136 817 3200 nostris
871 3156 1014 3220 spes
1063 3137 1221 3202 bona
1266 3141 1331 3202 et
1377 3138 1540 3203 male
1588 3138 1905 3220 dispositis
1951 3139 2147 3202 terror
2190 3138 2598 3201 immensus“.

682 3243 863 3304 Misti
912 3244 1155 3304 XLIV.
1206 3247 1351 3315 131,
1396 3263 1439 3305 u
1484 3245 1638 3304 mlet.
1683 3245 1918 3306 arkivu.

876 3432 1460 3516 DLXXXIII.
1513 3433 1720 3516 God.
1774 3434 2011 3516 1400.
2066 3434 2117 3517 9
2171 3432 2512 3534 ciuilia,
2565 3455 2624 3514 u
2678 3354 3074 3516 Mleteih.

588 3574 732 3634 Ρίἔε
776 3592 838 3635 se
883 3577 1073 3635 knezu
1122 3577 1556 3637 skadarskomu
1600 3578 1624 3635 i
1664 3577 2118 3647 drivastskomu,
2159 3578 2315 3637 nelca
2357 3578 2607 3650 nastoje,
2655 3578 2736 3636 da
2776 3579 2896 3647 oni,
2928 3580 3051 3652 koji
3084 3581 3344 3653 uiivqju

962 3664 1148 3723 dobra
1196 3680 1272 3723 uz
1312 3665 1565 3724 duinosc
1610 3666 1784 3739 njeke
1815 3666 2003 3738 Javne
2031 3664 2262 3741 ‘stubba
2305 3668 2371 3724 tu
2416 3665 2669 3725 duinost
2716 3666 2952 3739 inpune.

803 3782 989 3846 1400.
1039 3783 1134 3846 die
1184 3800 1339 3848 nono
1389 3784 1619 3848 martii.
1665 3785 1777 3850 Ser
1824 3783 2101 3850 Andreas
2148 3785 2535 3863 Maurocem,
2586 3805 2686 3849 ser
2731 3786 3001 3851 Thomas
3028 3787 3334 3868 Michael,

590 3872 900 3953 sapientes
951 3869 1258 3933 ordinum.
1309 3869 1535 3952 Capta:
1584 3891 1725 3936 cum
1773 3872 1901 3937 sint
1951 3873 2132 3938 multi
2183 3874 2377 3938 nostri
2426 3872 2637 3938 fideles
2671 3874 2915 3940 Scutari
2947 3877 3014 3939 et
3045 3876 3331 3942 Drivasti

587 3958 971 4022 habitatores
1018 3956 1325 4022 dictarum
1374 3959 1721 4038 civitatum,
1770 3960 1875 4043 qui
1924 3960 2155 4026 habent
2225 3961 2465 4044 aliquas
2535 3979 2806 4042 promas,
2873 3964 3131 4045 propter
3175 3984 3334 4048 quas

594 4047 876 4127 tempore
922 4045 1332 4122 dominorum,
1375 4046 1480 4128 qui
1527 4047 2010 4112 dominabantur
2058 4049 2243 4114 dictis
2269 4048 2649 4124 civitatibu8‚
2711 4050 3085 4115 tenebantur
3152 4055 3331 4135 equi-

593 4136 728 4198 tare
778 4136 841 4195 et
880 4131 1079 4197 facere
1126 4137 1325 4197 certas
1371 4136 1677 4217 angaria8‚
1726 4138 1791 4199 et
1837 4136 2016 4201 modo
2059 4128 2180 4200 n'on
2229 4138 2445 4201 curant
2490 4137 2769 4218 equitare
2836 4157 2948 4203 nec
2993 4140 3332 4206 observare

588 4222 669 4300 id,
715 4220 793 4285 ad
862 4222 1019 4302 quod
1084 4221 1231 4284 sunt
1287 4221 1568 4303 obligati,
1636 4224 1804 4288 vadit
1863 4241 2029 4306 pare,
2092 4224 2252 4306 quod
2316 4223 2627 4289 scribatur
2685 4226 3038 4292 rectoribus
3104 4230 3342 4293 nostris

587 4307 829 4372 Scutari
874 4311 938 4372 et
989 4308 1282 4385 Drivasti,
1332 4308 1492 4391 quod
1517 4309 1764 4390 faciant,
1815 4312 1974 4395 quod
2006 4311 2362 4376 huiusmodi
2394 4311 2692 4375 habentes
2730 4332 2977 4394 promas
3003 4313 3344 4382 observent

592 4398 656 4460 et
715 4396 948 4460 iaciant
1015 4397 1224 4460 nostro
1293 4398 1562 4461 dominio
1610 4397 1694 4472 id,
1742 4399 1906 4481 quod
1953 4401 2031 4464 ob
2077 4399 2275 4465 dictas
2320 4416 2561 4482 promas
2626 4397 2945 4467 fatiebant
3007 4404 3077 4467 et
3124 4405 3341 4470 obser-

600 4483 829 4549 vabant
873 4482 1136 4582 dominis
1184 4484 1521 4565 preteritis.

678 4591 859 4650 Misti
908 4591 1028 4652 XL
1044 4592 1108 4654 V.
1157 4593 1219 4662 2,
1266 4609 1309 4652 u
1351 4593 1505 4653 mlet.
1556 4594 1796 4653 arkivu.
1853 4659 1856 4668 ,
