3620 5282
458 349 587 415 438

466 529 702 592 iturum
766 530 1139 609 potestatem
1207 528 1519 605 Montone,
1583 530 1683 611 qni
1732 530 1831 594 est
1874 530 2057 594 homo
2128 530 2391 611 sapiens,
2447 530 2669 613 legalis
2710 531 2774 595 et
2819 531 3033 605 bonnS,
3080 528 3179 593 cui

465 615 819 679 'committet
863 616 1064 696 ipsum
1115 617 1456 698 negocium,
1507 620 1569 680 et
1615 619 1843 697 sperat,
1893 617 2053 699 quod
2096 636 2204 699 per
2250 638 2389 681 eum
2423 618 2549 695 fiet,
2597 619 2755 699 quod
2788 618 2908 682 erit
2935 618 3180 681 iustum

465 703 527 766 et
572 701 1003 766 contentabile.
1053 703 1144 766 De
1193 704 1507 784 parentela
1553 703 1754 767 fienda
1800 703 2063 767 Venecie
2111 706 2456 785 respondet,
2506 706 2662 787 quod
2697 705 2759 768 id
2791 705 2942 769 satis
2975 705 3188 785 placet

465 787 606 863 sibi,
655 791 719 853 et
766 789 1035 853 intendit
1080 791 1222 853 dare
1268 808 1511 855 omnem
1558 789 1828 855 favorem
1863 792 1938 854 ad
1982 793 2096 855 hoc
2143 793 2207 855 et
2250 812 2490 856 omnem
2532 794 2753 856 bonam
2776 791 3191 866 occasionem;

467 876 541 939 de
585 875 759 939 dacio
803 877 1148 958 respondet,
1213 877 1373 960 quod
1437 882 1681 960 propter
1723 878 2125 954 conditiones,
2193 898 2310 960 que
2361 899 2551 959 nuper
2597 879 3010 951 occurrerunt,
3059 895 3180 941 non

468 962 636 1027 valet
679 963 932 1027 comode
979 966 1053 1028 ad
1100 965 1211 1029 hoc
1257 965 1590 1041 attendere,
1656 985 1865 1029 verum
1913 967 2095 1030 multi
2148 967 2288 1030 boni
2336 968 2400 1030 et
2444 966 2669 1030 divites
2702 966 2980 1030 Venetiis
3016 965 3189 1029 inve·

469 1049 587 1112 niri
635 1051 937 1131 poterunt,
1012 1051 1115 1134 qui
1173 1054 1250 1116 ad
1298 1052 1412 1116 hoc
1471 1052 1881 1128 attenderent,
1945 1054 2008 1117 et
2052 1054 2184 1135 ipse
2230 1055 2511 1117 dominus
2552 1055 2672 1116 dux
2716 1053 2795 1116 ad
2841 1053 2957 1117 hoc
3006 1053 3181 1116 dabit

473 1153 717 1200 omnem
768 1139 1038 1202 favorem
1087 1142 1410 1222 tamquam
1457 1158 1566 1222 pro
1613 1158 1755 1203 caro
1803 1143 1869 1204 et
1913 1140 2139 1204 dilecto
2187 1142 2404 1206 amico.

567 1224 1138 1287 Commemorialium
1171 1230 1224 1290 1.
1263 1231 1363 1298 51,
1410 1247 1452 1288 u
1497 1231 1652 1290 mlet.
1679 1231 1911 1289 arkivu.
1961 1231 2061 1307 (V.
2093 1232 2368 1290 Minoae.
2404 1231 2647 1290 Donum.
2707 1231 2769 1289 V.
2796 1231 2852 1290 Ι.
2886 1229 2948 1289 S.
2975 1230 3028 1288 1.
3058 1222 3194 1310 54).

951 1377 1199 1498 evn.
1257 1416 1461 1499 eeu.
1518 1416 1729 1498 1312.
1784 1416 1885 1497 10
1931 1416 2218 1517 ruma,
2262 1439 2325 1499 u
2378 1394 2739 1499 beenan.

484 1540 702 1609 Eur-ik,
743 1542 969 1615 9ονἰόΙοί
1018 1544 1163 1603 knez
1209 1543 1345 1614 dqje
1389 1559 1432 1600 u
1475 1542 1643 1616 zaloy
1685 1541 1892 1601 Nikozi
1923 1540 2195 1600 Albertiu
2239 1543 2618 1612 mletdaninu,
2654 1543 2950 1615 privolom
2994 1557 3199 1615 903ρο-

629 1628 783 1687 dara
827 1629 1183 1704 Duinskoya
1228 1630 1513 1700 Rudolfa,
1557 1648 1632 1690 za
1675 1630 1794 1688 §est
1833 1629 2055 1721 qodina
2098 1646 2196 1689 sve
2240 1630 2382 1689 dade
2428 1632 2451 1688 i
2491 1630 2738 1702 prihode
2782 1647 2825 1688 u
2866 1630 3051 1688 Rieci.

693 1747 767 1811 In
832 1748 1075 1813 nomine
1141 1749 1236 1812 dei
1283 1750 1478 1813 nostri
1525 1766 1722 1812 amen.
1794 1748 1976 1811 Anno
2038 1751 2311 1813 eiusdem
2377 1749 2710 1813 millesimo
2772 1748 3205 1813 trecentesimo

482 1833 855 1913 duodecimo,
905 1836 1235 1902 indictione
1282 1836 1538 1911 decima,
1610 1837 1706 1899 die
1752 1834 1993 1900 decimo
2055 1837 2329 1902 intrante
2394 1837 2784 1918 septembris,
2852 1835 3085 1900 Actum
3130 1835 3196 1899 in

485 1920 738 1986 civitate
785 1923 1058 1999 Austrie,
1109 1925 1171 1987 in
1213 1942 1459 1988 camera
1504 1922 1881 2004 infrascripti
1929 1924 2162 1989 domini
2209 1926 2451 1988 comitis
2515 1924 2590 1987 de
2639 1923 2904 1998 Goricia,
2954 1941 3201 2002 presen-

483 2009 651 2073 tibus
698 2009 967 2075 dominis
1038 2010 1341 2075 militibus
1395 2011 1589 2074 Folko
1650 2012 1725 2075 do
1788 2012 2146 2095 Slachspeh,
2214 2010 2542 2075 Chunrado
2592 2011 2666 2074 de
2702 2010 2855 2087 Lok,
2904 2009 3203 2073 Hainrico

484 2096 649 2160 dicto
697 2097 932 2174 Fulsin,
984 2098 1282 2180 Pilgrimo
1331 2097 1596 2161 Geroldo
1644 2098 1956 2166 Raichone
2004 2103 2067 2162 et
2115 2098 2414 2181 Pilgrimo
2460 2098 2534 2162 de
2569 2098 2901 2162 Eberstaiu
2941 2096 3206 2160 testibus

487 2184 552 2247 et
596 2184 738 2248 aliis
786 2203 969 2268 quam
1017 2185 1299 2267 pluribus
1346 2185 1465 2249 fide
1530 2185 1733 2267 dignis
1780 2189 1860 2252 ad
1905 2187 2018 2251 hoc
2071 2186 2304 2250 vocatis
2347 2190 2411 2249 et
2459 2186 2710 2267 rogatis.
2761 2183 2915 2249 Cum
2967 2184 3206 2267 magni-

490 2270 642 2334 ficus
686 2274 873 2352 atque
920 2276 1136 2352 potens
1179 2274 1459 2336 dominus
1508 2276 1714 2338 noster
1760 2274 2001 2340 Goricie
2061 2292 2131 2337 ac
2192 2274 2431 2357 Tyrolis
2472 2273 2721 2336 inclitus
2767 2271 3052 2336 dominus
3103 2289 3206 2334 co-

490 2377 621 2421 mes
711 2358 1042 2423 Hainricus
1104 2359 1415 2442 totiusque
1480 2364 1640 2424 terre
1719 2362 1860 2427 Fori
1926 2361 2083 2426 Julii
2153 2363 2339 2442 caput
2399 2360 2703 2443 generalis
2778 2359 3062 2438 promisit
3118 2359 3197 2422 ad

493 2445 863 2509 instanciam
911 2449 975 2510 et
1020 2447 1378 2529 petitionem
1440 2446 1641 2511 fidelis
1709 2450 1806 2514 sui
1868 2448 2100 2512 domini
2162 2447 2406 2512 Rudolfi
2454 2450 2525 2511 de
2584 2448 2780 2510 Doino
2828 2464 2900 2509 ac
2947 2445 3197 2509 Passin-

497 2550 734 2612 gwerre
778 2532 1091 2597 fratruelis
1152 2533 1413 2616 predicti
1481 2534 1710 2600 domini
1785 2535 2028 2601 Rudolfi
2088 2553 2197 2599 nec
2243 2552 2363 2599 non
2414 2534 2651 2599 Mathei
2693 2533 2921 2617 judicis
2967 2532 3209 2597 Flumi-

497 2620 707 2684 nensis
756 2622 819 2684 et
864 2620 1169 2704 Wulfingi
1216 2625 1402 2704 caput
1464 2622 1644 2686 Doini
1709 2623 1962 2689 Nicolao
2008 2622 2253 2687 Alberti
2298 2622 2373 2686 de
2420 2621 2701 2687 Venetiis
2747 2623 2811 2686 et
2858 2620 2985 2685 suis
3031 2619 3210 2684 here-

495 2707 677 2772 dibus
723 2725 795 2771 ac
841 2727 947 2772 sue
993 2710 1273 2774 societati
1324 2728 1535 2774 omnes
1607 2713 1814 2775 mutas
1867 2715 1930 2776 et
1974 2711 2180 2775 omnia
2224 2711 2401 2774 dacia
2445 2712 2608 2774 terre
2662 2708 2967 2773 Fluminis
3006 2708 3211 2771 sancti

495 2795 627 2860 Viti
677 2794 981 2860 ratificare
1027 2799 1090 2861 et
1133 2800 1533 2862 manutenere
1580 2817 1723 2862 cum
1771 2798 2115 2863 redditibus
2161 2797 2530 2861 et¹macello
2578 2796 2740 2861 dicte
2787 2799 2950 2859 terre
2983 2814 3018 2858 a
3050 2795 3210 2857 festo

497 2883 667 2947 beati
712 2882 1038 2948 Michaelis
1101 2885 1369 2965 presenti
1428 2885 1635 2949 futuro
1683 2906 1875 2968 usque
1922 2885 1998 2950 ad
2044 2904 2146 2948 sex
2193 2903 2381 2948 annos
2433 2885 2702 2967 integros
2746 2885 2811 2946 et
2842 2882 3203 2964 completoS,

500 2972 864 3053 prevocatus
911 2972 1191 3036 dominus
1223 2972 1543 3050 Rudolfus,
1589 2978 1891 3055 presente,
1941 2973 2181 3037 volente
2206 2974 2270 3035 et
2297 2972 2716 3035 consentiente
2751 2969 3212 3052 Passingwerra

501 3058 792 3121 fratruele
833 3076 962 3136 suc,
1029 3061 1318 3141 promisit
1385 3079 1492 3142 pro
1539 3079 1605 3124 se
1653 3080 1724 3125 ac
1770 3061 1900 3125 filio
1948 3078 2057 3124 suo
2098 3059 2409 3142 Hugolino
2448 3077 2518 3122 ac
2566 3059 2693 3122 suis
2720 3056 3045 3121 heredibus
3072 3073 3208 3137 pre·

505 3145 723 3208 vocato
777 3144 1022 3210 domino
1069 3148 1282 3211 comiti
1344 3148 1756 3212 venditionem
1805 3152 2117 3213 mutarum
2182 3150 2245 3209 et
2311 3147 2626 3210 daciorum
2674 3147 2837 3209 terre
2885 3142 3212 3219 FluminiS,

503 3233 730 3294 factam
779 3230 1035 3296 Nicolao
1083 3234 1323 3297 Alberti
1370 3234 1444 3297 de
1492 3235 1770 3299 Venetiis
1818 3237 1882 3299 et
1922 3254 2029 3299 sue
2092 3233 2393 3310 societati,
2457 3232 2703 3296 firmam
2749 3235 2814 3296 et
2858 3233 3056 3295 ratam
3106 3229 3218 3294 ha-

511 3319 652 3380 bere
700 3319 765 3380 et
812 3320 1017 3382 tenere
1065 3339 1256 3401 usque
1302 3321 1379 3383 ad
1427 3322 1731 3401 predictos
1788 3341 1892 3386 sex
1961 3340 2150 3385 annos
2208 3321 2413 3385 finitos
2475 3323 2537 3383 et
2584 3318 2942 3400 completos,
2990 3320 3055 3381 et
3099 3336 3217 3381 non

507 3403 922 3469 contrafacere
968 3407 1064 3470 vel
1113 3408 1317 3470 venire
1364 3407 1572 3489 aliqua
1613 3409 1871 3484 ratione,
1943 3408 2096 3482 dolo,
2146 3407 2391 3489 ingenio
2438 3407 2566 3470 sive
2612 3425 2816 3482 causa,
2866 3407 2931 3469 et
2975 3403 3217 3486 predic-

512 3496 646 3554 tum
692 3490 1017 3555 Nicolaum
1065 3491 1311 3558 Alberti
1359 3496 1468 3557 aut
1513 3497 1742 3560 soccios
1789 3514 1935 3559 suos
1976 3498 2035 3559 in
2083 3495 2263 3558 dictis
2313 3495 2501 3558 mutis
2534 3496 2598 3557 et
2629 3493 2821 3556 daciis
2846 3490 3220 3574 accipiendis

507 3578 863 3641 nullatenus
904 3597 1239 3663 aggravare
1288 3581 1383 3644 vel
1429 3580 1629 3646 facere
1676 3583 2018 3666 aggravari,
2067 3584 2131 3645 et
2172 3601 2277 3662 pro
2321 3583 2442 3645 hiis
2468 3579 2866 3645 adtendendis
2892 3597 3000 3662 per
3024 3576 3223 3641 domi-

512 3685 657 3730 num
711 3684 782 3729 ac
830 3684 971 3730 suos
1017 3668 1270 3732 heredes
1339 3671 1402 3732 et
1468 3669 1729 3733 firmiter
1796 3670 2192 3735 observandis
2235 3669 2486 3732 discreti
2534 3668 2650 3732 viri
2697 3667 2987 3731 Matheus
3028 3663 3219 3747 judex

512 3753 926 3817 Fluminensis
974 3757 1037 3818 et
1084 3755 1434 3837 Wulfingus
1480 3762 1663 3839 caput
1708 3758 1893 3821 Doini
1939 3757 2356 3839 promiserunt
2399 3754 2641 3819 domino
2667 3754 2882 3818 comiti
2915 3752 3215 3834 predicto,

510 3841 559 3905 si
609 3841 910 3922 premissa
955 3861 1064 3924 per
1102 3843 1420 3907 dominum
1467 3843 1802 3908 Rudolfum
1851 3848 1913 3908 et
1958 3862 2100 3907 suos
2132 3843 2387 3906 heredes
2434 3861 2548 3907 non
2599 3841 2829 3906 fuerint
2873 3840 3217 3913 observata,

511 3928 851 4010 predictam
902 3932 1130 3994 terram
1176 3931 1485 3994 Fluminis
1545 3933 1608 3994 et
1663 3935 1936 3996 castrum
1986 3930 2166 3996 Doini
2225 3948 2331 4011 pro
2392 3947 2461 3992 eo
2509 3948 2720 4012 regere
2759 3933 2823 3990 et
2869 3930 3096 4002 tenere,
3159 3926 3223 3989 et

511 4015 587 4077 de
634 4016 797 4078 dicta
846 4019 1008 4081 terra
1054 4017 1361 4082 Fluminis
1410 4037 1481 4082 ac
1527 4017 1694 4082 dicto
1741 4022 1941 4083 castro
1979 4017 2156 4081 Doini
2185 4021 2481 4099 tanquam
2527 4016 2844 4080 dominum
2894 4016 3227 4094 expertare.

512 4102 897 4168 Renuntians
930 4105 1385 4185 prenominatus
1411 4104 1697 4169 dominus
1731 4105 2033 4169 Rudolfus
2068 4106 2139 4167 de
2173 4104 2370 4168 Doino
2401 4121 2508 4185 pro
2544 4123 2607 4167 se
2639 4106 2702 4165 et
2741 4103 2870 4165 suis
2898 4100 3230 4165 heredibus

512 4193 787 4269 tempore
820 4191 1000 4254 huius
1041 4194 1390 4256 contractus
1437 4194 1721 4256 omnibus
1767 4191 2244 4274 exceptionibnS,
2295 4190 2664 4265 actionibus,
2717 4186 3233 4270 oppositionibuS,

516 4276 989 4353 defensionibus,
1036 4280 1482 4353 consuetudini,
1518 4280 2090 4355 constitucionibuS,
2125 4278 2407 4354 decretis,
2453 4276 2887 4353 decretalibus,
2937 4274 3230 4355 omnique

518 4363 723 4443 legum
774 4365 836 4425 et
876 4364 1030 4429 iuris
1078 4366 1325 4441 auxilio,
1376 4368 1630 4430 statutis
1660 4365 1841 4432 factis
1889 4369 1952 4430 et
1997 4365 2235 4440 fiendis,
2288 4384 2392 4446 per
2439 4384 2552 4446 que
2602 4364 2700 4428 vel
2743 4383 2852 4445 per
2899 4380 3048 4443 quas
3088 4377 3234 4425 con·

518 4455 614 4510 tra
651 4450 881 4529 scripta
941 4455 1222 4534 superius
1285 4461 1345 4517 et
1406 4454 1708 4536 premissa
1786 4455 2123 4535 quidquam
2193 4453 2402 4534 posset
2461 4451 2660 4516 dicere
2727 4452 2837 4515 aut
2908 4449 3237 4530 allegrare,

519 4534 885 4615 promittens
933 4541 1046 4601 sub
1094 4558 1250 4621 pena
1296 4541 1467 4604 tertii
1532 4541 1754 4606 valoris
1818 4541 2260 4605 antedictorum
2310 4539 2660 4603 reddituum
2714 4538 2778 4601 et
2824 4536 2940 4600 sub
2988 4534 3231 4616 obliga-

517 4622 681 4684 tione
729 4625 1000 4687 omnium
1051 4625 1340 4691 bonorum
1409 4645 1658 4691 suorum
1719 4628 2104 4710 presencium
2167 4629 2231 4690 et
2290 4625 2639 4690 futurorum
2706 4627 2836 4689 tam
2900 4621 3229 4687 mobilium

519 4725 702 4790 quam
752 4707 1009 4774 fixorum
1072 4715 1136 4776 et
1190 4715 1264 4778 ad
1328 4713 1723 4779 refectionem
1787 4716 2194 4797 dampnorum
2252 4715 2435 4795 atque
2479 4714 2777 4777 interesse
2824 4728 2898 4776 ac
2944 4725 3237 4791 expensa-
