3620 5282
388 597 510 644 una
552 598 695 643 cum
761 596 881 643 uno
938 579 1212 660 ipsorum
1277 576 1531 653 nunci03
1579 578 1907 660 postquam
1969 577 2133 641 istud
2181 595 2301 640 non
2357 579 2520 642 esset
2559 595 2699 641 cum
2723 578 2950 643 honore
2986 580 3114 644 rei-

389 666 690 747 publicae,
737 666 1141 730 deliberatum
1210 666 1405 748 „quod
1471 665 1547 730 ad
1595 666 1785 729 istam
1831 667 2071 746 partem
2119 664 2573 746 respondeatur,
2624 666 2991 731 luctanando
3053 669 3122 732 et

387 754 731 818 excusando
773 771 884 817 nos
930 772 1072 818 cum
1120 753 1241 817 biis
1281 756 1344 816 et
1366 751 1506 817 aliis
1535 752 1757 830 verbis,
1803 772 1921 835 que
1971 752 2340 818 videbuntur
2385 770 2494 834 pro
2527 752 2686 817 bono
2717 751 2936 818 facti“.

474 861 655 919 Misti
705 860 1012 919 XXXIX
1059 861 1160 930 12,
1204 877 1247 919 u
1293 860 1448 921 mlet.
1492 861 1727 923 arkivu.

667 1045 1045 1129 CCXCV.
1100 1046 1306 1129 Gon.
1363 1045 1581 1129 1384.
1639 1045 1730 1127 12
1784 1046 2240 1148 listopada,
2296 1069 2353 1129 u
2408 1047 2799 1130 Mleteih.

594 1186 692 1251 Ad
740 1187 1221 1270 propositionem
1267 1186 1787 1277 ambasciatorum
1820 1187 1981 1268 regis
2007 1187 2317 1262 Franciae,
2368 1188 2528 1271 quod
2562 1187 2917 1270 respublica
2951 1188 3102 1254 mit-

388 1279 481 1341 tat
527 1294 701 1348 suam
768 1273 1211 1339 ambasciatam
1284 1273 1625 1357 Ragusium
1696 1275 1774 1338 ad
1814 1275 1942 1339 tale
2004 1275 2269 1357 tempus,
2319 1277 2480 1357 quod
2537 1277 2759 1341 ambae
2809 1275 2999 1340 simul
3050 1294 3117 1340 se

388 1365 697 1445 reperiant
747 1362 808 1424 in
856 1361 1041 1425 dictis
1084 1361 1384 1444 partibus,
1431 1361 1524 1425 vel
1572 1362 1729 1443 quod
1775 1363 2062 1426 mittatur
2108 1361 2297 1427 simul
2345 1380 2486 1426 cum
2536 1364 2622 1426 eis
2668 1382 2821 1427 unus
2855 1364 3116 1428 nuntius

386 1451 462 1514 ad
514 1455 725 1532 partes
750 1449 1127 1532 Hungariae,
1165 1448 1586 1531 respondetur,
1616 1450 1774 1531 quod
1802 1450 1920 1531 ipsi
1947 1453 2088 1513 eant
2121 1450 2197 1513 ad
2244 1455 2449 1530 partes
2482 1449 2836 1532 Hungariae
2874 1454 2936 1514 et
2968 1468 3116 1531 pro-

386 1542 606 1604 curent
653 1538 900 1619 negotia
946 1537 1034 1600 eis
1060 1539 1411 1611 commissa,
1468 1537 1569 1611 „et
1592 1539 1832 1618 quando
1858 1536 1947 1599 eis
1994 1536 2302 1600 videbitur
2370 1537 2639 1601 scribere
2687 1541 2752 1600 et
2800 1537 3118 1601 notificare

387 1626 581 1700 nobie,
633 1627 689 1687 in
730 1643 847 1707 quo
909 1625 1171 1688 termino
1233 1626 1432 1693 erunt,
1479 1627 1625 1686 tunc
1708 1624 2043 1688 secundum
2131 1623 2212 1702 id,
2262 1624 2419 1707 quod
2463 1624 2830 1689 habebimus
2877 1624 2955 1688 ab
3003 1625 3113 1701 eis,

383 1712 862 1795 providebimus,
933 1713 1096 1776 sicut
1165 1710 1341 1775 nobis
1410 1710 1722 1775 videbitur
1791 1729 1901 1793 pro
1973 1711 2197 1776 honore
2267 1712 2461 1776 nostri
2528 1710 2787 1776 dominii
2846 1713 2910 1775 et
2958 1709 3118 1776 bono

387 1800 535 1863 facti
588 1798 907 1879 predicti“.

475 1908 655 1965 Misti
705 1903 1006 1965 XXXIX
1049 1908 1150 1975 12,
1188 1923 1231 1964 u
1277 1905 1432 1965 mlet.
1481 1905 1715 1966 arkivu.

635 2091 1060 2176 ccxcvl.
1121 2091 1327 2175 Gon.
1382 2093 1607 2175 1384.
1661 2092 1770 2176 20
1829 2092 2283 2195 listopada,
2333 2115 2396 2176 u
2446 2093 2841 2177 Mletcih.

599 2233 1102 2300 Ambasciatores
1150 2233 1315 2317 regis
1362 2233 1661 2298 Franciae
1705 2234 2088 2317 requirentes
2132 2233 2209 2298 de
2254 2252 2427 2310 novo,
2476 2234 2658 2317 quod,
2702 2252 2845 2299 cum
2894 2236 3113 2319 regina

384 2323 741 2404 Hungariae
788 2324 864 2386 ad
923 2322 1284 2386 instantiam
1350 2340 1559 2385 eorum
1622 2321 1786 2403 regis
1843 2320 1971 2403 jam
2036 2321 2373 2403 scripserat
2420 2323 2720 2405 Raguseis
2766 2323 2829 2385 in
2877 2321 3112 2388 efficaci

384 2409 588 2474 forma
652 2428 758 2491 pro
830 2409 1206 2473 relaxatione
1278 2408 1578 2472 nobilium
1648 2408 2123 2490 captivatorum,
2172 2412 2236 2473 et
2280 2409 2415 2473 ideo
2462 2409 2580 2492 ipsi
2631 2410 2961 2474 intendunt
3002 2427 3113 2491 pro

385 2516 545 2561 nunc
592 2499 840 2562 mittere
888 2516 1076 2561 unum
1124 2515 1305 2561 suum
1353 2497 1640 2560 nuntium
1679 2496 1758 2559 ad
1786 2499 1994 2578 partes
2028 2495 2308 2579 Ragusii,
2344 2496 2694 2578 respublica
2736 2497 2927 2563 etiam
2961 2516 3107 2561 cum

385 2604 494 2649 suo
542 2588 758 2651 mittat
806 2603 995 2650 unum
1043 2584 1328 2649 nuntium
1379 2602 1483 2666 pro
1531 2582 1665 2666 ipsa
1711 2602 1915 2663 causa,
1962 2586 2221 2668 captum
2261 2583 2336 2649 de
2383 2603 2521 2649 non.

471 2695 650 2773 Misti
700 2693 1016 2753 XXXIX.
1069 2696 1167 2762 17,
1207 2712 1249 2753 u
1289 2693 1443 2753 mlet.
1490 2694 1727 2755 arkivu.

614 2880 1088 2965 coxovn.
1141 2882 1350 2965 oon.
1407 2881 1630 2964 1384.
1686 2881 1736 2964 s
1791 2822 2289 2980 studenog'a,
2348 2903 2402 2962 u
2462 2881 2856 2964 motem.

384 3030 543 3099 Daje
587 3044 650 3086 se
692 3029 907 3101 dopust
951 3027 1184 3087 Marku
1252 3027 1442 3085 knezu
1488 3026 1808 3125 Krokomm
1836 3043 1896 3127 ,οι
1950 3025 2245 3098 vojniblcoj
2302 3025 2491 3084 stubba·
2540 3044 2582 3083 u
2626 3025 2821 3102 Kreti,
2870 3042 2953 3085 na
2996 3026 3117 3085 §est

1613 3130 1866 3185 nvo-sect.

599 3231 785 3295 1384.
853 3204 1187 3297 indictione
1254 3234 1493 3309 octava,
1563 3232 1663 3295 die
1729 3232 1880 3297 xm
1952 3233 2185 3297 mensis
2258 3232 2625 3296 novembris.
2675 3229 2905 3313 Capta:
2954 3231 3112 3313 quod

383 3319 756 3385 concedatur
801 3318 876 3382 de
923 3320 1127 3401 gratia
1175 3319 1387 3384 Marco
1431 3319 1559 3383 filio
1605 3321 1851 3403 egregie
1907 3320 2021 3383 viri
2088 3319 2327 3384 Nicolai
2392 3321 2635 3383 comitis
2684 3319 2899 3401 Vegle,
2933 3336 3113 3384 cone—

384 3406 597 3473 stabili
634 3409 845 3489 nostro
887 3408 1157 3489 equestri
1183 3409 1243 3470 in
1286 3406 1582 3483 Candida,
1623 3427 1734 3490 pro
1780 3408 2095 3489 aliquibus
2142 3406 2271 3469 suis
2306 3408 2560 3487 agendis
2608 3408 2835 3484 arduis,
2884 3405 3109 3487 quibus

382 3496 504 3560 sibi
553 3494 803 3559 omnino
873 3495 1118 3575 expedit
1183 3496 1389 3558 venire
1463 3495 1776 3568 VenetiaS,
1842 3493 2001 3576 quod
2054 3495 2253 3576 possit
2299 3494 2503 3557 venire
2550 3497 2612 3558 et
2658 3498 2824 3557 stare
2868 3512 2976 3575 per
3023 3494 3111 3559 VI

391 3600 654 3658 menseS‚
703 3582 1071 3649 reservando
1118 3580 1236 3645 sibi
1287 3581 1638 3646 banderiam
1682 3586 1747 3645 et
1793 3588 2057 3662 ponente
2103 3580 2238 3662 ipso
2288 3581 2421 3644 loco
2468 3582 2563 3645 sui
2613 3599 2929 3663 personam
2975 3579 3106 3645 suf·

385 3671 718 3742 ficientem,
768 3689 887 3752 que
933 3668 1178 3751 placeat
1220 3669 1532 3748 capitaneo
1578 3671 1788 3732 nostro
1837 3667 2036 3732 Crete.

467 3778 646 3836 Misti
697 3774 1016 3836 XXXIX.
1068 3776 1169 3845 18,
1214 3792 1256 3833 u
1300 3775 1455 3834 mlet.
1506 3776 1739 3836 arkivu.

605 3961 1129 4046 CCXCVIII.
1186 3901 1393 4044 God.
1449 3902 1678 4044 1384.
1731 3961 1834 4044 22
1888 3962 2321 4062 prosince,
2377 3985 2434 4045 u
2491 3962 2888 4045 Mletclh.

394 4108 705 4180 Umob'ava
749 4125 811 4166 se
858 4110 1138 4167 bosanski
1203 4107 1382 4179 kralj‚
1451 4108 1606 4165 nelca
1673 4107 1886 4178 inplati
1930 4107 2158 4166 Nikolu
2218 4106 2465 4177 Baseja,
2514 4122 2694 4179 svoya
2738 4106 3043 4178 kapetana
3084 4108 3111 4165 i

380 4195 740 4269 mleladkoya
776 4196 1052 4268 pleonico,
1098 4212 1141 4254 u
1185 4196 1378 4254 koliko
1422 4211 1523 4252 mu
1568 4194 1803 4267 daquje,
1850 4194 1931 4251 da
1975 4195 2112 4251 talto
2158 4194 2181 4252 i
2225 4195 2363 4265 ovqj
2426 4193 2575 4251 bude
2615 4210 2656 4249 u
2699 4195 2908 4265 stanju
2952 4195 3111 4266 svoje

795 4284 1131 4357 vjeroimike
1175 4284 1466 4350 namin-iti,
1513 4286 1567 4340 te
1609 4298 1672 4340 se
1694 4278 1973 4340 slobodno
2020 4299 2061 4337 u
2106 4280 2334 4338 Mle-tlte
2369 4281 2682 4352 povratiti.

594 4399 780 4466 1384.
829 4402 925 4466 die
971 4401 1155 4466 XXII
1201 4401 1565 4466 decembris.
1593 4399 1827 4481 Capta:
1858 4398 2017 4481 quod
2053 4398 2364 4462 scribatur
2402 4397 2651 4461 domino
2702 4398 2833 4480 regi
2888 4398 3114 4465 Rassie

376 4490 440 4553 in
486 4489 601 4553 bac
649 4490 865 4566 forma,
931 4488 1251 4553 videlicet:
1301 4489 1466 4553 sicut
1498 4487 1670 4570 regia
1718 4488 2013 4550 maiestas
2044 4489 2254 4549 vestra
2309 4484 2500 4559 novit,
2546 4485 2678 4566 ipsa
2719 4485 2970 4549 tenetur
3004 4505 3114 4551 no-

376 4578 487 4641 bili
539 4577 669 4641 viro
716 4595 814 4640 ser
882 4574 1142 4640 Nicolao
1213 4577 1408 4640 Baseo
1472 4575 1794 4655 capitaneo
1865 4590 1974 4635 suo
2022 4573 2135 4634 civi
2184 4572 2392 4635 nostro
2441 4571 2502 4632 iu
2570 4589 2795 4653 magna
2853 4575 3113 4652 pecunie

377 4683 639 4741 sumina,
668 4662 871 4727 causis
898 4662 1099 4726 eidem
1136 4663 1449 4726 maiestati
1477 4662 1657 4725 notis.
1685 4662 1767 4724 Et
1791 4660 1938 4742 quia
1960 4659 2118 4722 alias
2146 4656 2510 4721 excellentia
2538 4663 2747 4722 vostra
2771 4657 3024 4738 scripsit
3050 4659 3116 4722 et

375 4751 828 4832 subsequenter
873 4768 981 4832 per
1010 4750 1473 4814 ambaxatorem
1522 4765 1704 4811 suum
1739 4745 1916 4835 nobis
1949 4743 2098 4808 fecit
2129 4745 2369 4826 exponi,
2403 4743 2563 4824 quod
2587 4742 2872 4809 redderet
2905 4742 3112 4823 ipsum

461 4869 642 4919 spon.
688 4869 773 4918 1v.
2607 4846 2691 4910 14

3190 4962 3263 5005 f‘
