3620 5282
478 341 608 408 338

606 513 1323 598 CCCCLXXXII.
1378 512 1585 597 God.
1640 514 1871 598 1394.
1921 514 2024 597 23
2072 515 2508 615 prosince,
2561 537 2621 597 u
2674 515 3070 599 Mletcih.

485 658 798 734 Odyovara
843 676 907 717 se
940 659 1269 731 poseanikn
1316 658 1808 732 cariqradskomu
1853 675 1895 717 u
1931 659 2113 731 poslu
2151 675 2384 727 savena,
2431 660 2513 717 da
2558 659 2620 718 όε
2665 660 2739 719 do
2784 660 2949 718 mala
2993 660 3128 718 dodi
3171 678 3217 718 u

537 747 767 806 Mletke
805 747 1107 820 poslanici
1152 743 1355 818 tudjih
1399 746 1600 824 vla-sti,
1647 747 1671 804 i
1716 747 1796 804 da
1842 748 1903 805 ce
1946 764 2009 805 se
2053 764 2085 804 ο
2133 751 2250 805 tom
2299 764 2342 804 u
2385 747 2684 806 sastanku
2726 748 3150 820 ratpravljati.

695 864 884 929 1394.
934 865 1031 929 die
1080 867 1164 929 23
1209 865 1573 930 decembris.
1622 863 1797 943 Quod
1845 864 2291 947 respondeatur
2339 865 2747 932 ambasiatori
2809 867 3044 931 domini
3086 866 3212 931 im-

480 954 785 1037 peratoris
834 952 1499 1037 constantinopolitani
1533 999 1547 1012 .
1585 1003 1599 1018 .
1637 1004 1650 1016 .
1679 953 1779 1016 Ad
1813 952 1938 1018 alia
1972 952 2244 1034 capitula
2277 954 2353 1018 de
2385 953 2551 1018 facto
2585 954 2709 1038 lige
2741 957 3211 1037 respondeatur,

480 1040 643 1123 quod
690 1059 811 1106 non
856 1044 1116 1122 apparet
1160 1041 1236 1105 de
1284 1041 1562 1106 faciendo
1610 1040 1729 1104 sibi
1782 1059 1893 1121 pro
1940 1042 2206 1122 presenti
2256 1042 2741 1124 responsionem,
2804 1044 2949 1124 quia
2992 1061 3215 1125 expec-

480 1131 695 1193 tantur
742 1129 844 1194 hic
891 1128 1238 1193 ambasiato
1284 1128 1563 1205 Francie,
1610 1129 1982 1211 Burgondie,
2031 1127 2264 1210 Anglie
2310 1132 2376 1193 et
2420 1132 2613 1194 etiam
2657 1129 2996 1213 Hungarie,
3043 1135 3108 1194 et
3142 1131 3216 1195 ut

477 1217 872 1300 ymaginatur
918 1234 1102 1299 super
1146 1216 1289 1282 istis
1336 1216 1502 1299 figis,
1552 1235 1703 1297 quas
1750 1215 1908 1281 utile
1967 1219 2063 1280 est
2123 1217 2356 1293 audire,
2404 1221 2466 1279 et
2512 1217 2639 1281 illis
2686 1219 2935 1293 auditiS,
2997 1221 3218 1301 postea

477 1305 710 1386 poterit
757 1304 959 1387 magis
1000 1303 1336 1369 deliberate
1381 1302 1740 1387 responderi
1784 1304 1864 1367 ad
1912 1303 2117 1368 omnia
2165 1304 2535 1383 supradicta,
2585 1306 2649 1368 et
2703 1305 2995 1369 similiter
3064 1307 3216 1370 dici-

478 1409 621 1456 mus
668 1392 743 1454 de
788 1390 952 1455 facto
998 1391 1221 1467 Janue,
1273 1391 1415 1474 quia
1461 1390 1538 1456 de
1584 1390 1681 1455 die
1727 1391 1791 1454 in
1839 1391 2001 1455 diem
2049 1390 2377 1456 habebitur
2421 1391 2645 1456 melior
2690 1392 3051 1457 deliberatio
3081 1392 3217 1458 fac—

475 1480 689 1544 torum
738 1478 977 1557 deinde,
1026 1480 1093 1543 et
1137 1478 1471 1543 salubriter
1515 1479 1747 1560 poterit
1793 1479 2121 1560 provideri.

566 1585 729 1647 Scor.
783 1585 958 1646 Gens.
1004 1587 1152 1662 Roy.
1203 1586 1280 1650 R.
1338 1588 1484 1664 102,
1533 1605 1574 1645 u
1618 1587 1774 1647 mlet.
1819 1588 2058 1646 arkivu.

641 1790 1397 1875 ccccnxxxm.
1452 1790 1659 1874 sou.
1714 1792 1942 1876 1395.
1997 1793 2092 1875 21
2147 1792 2495 1896 sieenja,
2548 1816 2607 1875 u
2659 1795 3050 1877 metam.

488 1956 658 2018 Kale
695 1972 758 2015 se
793 1955 1175 2028 poslanikom
1221 1955 1672 2029 burqundskim‚
1716 1954 1797 2013 da
1842 1972 1905 2014 se
1963 1956 2196 2015 πεηιοέε
2262 1956 2428 2015 ηἱὲία
2471 1957 2720 2016 οᾱῑαόἰίί
2777 1957 2944 2029 qzede
3005 1964 3218 2029 postu-

660 2045 852 2118 pcmja
883 2045 1057 2116 proti
1108 2043 1395 2113 Tareina,
1442 2044 1612 2102 dokle
1652 2060 1728 2102 ne
1772 2043 1945 2115 dodje
1980 2044 2268 2116 poslanik
2312 2045 2577 2117 αρανεΙεί,
2624 2045 2725 2117 koj
2766 2060 2830 2103 se
2881 2045 3042 2106 beka.

701 2161 890 2228 1394.
932 2164 1267 2227 indictione
1314 2163 1531 2238 tercia,
1581 2161 1680 2226 die
1725 2162 1878 2226 XXI
1926 2163 2207 2227 ianuarii.
2274 2163 2599 2246 Sapientes
2663 2163 2926 2228 consilii.
2993 2162 3214 2246 Capta,

487 2251 647 2336 quod
694 2250 1137 2334 respondeatur
1182 2251 1430 2314 domino
1471 2250 1784 2314 Guilelmo
1837 2252 1910 2313 de
1957 2250 2296 2316 Tremoilla
2340 2251 2762 2315 mareschalco
2835 2252 3214 2334 Burgondie,

489 2339 649 2422 quod
695 2356 807 2403 nos
854 2340 1137 2420 optantes
1184 2341 1508 2420 tamquam
1552 2337 1797 2401 catolici
1845 2338 2188 2414 christiani,
2237 2338 2395 2420 quod
2443 2338 2565 2402 ista
2610 2340 2828 2403 sancta
2877 2343 2940 2402 et
2999 2339 3219 2404 lauda-

490 2427 637 2492 bilis
683 2426 1003 2508 dispositio
1050 2425 1286 2489 domini
1328 2425 1500 2489 ducis
1548 2424 1903 2507 Burgundie
1949 2444 2022 2489 ac
2064 2426 2448 2491 dominorum
2494 2425 2722 2490 ducum
2755 2424 3218 2492 Aureliensium

489 2517 554 2579 et
598 2513 1003 2578 Lanchastrie
1050 2513 1126 2576 ad
1173 2512 1699 2576 conservationem
1748 2516 1813 2576 et
1857 2517 2305 2593 augumentum
2360 2513 2503 2577 fidei
2550 2512 2852 2578 chatolice
2915 2516 3221 2580 sortiatur

490 2602 800 2679 effectum,
850 2619 1065 2665 sumus
1115 2599 1401 2682 dispositi
1449 2599 1831 2681 complacere
1879 2600 1998 2665 sibi
2061 2603 2125 2664 et
2175 2600 2442 2666 scribere
2500 2600 2590 2665 eis
2634 2602 2698 2665 in
2759 2602 3220 2667 excusationem

416 2724 423 2729 ·
491 2709 658 2754 more
705 2706 818 2753 suo
865 2690 929 2752 in
971 2688 1088 2753 hac
1132 2689 1365 2752 forma:
1414 2688 1953 2752 Excellentissime
1985 2690 2290 2770 princepe,
2325 2689 2450 2752 iam
2480 2690 2764 2771 pluribus
2797 2690 3017 2763 diebus
3051 2693 3222 2756 venit

493 2779 555 2841 in
603 2777 823 2840 urbem
894 2778 1172 2840 nostram
1234 2775 1597 2858 spectabilis
1666 2779 1730 2839 et
1805 2780 2093 2840 strenuus
2164 2777 2345 2841 miles
2391 2775 2678 2840 dominus
2726 2777 3101 2842 Guilielmus
3144 2778 3222 2843 de

487 2864 824 2929 Tremoilla
893 2863 1353 2927 maraschalcus
1414 2863 1769 2946 Burgondie
1821 2864 2184 2929 excellentie
2235 2866 2434 2928 vestre
2480 2866 2691 2927 orator
2721 2867 3052 2945 expectans
3087 2885 3221 2929 am—

494 2953 785 3017 baxatam
836 2951 1216 3015 serenissimi
1277 2950 1573 3032 principis
1635 2951 1871 3014 domini
1938 2950 2102 3033 regis
2160 2951 2505 3032 Hungarie‚
2546 2970 2686 3015 cum
2737 2969 2876 3033 qua,
2928 2956 2999 3016 ut
3041 2954 3216 3018 nobis

495 3039 783 3120 asseruit,
830 3038 1003 3102 iuxta
1049 3039 1324 3102 ordinem
1376 3039 1536 3101 inter
1584 3056 1687 3101 eos
1729 3038 1806 3101 ad
1857 3039 2004 3102 dicti
2056 3039 2219 3120 regis
2268 3041 2642 3119 presentiam
2693 3039 3072 3111 stabilitum,
3115 3043 3220 3104 de·

494 3126 686 3191 bebat
731 3124 807 3190 ad
856 3128 1134 3190 nostram
1181 3126 1558 3208 presentiam
1608 3144 1956 3206 comparere
2005 3144 2112 3207 pro
2161 3127 2344 3189 factis
2392 3126 2534 3189 fidei
2578 3127 2903 3192 orthodose
2953 3129 3015 3192 in
3059 3128 3219 3192 festo

498 3214 808 3297 ephifanie
857 3232 1020 3277 nunc
1071 3215 1340 3295 proxime
1387 3212 1719 3294 preterit03
1769 3215 1835 3276 et
1865 3214 2010 3294 quia
2058 3233 2250 3295 usque
2300 3215 2357 3277 in
2407 3213 2575 3277 diem
2608 3217 2954 3295 presentem
3004 3216 3221 3279 amba-

496 3302 658 3366 siata
717 3300 914 3383 ipsius
979 3303 1142 3383 regis
1192 3302 1447 3364 minime
1510 3301 1930 3382 comparebat,
1992 3300 2124 3382 ipse
2172 3301 2345 3364 veuit
2387 3301 2465 3364 ad
2514 3304 2790 3365 nostram
2840 3302 3223 3384 presentiam

495 3407 801 3470 exponens
852 3389 1249 3452 intentionem
1299 3387 1660 3452 excellentie
1712 3390 1918 3452 vestre
1955 3407 2024 3451 ac
2072 3386 2409 3452 illustrium
2458 3388 2843 3452 dominorum
2895 3390 3224 3455 Aurelian-

497 3478 660 3540 sium
707 3477 771 3539 et
812 3475 1213 3539 Lanchastrie
1260 3476 1480 3539 ducum
1530 3478 1607 3539 ad
1657 3476 1828 3556 pium
1880 3494 2032 3557 opus
2077 3477 2141 3539 et
2186 3477 2544 3558 passagium
2594 3475 2999 3541 antedictum.
3078 3477 3212 3543 Nos

493 3567 702 3627 autem
750 3562 1052 3626 habentes
1102 3565 1274 3625 iuxta
1320 3564 1784 3644 progenitorum
1835 3567 2182 3626 nostrorum
2234 3566 2519 3627 naturam
2565 3565 2870 3628 sinceram
2904 3565 3225 3646 dispositi-

493 3668 673 3715 onem
699 3649 776 3713 ad
804 3651 1333 3713 conservationem
1376 3649 1517 3713 fidei
1566 3650 1896 3725 antedicto,
1946 3656 2008 3714 et
2033 3650 2512 3726 considerantes,
2548 3654 2778 3733 quanta
2814 3653 2973 3715 bona
3003 3672 3074 3715 ex
3105 3654 3225 3717 hoc

496 3737 671 3819 sequi
719 3740 971 3818 possent
1015 3737 1068 3800 si
1103 3737 1430 3801 sortiretur
1462 3737 1770 3813 effectum,
1810 3739 2120 3802 suasimus
2157 3739 2310 3802 satis
2344 3738 2461 3819 ipsi
2496 3739 2743 3802 domino
2774 3740 3220 3818 mareschalcO,

496 3826 655 3908 quod
726 3825 922 3888 adhuc
990 3828 1309 3905 expectare
1357 3824 1608 3888 deberet
1654 3843 1761 3906 per
1807 3824 2052 3906 aliquos
2096 3826 2241 3902 dies,
2294 3828 2365 3889 ut
2409 3827 2630 3890 audita
2674 3826 3025 3891 ambasiata
3069 3829 3222 3892 dicti

494 3910 729 3976 domini
765 3913 929 3994 regis
978 3912 1298 3994 Hungarie
1342 3930 1483 3975 cum
1533 3916 1741 3976 vestra
1783 3916 1847 3975 et
1891 3912 2158 3976 aliorum
2208 3914 2557 3994 principum
2585 3913 3022 3995 predictorum,
3071 3933 3218 3997 pos·

495 4018 702 4063 semus
751 4017 890 4062 cum
943 4000 1161 4064 maiori
1212 4002 1277 4063 et
1322 4000 1563 4062 meliori
1612 3998 2064 4064 deliberatione
2112 3999 2431 4082 requisitis
2494 4000 2778 4064 omnibus
2828 4002 3221 4082 respondere.

493 4084 610 4166 Qui
653 4090 972 4168 tamquam
1019 4088 1302 4170 prompte
1349 4085 1693 4167 dispositus
1740 4085 1817 4149 ad
1866 4105 2018 4169 opus
2067 4087 2236 4168 pium
2272 4087 2616 4169 predictum
2654 4086 2825 4151 etad
2858 4089 3227 4154 excellentie

493 4176 699 4238 vestre
740 4173 1034 4239 honorem
1105 4172 1412 4255 requievit
1473 4174 1981 4254 persuasionibus
2042 4176 2291 4247 nostris»,
2368 4174 2526 4257 quod
2576 4174 2641 4238 in
2688 4193 2863 4239 suam
2912 4178 3226 4241 excusati-

493 4278 675 4411 }mem
721 4260 882 4325 dicte
930 4265 1133 4326 vestre
1181 4260 1551 4325 excellentie
1598 4261 1887 4325 volumus
1935 4281 2045 4343 per
2090 4263 2200 4326 has
2249 4262 2466 4334 literas
2514 4264 2753 4326 nostras
2784 4263 2981 4327 facere
3017 4265 3220 4328 mani-

521 4351 748 4413 estum.

578 4454 740 4516 Secr.
792 4452 967 4517 Cone.
1012 4456 1158 4533 Roy.
1204 4456 1281 4517 R.
1333 4457 1478 4527 103,
1521 4473 1561 4514 u
1611 4457 1769 4519 mlct.
1820 4457 2060 4518 arkivu.
