<?xml version="1.0" encoding="UTF-8"?>
<!DOCTYPE html PUBLIC "-//W3C//DTD XHTML 1.0 Transitional//EN"
    "http://www.w3.org/TR/xhtml1/DTD/xhtml1-transitional.dtd">
<html xmlns="http://www.w3.org/1999/xhtml" xml:lang="en" lang="en">
 <head>
  <title>
</title>
<meta http-equiv="Content-Type" content="text/html;charset=utf-8" />
  <meta name='ocr-system' content='tesseract 3.04.00' />
  <meta name='ocr-capabilities' content='ocr_page ocr_carea ocr_par ocr_line ocrx_word'/>
</head>
<body>
  <div class='ocr_page' id='page_1' title='image "./monumentaspecta02umjegoog_0815.png"; bbox 0 0 3620 5282; ppageno 0'>
   <div class='ocr_carea' id='block_1_1' title="bbox 574 340 3080 639">
    <p class='ocr_par' dir='ltr' id='par_1_1' title="bbox 574 340 3080 639">
     <span class='ocr_line' id='line_1_1' title="bbox 2951 340 3080 410; baseline 0.023 -3"><span class='ocrx_word' id='word_1_1' title='bbox 2951 340 3080 410; x_wconf 83' lang='lat'><strong>263</strong></span> 
     </span>
     <span class='ocr_line' id='line_1_2' title="bbox 574 533 2871 639; baseline -0 -19"><span class='ocrx_word' id='word_1_2' title='bbox 574 536 1209 620; x_wconf 79' lang='lat' dir='ltr'>CCCLXXVII.</span> <span class='ocrx_word' id='word_1_3' title='bbox 1265 535 1468 622; x_wconf 74' lang='lat' dir='ltr'><strong>Gon.</strong></span> <span class='ocrx_word' id='word_1_4' title='bbox 1524 537 1748 621; x_wconf 78' lang='lat'>1389.</span> <span class='ocrx_word' id='word_1_5' title='bbox 1805 535 1910 621; x_wconf 76' lang='lat'><strong>26</strong></span> <span class='ocrx_word' id='word_1_6' title='bbox 1962 533 2324 639; x_wconf 62' lang='lat' dir='ltr'><strong>veljabe,</strong></span> <span class='ocrx_word' id='word_1_7' title='bbox 2375 557 2437 618; x_wconf 89' lang='lat' dir='ltr'><strong>u</strong></span> <span class='ocrx_word' id='word_1_8' title='bbox 2478 536 2871 621; x_wconf 80' lang='lat' dir='ltr'><strong>Mletelh.</strong></span> 
     </span>
    </p>
   </div>
   <div class='ocr_carea' id='block_1_2' title="bbox 546 679 2893 759">
    <p class='ocr_par' dir='ltr' id='par_1_2' title="bbox 546 679 2893 759">
     <span class='ocr_line' id='line_1_3' title="bbox 546 679 2893 759; baseline 0.001 -17"><span class='ocrx_word' id='word_1_9' title='bbox 546 682 719 743; x_wconf 71' lang='lat' dir='ltr'><strong>Nelea</strong></span> <span class='ocrx_word' id='word_1_10' title='bbox 759 683 954 759; x_wconf 71' lang='grc' dir='ltr'><strong><em>ραῐϋα</em></strong></span> <span class='ocrx_word' id='word_1_11' title='bbox 987 682 1274 757; x_wconf 77' lang='lat' dir='ltr'><strong>prebrodi</strong></span> <span class='ocrx_word' id='word_1_12' title='bbox 1309 683 1624 756; x_wconf 80' lang='lat' dir='ltr'><strong>poszanike</strong></span> <span class='ocrx_word' id='word_1_13' title='bbox 1667 682 1878 743; x_wconf 75' lang='lat' dir='ltr'><strong>Dralfa</strong></span> <span class='ocrx_word' id='word_1_14' title='bbox 1921 683 1947 741; x_wconf 76' lang='lat' dir='ltr'><strong><em>i</em></strong></span> <span class='ocrx_word' id='word_1_15' title='bbox 1993 679 2261 742; x_wconf 77' lang='lat' dir='ltr'><strong>Avalone</strong></span> <span class='ocrx_word' id='word_1_16' title='bbox 2307 700 2349 742; x_wconf 79' lang='lat' dir='ltr'><em>u</em></span> <span class='ocrx_word' id='word_1_17' title='bbox 2392 682 2625 755; x_wconf 65' lang='lat' dir='ltr'><strong>njihove</strong></span> <span class='ocrx_word' id='word_1_18' title='bbox 2669 686 2893 745; x_wconf 72' lang='lat' dir='ltr'><strong>stram.</strong></span> 
     </span>
    </p>
   </div>
   <div class='ocr_carea' id='block_1_3' title="bbox 363 801 3085 1504">
    <p class='ocr_par' dir='ltr' id='par_1_3' title="bbox 363 801 3085 1504">
     <span class='ocr_line' id='line_1_4' title="bbox 572 801 3079 886; baseline 0 -19"><span class='ocrx_word' id='word_1_19' title='bbox 572 802 763 869; x_wconf 88' lang='lat'>1388.</span> <span class='ocrx_word' id='word_1_20' title='bbox 814 805 1146 870; x_wconf 80' lang='lat' dir='ltr'><strong>indictione</strong></span> <span class='ocrx_word' id='word_1_21' title='bbox 1193 803 1335 882; x_wconf 89' lang='lat' dir='ltr'><strong>XII,</strong></span> <span class='ocrx_word' id='word_1_22' title='bbox 1384 803 1480 869; x_wconf 91' lang='lat' dir='ltr'><strong>die</strong></span> <span class='ocrx_word' id='word_1_23' title='bbox 1527 803 1611 868; x_wconf 84' lang='grc'><strong>26</strong></span> <span class='ocrx_word' id='word_1_24' title='bbox 1659 802 1977 869; x_wconf 86' lang='lat' dir='ltr'><strong>februarii.</strong></span> <span class='ocrx_word' id='word_1_25' title='bbox 2031 803 2142 869; x_wconf 89' lang='lat' dir='ltr'><strong>Ser</strong></span> <span class='ocrx_word' id='word_1_26' title='bbox 2188 803 2404 868; x_wconf 89' lang='lat' dir='ltr'><strong>Victor</strong></span> <span class='ocrx_word' id='word_1_27' title='bbox 2449 801 2803 868; x_wconf 86' lang='lat' dir='ltr'><strong>Vallaresso</strong></span> <span class='ocrx_word' id='word_1_28' title='bbox 2836 802 3079 886; x_wconf 89' lang='lat' dir='ltr'><strong>sapiens</strong></span> 
     </span>
     <span class='ocr_line' id='line_1_5' title="bbox 365 890 3080 976; baseline -0 -19"><span class='ocrx_word' id='word_1_29' title='bbox 365 892 680 957; x_wconf 88' lang='lat' dir='ltr'><strong>ordinum.</strong></span> <span class='ocrx_word' id='word_1_30' title='bbox 728 890 955 975; x_wconf 84' lang='lat' dir='ltr'><strong>Capta:</strong></span> <span class='ocrx_word' id='word_1_31' title='bbox 1009 894 1170 976; x_wconf 88' lang='lat' dir='ltr'><strong>qnod</strong></span> <span class='ocrx_word' id='word_1_32' title='bbox 1220 893 1649 958; x_wconf 83' lang='lat' dir='ltr'><strong>ambaxatores</strong></span> <span class='ocrx_word' id='word_1_33' title='bbox 1695 893 2013 969; x_wconf 88' lang='lat' dir='ltr'><strong>Durachii,</strong></span> <span class='ocrx_word' id='word_1_34' title='bbox 2062 891 2165 974; x_wconf 90' lang='lat' dir='ltr'><strong>qui</strong></span> <span class='ocrx_word' id='word_1_35' title='bbox 2227 893 2329 957; x_wconf 90' lang='lat' dir='ltr'><strong>hic</strong></span> <span class='ocrx_word' id='word_1_36' title='bbox 2391 893 2555 968; x_wconf 92' lang='lat' dir='ltr'><strong>sunt,</strong></span> <span class='ocrx_word' id='word_1_37' title='bbox 2605 909 2860 973; x_wconf 88' lang='lat' dir='ltr'><strong>persone</strong></span> <span class='ocrx_word' id='word_1_38' title='bbox 2908 895 3080 957; x_wconf 87' lang='lat' dir='ltr'><strong>nota-</strong></span> 
     </span>
     <span class='ocr_line' id='line_1_6' title="bbox 366 979 3082 1064; baseline -0.001 -18"><span class='ocrx_word' id='word_1_39' title='bbox 366 981 526 1046; x_wconf 83' lang='lat' dir='ltr'><strong>biles</strong></span> <span class='ocrx_word' id='word_1_40' title='bbox 563 999 703 1045; x_wconf 92' lang='lat' dir='ltr'><strong>cum</strong></span> <span class='ocrx_word' id='word_1_41' title='bbox 753 1000 864 1045; x_wconf 89' lang='lat' dir='ltr'><strong>sua</strong></span> <span class='ocrx_word' id='word_1_42' title='bbox 904 980 1161 1060; x_wconf 82' lang='lat' dir='ltr'><strong>familia,</strong></span> <span class='ocrx_word' id='word_1_43' title='bbox 1210 983 1274 1046; x_wconf 90' lang='lat' dir='ltr'><strong>et</strong></span> <span class='ocrx_word' id='word_1_44' title='bbox 1319 981 1566 1064; x_wconf 88' lang='lat' dir='ltr'><strong>quidam</strong></span> <span class='ocrx_word' id='word_1_45' title='bbox 1623 981 1885 1045; x_wconf 91' lang='lat' dir='ltr'><strong>nuncius</strong></span> <span class='ocrx_word' id='word_1_46' title='bbox 1932 981 2177 1046; x_wconf 89' lang='lat' dir='ltr'><strong>domine</strong></span> <span class='ocrx_word' id='word_1_47' title='bbox 2209 979 2484 1045; x_wconf 85' lang='lat' dir='ltr'><strong>Avalone</strong></span> <span class='ocrx_word' id='word_1_48' title='bbox 2514 979 2733 1044; x_wconf 91' lang='lat' dir='ltr'><strong>intime</strong></span> <span class='ocrx_word' id='word_1_49' title='bbox 2763 979 3082 1045; x_wconf 79' lang='lat' dir='ltr'><strong>amatricis</strong></span> 
     </span>
     <span class='ocr_line' id='line_1_7' title="bbox 363 1066 3081 1153; baseline -0.001 -19"><span class='ocrx_word' id='word_1_50' title='bbox 363 1070 558 1134; x_wconf 84' lang='lat' dir='ltr'><strong>nostri</strong></span> <span class='ocrx_word' id='word_1_51' title='bbox 605 1068 880 1149; x_wconf 90' lang='lat' dir='ltr'><strong>dominii,</strong></span> <span class='ocrx_word' id='word_1_52' title='bbox 925 1070 1168 1153; x_wconf 88' lang='lat' dir='ltr'><strong>possint</strong></span> <span class='ocrx_word' id='word_1_53' title='bbox 1227 1069 1420 1134; x_wconf 86' lang='lat' dir='ltr'><strong>levari</strong></span> <span class='ocrx_word' id='word_1_54' title='bbox 1468 1087 1650 1152; x_wconf 91' lang='lat' dir='ltr'><strong>snper</strong></span> <span class='ocrx_word' id='word_1_55' title='bbox 1695 1070 1821 1133; x_wconf 86' lang='lat' dir='ltr'><strong>ista</strong></span> <span class='ocrx_word' id='word_1_56' title='bbox 1868 1070 2076 1134; x_wconf 84' lang='lat' dir='ltr'><strong>nostra</strong></span> <span class='ocrx_word' id='word_1_57' title='bbox 2135 1067 2314 1152; x_wconf 82' lang='lat' dir='ltr'>galea</span> <span class='ocrx_word' id='word_1_58' title='bbox 2360 1069 2606 1132; x_wconf 85' lang='lat' dir='ltr'><strong>armata</strong></span> <span class='ocrx_word' id='word_1_59' title='bbox 2653 1084 2794 1132; x_wconf 90' lang='lat' dir='ltr'><strong>cum</strong></span> <span class='ocrx_word' id='word_1_60' title='bbox 2843 1066 3081 1132; x_wconf 89' lang='lat' dir='ltr'><strong>levibus</strong></span> 
     </span>
     <span class='ocr_line' id='line_1_8' title="bbox 363 1155 3085 1238; baseline -0.001 -15"><span class='ocrx_word' id='word_1_61' title='bbox 363 1156 624 1223; x_wconf 88' lang='lat' dir='ltr'><strong>arnesiis</strong></span> <span class='ocrx_word' id='word_1_62' title='bbox 669 1156 798 1222; x_wconf 91' lang='lat' dir='ltr'><strong>suis</strong></span> <span class='ocrx_word' id='word_1_63' title='bbox 843 1163 906 1221; x_wconf 88' lang='lat' dir='ltr'><strong>et</strong></span> <span class='ocrx_word' id='word_1_64' title='bbox 950 1156 1208 1223; x_wconf 90' lang='lat' dir='ltr'><strong>conduci</strong></span> <span class='ocrx_word' id='word_1_65' title='bbox 1256 1158 1632 1223; x_wconf 87' lang='lat' dir='ltr'><strong>Durachinm</strong></span> <span class='ocrx_word' id='word_1_66' title='bbox 1681 1159 1745 1222; x_wconf 91' lang='lat' dir='ltr'><strong>et</strong></span> <span class='ocrx_word' id='word_1_67' title='bbox 1776 1156 2124 1222; x_wconf 86' lang='lat' dir='ltr'><strong>Avalonam</strong></span> <span class='ocrx_word' id='word_1_68' title='bbox 2159 1156 2255 1221; x_wconf 86' lang='lat' dir='ltr'><strong>vel</strong></span> <span class='ocrx_word' id='word_1_69' title='bbox 2286 1156 2364 1221; x_wconf 86' lang='lat' dir='ltr'><strong>ad</strong></span> <span class='ocrx_word' id='word_1_70' title='bbox 2397 1155 2508 1221; x_wconf 92' lang='lat' dir='ltr'><strong>illa</strong></span> <span class='ocrx_word' id='word_1_71' title='bbox 2537 1155 2689 1232; x_wconf 82' lang='lat' dir='ltr'><strong>loca,</strong></span> <span class='ocrx_word' id='word_1_72' title='bbox 2725 1175 2843 1238; x_wconf 91' lang='lat' dir='ltr'><strong>que</strong></span> <span class='ocrx_word' id='word_1_73' title='bbox 2877 1157 3085 1221; x_wconf 85' lang='lat' dir='ltr'><strong>essent</strong></span> 
     </span>
     <span class='ocr_line' id='line_1_9' title="bbox 366 1243 3082 1329; baseline -0.001 -19"><span class='ocrx_word' id='word_1_74' title='bbox 366 1245 566 1328; x_wconf 86' lang='lat' dir='ltr'><strong>magis</strong></span> <span class='ocrx_word' id='word_1_75' title='bbox 620 1244 950 1310; x_wconf 88' lang='lat' dir='ltr'><strong>accomoda</strong></span> <span class='ocrx_word' id='word_1_76' title='bbox 994 1245 1168 1329; x_wconf 82' lang='lat' dir='ltr'>galee</span> <span class='ocrx_word' id='word_1_77' title='bbox 1217 1245 1504 1329; x_wconf 82' lang='lat' dir='ltr'>predicte.</span> <span class='ocrx_word' id='word_1_78' title='bbox 1556 1245 1786 1310; x_wconf 90' lang='lat' dir='ltr'><strong>Verum</strong></span> <span class='ocrx_word' id='word_1_79' title='bbox 1835 1245 2165 1310; x_wconf 78' lang='lat' dir='ltr'><strong>comitatur</strong></span> <span class='ocrx_word' id='word_1_80' title='bbox 2222 1245 2618 1328; x_wconf 87' lang='lat' dir='ltr'><strong>supracomiti</strong></span> <span class='ocrx_word' id='word_1_81' title='bbox 2661 1245 2874 1326; x_wconf 78' lang='lat' dir='ltr'><strong>ipsine,</strong></span> <span class='ocrx_word' id='word_1_82' title='bbox 2923 1243 3082 1326; x_wconf 90' lang='lat' dir='ltr'><strong>qnod</strong></span> 
     </span>
     <span class='ocr_line' id='line_1_10' title="bbox 368 1331 3085 1417; baseline -0 -20"><span class='ocrx_word' id='word_1_83' title='bbox 368 1332 555 1399; x_wconf 84' lang='lat' dir='ltr'><strong>faciat</strong></span> <span class='ocrx_word' id='word_1_84' title='bbox 601 1351 899 1416; x_wconf 86' lang='lat' dir='ltr'><strong>expensas</strong></span> <span class='ocrx_word' id='word_1_85' title='bbox 944 1335 1065 1399; x_wconf 92' lang='lat' dir='ltr'><strong>oris</strong></span> <span class='ocrx_word' id='word_1_86' title='bbox 1111 1336 1436 1399; x_wconf 87' lang='lat' dir='ltr'><strong>ambaxate</strong></span> <span class='ocrx_word' id='word_1_87' title='bbox 1496 1333 1770 1417; x_wconf 77' lang='lat' dir='ltr'><strong>predicte</strong></span> <span class='ocrx_word' id='word_1_88' title='bbox 1824 1333 2119 1399; x_wconf 87' lang='lat' dir='ltr'><strong>Durachii</strong></span> <span class='ocrx_word' id='word_1_89' title='bbox 2183 1335 2245 1398; x_wconf 87' lang='lat' dir='ltr'><strong>et</strong></span> <span class='ocrx_word' id='word_1_90' title='bbox 2293 1351 2400 1398; x_wconf 88' lang='lat' dir='ltr'><strong>sue</strong></span> <span class='ocrx_word' id='word_1_91' title='bbox 2455 1332 2711 1413; x_wconf 88' lang='lat' dir='ltr'><strong>familie,</strong></span> <span class='ocrx_word' id='word_1_92' title='bbox 2781 1351 2897 1414; x_wconf 89' lang='lat' dir='ltr'><strong>qne</strong></span> <span class='ocrx_word' id='word_1_93' title='bbox 2961 1331 3085 1397; x_wconf 92' lang='lat' dir='ltr'><strong>sol-</strong></span> 
     </span>
     <span class='ocr_line' id='line_1_11' title="bbox 368 1421 2002 1504; baseline 0 -17"><span class='ocrx_word' id='word_1_94' title='bbox 368 1424 590 1487; x_wconf 80' lang='lat' dir='ltr'><strong>vantur</strong></span> <span class='ocrx_word' id='word_1_95' title='bbox 636 1441 743 1504; x_wconf 91' lang='lat' dir='ltr'><strong>per</strong></span> <span class='ocrx_word' id='word_1_96' title='bbox 787 1424 1066 1488; x_wconf 90' lang='lat' dir='ltr'><strong>nostrum</strong></span> <span class='ocrx_word' id='word_1_97' title='bbox 1112 1440 1453 1501; x_wconf 90' lang='lat' dir='ltr'><strong>commune,</strong></span> <span class='ocrx_word' id='word_1_98' title='bbox 1494 1424 1567 1486; x_wconf 90' lang='lat' dir='ltr'><strong>ut</strong></span> <span class='ocrx_word' id='word_1_99' title='bbox 1608 1423 1705 1487; x_wconf 87' lang='lat' dir='ltr'><strong>est</strong></span> <span class='ocrx_word' id='word_1_100' title='bbox 1748 1421 2002 1487; x_wconf 91' lang='lat' dir='ltr'><strong>iustum.</strong></span> 
     </span>
    </p>
   </div>
   <div class='ocr_carea' id='block_1_4' title="bbox 455 1526 1581 1601">
    <p class='ocr_par' dir='ltr' id='par_1_4' title="bbox 455 1526 1581 1601">
     <span class='ocr_line' id='line_1_12' title="bbox 455 1526 1581 1601; baseline 0.002 -12"><span class='ocrx_word' id='word_1_101' title='bbox 455 1530 636 1591; x_wconf 74' lang='lat' dir='ltr'><strong>Misti</strong></span> <span class='ocrx_word' id='word_1_102' title='bbox 684 1526 818 1590; x_wconf 89' lang='lat' dir='ltr'><strong>XL.</strong></span> <span class='ocrx_word' id='word_1_103' title='bbox 869 1532 1014 1601; x_wconf 79' lang='lat'><strong>154,</strong></span> <span class='ocrx_word' id='word_1_104' title='bbox 1058 1548 1103 1590; x_wconf 81' lang='lat' dir='ltr'><em>u</em></span> <span class='ocrx_word' id='word_1_105' title='bbox 1146 1531 1298 1592; x_wconf 78' lang='lat' dir='ltr'><strong>mlet.</strong></span> <span class='ocrx_word' id='word_1_106' title='bbox 1344 1531 1581 1592; x_wconf 79' lang='lat' dir='ltr'><strong>arkivu.</strong></span> 
     </span>
    </p>
   </div>
   <div class='ocr_carea' id='block_1_5' title="bbox 562 1718 2905 1823">
    <p class='ocr_par' dir='ltr' id='par_1_5' title="bbox 562 1718 2905 1823">
     <span class='ocr_line' id='line_1_13' title="bbox 562 1718 2905 1823; baseline -0.002 -19"><span class='ocrx_word' id='word_1_107' title='bbox 562 1718 1237 1806; x_wconf 81' lang='lat' dir='ltr'>CCCLXXVIII.</span> <span class='ocrx_word' id='word_1_108' title='bbox 1294 1720 1497 1804; x_wconf 79' lang='lat' dir='ltr'><strong>God.</strong></span> <span class='ocrx_word' id='word_1_109' title='bbox 1552 1721 1781 1805; x_wconf 78' lang='lat'>1389.</span> <span class='ocrx_word' id='word_1_110' title='bbox 1835 1720 1941 1804; x_wconf 76' lang='lat'><strong>26</strong></span> <span class='ocrx_word' id='word_1_111' title='bbox 1993 1718 2352 1823; x_wconf 64' lang='lat' dir='ltr'><strong>venaco,</strong></span> <span class='ocrx_word' id='word_1_112' title='bbox 2403 1740 2465 1802; x_wconf 89' lang='lat' dir='ltr'><strong>u</strong></span> <span class='ocrx_word' id='word_1_113' title='bbox 2517 1718 2905 1801; x_wconf 84' lang='lat' dir='ltr'><strong>Mletclh.</strong></span> 
     </span>
    </p>
   </div>
   <div class='ocr_carea' id='block_1_6' title="bbox 371 1863 3095 2120">
    <p class='ocr_par' dir='ltr' id='par_1_6' title="bbox 371 1863 3095 2120">
     <span class='ocr_line' id='line_1_14' title="bbox 373 1863 3095 1942; baseline -0 -17"><span class='ocrx_word' id='word_1_114' title='bbox 373 1863 645 1935; x_wconf 71' lang='grc' dir='ltr'><em>Βίεὲεηο,</em></span> <span class='ocrx_word' id='word_1_115' title='bbox 691 1865 770 1924; x_wconf 85' lang='lat' dir='ltr'><strong>da</strong></span> <span class='ocrx_word' id='word_1_116' title='bbox 817 1882 880 1926; x_wconf 81' lang='lat' dir='ltr'><strong>se</strong></span> <span class='ocrx_word' id='word_1_117' title='bbox 921 1868 1127 1941; x_wconf 68' lang='lat' dir='ltr'><strong>ustum·</strong></span> <span class='ocrx_word' id='word_1_118' title='bbox 1171 1867 1462 1942; x_wconf 71' lang='lat' dir='ltr'><strong>km&#39;eyinji</strong></span> <span class='ocrx_word' id='word_1_119' title='bbox 1505 1865 1773 1927; x_wconf 80' lang='lat' dir='ltr'><strong>Avalone</strong></span> <span class='ocrx_word' id='word_1_120' title='bbox 1812 1866 2004 1941; x_wconf 77' lang='lat' dir='ltr'><strong>jedan</strong></span> <span class='ocrx_word' id='word_1_121' title='bbox 2048 1863 2300 1927; x_wconf 69' lang='lat' dir='ltr'><strong>cruiani</strong></span> <span class='ocrx_word' id='word_1_122' title='bbox 2343 1865 2503 1936; x_wconf 78' lang='lat' dir='ltr'><strong>brod,</strong></span> <span class='ocrx_word' id='word_1_123' title='bbox 2544 1866 2568 1924; x_wconf 79' lang='lat' dir='ltr'><strong>i</strong></span> <span class='ocrx_word' id='word_1_124' title='bbox 2601 1865 2680 1924; x_wconf 85' lang='lat' dir='ltr'><strong>da</strong></span> <span class='ocrx_word' id='word_1_125' title='bbox 2716 1881 2779 1925; x_wconf 81' lang='lat' dir='ltr'><strong>se</strong></span> <span class='ocrx_word' id='word_1_126' title='bbox 2807 1865 2877 1936; x_wconf 68' lang='lat' dir='ltr'><strong>iu</strong></span> <span class='ocrx_word' id='word_1_127' title='bbox 2902 1865 3095 1938; x_wconf 74' lang='lat' dir='ltr'><strong>primi</strong></span> 
     </span>
     <span class='ocr_line' id='line_1_15' title="bbox 371 1953 3095 2120; baseline 0 -107"><span class='ocrx_word' id='word_1_128' title='bbox 371 1971 416 2013; x_wconf 81' lang='lat' dir='ltr'><em>u</em></span> <span class='ocrx_word' id='word_1_129' title='bbox 458 1954 752 2015; x_wconf 67' lang='lat' dir='ltr'><strong>mletacku</strong></span> <span class='ocrx_word' id='word_1_130' title='bbox 796 1955 1037 2027; x_wconf 64' lang='lat' dir='ltr'><strong>nascita,</strong></span> <span class='ocrx_word' id='word_1_131' title='bbox 1081 1957 1392 2016; x_wconf 80' lang='lat' dir='ltr'><strong>s·uvietom</strong></span> <span class='ocrx_word' id='word_1_132' title='bbox 1435 1954 2045 2120; x_wconf 44' lang='lat' dir='ltr'><strong>ipakgadzassesasin</strong></span> <span class='ocrx_word' id='word_1_133' title='bbox 2090 1955 2268 2015; x_wconf 82' lang='lat' dir='ltr'><strong>svake</strong></span> <span class='ocrx_word' id='word_1_134' title='bbox 2305 1955 2520 2031; x_wconf 74' lang='lat' dir='ltr'><strong>yodine</strong></span> <span class='ocrx_word' id='word_1_135' title='bbox 2541 1954 2724 2028; x_wconf 67' lang='lat' dir='ltr'><strong>prais·</strong></span> <span class='ocrx_word' id='word_1_136' title='bbox 2753 1955 2834 2013; x_wconf 78' lang='lat' dir='ltr'><strong>tri</strong></span> <span class='ocrx_word' id='word_1_137' title='bbox 2861 1953 3095 2014; x_wconf 67' lang='lat' dir='ltr'><strong>veslaca</strong></span> 
     </span>
    </p>
   </div>
   <div class='ocr_carea' id='block_1_7' title="bbox 344 2160 3120 4634">
    <p class='ocr_par' dir='ltr' id='par_1_7' title="bbox 344 2160 3120 4634">
     <span class='ocr_line' id='line_1_16' title="bbox 589 2160 3096 2248; baseline 0.002 -23"><span class='ocrx_word' id='word_1_138' title='bbox 589 2160 779 2228; x_wconf 90' lang='lat'>1389.</span> <span class='ocrx_word' id='word_1_139' title='bbox 816 2161 917 2227; x_wconf 92' lang='lat' dir='ltr'><strong>die</strong></span> <span class='ocrx_word' id='word_1_140' title='bbox 950 2162 1034 2227; x_wconf 80' lang='lat'><strong>26</strong></span> <span class='ocrx_word' id='word_1_141' title='bbox 1066 2162 1379 2229; x_wconf 89' lang='lat' dir='ltr'><strong>februarii.</strong></span> <span class='ocrx_word' id='word_1_142' title='bbox 1415 2161 1738 2247; x_wconf 81' lang='lat' dir='ltr'><strong>Sapientes</strong></span> <span class='ocrx_word' id='word_1_143' title='bbox 1769 2164 2079 2230; x_wconf 87' lang='lat' dir='ltr'><strong>ordinum.</strong></span> <span class='ocrx_word' id='word_1_144' title='bbox 2112 2161 2344 2246; x_wconf 81' lang='lat' dir='ltr'><strong>Capta:</strong></span> <span class='ocrx_word' id='word_1_145' title='bbox 2391 2181 2533 2228; x_wconf 92' lang='lat' dir='ltr'><strong>cum</strong></span> <span class='ocrx_word' id='word_1_146' title='bbox 2562 2162 2812 2248; x_wconf 87' lang='lat' dir='ltr'><strong>egregia</strong></span> <span class='ocrx_word' id='word_1_147' title='bbox 2843 2161 3096 2229; x_wconf 87' lang='lat' dir='ltr'><strong>domina</strong></span> 
     </span>
     <span class='ocr_line' id='line_1_17' title="bbox 380 2249 3094 2336; baseline 0 -20"><span class='ocrx_word' id='word_1_148' title='bbox 380 2249 656 2316; x_wconf 82' lang='lat' dir='ltr'><strong>Avalone</strong></span> <span class='ocrx_word' id='word_1_149' title='bbox 702 2268 810 2333; x_wconf 92' lang='lat' dir='ltr'><strong>per</strong></span> <span class='ocrx_word' id='word_1_150' title='bbox 850 2269 1030 2316; x_wconf 92' lang='lat' dir='ltr'><strong>snum</strong></span> <span class='ocrx_word' id='word_1_151' title='bbox 1096 2251 1557 2317; x_wconf 85' lang='lat' dir='ltr'><strong>ambaxatorem</strong></span> <span class='ocrx_word' id='word_1_152' title='bbox 1629 2253 1954 2319; x_wconf 88' lang='lat' dir='ltr'><strong>humiliter</strong></span> <span class='ocrx_word' id='word_1_153' title='bbox 2025 2251 2244 2336; x_wconf 86' lang='lat' dir='ltr'><strong>exponi</strong></span> <span class='ocrx_word' id='word_1_154' title='bbox 2290 2251 2507 2317; x_wconf 87' lang='lat' dir='ltr'><strong>fecerit</strong></span> <span class='ocrx_word' id='word_1_155' title='bbox 2550 2254 2758 2317; x_wconf 91' lang='lat' dir='ltr'><strong>nostro</strong></span> <span class='ocrx_word' id='word_1_156' title='bbox 2805 2251 3094 2333; x_wconf 90' lang='lat' dir='ltr'><strong>dominio,</strong></span> 
     </span>
     <span class='ocr_line' id='line_1_18' title="bbox 380 2338 3095 2423; baseline 0.002 -21"><span class='ocrx_word' id='word_1_157' title='bbox 380 2338 544 2422; x_wconf 90' lang='lat' dir='ltr'><strong>qnod</strong></span> <span class='ocrx_word' id='word_1_158' title='bbox 590 2339 845 2402; x_wconf 82' lang='lat' dir='ltr'><strong>attentis</strong></span> <span class='ocrx_word' id='word_1_159' title='bbox 892 2339 1227 2405; x_wconf 86' lang='lat' dir='ltr'><strong>insultibus</strong></span> <span class='ocrx_word' id='word_1_160' title='bbox 1272 2341 1654 2406; x_wconf 86' lang='lat' dir='ltr'><strong>Turchornm</strong></span> <span class='ocrx_word' id='word_1_161' title='bbox 1703 2344 1768 2407; x_wconf 91' lang='lat' dir='ltr'><strong>et</strong></span> <span class='ocrx_word' id='word_1_162' title='bbox 1812 2341 2096 2416; x_wconf 89' lang='lat' dir='ltr'><strong>aliorum,</strong></span> <span class='ocrx_word' id='word_1_163' title='bbox 2144 2341 2247 2423; x_wconf 93' lang='lat' dir='ltr'><strong>qui</strong></span> <span class='ocrx_word' id='word_1_164' title='bbox 2291 2359 2426 2406; x_wconf 89' lang='lat' dir='ltr'><strong>eam</strong></span> <span class='ocrx_word' id='word_1_165' title='bbox 2475 2342 2538 2406; x_wconf 91' lang='lat' dir='ltr'><strong>et</strong></span> <span class='ocrx_word' id='word_1_166' title='bbox 2566 2360 2664 2406; x_wconf 90' lang='lat' dir='ltr'><strong>res</strong></span> <span class='ocrx_word' id='word_1_167' title='bbox 2698 2358 2841 2405; x_wconf 88' lang='lat' dir='ltr'><strong>snas</strong></span> <span class='ocrx_word' id='word_1_168' title='bbox 2875 2342 3095 2407; x_wconf 90' lang='lat' dir='ltr'><strong>moles·</strong></span> 
     </span>
     <span class='ocr_line' id='line_1_19' title="bbox 380 2428 3099 2513; baseline 0.002 -23"><span class='ocrx_word' id='word_1_169' title='bbox 380 2431 510 2491; x_wconf 87' lang='lat' dir='ltr'><strong>tare</strong></span> <span class='ocrx_word' id='word_1_170' title='bbox 553 2444 672 2490; x_wconf 93' lang='lat' dir='ltr'><strong>non</strong></span> <span class='ocrx_word' id='word_1_171' title='bbox 718 2431 998 2498; x_wconf 79' lang='lat' dir='ltr'><strong>cessant:</strong></span> <span class='ocrx_word' id='word_1_172' title='bbox 1048 2428 1434 2494; x_wconf 89' lang='lat' dir='ltr'><strong>considerata</strong></span> <span class='ocrx_word' id='word_1_173' title='bbox 1477 2429 1797 2496; x_wconf 86' lang='lat' dir='ltr'><strong>affectione</strong></span> <span class='ocrx_word' id='word_1_174' title='bbox 1844 2430 2137 2506; x_wconf 81' lang='lat' dir='ltr'><strong>maxima,</strong></span> <span class='ocrx_word' id='word_1_175' title='bbox 2185 2448 2368 2513; x_wconf 93' lang='lat' dir='ltr'><strong>qnam</strong></span> <span class='ocrx_word' id='word_1_176' title='bbox 2416 2429 2636 2494; x_wconf 87' lang='lat' dir='ltr'><strong>habuit</strong></span> <span class='ocrx_word' id='word_1_177' title='bbox 2680 2431 2741 2494; x_wconf 91' lang='lat' dir='ltr'><strong>et</strong></span> <span class='ocrx_word' id='word_1_178' title='bbox 2787 2428 2978 2494; x_wconf 89' lang='lat' dir='ltr'><strong>habet</strong></span> <span class='ocrx_word' id='word_1_179' title='bbox 3020 2430 3099 2496; x_wconf 85' lang='lat' dir='ltr'><strong>ad</strong></span> 
     </span>
     <span class='ocr_line' id='line_1_20' title="bbox 379 2514 3099 2601; baseline 0.002 -24"><span class='ocrx_word' id='word_1_180' title='bbox 379 2514 675 2579; x_wconf 88' lang='lat' dir='ltr'><strong>honorem</strong></span> <span class='ocrx_word' id='word_1_181' title='bbox 721 2515 914 2580; x_wconf 88' lang='lat' dir='ltr'><strong>nostri</strong></span> <span class='ocrx_word' id='word_1_182' title='bbox 958 2516 1236 2594; x_wconf 91' lang='lat' dir='ltr'><strong>dominii,</strong></span> <span class='ocrx_word' id='word_1_183' title='bbox 1284 2518 1568 2601; x_wconf 88' lang='lat' dir='ltr'><strong>qnodque</strong></span> <span class='ocrx_word' id='word_1_184' title='bbox 1615 2519 1884 2584; x_wconf 87' lang='lat' dir='ltr'><strong>intendit</strong></span> <span class='ocrx_word' id='word_1_185' title='bbox 1930 2538 1995 2584; x_wconf 91' lang='lat' dir='ltr'><strong>se</strong></span> <span class='ocrx_word' id='word_1_186' title='bbox 2041 2520 2248 2583; x_wconf 88' lang='lat' dir='ltr'><strong>tenere</strong></span> <span class='ocrx_word' id='word_1_187' title='bbox 2293 2518 2357 2582; x_wconf 87' lang='lat' dir='ltr'><strong>et</strong></span> <span class='ocrx_word' id='word_1_188' title='bbox 2401 2518 2562 2582; x_wconf 91' lang='lat' dir='ltr'><strong>tueri</strong></span> <span class='ocrx_word' id='word_1_189' title='bbox 2608 2518 2724 2582; x_wconf 92' lang='lat' dir='ltr'><strong>snb</strong></span> <span class='ocrx_word' id='word_1_190' title='bbox 2758 2518 3003 2582; x_wconf 90' lang='lat' dir='ltr'><strong>nomine</strong></span> <span class='ocrx_word' id='word_1_191' title='bbox 3036 2518 3099 2583; x_wconf 88' lang='lat' dir='ltr'><strong>et</strong></span> 
     </span>
     <span class='ocr_line' id='line_1_21' title="bbox 375 2603 3098 2691; baseline 0.001 -22"><span class='ocrx_word' id='word_1_192' title='bbox 375 2603 757 2687; x_wconf 85' lang='lat' dir='ltr'><strong>protectione</strong></span> <span class='ocrx_word' id='word_1_193' title='bbox 826 2606 1023 2671; x_wconf 89' lang='lat' dir='ltr'><strong>nostri</strong></span> <span class='ocrx_word' id='word_1_194' title='bbox 1098 2605 1375 2686; x_wconf 90' lang='lat' dir='ltr'><strong>dominii,</strong></span> <span class='ocrx_word' id='word_1_195' title='bbox 1445 2607 1719 2691; x_wconf 81' lang='lat' dir='ltr'><strong>placeret</strong></span> <span class='ocrx_word' id='word_1_196' title='bbox 1765 2607 1961 2686; x_wconf 82' lang='lat' dir='ltr'><strong>nobie,</strong></span> <span class='ocrx_word' id='word_1_197' title='bbox 2018 2607 2177 2691; x_wconf 90' lang='lat' dir='ltr'><strong>quod</strong></span> <span class='ocrx_word' id='word_1_198' title='bbox 2222 2607 2420 2690; x_wconf 85' lang='lat' dir='ltr'><strong>possit</strong></span> <span class='ocrx_word' id='word_1_199' title='bbox 2464 2624 2667 2672; x_wconf 89' lang='lat' dir='ltr'><strong>emere</strong></span> <span class='ocrx_word' id='word_1_200' title='bbox 2713 2604 2777 2670; x_wconf 92' lang='lat' dir='ltr'><strong>in</strong></span> <span class='ocrx_word' id='word_1_201' title='bbox 2820 2605 3098 2674; x_wconf 89' lang='lat' dir='ltr'><strong>Venetiis</strong></span> 
     </span>
     <span class='ocr_line' id='line_1_22' title="bbox 377 2691 3101 2780; baseline 0.001 -24"><span class='ocrx_word' id='word_1_202' title='bbox 377 2712 570 2757; x_wconf 91' lang='lat' dir='ltr'><strong>unum</strong></span> <span class='ocrx_word' id='word_1_203' title='bbox 618 2691 1040 2776; x_wconf 83' lang='lat' dir='ltr'><strong>brigantinum</strong></span> <span class='ocrx_word' id='word_1_204' title='bbox 1087 2714 1196 2778; x_wconf 88' lang='lat' dir='ltr'><strong>pro</strong></span> <span class='ocrx_word' id='word_1_205' title='bbox 1243 2696 1563 2773; x_wconf 86' lang='lat' dir='ltr'><strong>armand0,</strong></span> <span class='ocrx_word' id='word_1_206' title='bbox 1636 2698 1710 2762; x_wconf 90' lang='lat' dir='ltr'><strong>ut</strong></span> <span class='ocrx_word' id='word_1_207' title='bbox 1752 2696 1952 2780; x_wconf 88' lang='lat' dir='ltr'><strong>possit</strong></span> <span class='ocrx_word' id='word_1_208' title='bbox 2017 2696 2368 2761; x_wconf 86' lang='lat' dir='ltr'><strong>substinere</strong></span> <span class='ocrx_word' id='word_1_209' title='bbox 2413 2697 2477 2761; x_wconf 89' lang='lat' dir='ltr'><strong>et</strong></span> <span class='ocrx_word' id='word_1_210' title='bbox 2523 2712 2883 2760; x_wconf 85' lang='lat' dir='ltr'><strong>conservare</strong></span> <span class='ocrx_word' id='word_1_211' title='bbox 2930 2713 2996 2761; x_wconf 90' lang='lat' dir='ltr'><strong>se</strong></span> <span class='ocrx_word' id='word_1_212' title='bbox 3037 2697 3101 2761; x_wconf 88' lang='lat' dir='ltr'><strong>et</strong></span> 
     </span>
     <span class='ocr_line' id='line_1_23' title="bbox 376 2781 3102 2869; baseline 0.001 -24"><span class='ocrx_word' id='word_1_213' title='bbox 376 2781 513 2846; x_wconf 92' lang='lat' dir='ltr'><strong>loca</strong></span> <span class='ocrx_word' id='word_1_214' title='bbox 580 2798 695 2846; x_wconf 85' lang='lat' dir='ltr'><strong>sna</strong></span> <span class='ocrx_word' id='word_1_215' title='bbox 756 2781 835 2847; x_wconf 88' lang='lat' dir='ltr'><strong>ad</strong></span> <span class='ocrx_word' id='word_1_216' title='bbox 896 2784 1175 2848; x_wconf 90' lang='lat' dir='ltr'><strong>nostrum</strong></span> <span class='ocrx_word' id='word_1_217' title='bbox 1243 2784 1555 2849; x_wconf 91' lang='lat' dir='ltr'><strong>honorem.</strong></span> <span class='ocrx_word' id='word_1_218' title='bbox 1646 2785 1919 2869; x_wconf 87' lang='lat' dir='ltr'><strong>Insuper,</strong></span> <span class='ocrx_word' id='word_1_219' title='bbox 1988 2785 2146 2869; x_wconf 92' lang='lat' dir='ltr'><strong>quod</strong></span> <span class='ocrx_word' id='word_1_220' title='bbox 2206 2783 2452 2868; x_wconf 88' lang='lat' dir='ltr'><strong>placeat</strong></span> <span class='ocrx_word' id='word_1_221' title='bbox 2511 2783 2689 2848; x_wconf 91' lang='lat' dir='ltr'><strong>nobis</strong></span> <span class='ocrx_word' id='word_1_222' title='bbox 2736 2782 2933 2848; x_wconf 87' lang='lat' dir='ltr'><strong>facere</strong></span> <span class='ocrx_word' id='word_1_223' title='bbox 2979 2782 3102 2849; x_wconf 90' lang='lat' dir='ltr'><strong>sibi</strong></span> 
     </span>
     <span class='ocr_line' id='line_1_24' title="bbox 378 2869 3102 2957; baseline 0.001 -24"><span class='ocrx_word' id='word_1_224' title='bbox 378 2869 623 2934; x_wconf 84' lang='lat' dir='ltr'><strong>litteras</strong></span> <span class='ocrx_word' id='word_1_225' title='bbox 671 2873 912 2935; x_wconf 89' lang='lat' dir='ltr'><strong>nostras</strong></span> <span class='ocrx_word' id='word_1_226' title='bbox 959 2872 1241 2954; x_wconf 85' lang='lat' dir='ltr'><strong>patentes</strong></span> <span class='ocrx_word' id='word_1_227' title='bbox 1287 2891 1395 2955; x_wconf 93' lang='lat' dir='ltr'><strong>pro</strong></span> <span class='ocrx_word' id='word_1_228' title='bbox 1443 2873 1577 2956; x_wconf 89' lang='lat' dir='ltr'><strong>ipsa</strong></span> <span class='ocrx_word' id='word_1_229' title='bbox 1624 2873 1873 2938; x_wconf 90' lang='lat' dir='ltr'><strong>domina</strong></span> <span class='ocrx_word' id='word_1_230' title='bbox 1918 2875 1981 2938; x_wconf 91' lang='lat' dir='ltr'><strong>et</strong></span> <span class='ocrx_word' id='word_1_231' title='bbox 2026 2872 2292 2937; x_wconf 89' lang='lat' dir='ltr'><strong>subditis</strong></span> <span class='ocrx_word' id='word_1_232' title='bbox 2339 2873 2489 2948; x_wconf 71' lang='lat' dir='ltr'><strong>sniS,</strong></span> <span class='ocrx_word' id='word_1_233' title='bbox 2530 2871 2801 2954; x_wconf 90' lang='lat' dir='ltr'><strong>qualiter</strong></span> <span class='ocrx_word' id='word_1_234' title='bbox 2833 2870 2971 2957; x_wconf 88' lang='lat' dir='ltr'><strong>ipsa</strong></span> <span class='ocrx_word' id='word_1_235' title='bbox 3007 2873 3102 2937; x_wconf 89' lang='lat' dir='ltr'><strong>est</strong></span> 
     </span>
     <span class='ocr_line' id='line_1_25' title="bbox 382 2957 3105 3043; baseline 0.001 -21"><span class='ocrx_word' id='word_1_236' title='bbox 382 2957 498 3023; x_wconf 92' lang='lat' dir='ltr'><strong>snb</strong></span> <span class='ocrx_word' id='word_1_237' title='bbox 547 2960 924 3040; x_wconf 90' lang='lat' dir='ltr'><strong>protectione</strong></span> <span class='ocrx_word' id='word_1_238' title='bbox 972 2961 1036 3024; x_wconf 91' lang='lat' dir='ltr'><strong>et</strong></span> <span class='ocrx_word' id='word_1_239' title='bbox 1081 2959 1431 3025; x_wconf 91' lang='lat' dir='ltr'><strong>obedientia</strong></span> <span class='ocrx_word' id='word_1_240' title='bbox 1477 2963 1707 3040; x_wconf 86' lang='lat' dir='ltr'><strong>nostra,</strong></span> <span class='ocrx_word' id='word_1_241' title='bbox 1756 2980 1832 3027; x_wconf 90' lang='lat' dir='ltr'><strong>ne</strong></span> <span class='ocrx_word' id='word_1_242' title='bbox 1898 2959 2263 3025; x_wconf 89' lang='lat' dir='ltr'><strong>molestetur</strong></span> <span class='ocrx_word' id='word_1_243' title='bbox 2327 2977 2358 3024; x_wconf 86' lang='lat' dir='ltr'><strong>a</strong></span> <span class='ocrx_word' id='word_1_244' title='bbox 2424 2977 2825 3043; x_wconf 91' lang='lat' dir='ltr'><strong>quocumque.</strong></span> <span class='ocrx_word' id='word_1_245' title='bbox 2893 2959 3105 3025; x_wconf 86' lang='lat' dir='ltr'><strong>Etiam</strong></span> 
     </span>
     <span class='ocr_line' id='line_1_26' title="bbox 380 3046 3105 3134; baseline 0.001 -23"><span class='ocrx_word' id='word_1_246' title='bbox 380 3046 511 3129; x_wconf 90' lang='lat' dir='ltr'><strong>ipse</strong></span> <span class='ocrx_word' id='word_1_247' title='bbox 557 3048 920 3113; x_wconf 84' lang='lat' dir='ltr'><strong>ambaxator</strong></span> <span class='ocrx_word' id='word_1_248' title='bbox 964 3066 1031 3112; x_wconf 91' lang='lat' dir='ltr'><strong>se</strong></span> <span class='ocrx_word' id='word_1_249' title='bbox 1075 3048 1275 3125; x_wconf 86' lang='lat' dir='ltr'><strong>offert,</strong></span> <span class='ocrx_word' id='word_1_250' title='bbox 1324 3050 1483 3132; x_wconf 90' lang='lat' dir='ltr'><strong>quod</strong></span> <span class='ocrx_word' id='word_1_251' title='bbox 1532 3048 1737 3129; x_wconf 89' lang='lat' dir='ltr'><strong>faciet,</strong></span> <span class='ocrx_word' id='word_1_252' title='bbox 1777 3049 1938 3134; x_wconf 85' lang='lat' dir='ltr'><strong>quod</strong></span> <span class='ocrx_word' id='word_1_253' title='bbox 1985 3050 2121 3131; x_wconf 90' lang='lat' dir='ltr'><strong>ipsa</strong></span> <span class='ocrx_word' id='word_1_254' title='bbox 2175 3048 2424 3113; x_wconf 90' lang='lat' dir='ltr'><strong>domina</strong></span> <span class='ocrx_word' id='word_1_255' title='bbox 2481 3049 2544 3113; x_wconf 92' lang='lat' dir='ltr'><strong>in</strong></span> <span class='ocrx_word' id='word_1_256' title='bbox 2611 3048 3105 3131; x_wconf 87' lang='lat' dir='ltr'><strong>recognotionem</strong></span> 
     </span>
     <span class='ocr_line' id='line_1_27' title="bbox 379 3132 3106 3203; baseline 0.001 -5"><span class='ocrx_word' id='word_1_257' title='bbox 379 3132 561 3199; x_wconf 89' lang='lat' dir='ltr'><strong>Sasni</strong></span> <span class='ocrx_word' id='word_1_258' title='bbox 607 3153 642 3199; x_wconf 91' lang='lat' dir='ltr'><strong>a</strong></span> <span class='ocrx_word' id='word_1_259' title='bbox 688 3137 901 3200; x_wconf 90' lang='lat' dir='ltr'><strong>nostro</strong></span> <span class='ocrx_word' id='word_1_260' title='bbox 948 3136 1221 3201; x_wconf 89' lang='lat' dir='ltr'><strong>dominio</strong></span> <span class='ocrx_word' id='word_1_261' title='bbox 1268 3138 1388 3202; x_wconf 90' lang='lat' dir='ltr'><strong>erit</strong></span> <span class='ocrx_word' id='word_1_262' title='bbox 1434 3140 1727 3203; x_wconf 88' lang='lat' dir='ltr'><strong>contenta</strong></span> <span class='ocrx_word' id='word_1_263' title='bbox 1771 3138 1848 3202; x_wconf 93' lang='lat' dir='ltr'><strong>de</strong></span> <span class='ocrx_word' id='word_1_264' title='bbox 1893 3136 2097 3203; x_wconf 87' lang='lat' dir='ltr'><strong>dando</strong></span> <span class='ocrx_word' id='word_1_265' title='bbox 2142 3136 2312 3202; x_wconf 93' lang='lat' dir='ltr'><strong>omni</strong></span> <span class='ocrx_word' id='word_1_266' title='bbox 2357 3154 2515 3202; x_wconf 91' lang='lat' dir='ltr'><strong>auno</strong></span> <span class='ocrx_word' id='word_1_267' title='bbox 2560 3140 2688 3201; x_wconf 88' lang='lat' dir='ltr'><strong>tres</strong></span> <span class='ocrx_word' id='word_1_268' title='bbox 2734 3155 2807 3201; x_wconf 80' lang='lat' dir='ltr'><strong>ex</strong></span> <span class='ocrx_word' id='word_1_269' title='bbox 2839 3137 2967 3202; x_wconf 90' lang='lat' dir='ltr'><strong>suis</strong></span> <span class='ocrx_word' id='word_1_270' title='bbox 2997 3137 3106 3202; x_wconf 87' lang='lat' dir='ltr'><strong>ho-</strong></span> 
     </span>
     <span class='ocr_line' id='line_1_28' title="bbox 381 3221 3106 3310; baseline 0.001 -23"><span class='ocrx_word' id='word_1_271' title='bbox 381 3221 650 3287; x_wconf 89' lang='lat' dir='ltr'><strong>minibus</strong></span> <span class='ocrx_word' id='word_1_272' title='bbox 726 3241 763 3288; x_wconf 91' lang='lat' dir='ltr'><strong>a</strong></span> <span class='ocrx_word' id='word_1_273' title='bbox 837 3242 1010 3290; x_wconf 90' lang='lat' dir='ltr'><strong>remo</strong></span> <span class='ocrx_word' id='word_1_274' title='bbox 1081 3225 1403 3309; x_wconf 82' lang='lat' dir='ltr'><strong>capitaneo</strong></span> <span class='ocrx_word' id='word_1_275' title='bbox 1465 3228 1676 3292; x_wconf 90' lang='lat' dir='ltr'><strong>nostro</strong></span> <span class='ocrx_word' id='word_1_276' title='bbox 1733 3226 1898 3303; x_wconf 87' lang='lat' dir='ltr'><strong>culfi,</strong></span> <span class='ocrx_word' id='word_1_277' title='bbox 1945 3225 2048 3310; x_wconf 92' lang='lat' dir='ltr'><strong>qui</strong></span> <span class='ocrx_word' id='word_1_278' title='bbox 2096 3225 2354 3291; x_wconf 88' lang='lat' dir='ltr'><strong>stabunt</strong></span> <span class='ocrx_word' id='word_1_279' title='bbox 2399 3243 2585 3309; x_wconf 91' lang='lat' dir='ltr'><strong>super</strong></span> <span class='ocrx_word' id='word_1_280' title='bbox 2632 3223 2829 3309; x_wconf 86' lang='lat' dir='ltr'><strong>galeis</strong></span> <span class='ocrx_word' id='word_1_281' title='bbox 2874 3224 3106 3290; x_wconf 89' lang='lat' dir='ltr'><strong>nostris</strong></span> 
     </span>
     <span class='ocr_line' id='line_1_29' title="bbox 380 3309 3107 3396; baseline 0.001 -21"><span class='ocrx_word' id='word_1_282' title='bbox 380 3310 547 3389; x_wconf 85' lang='lat' dir='ltr'><strong>culfi,</strong></span> <span class='ocrx_word' id='word_1_283' title='bbox 594 3309 787 3377; x_wconf 88' lang='lat' dir='ltr'><strong>donec</strong></span> <span class='ocrx_word' id='word_1_284' title='bbox 826 3313 945 3376; x_wconf 87' lang='lat' dir='ltr'><strong>erit</strong></span> <span class='ocrx_word' id='word_1_285' title='bbox 994 3313 1056 3377; x_wconf 91' lang='lat' dir='ltr'><strong>in</strong></span> <span class='ocrx_word' id='word_1_286' title='bbox 1102 3315 1245 3379; x_wconf 85' lang='lat' dir='ltr'><strong>actu</strong></span> <span class='ocrx_word' id='word_1_287' title='bbox 1292 3314 1585 3380; x_wconf 91' lang='lat' dir='ltr'><strong>redeundi</strong></span> <span class='ocrx_word' id='word_1_288' title='bbox 1633 3315 1943 3392; x_wconf 89' lang='lat' dir='ltr'><strong>Venetias,</strong></span> <span class='ocrx_word' id='word_1_289' title='bbox 1995 3317 2059 3380; x_wconf 92' lang='lat' dir='ltr'><strong>et</strong></span> <span class='ocrx_word' id='word_1_290' title='bbox 2103 3315 2362 3378; x_wconf 91' lang='lat' dir='ltr'><strong>stabunt</strong></span> <span class='ocrx_word' id='word_1_291' title='bbox 2406 3313 2484 3378; x_wconf 85' lang='lat' dir='ltr'><strong>ad</strong></span> <span class='ocrx_word' id='word_1_292' title='bbox 2547 3331 2841 3396; x_wconf 88' lang='lat' dir='ltr'><strong>expensas</strong></span> <span class='ocrx_word' id='word_1_293' title='bbox 2908 3314 3107 3395; x_wconf 91' lang='lat' dir='ltr'><strong>ipsius</strong></span> 
     </span>
     <span class='ocr_line' id='line_1_30' title="bbox 379 3397 3107 3485; baseline 0.001 -22"><span class='ocrx_word' id='word_1_294' title='bbox 379 3397 627 3465; x_wconf 90' lang='lat' dir='ltr'><strong>domine</strong></span> <span class='ocrx_word' id='word_1_295' title='bbox 674 3397 751 3463; x_wconf 92' lang='lat' dir='ltr'><strong>de</strong></span> <span class='ocrx_word' id='word_1_296' title='bbox 793 3399 999 3476; x_wconf 88' lang='lat' dir='ltr'><strong>soldo;</strong></span> <span class='ocrx_word' id='word_1_297' title='bbox 1042 3401 1217 3466; x_wconf 85' lang='lat' dir='ltr'><strong>vadit</strong></span> <span class='ocrx_word' id='word_1_298' title='bbox 1259 3421 1422 3485; x_wconf 76' lang='lat' dir='ltr'><strong>pare,</strong></span> <span class='ocrx_word' id='word_1_299' title='bbox 1468 3403 1859 3469; x_wconf 89' lang='lat' dir='ltr'><strong>considerata</strong></span> <span class='ocrx_word' id='word_1_300' title='bbox 1891 3402 2249 3469; x_wconf 86' lang='lat' dir='ltr'><strong>sinceritate</strong></span> <span class='ocrx_word' id='word_1_301' title='bbox 2280 3406 2343 3467; x_wconf 87' lang='lat' dir='ltr'><strong>et</strong></span> <span class='ocrx_word' id='word_1_302' title='bbox 2374 3401 2675 3467; x_wconf 86' lang='lat' dir='ltr'><strong>laudabili</strong></span> <span class='ocrx_word' id='word_1_303' title='bbox 2705 3400 3107 3484; x_wconf 89' lang='lat' dir='ltr'><strong>dispositione</strong></span> 
     </span>
     <span class='ocr_line' id='line_1_31' title="bbox 382 3486 3110 3576; baseline 0 -24"><span class='ocrx_word' id='word_1_304' title='bbox 382 3488 578 3570; x_wconf 87' lang='lat' dir='ltr'><strong>ipsius</strong></span> <span class='ocrx_word' id='word_1_305' title='bbox 625 3486 893 3567; x_wconf 90' lang='lat' dir='ltr'><strong>domine,</strong></span> <span class='ocrx_word' id='word_1_306' title='bbox 941 3490 1099 3571; x_wconf 91' lang='lat' dir='ltr'><strong>quod</strong></span> <span class='ocrx_word' id='word_1_307' title='bbox 1146 3490 1257 3555; x_wconf 89' lang='lat' dir='ltr'><strong>fiat</strong></span> <span class='ocrx_word' id='word_1_308' title='bbox 1301 3491 1441 3568; x_wconf 89' lang='lat' dir='ltr'><strong>sibi,</strong></span> <span class='ocrx_word' id='word_1_309' title='bbox 1491 3493 1653 3557; x_wconf 87' lang='lat' dir='ltr'><strong>sicut</strong></span> <span class='ocrx_word' id='word_1_310' title='bbox 1693 3493 1872 3576; x_wconf 89' lang='lat' dir='ltr'><strong>petit,</strong></span> <span class='ocrx_word' id='word_1_311' title='bbox 1907 3490 2219 3568; x_wconf 86' lang='lat' dir='ltr'><strong>videlicet,</strong></span> <span class='ocrx_word' id='word_1_312' title='bbox 2254 3492 2412 3575; x_wconf 91' lang='lat' dir='ltr'><strong>quod</strong></span> <span class='ocrx_word' id='word_1_313' title='bbox 2449 3491 2650 3573; x_wconf 88' lang='lat' dir='ltr'><strong>possit</strong></span> <span class='ocrx_word' id='word_1_314' title='bbox 2680 3509 2882 3555; x_wconf 91' lang='lat' dir='ltr'><strong>emere</strong></span> <span class='ocrx_word' id='word_1_315' title='bbox 2917 3509 3110 3554; x_wconf 88' lang='lat' dir='ltr'><strong>unum</strong></span> 
     </span>
     <span class='ocr_line' id='line_1_32' title="bbox 384 3575 3118 3661; baseline 0 -19"><span class='ocrx_word' id='word_1_316' title='bbox 384 3575 807 3659; x_wconf 82' lang='lat' dir='ltr'><strong>brigantinum</strong></span> <span class='ocrx_word' id='word_1_317' title='bbox 883 3578 948 3643; x_wconf 92' lang='lat' dir='ltr'><strong>in</strong></span> <span class='ocrx_word' id='word_1_318' title='bbox 1016 3578 1317 3657; x_wconf 89' lang='lat' dir='ltr'><strong>Venetiis,</strong></span> <span class='ocrx_word' id='word_1_319' title='bbox 1379 3582 1444 3644; x_wconf 91' lang='lat' dir='ltr'><strong>et</strong></span> <span class='ocrx_word' id='word_1_320' title='bbox 1502 3579 1760 3646; x_wconf 90' lang='lat' dir='ltr'><strong>conduci</strong></span> <span class='ocrx_word' id='word_1_321' title='bbox 1824 3580 2024 3646; x_wconf 87' lang='lat' dir='ltr'><strong>facere</strong></span> <span class='ocrx_word' id='word_1_322' title='bbox 2081 3598 2225 3644; x_wconf 91' lang='lat' dir='ltr'><strong>eum</strong></span> <span class='ocrx_word' id='word_1_323' title='bbox 2281 3578 2359 3643; x_wconf 85' lang='lat' dir='ltr'><strong>ad</strong></span> <span class='ocrx_word' id='word_1_324' title='bbox 2422 3581 2631 3661; x_wconf 88' lang='lat' dir='ltr'><strong>partes</strong></span> <span class='ocrx_word' id='word_1_325' title='bbox 2677 3576 2952 3644; x_wconf 84' lang='lat' dir='ltr'><strong>Avalone</strong></span> <span class='ocrx_word' id='word_1_326' title='bbox 3000 3597 3118 3661; x_wconf 84' lang='lat' dir='ltr'><strong>pro</strong></span> 
     </span>
     <span class='ocr_line' id='line_1_33' title="bbox 380 3665 3111 3750; baseline 0.001 -21"><span class='ocrx_word' id='word_1_327' title='bbox 380 3665 842 3730; x_wconf 86' lang='lat' dir='ltr'><strong>conservatione</strong></span> <span class='ocrx_word' id='word_1_328' title='bbox 903 3674 968 3730; x_wconf 84' lang='lat' dir='ltr'><strong>et</strong></span> <span class='ocrx_word' id='word_1_329' title='bbox 1028 3667 1184 3731; x_wconf 92' lang='lat' dir='ltr'><strong>bono</strong></span> <span class='ocrx_word' id='word_1_330' title='bbox 1230 3665 1427 3750; x_wconf 92' lang='lat' dir='ltr'><strong>ipsius</strong></span> <span class='ocrx_word' id='word_1_331' title='bbox 1475 3667 1741 3747; x_wconf 91' lang='lat' dir='ltr'><strong>domine,</strong></span> <span class='ocrx_word' id='word_1_332' title='bbox 1791 3672 1865 3734; x_wconf 93' lang='lat' dir='ltr'><strong>ut</strong></span> <span class='ocrx_word' id='word_1_333' title='bbox 1918 3669 2156 3733; x_wconf 90' lang='lat' dir='ltr'><strong>dictum</strong></span> <span class='ocrx_word' id='word_1_334' title='bbox 2205 3670 2319 3733; x_wconf 92' lang='lat' dir='ltr'><strong>est.</strong></span> <span class='ocrx_word' id='word_1_335' title='bbox 2409 3668 2493 3733; x_wconf 87' lang='lat' dir='ltr'><strong>Et</strong></span> <span class='ocrx_word' id='word_1_336' title='bbox 2536 3666 2688 3732; x_wconf 84' lang='lat' dir='ltr'><strong>fiant</strong></span> <span class='ocrx_word' id='word_1_337' title='bbox 2732 3666 2855 3732; x_wconf 91' lang='lat' dir='ltr'><strong>sibi</strong></span> <span class='ocrx_word' id='word_1_338' title='bbox 2901 3667 3111 3732; x_wconf 91' lang='lat' dir='ltr'><strong>littere</strong></span> 
     </span>
     <span class='ocr_line' id='line_1_34' title="bbox 383 3752 3111 3841; baseline 0 -23"><span class='ocrx_word' id='word_1_339' title='bbox 383 3754 668 3837; x_wconf 85' lang='lat' dir='ltr'><strong>patentes</strong></span> <span class='ocrx_word' id='word_1_340' title='bbox 739 3753 799 3816; x_wconf 94' lang='lat' dir='ltr'><strong>in</strong></span> <span class='ocrx_word' id='word_1_341' title='bbox 863 3752 1065 3818; x_wconf 89' lang='lat' dir='ltr'><strong>forma</strong></span> <span class='ocrx_word' id='word_1_342' title='bbox 1117 3756 1474 3837; x_wconf 90' lang='lat' dir='ltr'><strong>opportuna,</strong></span> <span class='ocrx_word' id='word_1_343' title='bbox 1538 3759 1609 3821; x_wconf 89' lang='lat' dir='ltr'><strong>ut</strong></span> <span class='ocrx_word' id='word_1_344' title='bbox 1654 3757 1790 3841; x_wconf 88' lang='lat' dir='ltr'><strong>ipsa</strong></span> <span class='ocrx_word' id='word_1_345' title='bbox 1838 3758 2086 3822; x_wconf 89' lang='lat' dir='ltr'><strong>domina</strong></span> <span class='ocrx_word' id='word_1_346' title='bbox 2132 3756 2439 3821; x_wconf 87' lang='lat' dir='ltr'><strong>tractetur</strong></span> <span class='ocrx_word' id='word_1_347' title='bbox 2493 3757 2815 3839; x_wconf 88' lang='lat' dir='ltr'><strong>tamquam</strong></span> <span class='ocrx_word' id='word_1_348' title='bbox 2862 3755 3111 3821; x_wconf 89' lang='lat' dir='ltr'><strong>domina</strong></span> 
     </span>
     <span class='ocr_line' id='line_1_35' title="bbox 385 3841 3111 3926; baseline 0 -20"><span class='ocrx_word' id='word_1_349' title='bbox 385 3841 659 3906; x_wconf 84' lang='lat' dir='ltr'><strong>existens</strong></span> <span class='ocrx_word' id='word_1_350' title='bbox 723 3841 838 3907; x_wconf 90' lang='lat' dir='ltr'><strong>sub</strong></span> <span class='ocrx_word' id='word_1_351' title='bbox 899 3843 1277 3926; x_wconf 90' lang='lat' dir='ltr'><strong>protectione</strong></span> <span class='ocrx_word' id='word_1_352' title='bbox 1343 3843 1535 3909; x_wconf 90' lang='lat' dir='ltr'><strong>nostri</strong></span> <span class='ocrx_word' id='word_1_353' title='bbox 1598 3845 1874 3923; x_wconf 90' lang='lat' dir='ltr'><strong>dominii,</strong></span> <span class='ocrx_word' id='word_1_354' title='bbox 1922 3847 1995 3911; x_wconf 87' lang='lat' dir='ltr'><strong>ut</strong></span> <span class='ocrx_word' id='word_1_355' title='bbox 2041 3846 2322 3925; x_wconf 90' lang='lat' dir='ltr'><strong>superius</strong></span> <span class='ocrx_word' id='word_1_356' title='bbox 2369 3843 2617 3910; x_wconf 88' lang='lat' dir='ltr'><strong>dicitnr.</strong></span> <span class='ocrx_word' id='word_1_357' title='bbox 2710 3841 2842 3922; x_wconf 85' lang='lat' dir='ltr'><strong>Qne</strong></span> <span class='ocrx_word' id='word_1_358' title='bbox 2899 3842 3111 3907; x_wconf 89' lang='lat' dir='ltr'><strong>littere</strong></span> 
     </span>
     <span class='ocr_line' id='line_1_36' title="bbox 381 3929 3110 4016; baseline 0 -22"><span class='ocrx_word' id='word_1_359' title='bbox 381 3947 500 3994; x_wconf 94' lang='lat' dir='ltr'><strong>non</strong></span> <span class='ocrx_word' id='word_1_360' title='bbox 551 3929 819 3996; x_wconf 87' lang='lat' dir='ltr'><strong>debeant</strong></span> <span class='ocrx_word' id='word_1_361' title='bbox 864 3931 1170 4015; x_wconf 87' lang='lat' dir='ltr'><strong>assignari</strong></span> <span class='ocrx_word' id='word_1_362' title='bbox 1217 3930 1458 3996; x_wconf 90' lang='lat' dir='ltr'><strong>domine</strong></span> <span class='ocrx_word' id='word_1_363' title='bbox 1506 3933 1781 4016; x_wconf 89' lang='lat' dir='ltr'><strong>predicte</strong></span> <span class='ocrx_word' id='word_1_364' title='bbox 1827 3952 1938 3998; x_wconf 92' lang='lat' dir='ltr'><strong>nec</strong></span> <span class='ocrx_word' id='word_1_365' title='bbox 1984 3932 2223 3998; x_wconf 89' lang='lat' dir='ltr'><strong>nunciis</strong></span> <span class='ocrx_word' id='word_1_366' title='bbox 2271 3934 2419 4006; x_wconf 86' lang='lat' dir='ltr'><strong>suis,</strong></span> <span class='ocrx_word' id='word_1_367' title='bbox 2486 3932 2607 3996; x_wconf 90' lang='lat' dir='ltr'><strong>nisi</strong></span> <span class='ocrx_word' id='word_1_368' title='bbox 2675 3932 2817 4014; x_wconf 89' lang='lat' dir='ltr'><strong>pins</strong></span> <span class='ocrx_word' id='word_1_369' title='bbox 2879 3932 3110 3997; x_wconf 88' lang='lat' dir='ltr'><strong>faceret</strong></span> 
     </span>
     <span class='ocr_line' id='line_1_37' title="bbox 344 4017 3109 4104; baseline 0.001 -24"><span class='ocrx_word' id='word_1_370' title='bbox 344 4017 852 4101; x_wconf 80' lang='lat' dir='ltr'><strong>promissionem</strong></span> <span class='ocrx_word' id='word_1_371' title='bbox 900 4019 1212 4084; x_wconf 90' lang='lat' dir='ltr'><strong>dictorum</strong></span> <span class='ocrx_word' id='word_1_372' title='bbox 1257 4019 1451 4084; x_wconf 91' lang='lat' dir='ltr'><strong>trium</strong></span> <span class='ocrx_word' id='word_1_373' title='bbox 1497 4021 1819 4087; x_wconf 89' lang='lat' dir='ltr'><strong>hominum</strong></span> <span class='ocrx_word' id='word_1_374' title='bbox 1870 4039 1979 4104; x_wconf 87' lang='lat' dir='ltr'><strong>pro</strong></span> <span class='ocrx_word' id='word_1_375' title='bbox 2025 4020 2208 4086; x_wconf 88' lang='lat' dir='ltr'><strong>cnlfo.</strong></span> <span class='ocrx_word' id='word_1_376' title='bbox 2302 4020 2387 4084; x_wconf 88' lang='lat' dir='ltr'><strong>Et</strong></span> <span class='ocrx_word' id='word_1_377' title='bbox 2431 4018 2861 4085; x_wconf 83' lang='lat' dir='ltr'><strong>committatur</strong></span> <span class='ocrx_word' id='word_1_378' title='bbox 2904 4018 3109 4104; x_wconf 90' lang='lat' dir='ltr'><strong>provi-</strong></span> 
     </span>
     <span class='ocr_line' id='line_1_38' title="bbox 385 4106 3110 4191; baseline 0.001 -21"><span class='ocrx_word' id='word_1_379' title='bbox 385 4106 507 4171; x_wconf 87' lang='lat' dir='ltr'><strong>sori</strong></span> <span class='ocrx_word' id='word_1_380' title='bbox 546 4112 754 4172; x_wconf 91' lang='lat' dir='ltr'><strong>nostro</strong></span> <span class='ocrx_word' id='word_1_381' title='bbox 799 4125 898 4172; x_wconf 90' lang='lat' dir='ltr'><strong>ser</strong></span> <span class='ocrx_word' id='word_1_382' title='bbox 944 4108 1188 4172; x_wconf 88' lang='lat' dir='ltr'><strong>Peratio</strong></span> <span class='ocrx_word' id='word_1_383' title='bbox 1234 4106 1566 4191; x_wconf 84' lang='lat' dir='ltr'><strong>Malipetro</strong></span> <span class='ocrx_word' id='word_1_384' title='bbox 1611 4111 1675 4175; x_wconf 90' lang='lat' dir='ltr'><strong>et</strong></span> <span class='ocrx_word' id='word_1_385' title='bbox 1720 4129 1819 4177; x_wconf 91' lang='lat' dir='ltr'><strong>ser</strong></span> <span class='ocrx_word' id='word_1_386' title='bbox 1862 4109 2177 4176; x_wconf 87' lang='lat' dir='ltr'><strong>Leonardo</strong></span> <span class='ocrx_word' id='word_1_387' title='bbox 2224 4109 2574 4183; x_wconf 84' lang='lat' dir='ltr'><strong>Trevisano,</strong></span> <span class='ocrx_word' id='word_1_388' title='bbox 2634 4108 3110 4190; x_wconf 85' lang='lat' dir='ltr'><strong>vicecapitaneis</strong></span> 
     </span>
     <span class='ocr_line' id='line_1_39' title="bbox 388 4192 3120 4279; baseline 0.001 -22"><span class='ocrx_word' id='word_1_389' title='bbox 388 4192 553 4271; x_wconf 91' lang='lat' dir='ltr'><strong>culfi,</strong></span> <span class='ocrx_word' id='word_1_390' title='bbox 623 4197 783 4277; x_wconf 93' lang='lat' dir='ltr'><strong>qnod</strong></span> <span class='ocrx_word' id='word_1_391' title='bbox 828 4195 1061 4260; x_wconf 86' lang='lat' dir='ltr'><strong>dictam</strong></span> <span class='ocrx_word' id='word_1_392' title='bbox 1109 4195 1581 4279; x_wconf 89' lang='lat' dir='ltr'><strong>promissionem</strong></span> <span class='ocrx_word' id='word_1_393' title='bbox 1627 4198 1894 4264; x_wconf 90' lang='lat' dir='ltr'><strong>debeant</strong></span> <span class='ocrx_word' id='word_1_394' title='bbox 1951 4201 2279 4279; x_wconf 88' lang='lat' dir='ltr'><strong>acceptare</strong></span> <span class='ocrx_word' id='word_1_395' title='bbox 2346 4200 2410 4261; x_wconf 89' lang='lat' dir='ltr'><strong>et</strong></span> <span class='ocrx_word' id='word_1_396' title='bbox 2473 4197 2744 4279; x_wconf 89' lang='lat' dir='ltr'><strong>recipere</strong></span> <span class='ocrx_word' id='word_1_397' title='bbox 2791 4216 2827 4262; x_wconf 87' lang='lat' dir='ltr'><strong>a</strong></span> <span class='ocrx_word' id='word_1_398' title='bbox 2872 4195 3120 4261; x_wconf 89' lang='lat' dir='ltr'><strong>domina</strong></span> 
     </span>
     <span class='ocr_line' id='line_1_40' title="bbox 387 4282 3119 4372; baseline 0.001 -26"><span class='ocrx_word' id='word_1_399' title='bbox 387 4282 831 4366; x_wconf 87' lang='lat' dir='ltr'><strong>suprascripta.</strong></span> <span class='ocrx_word' id='word_1_400' title='bbox 879 4284 1140 4367; x_wconf 88' lang='lat' dir='ltr'><strong>Insuper</strong></span> <span class='ocrx_word' id='word_1_401' title='bbox 1187 4284 1617 4351; x_wconf 84' lang='lat' dir='ltr'><strong>committatur</strong></span> <span class='ocrx_word' id='word_1_402' title='bbox 1663 4286 2001 4372; x_wconf 90' lang='lat' dir='ltr'><strong>capitaneis</strong></span> <span class='ocrx_word' id='word_1_403' title='bbox 2061 4285 2294 4351; x_wconf 90' lang='lat' dir='ltr'><strong>nostris</strong></span> <span class='ocrx_word' id='word_1_404' title='bbox 2363 4284 2532 4362; x_wconf 89' lang='lat' dir='ltr'><strong>culfi,</strong></span> <span class='ocrx_word' id='word_1_405' title='bbox 2603 4284 2709 4369; x_wconf 91' lang='lat' dir='ltr'><strong>qui</strong></span> <span class='ocrx_word' id='word_1_406' title='bbox 2776 4287 2961 4351; x_wconf 90' lang='lat' dir='ltr'><strong>erunt</strong></span> <span class='ocrx_word' id='word_1_407' title='bbox 3012 4303 3119 4366; x_wconf 89' lang='lat' dir='ltr'><strong>per</strong></span> 
     </span>
     <span class='ocr_line' id='line_1_41' title="bbox 387 4370 3120 4457; baseline 0.002 -26"><span class='ocrx_word' id='word_1_408' title='bbox 387 4378 687 4451; x_wconf 83' lang='lat' dir='ltr'><strong>tempora,</strong></span> <span class='ocrx_word' id='word_1_409' title='bbox 735 4370 917 4453; x_wconf 86' lang='lat' dir='ltr'><strong>qnod,</strong></span> <span class='ocrx_word' id='word_1_410' title='bbox 966 4371 1206 4455; x_wconf 91' lang='lat' dir='ltr'><strong>qnando</strong></span> <span class='ocrx_word' id='word_1_411' title='bbox 1252 4372 1374 4439; x_wconf 92' lang='lat' dir='ltr'><strong>erit</strong></span> <span class='ocrx_word' id='word_1_412' title='bbox 1418 4376 1729 4441; x_wconf 90' lang='lat' dir='ltr'><strong>rediturus</strong></span> <span class='ocrx_word' id='word_1_413' title='bbox 1774 4376 2074 4441; x_wconf 80' lang='lat' dir='ltr'><strong>Venetiae</strong></span> <span class='ocrx_word' id='word_1_414' title='bbox 2120 4374 2347 4457; x_wconf 91' lang='lat' dir='ltr'><strong>aliquis</strong></span> <span class='ocrx_word' id='word_1_415' title='bbox 2394 4392 2625 4451; x_wconf 91' lang='lat' dir='ltr'><strong>eorum,</strong></span> <span class='ocrx_word' id='word_1_416' title='bbox 2677 4372 2943 4438; x_wconf 84' lang='lat' dir='ltr'><strong>debeant</strong></span> <span class='ocrx_word' id='word_1_417' title='bbox 3013 4375 3120 4438; x_wconf 88' lang='lat' dir='ltr'><strong>de-</strong></span> 
     </span>
     <span class='ocr_line' id='line_1_42' title="bbox 388 4457 3118 4545; baseline 0.001 -23"><span class='ocrx_word' id='word_1_418' title='bbox 388 4475 612 4542; x_wconf 90' lang='lat' dir='ltr'><strong>ponere</strong></span> <span class='ocrx_word' id='word_1_419' title='bbox 661 4457 803 4522; x_wconf 92' lang='lat' dir='ltr'><strong>illos</strong></span> <span class='ocrx_word' id='word_1_420' title='bbox 850 4460 979 4524; x_wconf 91' lang='lat' dir='ltr'><strong>tres</strong></span> <span class='ocrx_word' id='word_1_421' title='bbox 1024 4461 1303 4526; x_wconf 90' lang='lat' dir='ltr'><strong>homines</strong></span> <span class='ocrx_word' id='word_1_422' title='bbox 1349 4461 1413 4526; x_wconf 91' lang='lat' dir='ltr'><strong>in</strong></span> <span class='ocrx_word' id='word_1_423' title='bbox 1460 4464 1691 4528; x_wconf 90' lang='lat' dir='ltr'><strong>terram</strong></span> <span class='ocrx_word' id='word_1_424' title='bbox 1739 4464 1803 4528; x_wconf 85' lang='lat' dir='ltr'><strong>in</strong></span> <span class='ocrx_word' id='word_1_425' title='bbox 1851 4463 1960 4529; x_wconf 93' lang='lat' dir='ltr'><strong>illo</strong></span> <span class='ocrx_word' id='word_1_426' title='bbox 2005 4462 2248 4529; x_wconf 91' lang='lat' dir='ltr'><strong>abiliori</strong></span> <span class='ocrx_word' id='word_1_427' title='bbox 2296 4464 2454 4540; x_wconf 93' lang='lat' dir='ltr'><strong>loco,</strong></span> <span class='ocrx_word' id='word_1_428' title='bbox 2504 4481 2686 4545; x_wconf 90' lang='lat' dir='ltr'><strong>quem</strong></span> <span class='ocrx_word' id='word_1_429' title='bbox 2719 4461 3010 4543; x_wconf 87' lang='lat' dir='ltr'><strong>poterint,</strong></span> <span class='ocrx_word' id='word_1_430' title='bbox 3044 4463 3118 4526; x_wconf 91' lang='lat' dir='ltr'><strong>ut</strong></span> 
     </span>
     <span class='ocr_line' id='line_1_43' title="bbox 391 4544 2966 4634; baseline 0.002 -24"><span class='ocrx_word' id='word_1_431' title='bbox 391 4544 648 4611; x_wconf 88' lang='lat' dir='ltr'><strong>redeant</strong></span> <span class='ocrx_word' id='word_1_432' title='bbox 691 4545 944 4611; x_wconf 91' lang='lat' dir='ltr'><strong>domum</strong></span> <span class='ocrx_word' id='word_1_433' title='bbox 994 4547 1125 4613; x_wconf 87' lang='lat' dir='ltr'><strong>sive</strong></span> <span class='ocrx_word' id='word_1_434' title='bbox 1172 4549 1249 4614; x_wconf 88' lang='lat' dir='ltr'><strong>ad</strong></span> <span class='ocrx_word' id='word_1_435' title='bbox 1299 4551 1507 4634; x_wconf 90' lang='lat' dir='ltr'><strong>partes</strong></span> <span class='ocrx_word' id='word_1_436' title='bbox 1554 4570 1796 4630; x_wconf 85' lang='lat' dir='ltr'><strong>eornm,</strong></span> <span class='ocrx_word' id='word_1_437' title='bbox 1837 4550 2136 4634; x_wconf 88' lang='lat' dir='ltr'><strong>quomodo</strong></span> <span class='ocrx_word' id='word_1_438' title='bbox 2183 4552 2498 4619; x_wconf 90' lang='lat' dir='ltr'><strong>comodius</strong></span> <span class='ocrx_word' id='word_1_439' title='bbox 2545 4550 2677 4616; x_wconf 89' lang='lat' dir='ltr'><strong>fieri</strong></span> <span class='ocrx_word' id='word_1_440' title='bbox 2720 4549 2966 4634; x_wconf 86' lang='lat' dir='ltr'><strong>poterit.</strong></span> 
     </span>
    </p>
   </div>
   <div class='ocr_carea' id='block_1_8' title="bbox 491 4652 1633 4728">
    <p class='ocr_par' dir='ltr' id='par_1_8' title="bbox 491 4652 1633 4728">
     <span class='ocr_line' id='line_1_44' title="bbox 491 4652 1633 4728; baseline 0.007 -14"><span class='ocrx_word' id='word_1_441' title='bbox 491 4654 671 4715; x_wconf 73' lang='lat' dir='ltr'><strong>Misti</strong></span> <span class='ocrx_word' id='word_1_442' title='bbox 722 4654 861 4715; x_wconf 85' lang='lat' dir='ltr'><strong>XL.</strong></span> <span class='ocrx_word' id='word_1_443' title='bbox 915 4652 1062 4728; x_wconf 82' lang='lat'><strong>158,</strong></span> <span class='ocrx_word' id='word_1_444' title='bbox 1103 4675 1146 4718; x_wconf 80' lang='lat' dir='ltr'><strong><em>u</em></strong></span> <span class='ocrx_word' id='word_1_445' title='bbox 1189 4659 1345 4721; x_wconf 80' lang='lat' dir='ltr'><strong>mlet.</strong></span> <span class='ocrx_word' id='word_1_446' title='bbox 1393 4661 1633 4723; x_wconf 79' lang='lat' dir='ltr'><strong>arkivu.</strong></span> 
     </span>
    </p>
   </div>
  </div>
 </body>
</html>
