<?xml version="1.0" encoding="UTF-8"?>
<!DOCTYPE html PUBLIC "-//W3C//DTD XHTML 1.0 Transitional//EN"
    "http://www.w3.org/TR/xhtml1/DTD/xhtml1-transitional.dtd">
<html xmlns="http://www.w3.org/1999/xhtml" xml:lang="en" lang="en">
 <head>
  <title>
</title>
<meta http-equiv="Content-Type" content="text/html;charset=utf-8" />
  <meta name='ocr-system' content='tesseract 3.04.00' />
  <meta name='ocr-capabilities' content='ocr_page ocr_carea ocr_par ocr_line ocrx_word'/>
</head>
<body>
  <div class='ocr_page' id='page_1' title='image "./monumentaspecta02umjegoog_0923.png"; bbox 0 0 3620 5282; ppageno 0'>
   <div class='ocr_carea' id='block_1_1' title="bbox 2942 356 3071 423">
    <p class='ocr_par' dir='ltr' id='par_1_1' title="bbox 2942 356 3071 423">
     <span class='ocr_line' id='line_1_1' title="bbox 2942 356 3071 423; baseline 0.016 -2"><span class='ocrx_word' id='word_1_1' title='bbox 2942 356 3071 423; x_wconf 79' lang='lat'><strong>365</strong></span> 
     </span>
    </p>
   </div>
   <div class='ocr_carea' id='block_1_2' title="bbox 339 526 3069 3417">
    <p class='ocr_par' dir='ltr' id='par_1_2' title="bbox 339 526 3069 1132">
     <span class='ocr_line' id='line_1_2' title="bbox 341 526 3067 613; baseline 0.003 -23"><span class='ocrx_word' id='word_1_2' title='bbox 341 543 519 590; x_wconf 89' lang='lat' dir='ltr'><strong>casus</strong></span> <span class='ocrx_word' id='word_1_3' title='bbox 564 543 871 604; x_wconf 87' lang='grc'>06601606,</span> <span class='ocrx_word' id='word_1_4' title='bbox 916 543 1241 591; x_wconf 87' lang='lat' dir='ltr'><strong>commune</strong></span> <span class='ocrx_word' id='word_1_5' title='bbox 1289 527 1569 591; x_wconf 89' lang='lat' dir='ltr'><strong>nostrum</strong></span> <span class='ocrx_word' id='word_1_6' title='bbox 1617 545 1734 591; x_wconf 92' lang='lat' dir='ltr'><strong>non</strong></span> <span class='ocrx_word' id='word_1_7' title='bbox 1782 528 1947 591; x_wconf 90' lang='lat' dir='ltr'><strong>esset</strong></span> <span class='ocrx_word' id='word_1_8' title='bbox 2016 527 2079 590; x_wconf 94' lang='lat' dir='ltr'><strong>in</strong></span> <span class='ocrx_word' id='word_1_9' title='bbox 2127 526 2394 592; x_wconf 92' lang='lat' dir='ltr'><strong>termino</strong></span> <span class='ocrx_word' id='word_1_10' title='bbox 2453 531 2738 612; x_wconf 85' lang='lat' dir='ltr'><strong>possendi</strong></span> <span class='ocrx_word' id='word_1_11' title='bbox 2785 532 3067 613; x_wconf 76' lang='lat' dir='ltr'><strong>ipsi-do-</strong></span> 
     </span>
     <span class='ocr_line' id='line_1_3' title="bbox 342 612 3067 701; baseline 0.003 -24"><span class='ocrx_word' id='word_1_12' title='bbox 342 613 508 678; x_wconf 91' lang='lat' dir='ltr'><strong>mino</strong></span> <span class='ocrx_word' id='word_1_13' title='bbox 557 612 684 697; x_wconf 90' lang='lat' dir='ltr'><strong>regi</strong></span> <span class='ocrx_word' id='word_1_14' title='bbox 733 613 1078 689; x_wconf 87' lang='lat' dir='ltr'><strong>subvenire,</strong></span> <span class='ocrx_word' id='word_1_15' title='bbox 1148 614 1485 678; x_wconf 87' lang='lat' dir='ltr'><strong>secundum</strong></span> <span class='ocrx_word' id='word_1_16' title='bbox 1557 613 1718 696; x_wconf 84' lang='lat' dir='ltr'><strong>quod</strong></span> <span class='ocrx_word' id='word_1_17' title='bbox 1790 615 1921 695; x_wconf 88' lang='lat' dir='ltr'><strong>ipse</strong></span> <span class='ocrx_word' id='word_1_18' title='bbox 1995 616 2274 696; x_wconf 76' lang='lat' dir='ltr'><strong>requirit,</strong></span> <span class='ocrx_word' id='word_1_19' title='bbox 2347 619 2411 681; x_wconf 89' lang='lat' dir='ltr'><strong>et</strong></span> <span class='ocrx_word' id='word_1_20' title='bbox 2481 621 2644 682; x_wconf 88' lang='lat' dir='ltr'><strong>sicut</strong></span> <span class='ocrx_word' id='word_1_21' title='bbox 2690 621 3067 701; x_wconf 88' lang='lat' dir='ltr'><strong>optaremus.</strong></span> 
     </span>
     <span class='ocr_line' id='line_1_4' title="bbox 339 701 3068 789; baseline 0.002 -23"><span class='ocrx_word' id='word_1_22' title='bbox 339 701 595 766; x_wconf 91' lang='lat' dir='ltr'><strong>Modum</strong></span> <span class='ocrx_word' id='word_1_23' title='bbox 642 701 935 765; x_wconf 80' lang='lat' dir='ltr'><strong>similiter</strong></span> <span class='ocrx_word' id='word_1_24' title='bbox 987 720 1105 766; x_wconf 93' lang='lat' dir='ltr'><strong>non</strong></span> <span class='ocrx_word' id='word_1_25' title='bbox 1150 702 1433 766; x_wconf 84' lang='lat' dir='ltr'><strong>videmus</strong></span> <span class='ocrx_word' id='word_1_26' title='bbox 1482 702 1768 783; x_wconf 87' lang='lat' dir='ltr'><strong>possendi</strong></span> <span class='ocrx_word' id='word_1_27' title='bbox 1817 705 1981 767; x_wconf 87' lang='lat' dir='ltr'><strong>cives</strong></span> <span class='ocrx_word' id='word_1_28' title='bbox 2016 705 2257 768; x_wconf 87' lang='lat' dir='ltr'><strong>nostros</strong></span> <span class='ocrx_word' id='word_1_29' title='bbox 2289 723 2546 786; x_wconf 88' lang='lat' dir='ltr'><strong>gravare</strong></span> <span class='ocrx_word' id='word_1_30' title='bbox 2580 714 2833 789; x_wconf 88' lang='lat' dir='ltr'><strong>propter</strong></span> <span class='ocrx_word' id='word_1_31' title='bbox 2869 710 3068 772; x_wconf 88' lang='lat' dir='ltr'><strong>multa</strong></span> 
     </span>
     <span class='ocr_line' id='line_1_5' title="bbox 343 789 3069 878; baseline 0.002 -25"><span class='ocrx_word' id='word_1_32' title='bbox 343 790 567 853; x_wconf 87' lang='lat' dir='ltr'><strong>damna</strong></span> <span class='ocrx_word' id='word_1_33' title='bbox 614 790 1063 867; x_wconf 84' lang='lat' dir='ltr'><strong>etincomoda‚</strong></span> <span class='ocrx_word' id='word_1_34' title='bbox 1108 809 1225 871; x_wconf 88' lang='lat' dir='ltr'><strong>que</strong></span> <span class='ocrx_word' id='word_1_35' title='bbox 1288 789 1721 853; x_wconf 88' lang='lat' dir='ltr'><strong>sustinuerunt</strong></span> <span class='ocrx_word' id='word_1_36' title='bbox 1795 808 1960 854; x_wconf 90' lang='lat' dir='ltr'><strong>anno</strong></span> <span class='ocrx_word' id='word_1_37' title='bbox 2037 790 2174 868; x_wconf 83' lang='lat' dir='ltr'><strong>iste,</strong></span> <span class='ocrx_word' id='word_1_38' title='bbox 2249 795 2313 855; x_wconf 83' lang='lat' dir='ltr'><strong>et</strong></span> <span class='ocrx_word' id='word_1_39' title='bbox 2381 797 2707 876; x_wconf 88' lang='lat' dir='ltr'><strong>propterea</strong></span> <span class='ocrx_word' id='word_1_40' title='bbox 2779 814 3069 878; x_wconf 81' lang='lat' dir='ltr'><strong>rogamus</strong></span> 
     </span>
     <span class='ocr_line' id='line_1_6' title="bbox 343 877 3063 964; baseline 0.003 -23"><span class='ocrx_word' id='word_1_41' title='bbox 343 879 736 941; x_wconf 86' lang='lat' dir='ltr'><strong>maiestatem</strong></span> <span class='ocrx_word' id='word_1_42' title='bbox 779 879 1038 960; x_wconf 86' lang='lat' dir='ltr'><strong>regiam,</strong></span> <span class='ocrx_word' id='word_1_43' title='bbox 1089 885 1391 960; x_wconf 86' lang='lat' dir='ltr'><strong>quatenus</strong></span> <span class='ocrx_word' id='word_1_44' title='bbox 1442 877 1645 941; x_wconf 91' lang='lat' dir='ltr'><strong>causis</strong></span> <span class='ocrx_word' id='word_1_45' title='bbox 1715 877 2008 958; x_wconf 78' lang='lat' dir='ltr'><strong>predictis</strong></span> <span class='ocrx_word' id='word_1_46' title='bbox 2079 878 2304 944; x_wconf 84' lang='lat' dir='ltr'><strong>habere</strong></span> <span class='ocrx_word' id='word_1_47' title='bbox 2375 899 2483 944; x_wconf 90' lang='lat' dir='ltr'><strong>nos</strong></span> <span class='ocrx_word' id='word_1_48' title='bbox 2554 882 2799 964; x_wconf 86' lang='lat' dir='ltr'><strong>placeat</strong></span> <span class='ocrx_word' id='word_1_49' title='bbox 2842 885 3063 949; x_wconf 90' lang='lat' dir='ltr'><strong>merito</strong></span> 
     </span>
     <span class='ocr_line' id='line_1_7' title="bbox 344 964 3061 1051; baseline 0.003 -23"><span class='ocrx_word' id='word_1_50' title='bbox 344 966 681 1030; x_wconf 80' lang='lat' dir='ltr'><strong>excusatos,</strong></span> <span class='ocrx_word' id='word_1_51' title='bbox 748 965 839 1027; x_wconf 92' lang='lat' dir='ltr'><strong>De</strong></span> <span class='ocrx_word' id='word_1_52' title='bbox 885 967 1060 1047; x_wconf 87' lang='lat' dir='ltr'><strong>parte</strong></span> <span class='ocrx_word' id='word_1_53' title='bbox 1122 967 1226 1042; x_wconf 97' lang='grc'><strong>46,</strong></span> <span class='ocrx_word' id='word_1_54' title='bbox 1276 965 1381 1042; x_wconf 89' lang='grc'><strong>46,</strong></span> <span class='ocrx_word' id='word_1_55' title='bbox 1415 964 1529 1042; x_wconf 91' lang='grc'><strong>46,</strong></span> <span class='ocrx_word' id='word_1_56' title='bbox 1564 964 1671 1042; x_wconf 90' lang='grc'><strong>46,</strong></span> <span class='ocrx_word' id='word_1_57' title='bbox 1704 965 1810 1043; x_wconf 84' lang='grc'><strong>47,</strong></span> <span class='ocrx_word' id='word_1_58' title='bbox 1844 965 1950 1041; x_wconf 91' lang='grc'><strong>48,</strong></span> <span class='ocrx_word' id='word_1_59' title='bbox 1985 966 2090 1042; x_wconf 90' lang='grc'><strong>46,</strong></span> <span class='ocrx_word' id='word_1_60' title='bbox 2124 966 2199 1030; x_wconf 88' lang='grc'><strong>66</strong></span> <span class='ocrx_word' id='word_1_61' title='bbox 2233 986 2351 1032; x_wconf 87' lang='grc'><strong>000</strong></span> <span class='ocrx_word' id='word_1_62' title='bbox 2385 968 2490 1048; x_wconf 91' lang='grc'><strong>46,</strong></span> <span class='ocrx_word' id='word_1_63' title='bbox 2525 969 2630 1048; x_wconf 89' lang='grc'><strong>46,</strong></span> <span class='ocrx_word' id='word_1_64' title='bbox 2662 969 2767 1049; x_wconf 92' lang='grc'><strong>49,</strong></span> <span class='ocrx_word' id='word_1_65' title='bbox 2802 970 2908 1049; x_wconf 81' lang='grc'><strong>50,</strong></span> <span class='ocrx_word' id='word_1_66' title='bbox 2957 973 3061 1051; x_wconf 85' lang='grc'><strong>48,</strong></span> 
     </span>
     <span class='ocr_line' id='line_1_8' title="bbox 339 1051 2110 1132; baseline 0.001 -17"><span class='ocrx_word' id='word_1_67' title='bbox 339 1052 447 1132; x_wconf 92' lang='grc'><strong>49,</strong></span> <span class='ocrx_word' id='word_1_68' title='bbox 495 1053 602 1130; x_wconf 89' lang='grc'><strong>49,</strong></span> <span class='ocrx_word' id='word_1_69' title='bbox 644 1071 763 1116; x_wconf 90' lang='grc'><strong>000</strong></span> <span class='ocrx_word' id='word_1_70' title='bbox 812 1052 1037 1117; x_wconf 83' lang='lat' dir='ltr'><strong>sinceri</strong></span> <span class='ocrx_word' id='word_1_71' title='bbox 1085 1051 1189 1124; x_wconf 84' lang='lat'><strong>20,</strong></span> <span class='ocrx_word' id='word_1_72' title='bbox 1233 1052 1340 1130; x_wconf 89' lang='grc'><strong>20,</strong></span> <span class='ocrx_word' id='word_1_73' title='bbox 1400 1052 1494 1131; x_wconf 88' lang='grc'><strong>17,</strong></span> <span class='ocrx_word' id='word_1_74' title='bbox 1548 1054 1648 1128; x_wconf 88' lang='grc'><strong>16,</strong></span> <span class='ocrx_word' id='word_1_75' title='bbox 1703 1052 1798 1129; x_wconf 90' lang='grc'><strong>16,</strong></span> <span class='ocrx_word' id='word_1_76' title='bbox 1858 1053 1954 1128; x_wconf 86' lang='grc'><strong>15,</strong></span> <span class='ocrx_word' id='word_1_77' title='bbox 2013 1055 2110 1117; x_wconf 90' lang='grc'><strong>16.</strong></span> 
     </span>
    </p>

    <p class='ocr_par' dir='ltr' id='par_1_3' title="bbox 347 1138 3068 1572">
     <span class='ocr_line' id='line_1_9' title="bbox 551 1138 3066 1228; baseline 0.002 -22"><span class='ocrx_word' id='word_1_78' title='bbox 551 1140 663 1206; x_wconf 86' lang='grc'><strong>861</strong></span> <span class='ocrx_word' id='word_1_79' title='bbox 684 1140 1000 1205; x_wconf 86' lang='lat' dir='ltr'><strong>Johannes</strong></span> <span class='ocrx_word' id='word_1_80' title='bbox 1028 1138 1322 1221; x_wconf 85' lang='lat' dir='ltr'><strong>Storlato‚</strong></span> <span class='ocrx_word' id='word_1_81' title='bbox 1350 1158 1449 1204; x_wconf 90' lang='lat' dir='ltr'><strong>ser</strong></span> <span class='ocrx_word' id='word_1_82' title='bbox 1474 1139 1839 1204; x_wconf 83' lang='lat' dir='ltr'><strong>Dominicus</strong></span> <span class='ocrx_word' id='word_1_83' title='bbox 1865 1139 2205 1205; x_wconf 87' lang='lat' dir='ltr'><strong>Contareno</strong></span> <span class='ocrx_word' id='word_1_84' title='bbox 2229 1143 2586 1219; x_wconf 87' lang='lat' dir='ltr'><strong>consiliarii,</strong></span> <span class='ocrx_word' id='word_1_85' title='bbox 2622 1142 2732 1208; x_wconf 90' lang='lat' dir='ltr'><strong>Ser</strong></span> <span class='ocrx_word' id='word_1_86' title='bbox 2765 1146 3066 1228; x_wconf 86' lang='lat' dir='ltr'><strong>Mapheus</strong></span> 
     </span>
     <span class='ocr_line' id='line_1_10' title="bbox 347 1224 3068 1311; baseline 0.003 -21"><span class='ocrx_word' id='word_1_87' title='bbox 347 1224 629 1311; x_wconf 80' lang='lat' dir='ltr'><strong>CapeIIO,</strong></span> <span class='ocrx_word' id='word_1_88' title='bbox 678 1247 779 1293; x_wconf 88' lang='lat' dir='ltr'><strong>ser</strong></span> <span class='ocrx_word' id='word_1_89' title='bbox 823 1227 1135 1293; x_wconf 90' lang='lat' dir='ltr'><strong>Antonius</strong></span> <span class='ocrx_word' id='word_1_90' title='bbox 1180 1228 1456 1310; x_wconf 90' lang='lat' dir='ltr'><strong>Belegno</strong></span> <span class='ocrx_word' id='word_1_91' title='bbox 1505 1228 1712 1308; x_wconf 86' lang='lat' dir='ltr'><strong>capita</strong></span> <span class='ocrx_word' id='word_1_92' title='bbox 1756 1227 1832 1291; x_wconf 91' lang='lat' dir='ltr'><strong>de</strong></span> <span class='ocrx_word' id='word_1_93' title='bbox 1879 1228 2008 1292; x_wconf 87' lang='lat' dir='ltr'><strong>XL.</strong></span> <span class='ocrx_word' id='word_1_94' title='bbox 2060 1227 2300 1309; x_wconf 86' lang='lat' dir='ltr'><strong>Capta:</strong></span> <span class='ocrx_word' id='word_1_95' title='bbox 2350 1232 2494 1311; x_wconf 86' lang='lat' dir='ltr'><strong>quia</strong></span> <span class='ocrx_word' id='word_1_96' title='bbox 2542 1233 2664 1295; x_wconf 87' lang='lat' dir='ltr'><strong>ista</strong></span> <span class='ocrx_word' id='word_1_97' title='bbox 2707 1233 2873 1298; x_wconf 81' lang='lat' dir='ltr'><strong>sacta</strong></span> <span class='ocrx_word' id='word_1_98' title='bbox 2921 1238 3068 1299; x_wconf 83' lang='lat' dir='ltr'><strong>sunt</strong></span> 
     </span>
     <span class='ocr_line' id='line_1_11' title="bbox 347 1317 3066 1402; baseline 0.003 -23"><span class='ocrx_word' id='word_1_99' title='bbox 347 1317 621 1380; x_wconf 83' lang='lat' dir='ltr'><strong>maxima</strong></span> <span class='ocrx_word' id='word_1_100' title='bbox 666 1317 731 1380; x_wconf 90' lang='lat' dir='ltr'><strong>et</strong></span> <span class='ocrx_word' id='word_1_101' title='bbox 775 1317 991 1394; x_wconf 86' lang='lat' dir='ltr'><strong>ardua,</strong></span> <span class='ocrx_word' id='word_1_102' title='bbox 1041 1318 1106 1380; x_wconf 87' lang='lat' dir='ltr'><strong>et</strong></span> <span class='ocrx_word' id='word_1_103' title='bbox 1150 1319 1417 1397; x_wconf 88' lang='lat' dir='ltr'><strong>tangunt</strong></span> <span class='ocrx_word' id='word_1_104' title='bbox 1464 1317 1732 1379; x_wconf 90' lang='lat' dir='ltr'><strong>multum</strong></span> <span class='ocrx_word' id='word_1_105' title='bbox 1785 1317 2021 1379; x_wconf 88' lang='lat' dir='ltr'><strong>statum</strong></span> <span class='ocrx_word' id='word_1_106' title='bbox 2099 1320 2403 1394; x_wconf 89' lang='lat' dir='ltr'><strong>nostrum,</strong></span> <span class='ocrx_word' id='word_1_107' title='bbox 2482 1320 2546 1383; x_wconf 89' lang='lat' dir='ltr'><strong>et</strong></span> <span class='ocrx_word' id='word_1_108' title='bbox 2591 1324 2914 1402; x_wconf 82' lang='lat' dir='ltr'><strong>propterea</strong></span> <span class='ocrx_word' id='word_1_109' title='bbox 2961 1343 3066 1386; x_wconf 86' lang='lat' dir='ltr'><strong>ex-</strong></span> 
     </span>
     <span class='ocr_line' id='line_1_12' title="bbox 351 1403 3066 1491; baseline 0.003 -25"><span class='ocrx_word' id='word_1_110' title='bbox 351 1405 538 1484; x_wconf 86' lang='lat' dir='ltr'><strong>pedit,</strong></span> <span class='ocrx_word' id='word_1_111' title='bbox 588 1404 746 1486; x_wconf 91' lang='lat' dir='ltr'><strong>quod</strong></span> <span class='ocrx_word' id='word_1_112' title='bbox 795 1403 950 1467; x_wconf 86' lang='lat' dir='ltr'><strong>fiant</strong></span> <span class='ocrx_word' id='word_1_113' title='bbox 994 1421 1135 1467; x_wconf 89' lang='lat' dir='ltr'><strong>cum</strong></span> <span class='ocrx_word' id='word_1_114' title='bbox 1186 1403 1346 1467; x_wconf 90' lang='lat' dir='ltr'><strong>bona</strong></span> <span class='ocrx_word' id='word_1_115' title='bbox 1392 1406 1455 1467; x_wconf 88' lang='lat' dir='ltr'><strong>et</strong></span> <span class='ocrx_word' id='word_1_116' title='bbox 1500 1405 1744 1467; x_wconf 84' lang='lat' dir='ltr'><strong>matura</strong></span> <span class='ocrx_word' id='word_1_117' title='bbox 1792 1404 2265 1481; x_wconf 88' lang='lat' dir='ltr'><strong>deliberatione;</strong></span> <span class='ocrx_word' id='word_1_118' title='bbox 2336 1408 2508 1472; x_wconf 87' lang='lat' dir='ltr'><strong>vadit</strong></span> <span class='ocrx_word' id='word_1_119' title='bbox 2555 1427 2715 1489; x_wconf 90' lang='lat' dir='ltr'><strong>pars,</strong></span> <span class='ocrx_word' id='word_1_120' title='bbox 2767 1412 2924 1491; x_wconf 86' lang='lat' dir='ltr'><strong>quod</strong></span> <span class='ocrx_word' id='word_1_121' title='bbox 2974 1412 3066 1474; x_wconf 89' lang='lat' dir='ltr'><strong>in-</strong></span> 
     </span>
     <span class='ocr_line' id='line_1_13' title="bbox 350 1490 1778 1572; baseline -0.001 -18"><span class='ocrx_word' id='word_1_122' title='bbox 350 1492 585 1556; x_wconf 89' lang='lat' dir='ltr'><strong>duciari</strong></span> <span class='ocrx_word' id='word_1_123' title='bbox 633 1490 900 1555; x_wconf 88' lang='lat' dir='ltr'><strong>debeant</strong></span> <span class='ocrx_word' id='word_1_124' title='bbox 944 1510 1051 1572; x_wconf 88' lang='lat' dir='ltr'><strong>pro</strong></span> <span class='ocrx_word' id='word_1_125' title='bbox 1083 1509 1264 1555; x_wconf 89' lang='lat' dir='ltr'><strong>nunc.</strong></span> <span class='ocrx_word' id='word_1_126' title='bbox 1315 1493 1408 1556; x_wconf 93' lang='lat' dir='ltr'><strong>De</strong></span> <span class='ocrx_word' id='word_1_127' title='bbox 1449 1495 1626 1572; x_wconf 88' lang='lat' dir='ltr'><strong>parte</strong></span> <span class='ocrx_word' id='word_1_128' title='bbox 1675 1490 1778 1556; x_wconf 88' lang='grc'>96.</span> 
     </span>
    </p>

    <p class='ocr_par' dir='ltr' id='par_1_4' title="bbox 559 1577 2811 1661">
     <span class='ocr_line' id='line_1_14' title="bbox 559 1577 2811 1661; baseline 0.002 -19"><span class='ocrx_word' id='word_1_129' title='bbox 559 1580 649 1642; x_wconf 91' lang='lat' dir='ltr'><strong>De</strong></span> <span class='ocrx_word' id='word_1_130' title='bbox 698 1581 872 1660; x_wconf 85' lang='lat' dir='ltr'><strong>parte</strong></span> <span class='ocrx_word' id='word_1_131' title='bbox 909 1578 1259 1659; x_wconf 89' lang='lat' dir='ltr'><strong>sapientum</strong></span> <span class='ocrx_word' id='word_1_132' title='bbox 1308 1580 1731 1661; x_wconf 82' lang='lat' dir='ltr'><strong>suprascripta</strong></span> <span class='ocrx_word' id='word_1_133' title='bbox 1775 1577 1880 1655; x_wconf 87' lang='grc'><strong>39,</strong></span> <span class='ocrx_word' id='word_1_134' title='bbox 1930 1578 2005 1642; x_wconf 84' lang='grc'><strong>66</strong></span> <span class='ocrx_word' id='word_1_135' title='bbox 2057 1598 2175 1643; x_wconf 87' lang='grc'><strong>000</strong></span> <span class='ocrx_word' id='word_1_136' title='bbox 2219 1579 2264 1643; x_wconf 92' lang='grc' dir='ltr'><strong>Ο</strong></span> <span class='ocrx_word' id='word_1_137' title='bbox 2311 1598 2431 1644; x_wconf 89' lang='grc'><strong>000</strong></span> <span class='ocrx_word' id='word_1_138' title='bbox 2479 1582 2702 1646; x_wconf 80' lang='lat' dir='ltr'><strong>sinceri</strong></span> <span class='ocrx_word' id='word_1_139' title='bbox 2750 1584 2811 1648; x_wconf 88' lang='lat'><strong>3.</strong></span> 
     </span>
    </p>

    <p class='ocr_par' dir='ltr' id='par_1_5' title="bbox 348 1666 3067 2012">
     <span class='ocr_line' id='line_1_15' title="bbox 558 1666 3064 1748; baseline 0.002 -17"><span class='ocrx_word' id='word_1_140' title='bbox 558 1666 789 1747; x_wconf 83' lang='lat' dir='ltr'><strong>Capta:</strong></span> <span class='ocrx_word' id='word_1_141' title='bbox 840 1667 982 1748; x_wconf 88' lang='lat' dir='ltr'><strong>quia</strong></span> <span class='ocrx_word' id='word_1_142' title='bbox 1028 1668 1276 1748; x_wconf 85' lang='lat' dir='ltr'><strong>captum</strong></span> <span class='ocrx_word' id='word_1_143' title='bbox 1326 1671 1422 1731; x_wconf 85' lang='lat' dir='ltr'><strong>est</strong></span> <span class='ocrx_word' id='word_1_144' title='bbox 1467 1668 1540 1732; x_wconf 92' lang='lat' dir='ltr'><strong>de</strong></span> <span class='ocrx_word' id='word_1_145' title='bbox 1589 1668 2014 1748; x_wconf 84' lang='lat' dir='ltr'><strong>suspendendo</strong></span> <span class='ocrx_word' id='word_1_146' title='bbox 2060 1688 2170 1731; x_wconf 92' lang='lat' dir='ltr'><strong>seu</strong></span> <span class='ocrx_word' id='word_1_147' title='bbox 2217 1667 2554 1732; x_wconf 85' lang='lat' dir='ltr'><strong>differendo</strong></span> <span class='ocrx_word' id='word_1_148' title='bbox 2605 1671 2793 1735; x_wconf 87' lang='lat' dir='ltr'><strong>istam</strong></span> <span class='ocrx_word' id='word_1_149' title='bbox 2845 1691 3064 1737; x_wconf 86' lang='lat' dir='ltr'><strong>secuu-</strong></span> 
     </span>
     <span class='ocr_line' id='line_1_16' title="bbox 349 1753 3066 1841; baseline 0.003 -24"><span class='ocrx_word' id='word_1_150' title='bbox 349 1755 489 1817; x_wconf 90' lang='lat' dir='ltr'><strong>dam</strong></span> <span class='ocrx_word' id='word_1_151' title='bbox 539 1758 782 1835; x_wconf 89' lang='lat' dir='ltr'><strong>partem</strong></span> <span class='ocrx_word' id='word_1_152' title='bbox 831 1754 1248 1835; x_wconf 84' lang='lat' dir='ltr'><strong>responsionis</strong></span> <span class='ocrx_word' id='word_1_153' title='bbox 1291 1753 1491 1819; x_wconf 86' lang='lat' dir='ltr'><strong>fiende</strong></span> <span class='ocrx_word' id='word_1_154' title='bbox 1541 1755 1936 1818; x_wconf 87' lang='lat' dir='ltr'><strong>ambasiatori</strong></span> <span class='ocrx_word' id='word_1_155' title='bbox 1972 1754 2208 1819; x_wconf 90' lang='lat' dir='ltr'><strong>domini</strong></span> <span class='ocrx_word' id='word_1_156' title='bbox 2242 1756 2406 1837; x_wconf 86' lang='lat' dir='ltr'><strong>regis</strong></span> <span class='ocrx_word' id='word_1_157' title='bbox 2432 1757 2755 1841; x_wconf 87' lang='lat' dir='ltr'><strong>Hungarie</strong></span> <span class='ocrx_word' id='word_1_158' title='bbox 2792 1759 2867 1823; x_wconf 91' lang='lat' dir='ltr'><strong>de</strong></span> <span class='ocrx_word' id='word_1_159' title='bbox 2902 1759 3066 1825; x_wconf 86' lang='lat' dir='ltr'><strong>facto</strong></span> 
     </span>
     <span class='ocr_line' id='line_1_17' title="bbox 348 1841 3067 1928; baseline 0.003 -24"><span class='ocrx_word' id='word_1_160' title='bbox 348 1843 637 1922; x_wconf 82' lang='lat' dir='ltr'><strong>pecunie;</strong></span> <span class='ocrx_word' id='word_1_161' title='bbox 687 1841 858 1906; x_wconf 84' lang='lat' dir='ltr'><strong>vadit</strong></span> <span class='ocrx_word' id='word_1_162' title='bbox 907 1860 1066 1922; x_wconf 75' lang='lat' dir='ltr'><strong>parS,</strong></span> <span class='ocrx_word' id='word_1_163' title='bbox 1115 1842 1273 1925; x_wconf 91' lang='lat' dir='ltr'><strong>quod</strong></span> <span class='ocrx_word' id='word_1_164' title='bbox 1323 1844 1736 1923; x_wconf 88' lang='lat' dir='ltr'><strong>suspendatur</strong></span> <span class='ocrx_word' id='word_1_165' title='bbox 1813 1843 2003 1905; x_wconf 89' lang='lat' dir='ltr'><strong>etiam</strong></span> <span class='ocrx_word' id='word_1_166' title='bbox 2087 1845 2400 1925; x_wconf 82' lang='lat' dir='ltr'><strong>responsio</strong></span> <span class='ocrx_word' id='word_1_167' title='bbox 2475 1846 2675 1927; x_wconf 89' lang='lat' dir='ltr'><strong>prime</strong></span> <span class='ocrx_word' id='word_1_168' title='bbox 2748 1848 2944 1928; x_wconf 90' lang='lat' dir='ltr'><strong>partis</strong></span> <span class='ocrx_word' id='word_1_169' title='bbox 2991 1849 3067 1914; x_wconf 91' lang='lat' dir='ltr'><strong>de</strong></span> 
     </span>
     <span class='ocr_line' id='line_1_18' title="bbox 351 1929 2448 2012; baseline 0.001 -19"><span class='ocrx_word' id='word_1_170' title='bbox 351 1929 510 1993; x_wconf 85' lang='lat' dir='ltr'><strong>facto</strong></span> <span class='ocrx_word' id='word_1_171' title='bbox 553 1930 891 2012; x_wconf 80' lang='lat' dir='ltr'><strong>galearum,</strong></span> <span class='ocrx_word' id='word_1_172' title='bbox 940 1929 1131 1993; x_wconf 88' lang='grc'>60066</span> <span class='ocrx_word' id='word_1_173' title='bbox 1176 1929 1518 1994; x_wconf 87' lang='lat' dir='ltr'><strong>deliberata</strong></span> <span class='ocrx_word' id='word_1_174' title='bbox 1566 1930 1755 1995; x_wconf 87' lang='lat' dir='ltr'><strong>fuerit</strong></span> <span class='ocrx_word' id='word_1_175' title='bbox 1800 1931 2113 2012; x_wconf 86' lang='lat' dir='ltr'><strong>responsio</strong></span> <span class='ocrx_word' id='word_1_176' title='bbox 2165 1933 2448 1995; x_wconf 89' lang='lat' dir='ltr'><strong>secunda.</strong></span> 
     </span>
    </p>

    <p class='ocr_par' dir='ltr' id='par_1_6' title="bbox 343 2016 3068 2626">
     <span class='ocr_line' id='line_1_19' title="bbox 559 2016 3067 2105; baseline 0.003 -25"><span class='ocrx_word' id='word_1_177' title='bbox 559 2017 673 2082; x_wconf 92' lang='lat' dir='ltr'><strong>Die</strong></span> <span class='ocrx_word' id='word_1_178' title='bbox 718 2017 868 2080; x_wconf 90' lang='lat' dir='ltr'><strong>XIV</strong></span> <span class='ocrx_word' id='word_1_179' title='bbox 914 2016 1146 2097; x_wconf 82' lang='lat' dir='ltr'><strong>aprilis.</strong></span> <span class='ocrx_word' id='word_1_180' title='bbox 1183 2017 1542 2081; x_wconf 86' lang='lat' dir='ltr'><strong>Dominicus</strong></span> <span class='ocrx_word' id='word_1_181' title='bbox 1576 2017 1919 2082; x_wconf 85' lang='lat' dir='ltr'><strong>Contareuo</strong></span> <span class='ocrx_word' id='word_1_182' title='bbox 1952 2019 2338 2082; x_wconf 82' lang='lat' dir='ltr'><strong>consiliarius</strong></span> <span class='ocrx_word' id='word_1_183' title='bbox 2368 2042 2382 2082; x_wconf 89' lang='lat'>:</span> <span class='ocrx_word' id='word_1_184' title='bbox 2431 2023 2592 2102; x_wconf 84' lang='lat' dir='ltr'><strong>quod</strong></span> <span class='ocrx_word' id='word_1_185' title='bbox 2628 2024 3067 2105; x_wconf 78' lang='lat' dir='ltr'><strong>respondeatur</strong></span> 
     </span>
     <span class='ocr_line' id='line_1_20' title="bbox 348 2105 3058 2188; baseline 0.003 -21"><span class='ocrx_word' id='word_1_186' title='bbox 348 2105 452 2168; x_wconf 87' lang='lat' dir='ltr'><strong>isti</strong></span> <span class='ocrx_word' id='word_1_187' title='bbox 502 2106 905 2169; x_wconf 82' lang='lat' dir='ltr'><strong>ambasiatori</strong></span> <span class='ocrx_word' id='word_1_188' title='bbox 953 2105 1187 2168; x_wconf 87' lang='lat' dir='ltr'><strong>domini</strong></span> <span class='ocrx_word' id='word_1_189' title='bbox 1230 2106 1391 2182; x_wconf 81' lang='lat' dir='ltr'><strong>regis</strong></span> <span class='ocrx_word' id='word_1_190' title='bbox 1438 2105 1755 2187; x_wconf 84' lang='lat' dir='ltr'><strong>Hungarie</strong></span> <span class='ocrx_word' id='word_1_191' title='bbox 1804 2107 1879 2168; x_wconf 89' lang='lat' dir='ltr'><strong>ad</strong></span> <span class='ocrx_word' id='word_1_192' title='bbox 1933 2108 2196 2187; x_wconf 84' lang='lat' dir='ltr'><strong>primam</strong></span> <span class='ocrx_word' id='word_1_193' title='bbox 2242 2112 2473 2188; x_wconf 87' lang='lat' dir='ltr'><strong>partem</strong></span> <span class='ocrx_word' id='word_1_194' title='bbox 2539 2129 2646 2173; x_wconf 87' lang='lat' dir='ltr'><strong>sue</strong></span> <span class='ocrx_word' id='word_1_195' title='bbox 2707 2112 3058 2176; x_wconf 84' lang='lat' dir='ltr'><strong>ambasiate</strong></span> 
     </span>
     <span class='ocr_line' id='line_1_21' title="bbox 345 2192 3055 2281; baseline 0.003 -26"><span class='ocrx_word' id='word_1_196' title='bbox 345 2196 683 2256; x_wconf 87' lang='lat' dir='ltr'><strong>secundum</strong></span> <span class='ocrx_word' id='word_1_197' title='bbox 732 2194 890 2275; x_wconf 91' lang='lat' dir='ltr'><strong>quod</strong></span> <span class='ocrx_word' id='word_1_198' title='bbox 940 2192 1137 2275; x_wconf 88' lang='lat' dir='ltr'><strong>pridie</strong></span> <span class='ocrx_word' id='word_1_199' title='bbox 1183 2196 1434 2275; x_wconf 84' lang='lat' dir='ltr'><strong>captum</strong></span> <span class='ocrx_word' id='word_1_200' title='bbox 1483 2192 1600 2257; x_wconf 84' lang='lat' dir='ltr'><strong>fuit</strong></span> <span class='ocrx_word' id='word_1_201' title='bbox 1652 2196 1714 2257; x_wconf 92' lang='lat' dir='ltr'><strong>in</strong></span> <span class='ocrx_word' id='word_1_202' title='bbox 1763 2193 1877 2257; x_wconf 87' lang='lat' dir='ltr'><strong>hoc</strong></span> <span class='ocrx_word' id='word_1_203' title='bbox 1923 2195 2197 2258; x_wconf 84' lang='lat' dir='ltr'><strong>consilio.</strong></span> <span class='ocrx_word' id='word_1_204' title='bbox 2252 2195 2344 2258; x_wconf 83' lang='lat' dir='ltr'><strong>Ad</strong></span> <span class='ocrx_word' id='word_1_205' title='bbox 2410 2198 2738 2263; x_wconf 84' lang='lat' dir='ltr'><strong>secundam</strong></span> <span class='ocrx_word' id='word_1_206' title='bbox 2811 2203 3055 2281; x_wconf 85' lang='lat' dir='ltr'><strong>partem</strong></span> 
     </span>
     <span class='ocr_line' id='line_1_22' title="bbox 344 2280 3059 2363; baseline 0.004 -22"><span class='ocrx_word' id='word_1_207' title='bbox 344 2282 768 2345; x_wconf 76' lang='lat' dir='ltr'><strong>subventionis</strong></span> <span class='ocrx_word' id='word_1_208' title='bbox 842 2280 1094 2362; x_wconf 79' lang='lat' dir='ltr'><strong>pecunie</strong></span> <span class='ocrx_word' id='word_1_209' title='bbox 1164 2280 1426 2358; x_wconf 73' lang='lat' dir='ltr'><strong>dicatur,</strong></span> <span class='ocrx_word' id='word_1_210' title='bbox 1503 2282 1662 2363; x_wconf 90' lang='lat' dir='ltr'><strong>quod</strong></span> <span class='ocrx_word' id='word_1_211' title='bbox 1736 2300 1839 2361; x_wconf 90' lang='lat' dir='ltr'><strong>pro</strong></span> <span class='ocrx_word' id='word_1_212' title='bbox 1908 2282 2095 2345; x_wconf 88' lang='lat' dir='ltr'><strong>certis</strong></span> <span class='ocrx_word' id='word_1_213' title='bbox 2152 2282 2628 2349; x_wconf 82' lang='lat' dir='ltr'><strong>rationabilibus</strong></span> <span class='ocrx_word' id='word_1_214' title='bbox 2677 2289 2741 2349; x_wconf 90' lang='lat' dir='ltr'><strong>et</strong></span> <span class='ocrx_word' id='word_1_215' title='bbox 2784 2286 3059 2352; x_wconf 76' lang='lat' dir='ltr'><strong>honestis</strong></span> 
     </span>
     <span class='ocr_line' id='line_1_23' title="bbox 343 2368 3063 2459; baseline 0.003 -28"><span class='ocrx_word' id='word_1_216' title='bbox 343 2369 546 2432; x_wconf 87' lang='lat' dir='ltr'><strong>causis</strong></span> <span class='ocrx_word' id='word_1_217' title='bbox 594 2369 837 2432; x_wconf 83' lang='lat' dir='ltr'><strong>videtur</strong></span> <span class='ocrx_word' id='word_1_218' title='bbox 886 2368 1057 2432; x_wconf 90' lang='lat' dir='ltr'><strong>nobis</strong></span> <span class='ocrx_word' id='word_1_219' title='bbox 1105 2369 1177 2431; x_wconf 86' lang='lat' dir='ltr'><strong>de</strong></span> <span class='ocrx_word' id='word_1_220' title='bbox 1220 2368 1551 2432; x_wconf 81' lang='lat' dir='ltr'><strong>differendo</strong></span> <span class='ocrx_word' id='word_1_221' title='bbox 1600 2368 2053 2449; x_wconf 83' lang='lat' dir='ltr'><strong>responsionem</strong></span> <span class='ocrx_word' id='word_1_222' title='bbox 2127 2370 2201 2434; x_wconf 88' lang='lat' dir='ltr'><strong>ad</strong></span> <span class='ocrx_word' id='word_1_223' title='bbox 2273 2370 2502 2436; x_wconf 85' lang='lat' dir='ltr'><strong>dictam</strong></span> <span class='ocrx_word' id='word_1_224' title='bbox 2576 2378 2815 2453; x_wconf 86' lang='lat' dir='ltr'><strong>partem</strong></span> <span class='ocrx_word' id='word_1_225' title='bbox 2865 2395 3063 2459; x_wconf 88' lang='lat' dir='ltr'><strong>usque</strong></span> 
     </span>
     <span class='ocr_line' id='line_1_24' title="bbox 347 2455 3064 2538; baseline 0.004 -19"><span class='ocrx_word' id='word_1_226' title='bbox 347 2455 425 2519; x_wconf 87' lang='lat' dir='ltr'><strong>ad</strong></span> <span class='ocrx_word' id='word_1_227' title='bbox 473 2458 803 2521; x_wconf 86' lang='lat' dir='ltr'><strong>adventum</strong></span> <span class='ocrx_word' id='word_1_228' title='bbox 856 2456 1168 2520; x_wconf 87' lang='lat' dir='ltr'><strong>Francisci</strong></span> <span class='ocrx_word' id='word_1_229' title='bbox 1211 2457 1283 2519; x_wconf 91' lang='lat' dir='ltr'><strong>de</strong></span> <span class='ocrx_word' id='word_1_230' title='bbox 1340 2457 1663 2530; x_wconf 90' lang='lat' dir='ltr'><strong>Bemardo‚</strong></span> <span class='ocrx_word' id='word_1_231' title='bbox 1711 2457 1860 2538; x_wconf 90' lang='lat' dir='ltr'><strong>quia</strong></span> <span class='ocrx_word' id='word_1_232' title='bbox 1906 2461 2055 2522; x_wconf 92' lang='lat' dir='ltr'><strong>tunc</strong></span> <span class='ocrx_word' id='word_1_233' title='bbox 2124 2457 2244 2522; x_wconf 89' lang='lat' dir='ltr'><strong>sibi</strong></span> <span class='ocrx_word' id='word_1_234' title='bbox 2303 2460 2588 2524; x_wconf 82' lang='lat' dir='ltr'><strong>dabimus</strong></span> <span class='ocrx_word' id='word_1_235' title='bbox 2636 2462 2885 2527; x_wconf 85' lang='lat' dir='ltr'><strong>finalem</strong></span> <span class='ocrx_word' id='word_1_236' title='bbox 2934 2483 3064 2529; x_wconf 90' lang='lat' dir='ltr'><strong>res·</strong></span> 
     </span>
     <span class='ocr_line' id='line_1_25' title="bbox 344 2544 3068 2626; baseline -0.001 -19"><span class='ocrx_word' id='word_1_237' title='bbox 344 2544 701 2624; x_wconf 89' lang='lat' dir='ltr'><strong>ponsionem</strong></span> <span class='ocrx_word' id='word_1_238' title='bbox 745 2564 924 2626; x_wconf 90' lang='lat' dir='ltr'><strong>super</strong></span> <span class='ocrx_word' id='word_1_239' title='bbox 973 2545 1147 2626; x_wconf 88' lang='lat' dir='ltr'><strong>parte</strong></span> <span class='ocrx_word' id='word_1_240' title='bbox 1197 2545 1475 2625; x_wconf 87' lang='lat' dir='ltr'><strong>predicta</strong></span> <span class='ocrx_word' id='word_1_241' title='bbox 1521 2544 1626 2618; x_wconf 85' lang='lat'><strong>48,</strong></span> <span class='ocrx_word' id='word_1_242' title='bbox 1671 2548 1774 2607; x_wconf 83' lang='grc'>49.</span> <span class='ocrx_word' id='word_1_243' title='bbox 3063 2619 3068 2624; x_wconf 16' lang='grc' dir='ltr'><strong>β</strong></span> 
     </span>
    </p>

    <p class='ocr_par' dir='ltr' id='par_1_7' title="bbox 343 2631 3069 3417">
     <span class='ocr_line' id='line_1_26' title="bbox 552 2631 3069 2717; baseline 0.002 -19"><span class='ocrx_word' id='word_1_244' title='bbox 552 2631 872 2714; x_wconf 83' lang='lat' dir='ltr'><strong>Sapientes</strong></span> <span class='ocrx_word' id='word_1_245' title='bbox 921 2632 1163 2696; x_wconf 90' lang='lat' dir='ltr'><strong>consilii</strong></span> <span class='ocrx_word' id='word_1_246' title='bbox 1211 2636 1275 2696; x_wconf 88' lang='lat' dir='ltr'><strong>et</strong></span> <span class='ocrx_word' id='word_1_247' title='bbox 1321 2634 1631 2714; x_wconf 87' lang='lat' dir='ltr'><strong>sapientes</strong></span> <span class='ocrx_word' id='word_1_248' title='bbox 1665 2633 1969 2699; x_wconf 88' lang='lat' dir='ltr'><strong>ordinum.</strong></span> <span class='ocrx_word' id='word_1_249' title='bbox 2005 2633 2224 2717; x_wconf 86' lang='lat' dir='ltr'><strong>Capta:</strong></span> <span class='ocrx_word' id='word_1_250' title='bbox 2276 2636 2433 2717; x_wconf 89' lang='lat' dir='ltr'><strong>quod</strong></span> <span class='ocrx_word' id='word_1_251' title='bbox 2468 2638 2848 2702; x_wconf 84' lang='lat' dir='ltr'><strong>considerata</strong></span> <span class='ocrx_word' id='word_1_252' title='bbox 2881 2639 3069 2704; x_wconf 90' lang='lat' dir='ltr'><strong>liber-</strong></span> 
     </span>
     <span class='ocr_line' id='line_1_27' title="bbox 344 2720 3064 2805; baseline 0.003 -21"><span class='ocrx_word' id='word_1_253' title='bbox 344 2720 493 2795; x_wconf 81' lang='lat' dir='ltr'><strong>tate,</strong></span> <span class='ocrx_word' id='word_1_254' title='bbox 543 2740 728 2802; x_wconf 86' lang='lat' dir='ltr'><strong>quam</strong></span> <span class='ocrx_word' id='word_1_255' title='bbox 783 2722 970 2784; x_wconf 87' lang='lat' dir='ltr'><strong>habet</strong></span> <span class='ocrx_word' id='word_1_256' title='bbox 1015 2721 1133 2784; x_wconf 89' lang='lat' dir='ltr'><strong>iste</strong></span> <span class='ocrx_word' id='word_1_257' title='bbox 1181 2722 1590 2784; x_wconf 89' lang='lat' dir='ltr'><strong>ambassiator</strong></span> <span class='ocrx_word' id='word_1_258' title='bbox 1638 2722 1868 2785; x_wconf 90' lang='lat' dir='ltr'><strong>domini</strong></span> <span class='ocrx_word' id='word_1_259' title='bbox 1919 2725 2081 2805; x_wconf 90' lang='lat' dir='ltr'><strong>regis</strong></span> <span class='ocrx_word' id='word_1_260' title='bbox 2135 2723 2211 2786; x_wconf 86' lang='lat' dir='ltr'><strong>ad</strong></span> <span class='ocrx_word' id='word_1_261' title='bbox 2258 2723 2606 2788; x_wconf 86' lang='lat' dir='ltr'><strong>faciendum</strong></span> <span class='ocrx_word' id='word_1_262' title='bbox 2658 2745 2767 2790; x_wconf 91' lang='lat' dir='ltr'><strong>nos</strong></span> <span class='ocrx_word' id='word_1_263' title='bbox 2816 2747 3064 2792; x_wconf 78' lang='lat' dir='ltr'><strong>securos</strong></span> 
     </span>
     <span class='ocr_line' id='line_1_28' title="bbox 345 2806 3062 2895; baseline 0.004 -26"><span class='ocrx_word' id='word_1_264' title='bbox 345 2806 419 2869; x_wconf 91' lang='lat' dir='ltr'><strong>de</strong></span> <span class='ocrx_word' id='word_1_265' title='bbox 467 2813 701 2884; x_wconf 88' lang='lat' dir='ltr'><strong>mutu0,</strong></span> <span class='ocrx_word' id='word_1_266' title='bbox 751 2813 905 2890; x_wconf 75' lang='lat' dir='ltr'><strong>quod</strong></span> <span class='ocrx_word' id='word_1_267' title='bbox 959 2809 1221 2889; x_wconf 83' lang='lat' dir='ltr'><strong>requirit</strong></span> <span class='ocrx_word' id='word_1_268' title='bbox 1268 2827 1303 2870; x_wconf 87' lang='lat' dir='ltr'><strong>a</strong></span> <span class='ocrx_word' id='word_1_269' title='bbox 1353 2809 1545 2883; x_wconf 87' lang='lat' dir='ltr'><strong>nobis,</strong></span> <span class='ocrx_word' id='word_1_270' title='bbox 1597 2809 1698 2891; x_wconf 90' lang='lat' dir='ltr'><strong>qui</strong></span> <span class='ocrx_word' id='word_1_271' title='bbox 1750 2828 1869 2872; x_wconf 91' lang='lat' dir='ltr'><strong>non</strong></span> <span class='ocrx_word' id='word_1_272' title='bbox 1909 2820 2004 2873; x_wconf 87' lang='lat' dir='ltr'><strong>est</strong></span> <span class='ocrx_word' id='word_1_273' title='bbox 2055 2812 2169 2874; x_wconf 89' lang='lat' dir='ltr'><strong>nisi</strong></span> <span class='ocrx_word' id='word_1_274' title='bbox 2220 2810 2294 2873; x_wconf 91' lang='lat' dir='ltr'><strong>de</strong></span> <span class='ocrx_word' id='word_1_275' title='bbox 2343 2812 2501 2876; x_wconf 87' lang='lat' dir='ltr'><strong>sacto</strong></span> <span class='ocrx_word' id='word_1_276' title='bbox 2544 2816 3062 2895; x_wconf 85' lang='lat' dir='ltr'><strong>septemmillium</strong></span> 
     </span>
     <span class='ocr_line' id='line_1_29' title="bbox 345 2895 3066 2981; baseline 0.004 -23"><span class='ocrx_word' id='word_1_277' title='bbox 345 2895 727 2969; x_wconf 87' lang='lat' dir='ltr'><strong>ducatorum,</strong></span> <span class='ocrx_word' id='word_1_278' title='bbox 777 2897 890 2960; x_wconf 86' lang='lat' dir='ltr'><strong>fiat</strong></span> <span class='ocrx_word' id='word_1_279' title='bbox 935 2897 989 2959; x_wconf 91' lang='lat' dir='ltr'><strong>ei</strong></span> <span class='ocrx_word' id='word_1_280' title='bbox 1039 2897 1358 2978; x_wconf 80' lang='lat' dir='ltr'><strong>responsio</strong></span> <span class='ocrx_word' id='word_1_281' title='bbox 1404 2916 1546 2960; x_wconf 91' lang='lat' dir='ltr'><strong>cum</strong></span> <span class='ocrx_word' id='word_1_282' title='bbox 1598 2897 1724 2960; x_wconf 92' lang='lat' dir='ltr'><strong>illis</strong></span> <span class='ocrx_word' id='word_1_283' title='bbox 1778 2899 2053 2961; x_wconf 80' lang='lat' dir='ltr'><strong>honestis</strong></span> <span class='ocrx_word' id='word_1_284' title='bbox 2111 2899 2334 2976; x_wconf 77' lang='lat' dir='ltr'><strong>verbiS,</strong></span> <span class='ocrx_word' id='word_1_285' title='bbox 2400 2916 2514 2981; x_wconf 88' lang='lat' dir='ltr'><strong>que</strong></span> <span class='ocrx_word' id='word_1_286' title='bbox 2574 2902 2845 2966; x_wconf 90' lang='lat' dir='ltr'><strong>dominio</strong></span> <span class='ocrx_word' id='word_1_287' title='bbox 2895 2903 3066 2968; x_wconf 86' lang='lat' dir='ltr'><strong>vide—</strong></span> 
     </span>
     <span class='ocr_line' id='line_1_30' title="bbox 344 2983 3066 3069; baseline 0.003 -22"><span class='ocrx_word' id='word_1_288' title='bbox 344 2983 596 3061; x_wconf 82' lang='lat' dir='ltr'><strong>buntur,</strong></span> <span class='ocrx_word' id='word_1_289' title='bbox 647 2986 801 3066; x_wconf 85' lang='lat' dir='ltr'><strong>quod</strong></span> <span class='ocrx_word' id='word_1_290' title='bbox 852 2986 1100 3066; x_wconf 84' lang='lat' dir='ltr'><strong>propter</strong></span> <span class='ocrx_word' id='word_1_291' title='bbox 1147 2985 1378 3046; x_wconf 87' lang='lat' dir='ltr'><strong>multas</strong></span> <span class='ocrx_word' id='word_1_292' title='bbox 1429 3004 1725 3066; x_wconf 82' lang='lat' dir='ltr'><strong>expensas</strong></span> <span class='ocrx_word' id='word_1_293' title='bbox 1773 2984 1971 3051; x_wconf 86' lang='lat' dir='ltr'><strong>factas</strong></span> <span class='ocrx_word' id='word_1_294' title='bbox 2020 3006 2126 3068; x_wconf 87' lang='lat' dir='ltr'><strong>per</strong></span> <span class='ocrx_word' id='word_1_295' title='bbox 2176 3006 2283 3049; x_wconf 90' lang='lat' dir='ltr'><strong>nos</strong></span> <span class='ocrx_word' id='word_1_296' title='bbox 2333 3006 2490 3051; x_wconf 86' lang='lat' dir='ltr'><strong>anno</strong></span> <span class='ocrx_word' id='word_1_297' title='bbox 2561 2990 2830 3069; x_wconf 89' lang='lat' dir='ltr'><strong>presenti</strong></span> <span class='ocrx_word' id='word_1_298' title='bbox 2898 2991 3066 3056; x_wconf 87' lang='lat' dir='ltr'><strong>ultra</strong></span> 
     </span>
     <span class='ocr_line' id='line_1_31' title="bbox 345 3071 3065 3161; baseline 0.003 -25"><span class='ocrx_word' id='word_1_299' title='bbox 345 3071 599 3136; x_wconf 88' lang='lat' dir='ltr'><strong>solitum</strong></span> <span class='ocrx_word' id='word_1_300' title='bbox 651 3090 760 3152; x_wconf 89' lang='lat' dir='ltr'><strong>pro</strong></span> <span class='ocrx_word' id='word_1_301' title='bbox 809 3073 988 3136; x_wconf 90' lang='lat' dir='ltr'><strong>modo</strong></span> <span class='ocrx_word' id='word_1_302' title='bbox 1036 3071 1376 3135; x_wconf 87' lang='lat' dir='ltr'><strong>dominatio</strong></span> <span class='ocrx_word' id='word_1_303' title='bbox 1426 3076 1638 3136; x_wconf 88' lang='lat' dir='ltr'><strong>nostra</strong></span> <span class='ocrx_word' id='word_1_304' title='bbox 1708 3090 1826 3136; x_wconf 90' lang='lat' dir='ltr'><strong>non</strong></span> <span class='ocrx_word' id='word_1_305' title='bbox 1899 3083 1995 3137; x_wconf 86' lang='lat' dir='ltr'><strong>est</strong></span> <span class='ocrx_word' id='word_1_306' title='bbox 2041 3075 2102 3137; x_wconf 92' lang='lat' dir='ltr'><strong>in</strong></span> <span class='ocrx_word' id='word_1_307' title='bbox 2152 3075 2415 3138; x_wconf 91' lang='lat' dir='ltr'><strong>termino</strong></span> <span class='ocrx_word' id='word_1_308' title='bbox 2466 3077 2747 3156; x_wconf 88' lang='lat' dir='ltr'><strong>possendi</strong></span> <span class='ocrx_word' id='word_1_309' title='bbox 2794 3079 3065 3161; x_wconf 88' lang='lat' dir='ltr'><strong>compla-</strong></span> 
     </span>
     <span class='ocr_line' id='line_1_32' title="bbox 346 3160 3067 3246; baseline 0.003 -22"><span class='ocrx_word' id='word_1_310' title='bbox 346 3179 484 3224; x_wconf 89' lang='lat' dir='ltr'><strong>cere</strong></span> <span class='ocrx_word' id='word_1_311' title='bbox 533 3161 845 3224; x_wconf 88' lang='lat' dir='ltr'><strong>maiestati</strong></span> <span class='ocrx_word' id='word_1_312' title='bbox 888 3160 1075 3241; x_wconf 86' lang='lat' dir='ltr'><strong>regie,</strong></span> <span class='ocrx_word' id='word_1_313' title='bbox 1125 3179 1307 3241; x_wconf 91' lang='lat' dir='ltr'><strong>quam</strong></span> <span class='ocrx_word' id='word_1_314' title='bbox 1355 3161 1683 3224; x_wconf 85' lang='lat' dir='ltr'><strong>affectuose</strong></span> <span class='ocrx_word' id='word_1_315' title='bbox 1748 3180 2086 3241; x_wconf 82' lang='lat' dir='ltr'><strong>precamur,</strong></span> <span class='ocrx_word' id='word_1_316' title='bbox 2155 3165 2459 3243; x_wconf 89' lang='lat' dir='ltr'><strong>quatenus</strong></span> <span class='ocrx_word' id='word_1_317' title='bbox 2529 3165 2755 3229; x_wconf 89' lang='lat' dir='ltr'><strong>habere</strong></span> <span class='ocrx_word' id='word_1_318' title='bbox 2818 3167 3067 3246; x_wconf 88' lang='lat' dir='ltr'><strong>placeat</strong></span> 
     </span>
     <span class='ocr_line' id='line_1_33' title="bbox 345 3248 3068 3337; baseline 0.003 -27"><span class='ocrx_word' id='word_1_319' title='bbox 345 3266 454 3311; x_wconf 93' lang='lat' dir='ltr'><strong>nos</strong></span> <span class='ocrx_word' id='word_1_320' title='bbox 504 3249 723 3312; x_wconf 90' lang='lat' dir='ltr'><strong>merito</strong></span> <span class='ocrx_word' id='word_1_321' title='bbox 769 3251 1108 3321; x_wconf 77' lang='lat' dir='ltr'><strong>excusatos,</strong></span> <span class='ocrx_word' id='word_1_322' title='bbox 1160 3252 1223 3311; x_wconf 91' lang='lat' dir='ltr'><strong>et</strong></span> <span class='ocrx_word' id='word_1_323' title='bbox 1268 3249 1342 3311; x_wconf 88' lang='lat' dir='ltr'><strong>ad</strong></span> <span class='ocrx_word' id='word_1_324' title='bbox 1392 3248 1656 3328; x_wconf 83' lang='lat' dir='ltr'><strong>primam</strong></span> <span class='ocrx_word' id='word_1_325' title='bbox 1705 3251 1944 3330; x_wconf 89' lang='lat' dir='ltr'><strong>partem</strong></span> <span class='ocrx_word' id='word_1_326' title='bbox 1994 3251 2106 3313; x_wconf 89' lang='lat' dir='ltr'><strong>fiat</strong></span> <span class='ocrx_word' id='word_1_327' title='bbox 2131 3250 2466 3331; x_wconf 88' lang='lat' dir='ltr'><strong>responsi0,</strong></span> <span class='ocrx_word' id='word_1_328' title='bbox 2502 3253 2664 3317; x_wconf 90' lang='lat' dir='ltr'><strong>sicut</strong></span> <span class='ocrx_word' id='word_1_329' title='bbox 2695 3252 2893 3335; x_wconf 90' lang='lat' dir='ltr'><strong>pridie</strong></span> <span class='ocrx_word' id='word_1_330' title='bbox 2923 3274 3068 3337; x_wconf 89' lang='lat' dir='ltr'><strong>cap-</strong></span> 
     </span>
     <span class='ocr_line' id='line_1_34' title="bbox 343 3334 2390 3417; baseline -0.001 -17"><span class='ocrx_word' id='word_1_331' title='bbox 343 3337 480 3400; x_wconf 88' lang='lat' dir='ltr'><strong>tum</strong></span> <span class='ocrx_word' id='word_1_332' title='bbox 530 3336 663 3399; x_wconf 88' lang='lat' dir='ltr'><strong>fuit.</strong></span> <span class='ocrx_word' id='word_1_333' title='bbox 720 3336 809 3400; x_wconf 93' lang='lat' dir='ltr'><strong>De</strong></span> <span class='ocrx_word' id='word_1_334' title='bbox 859 3341 1033 3416; x_wconf 88' lang='lat' dir='ltr'><strong>parte</strong></span> <span class='ocrx_word' id='word_1_335' title='bbox 1080 3334 1185 3412; x_wconf 88' lang='grc'><strong>52,</strong></span> <span class='ocrx_word' id='word_1_336' title='bbox 1233 3335 1339 3413; x_wconf 88' lang='grc'><strong>59,</strong></span> <span class='ocrx_word' id='word_1_337' title='bbox 1390 3336 1464 3398; x_wconf 87' lang='lat' dir='ltr'><strong>de</strong></span> <span class='ocrx_word' id='word_1_338' title='bbox 1511 3355 1628 3400; x_wconf 92' lang='lat' dir='ltr'><strong>non</strong></span> <span class='ocrx_word' id='word_1_339' title='bbox 1672 3335 1731 3414; x_wconf 92' lang='grc'><strong>6,</strong></span> <span class='ocrx_word' id='word_1_340' title='bbox 1784 3355 1903 3400; x_wconf 89' lang='grc'><strong>000</strong></span> <span class='ocrx_word' id='word_1_341' title='bbox 1952 3338 2176 3401; x_wconf 84' lang='lat' dir='ltr'><strong>sinceri</strong></span> <span class='ocrx_word' id='word_1_342' title='bbox 2221 3339 2281 3417; x_wconf 83' lang='lat'><strong>5,</strong></span> <span class='ocrx_word' id='word_1_343' title='bbox 2331 3340 2390 3402; x_wconf 82' lang='lat'><strong>5.</strong></span> 
     </span>
    </p>
   </div>
   <div class='ocr_carea' id='block_1_3' title="bbox 430 3426 2278 3518">
    <p class='ocr_par' dir='ltr' id='par_1_8' title="bbox 430 3426 2278 3518">
     <span class='ocr_line' id='line_1_35' title="bbox 430 3426 2278 3518; baseline 0.001 -15"><span class='ocrx_word' id='word_1_344' title='bbox 430 3445 670 3504; x_wconf 76' lang='lat' dir='ltr'><strong>Secreta</strong></span> <span class='ocrx_word' id='word_1_345' title='bbox 714 3443 967 3503; x_wconf 72' lang='lat' dir='ltr'><strong>Consilii</strong></span> <span class='ocrx_word' id='word_1_346' title='bbox 1012 3444 1373 3518; x_wconf 76' lang='lat' dir='ltr'><strong>Royatorum</strong></span> <span class='ocrx_word' id='word_1_347' title='bbox 1423 3426 1500 3504; x_wconf 69' lang='lat' dir='ltr'><strong>R}</strong></span> <span class='ocrx_word' id='word_1_348' title='bbox 1554 3446 1695 3514; x_wconf 74' lang='lat'><strong>126,</strong></span> <span class='ocrx_word' id='word_1_349' title='bbox 1745 3462 1787 3503; x_wconf 78' lang='lat' dir='ltr'><em>u</em></span> <span class='ocrx_word' id='word_1_350' title='bbox 1834 3446 1991 3504; x_wconf 73' lang='lat' dir='ltr'><strong>ualet.</strong></span> <span class='ocrx_word' id='word_1_351' title='bbox 2041 3446 2278 3505; x_wconf 78' lang='lat' dir='ltr'><strong>arkivu.</strong></span> 
     </span>
    </p>
   </div>
   <div class='ocr_carea' id='block_1_4' title="bbox 420 3633 3008 3841">
    <p class='ocr_par' dir='ltr' id='par_1_9' title="bbox 420 3633 3008 3841">
     <span class='ocr_line' id='line_1_36' title="bbox 711 3633 2692 3736; baseline 0.001 -21"><span class='ocrx_word' id='word_1_352' title='bbox 711 3633 1018 3715; x_wconf 75' lang='lat' dir='ltr'><strong>DXIV.</strong></span> <span class='ocrx_word' id='word_1_353' title='bbox 1073 3633 1275 3716; x_wconf 79' lang='lat' dir='ltr'><strong>God.</strong></span> <span class='ocrx_word' id='word_1_354' title='bbox 1334 3633 1557 3716; x_wconf 77' lang='lat'><strong>1395.</strong></span> <span class='ocrx_word' id='word_1_355' title='bbox 1613 3634 1711 3716; x_wconf 80' lang='lat'><strong>14</strong></span> <span class='ocrx_word' id='word_1_356' title='bbox 1763 3635 2135 3736; x_wconf 82' lang='lat' dir='ltr'><strong>travnja,</strong></span> <span class='ocrx_word' id='word_1_357' title='bbox 2189 3657 2248 3716; x_wconf 86' lang='lat' dir='ltr'><strong>u</strong></span> <span class='ocrx_word' id='word_1_358' title='bbox 2302 3634 2692 3718; x_wconf 80' lang='lat' dir='ltr'><strong>Mletcih.</strong></span> 
     </span>
     <span class='ocr_line' id='line_1_37' title="bbox 420 3758 3008 3841; baseline 0.002 -20"><span class='ocrx_word' id='word_1_359' title='bbox 420 3763 714 3838; x_wconf 75' lang='lat' dir='ltr'><strong>Poyodba,</strong></span> <span class='ocrx_word' id='word_1_360' title='bbox 758 3763 947 3834; x_wconf 82' lang='lat' dir='ltr'><strong>kojom</strong></span> <span class='ocrx_word' id='word_1_361' title='bbox 998 3758 1212 3838; x_wconf 74' lang='lat' dir='ltr'><strong>GjOryj</strong></span> <span class='ocrx_word' id='word_1_362' title='bbox 1257 3760 1551 3820; x_wconf 76' lang='lat' dir='ltr'><strong>Sracim-ir</strong></span> <span class='ocrx_word' id='word_1_363' title='bbox 1595 3761 1925 3833; x_wconf 74' lang='lat' dir='ltr'><strong>ustupljuje</strong></span> <span class='ocrx_word' id='word_1_364' title='bbox 1965 3761 2328 3841; x_wconf 64' lang='lat' dir='ltr'><strong>Mletcanom</strong></span> <span class='ocrx_word' id='word_1_365' title='bbox 2384 3761 2626 3822; x_wconf 78' lang='lat' dir='ltr'><strong>Slcadar</strong></span> <span class='ocrx_word' id='word_1_366' title='bbox 2669 3766 2693 3821; x_wconf 84' lang='lat' dir='ltr'><strong>i</strong></span> <span class='ocrx_word' id='word_1_367' title='bbox 2737 3765 3008 3826; x_wconf 72' lang='lat' dir='ltr'><strong>Dre&#39;vast.</strong></span> 
     </span>
    </p>
   </div>
   <div class='ocr_carea' id='block_1_5' title="bbox 341 3881 3067 4840">
    <p class='ocr_par' dir='ltr' id='par_1_10' title="bbox 341 3881 3067 4840">
     <span class='ocr_line' id='line_1_38' title="bbox 554 3881 3062 3963; baseline 0.002 -18"><span class='ocrx_word' id='word_1_368' title='bbox 554 3881 1051 3947; x_wconf 90' lang='lat' dir='ltr'><strong>Instrumentum</strong></span> <span class='ocrx_word' id='word_1_369' title='bbox 1098 3883 1400 3946; x_wconf 88' lang='lat' dir='ltr'><strong>concordii</strong></span> <span class='ocrx_word' id='word_1_370' title='bbox 1450 3883 1514 3946; x_wconf 89' lang='lat' dir='ltr'><strong>et</strong></span> <span class='ocrx_word' id='word_1_371' title='bbox 1557 3882 2022 3963; x_wconf 88' lang='lat' dir='ltr'><strong>compositionis</strong></span> <span class='ocrx_word' id='word_1_372' title='bbox 2069 3884 2377 3947; x_wconf 88' lang='lat' dir='ltr'><strong>tractatus</strong></span> <span class='ocrx_word' id='word_1_373' title='bbox 2426 3901 2563 3947; x_wconf 89' lang='lat' dir='ltr'><strong>cum</strong></span> <span class='ocrx_word' id='word_1_374' title='bbox 2599 3885 3062 3950; x_wconf 86' lang='lat' dir='ltr'><strong>ambassiatori-</strong></span> 
     </span>
     <span class='ocr_line' id='line_1_39' title="bbox 346 3968 3056 4052; baseline 0.001 -19"><span class='ocrx_word' id='word_1_375' title='bbox 346 3969 461 4033; x_wconf 90' lang='lat' dir='ltr'><strong>bus</strong></span> <span class='ocrx_word' id='word_1_376' title='bbox 507 3971 817 4052; x_wconf 88' lang='lat' dir='ltr'><strong>magnifici</strong></span> <span class='ocrx_word' id='word_1_377' title='bbox 868 3970 1099 4033; x_wconf 90' lang='lat' dir='ltr'><strong>domiui</strong></span> <span class='ocrx_word' id='word_1_378' title='bbox 1140 3970 1364 4051; x_wconf 87' lang='lat' dir='ltr'><strong>Georgi</strong></span> <span class='ocrx_word' id='word_1_379' title='bbox 1416 3968 1797 4034; x_wconf 86' lang='lat' dir='ltr'><strong>Stracimerii</strong></span> <span class='ocrx_word' id='word_1_380' title='bbox 1851 3989 1954 4051; x_wconf 86' lang='lat' dir='ltr'><strong>pro</strong></span> <span class='ocrx_word' id='word_1_381' title='bbox 2004 3970 2166 4035; x_wconf 76' lang='lat' dir='ltr'><strong>facto</strong></span> <span class='ocrx_word' id='word_1_382' title='bbox 2217 3972 2462 4035; x_wconf 89' lang='lat' dir='ltr'><strong>Scutari</strong></span> <span class='ocrx_word' id='word_1_383' title='bbox 2514 3974 2578 4035; x_wconf 86' lang='lat' dir='ltr'><strong>et</strong></span> <span class='ocrx_word' id='word_1_384' title='bbox 2625 3973 2924 4037; x_wconf 81' lang='lat' dir='ltr'><strong>Drivasti.</strong></span> <span class='ocrx_word' id='word_1_385' title='bbox 2980 4012 3056 4023; x_wconf 90' lang='lat'><strong>--</strong></span> 
     </span>
     <span class='ocr_line' id='line_1_40' title="bbox 344 4055 3060 4125; baseline 0.002 -5"><span class='ocrx_word' id='word_1_386' title='bbox 344 4057 417 4120; x_wconf 91' lang='lat' dir='ltr'><strong>In</strong></span> <span class='ocrx_word' id='word_1_387' title='bbox 466 4055 698 4122; x_wconf 88' lang='lat' dir='ltr'><strong>Christi</strong></span> <span class='ocrx_word' id='word_1_388' title='bbox 746 4059 992 4122; x_wconf 90' lang='lat' dir='ltr'><strong>nomine</strong></span> <span class='ocrx_word' id='word_1_389' title='bbox 1041 4077 1240 4121; x_wconf 90' lang='lat' dir='ltr'><strong>amen.</strong></span> <span class='ocrx_word' id='word_1_390' title='bbox 1294 4060 1469 4121; x_wconf 88' lang='lat' dir='ltr'><strong>Anno</strong></span> <span class='ocrx_word' id='word_1_391' title='bbox 1514 4058 1862 4122; x_wconf 86' lang='lat' dir='ltr'><strong>nativitatis</strong></span> <span class='ocrx_word' id='word_1_392' title='bbox 1911 4058 2189 4121; x_wconf 88' lang='lat' dir='ltr'><strong>eiusdem</strong></span> <span class='ocrx_word' id='word_1_393' title='bbox 2240 4059 2576 4122; x_wconf 90' lang='lat' dir='ltr'><strong>millesimo</strong></span> <span class='ocrx_word' id='word_1_394' title='bbox 2622 4062 3060 4125; x_wconf 89' lang='lat' dir='ltr'><strong>trecentesimo</strong></span> 
     </span>
     <span class='ocr_line' id='line_1_41' title="bbox 344 4146 3059 4230; baseline 0.001 -21"><span class='ocrx_word' id='word_1_395' title='bbox 344 4146 742 4226; x_wconf 87' lang='lat' dir='ltr'><strong>nonagesimo</strong></span> <span class='ocrx_word' id='word_1_396' title='bbox 789 4151 981 4222; x_wconf 83' lang='lat' dir='ltr'><strong>sexto,</strong></span> <span class='ocrx_word' id='word_1_397' title='bbox 1028 4146 1359 4210; x_wconf 89' lang='lat' dir='ltr'><strong>indictione</strong></span> <span class='ocrx_word' id='word_1_398' title='bbox 1406 4152 1648 4226; x_wconf 84' lang='lat' dir='ltr'><strong>quarta,</strong></span> <span class='ocrx_word' id='word_1_399' title='bbox 1699 4146 1793 4208; x_wconf 90' lang='lat' dir='ltr'><strong>die</strong></span> <span class='ocrx_word' id='word_1_400' title='bbox 1842 4150 2061 4227; x_wconf 88' lang='lat' dir='ltr'><strong>quarto</strong></span> <span class='ocrx_word' id='word_1_401' title='bbox 2096 4148 2333 4210; x_wconf 73' lang='lat' dir='ltr'><strong>decimo</strong></span> <span class='ocrx_word' id='word_1_402' title='bbox 2367 4147 2599 4210; x_wconf 86' lang='lat' dir='ltr'><strong>mensis</strong></span> <span class='ocrx_word' id='word_1_403' title='bbox 2632 4149 2870 4230; x_wconf 81' lang='lat' dir='ltr'><strong>aprilis,</strong></span> <span class='ocrx_word' id='word_1_404' title='bbox 2907 4149 3059 4214; x_wconf 87' lang='lat' dir='ltr'><strong>Cum</strong></span> 
     </span>
     <span class='ocr_line' id='line_1_42' title="bbox 344 4232 3064 4317; baseline 0.002 -21"><span class='ocrx_word' id='word_1_405' title='bbox 344 4234 713 4317; x_wconf 88' lang='lat' dir='ltr'><strong>magnificus</strong></span> <span class='ocrx_word' id='word_1_406' title='bbox 776 4239 840 4298; x_wconf 92' lang='lat' dir='ltr'><strong>et</strong></span> <span class='ocrx_word' id='word_1_407' title='bbox 894 4238 1113 4315; x_wconf 88' lang='lat' dir='ltr'><strong>potens</strong></span> <span class='ocrx_word' id='word_1_408' title='bbox 1183 4233 1466 4297; x_wconf 89' lang='lat' dir='ltr'><strong>dominus</strong></span> <span class='ocrx_word' id='word_1_409' title='bbox 1544 4232 1846 4315; x_wconf 86' lang='lat' dir='ltr'><strong>Georgius</strong></span> <span class='ocrx_word' id='word_1_410' title='bbox 1915 4232 2276 4298; x_wconf 87' lang='lat' dir='ltr'><strong>Stracimeri</strong></span> <span class='ocrx_word' id='word_1_411' title='bbox 2349 4237 2422 4297; x_wconf 90' lang='lat' dir='ltr'><strong>de</strong></span> <span class='ocrx_word' id='word_1_412' title='bbox 2473 4235 2725 4313; x_wconf 73' lang='lat' dir='ltr'><strong>Balsiis,</strong></span> <span class='ocrx_word' id='word_1_413' title='bbox 2776 4237 3064 4301; x_wconf 88' lang='lat' dir='ltr'><strong>dominus</strong></span> 
     </span>
     <span class='ocr_line' id='line_1_43' title="bbox 346 4320 3065 4403; baseline 0.001 -19"><span class='ocrx_word' id='word_1_414' title='bbox 346 4320 537 4384; x_wconf 88' lang='lat' dir='ltr'><strong>Zeute</strong></span> <span class='ocrx_word' id='word_1_415' title='bbox 583 4323 702 4385; x_wconf 89' lang='grc'>616.</span> <span class='ocrx_word' id='word_1_416' title='bbox 752 4323 997 4386; x_wconf 89' lang='lat' dir='ltr'><strong>miserit</strong></span> <span class='ocrx_word' id='word_1_417' title='bbox 1028 4321 1102 4385; x_wconf 88' lang='lat' dir='ltr'><strong>ad</strong></span> <span class='ocrx_word' id='word_1_418' title='bbox 1153 4320 1531 4403; x_wconf 88' lang='lat' dir='ltr'><strong>presentiam</strong></span> <span class='ocrx_word' id='word_1_419' title='bbox 1581 4321 1960 4385; x_wconf 85' lang='lat' dir='ltr'><strong>serenissimi</strong></span> <span class='ocrx_word' id='word_1_420' title='bbox 2009 4325 2073 4385; x_wconf 89' lang='lat' dir='ltr'><strong>et</strong></span> <span class='ocrx_word' id='word_1_421' title='bbox 2118 4321 2625 4386; x_wconf 83' lang='lat' dir='ltr'><strong>excellentissimi</strong></span> <span class='ocrx_word' id='word_1_422' title='bbox 2679 4325 2912 4388; x_wconf 89' lang='lat' dir='ltr'><strong>domini</strong></span> <span class='ocrx_word' id='word_1_423' title='bbox 2960 4328 3065 4389; x_wconf 86' lang='lat' dir='ltr'><strong>do·</strong></span> 
     </span>
     <span class='ocr_line' id='line_1_44' title="bbox 346 4408 3065 4493; baseline 0.002 -22"><span class='ocrx_word' id='word_1_424' title='bbox 346 4409 500 4472; x_wconf 90' lang='lat' dir='ltr'><strong>mini</strong></span> <span class='ocrx_word' id='word_1_425' title='bbox 546 4409 804 4473; x_wconf 86' lang='lat' dir='ltr'><strong>Antonii</strong></span> <span class='ocrx_word' id='word_1_426' title='bbox 854 4410 1115 4475; x_wconf 89' lang='lat' dir='ltr'><strong>Venerio</strong></span> <span class='ocrx_word' id='word_1_427' title='bbox 1161 4409 1257 4473; x_wconf 90' lang='lat' dir='ltr'><strong>dei</strong></span> <span class='ocrx_word' id='word_1_428' title='bbox 1299 4409 1501 4491; x_wconf 88' lang='lat' dir='ltr'><strong>gratia</strong></span> <span class='ocrx_word' id='word_1_429' title='bbox 1549 4408 1750 4472; x_wconf 89' lang='lat' dir='ltr'><strong>incliti</strong></span> <span class='ocrx_word' id='word_1_430' title='bbox 1802 4409 2202 4473; x_wconf 86' lang='lat' dir='ltr'><strong>Venetiarum</strong></span> <span class='ocrx_word' id='word_1_431' title='bbox 2267 4410 2442 4473; x_wconf 85' lang='lat' dir='ltr'><strong>ducis</strong></span> <span class='ocrx_word' id='word_1_432' title='bbox 2504 4414 2622 4473; x_wconf 87' lang='lat' dir='ltr'><strong>etc.</strong></span> <span class='ocrx_word' id='word_1_433' title='bbox 2692 4413 2909 4493; x_wconf 91' lang='lat' dir='ltr'><strong>suique</strong></span> <span class='ocrx_word' id='word_1_434' title='bbox 2958 4414 3065 4476; x_wconf 89' lang='lat' dir='ltr'><strong>do-</strong></span> 
     </span>
     <span class='ocr_line' id='line_1_45' title="bbox 346 4496 3066 4581; baseline 0.003 -24"><span class='ocrx_word' id='word_1_435' title='bbox 346 4496 525 4558; x_wconf 87' lang='lat' dir='ltr'><strong>minii</strong></span> <span class='ocrx_word' id='word_1_436' title='bbox 572 4515 716 4561; x_wconf 90' lang='lat' dir='ltr'><strong>suos</strong></span> <span class='ocrx_word' id='word_1_437' title='bbox 761 4497 1245 4561; x_wconf 83' lang='lat' dir='ltr'><strong>ambassiatores</strong></span> <span class='ocrx_word' id='word_1_438' title='bbox 1294 4497 1494 4561; x_wconf 89' lang='lat' dir='ltr'><strong>virum</strong></span> <span class='ocrx_word' id='word_1_439' title='bbox 1545 4497 1812 4561; x_wconf 87' lang='lat' dir='ltr'><strong>nobilem</strong></span> <span class='ocrx_word' id='word_1_440' title='bbox 1863 4497 2176 4560; x_wconf 88' lang='lat' dir='ltr'><strong>dominum</strong></span> <span class='ocrx_word' id='word_1_441' title='bbox 2227 4496 2496 4581; x_wconf 86' lang='lat' dir='ltr'><strong>Helyam</strong></span> <span class='ocrx_word' id='word_1_442' title='bbox 2555 4499 2863 4580; x_wconf 87' lang='lat' dir='ltr'><strong>quondam</strong></span> <span class='ocrx_word' id='word_1_443' title='bbox 2928 4501 3066 4564; x_wconf 89' lang='lat' dir='ltr'><strong>Ma-</strong></span> 
     </span>
     <span class='ocr_line' id='line_1_46' title="bbox 348 4582 3067 4667; baseline 0.001 -21"><span class='ocrx_word' id='word_1_444' title='bbox 348 4584 471 4646; x_wconf 90' lang='lat' dir='ltr'><strong>rini</strong></span> <span class='ocrx_word' id='word_1_445' title='bbox 517 4586 580 4647; x_wconf 89' lang='lat' dir='ltr'><strong>et</strong></span> <span class='ocrx_word' id='word_1_446' title='bbox 622 4584 1135 4666; x_wconf 89' lang='lat' dir='ltr'><strong>circumspectum</strong></span> <span class='ocrx_word' id='word_1_447' title='bbox 1190 4583 1391 4649; x_wconf 90' lang='lat' dir='ltr'><strong>virum</strong></span> <span class='ocrx_word' id='word_1_448' title='bbox 1447 4582 1801 4648; x_wconf 88' lang='lat' dir='ltr'><strong>Chinesium</strong></span> <span class='ocrx_word' id='word_1_449' title='bbox 1853 4584 1985 4648; x_wconf 88' lang='lat' dir='ltr'><strong>eius</strong></span> <span class='ocrx_word' id='word_1_450' title='bbox 2013 4584 2415 4661; x_wconf 58' lang='lat' dir='ltr'><strong>servitorem,</strong></span> <span class='ocrx_word' id='word_1_451' title='bbox 2467 4587 2530 4647; x_wconf 87' lang='lat' dir='ltr'><strong>et</strong></span> <span class='ocrx_word' id='word_1_452' title='bbox 2574 4605 2684 4667; x_wconf 89' lang='lat' dir='ltr'><strong>per</strong></span> <span class='ocrx_word' id='word_1_453' title='bbox 2731 4585 2872 4649; x_wconf 91' lang='lat' dir='ltr'><strong>illos</strong></span> <span class='ocrx_word' id='word_1_454' title='bbox 2907 4590 3067 4651; x_wconf 85' lang='lat' dir='ltr'><strong>noti-</strong></span> 
     </span>
     <span class='ocr_line' id='line_1_47' title="bbox 344 4669 3048 4754; baseline 0.001 -21"><span class='ocrx_word' id='word_1_455' title='bbox 344 4669 517 4734; x_wconf 87' lang='lat' dir='ltr'><strong>ficari</strong></span> <span class='ocrx_word' id='word_1_456' title='bbox 563 4669 796 4745; x_wconf 88' lang='lat' dir='ltr'><strong>fecerit,</strong></span> <span class='ocrx_word' id='word_1_457' title='bbox 843 4672 1110 4754; x_wconf 85' lang='lat' dir='ltr'><strong>qualiter</strong></span> <span class='ocrx_word' id='word_1_458' title='bbox 1157 4691 1301 4737; x_wconf 88' lang='lat' dir='ltr'><strong>cum</strong></span> <span class='ocrx_word' id='word_1_459' title='bbox 1349 4672 1446 4736; x_wconf 88' lang='lat' dir='ltr'><strong>dei</strong></span> <span class='ocrx_word' id='word_1_460' title='bbox 1493 4672 1720 4735; x_wconf 84' lang='lat' dir='ltr'><strong>auxilio</strong></span> <span class='ocrx_word' id='word_1_461' title='bbox 1768 4677 2237 4753; x_wconf 86' lang='lat' dir='ltr'><strong>recuperaverat</strong></span> <span class='ocrx_word' id='word_1_462' title='bbox 2260 4673 2335 4736; x_wconf 91' lang='lat' dir='ltr'><strong>de</strong></span> <span class='ocrx_word' id='word_1_463' title='bbox 2383 4673 2666 4736; x_wconf 85' lang='lat' dir='ltr'><strong>manibus</strong></span> <span class='ocrx_word' id='word_1_464' title='bbox 2702 4673 3048 4739; x_wconf 89' lang='lat' dir='ltr'><strong>infidelium</strong></span> 
     </span>
     <span class='ocr_line' id='line_1_48' title="bbox 341 4756 3048 4840; baseline 0.001 -19"><span class='ocrx_word' id='word_1_465' title='bbox 341 4756 763 4824; x_wconf 85' lang='lat' dir='ltr'><strong>Theucrorum</strong></span> <span class='ocrx_word' id='word_1_466' title='bbox 836 4760 1154 4825; x_wconf 85' lang='lat' dir='ltr'><strong>civitatem</strong></span> <span class='ocrx_word' id='word_1_467' title='bbox 1235 4777 1412 4824; x_wconf 86' lang='lat' dir='ltr'><strong>suam</strong></span> <span class='ocrx_word' id='word_1_468' title='bbox 1483 4758 1724 4824; x_wconf 87' lang='lat' dir='ltr'><strong>Scutari</strong></span> <span class='ocrx_word' id='word_1_469' title='bbox 1802 4777 1942 4823; x_wconf 90' lang='lat' dir='ltr'><strong>cum</strong></span> <span class='ocrx_word' id='word_1_470' title='bbox 1991 4762 2198 4825; x_wconf 89' lang='lat' dir='ltr'><strong>castro</strong></span> <span class='ocrx_word' id='word_1_471' title='bbox 2244 4762 2307 4823; x_wconf 92' lang='lat' dir='ltr'><strong>et</strong></span> <span class='ocrx_word' id='word_1_472' title='bbox 2352 4763 2523 4824; x_wconf 89' lang='lat' dir='ltr'><strong>certa</strong></span> <span class='ocrx_word' id='word_1_473' title='bbox 2568 4761 2691 4826; x_wconf 84' lang='lat' dir='ltr'><strong>alia</strong></span> <span class='ocrx_word' id='word_1_474' title='bbox 2738 4760 2869 4824; x_wconf 89' lang='lat' dir='ltr'><strong>loca</strong></span> <span class='ocrx_word' id='word_1_475' title='bbox 2914 4779 3048 4840; x_wconf 86' lang='lat' dir='ltr'><strong>sua,</strong></span> 
     </span>
    </p>
   </div>
  </div>
 </body>
</html>
