3620 5282
495 342 629 410 314

680 520 1253 607 CCCCXLIX.
1313 524 1520 608 God.
1567 525 1791 609 1393.
1854 525 1965 609 30
2016 525 2468 626 kolovozm
2526 547 2582 608 u
2635 526 3027 609 Mletclh.

500 683 724 745 Marko
770 686 1118 747 Barbadiko
1177 689 1203 747 i
1262 688 1412 748 bena
1472 706 1574 746 mu
1613 688 1846 756 Jelena,
1912 687 2050 747 kber
2098 689 2240 761 pole.
2290 685 2543 762 Giorqja
2596 688 2824 765 Topije,
2873 665 3224 762 ustupb‘up‘u

494 773 653 847 yrad
695 775 893 847 Kroju
930 775 1086 834 mlet.
1134 777 1447 849 ammirei,
1495 780 1549 836 te
1592 793 1655 835 se
1699 776 1983 849 obvezua'u
2036 776 2372 849 upravh‘ati
2417 779 2522 834 tim
2570 777 2821 850 yradom
2890 794 2932 837 u
2972 778 3084 836 ime
3131 792 3228 835 rc-

950 859 1217 936 publike,
1264 882 1302 922 a
1347 881 1459 923 ova
1504 865 1585 922 da
1612 865 1733 936 jim
1777 863 1933 924 dade
1976 881 2059 922 na
2097 864 2326 939 yodinu
2367 868 2458 924 sto
2499 865 2748 925 dulcata.

704 982 929 1044 Forma
972 983 1434 1064 compositionis
1481 982 1642 1046 facte
1690 1000 1794 1063 per
1838 980 2054 1046 ducale
2100 982 2444 1047 dominium
2491 1000 2633 1047 cnm
2681 982 2886 1047 nobile
2947 983 3077 1048 viro
3122 1002 3225 1047 ser

500 1068 711 1132 Marco
790 1069 1147 1134 Barbadico.
1243 1068 1315 1134 In
1384 1070 1598 1134 christi
1685 1070 1929 1134 nomine
1973 1088 2173 1134 amen.
2266 1071 2449 1134 Anno
2513 1070 2864 1135 nativitatis
2938 1069 3219 1135 eiusdem

501 1154 1134 1221 MCCCLXXXXIII.
1167 1176 1379 1221 mense
1426 1159 1678 1241 augusti
1727 1158 1827 1221 die
1874 1157 2239 1241 penultimO,
2289 1157 2624 1222 indictione
2658 1159 2876 1239 prima,
2914 1158 3216 1237 Venetiis,

499 1244 560 1307 in
606 1243 813 1308 ducali
862 1244 1100 1325 palacio
1145 1265 1327 1327 super
1374 1245 1507 1310 sala
1557 1242 1805 1310 maioris
1859 1245 2123 1323 consilii,
2189 1246 2575 1326 presentibus
2637 1245 3082 1328 circumspecto
3152 1251 3222 1310 et

496 1332 775 1414 sapiente
823 1333 974 1410 viro,
1025 1334 1273 1397 domino
1307 1334 1489 1400 Petro
1533 1335 1835 1416 quondam
1883 1333 2115 1398 domini
2163 1333 2445 1399 Jacobini
2478 1334 2554 1397 de
2586 1333 2823 1398 Rubeis
2861 1333 3218 1399 honorabile

492 1419 898 1484 Venetiarum
948 1421 1320 1486 cancellario
1365 1438 1433 1486 ar
1476 1422 1764 1504 providos
1809 1422 1973 1485 viros
2019 1440 2120 1486 ser
2162 1420 2444 1487 ‚Iohanne
2492 1420 2648 1486 Vido
2709 1421 3064 1486 honorabile
3109 1439 3220 1485 no-

493 1508 651 1570 tario
715 1509 972 1572 ducatus
1034 1509 1437 1575 Venetiarum
1497 1528 1567 1574 ac
1635 1509 1947 1574 nobilibus
2007 1509 2157 1573 viris
2217 1528 2316 1572 ser
2386 1509 2820 1574 Bartholomeo
2879 1509 3219 1575 Barbadico

493 1596 799 1677 quondam
848 1615 945 1661 ser
992 1597 1301 1661 Francisci
1355 1600 1419 1662 et
1462 1616 1559 1661 ser
1607 1598 1852 1662 Andrea
1897 1597 2269 1661 Mauroceno
2321 1600 2463 1662 nato
2512 1596 2743 1661 domini
2770 1598 2936 1661 Petri
2971 1596 3216 1674 militis,

498 1683 765 1746 testibus
807 1685 1041 1765 rogatis
1088 1689 1150 1748 et
1196 1686 1275 1748 ad
1322 1684 1434 1749 hec
1481 1685 1834 1766 specialiter
1857 1684 2231 1750 -convocatis
2280 1689 2343 1747 et
2373 1685 2531 1749 aliie.
2599 1682 2815 1767 Ibique
2862 1685 2959 1748 vir
2990 1685 3218 1749 nobilis

493 1771 773 1834 dominus
820 1772 1072 1836 Marcus
1125 1773 1465 1837 Barbadico
1511 1775 1809 1855 quondam
1859 1772 2091 1837 domiui
2156 1771 2382 1837 Marini
2444 1776 2573 1836 tam
2631 1789 2739 1835 suo
2788 1773 3033 1836 nomine
3077 1789 3223 1855 pro-

497 1859 628 1940 prio
672 1877 853 1940 quam
903 1860 1035 1922 vice
1082 1863 1145 1923 et
1202 1862 1446 1924 nomine
1510 1862 1757 1944 egregie
1814 1864 1878 1924 et
1944 1860 2170 1925 nobilis
2237 1860 2483 1924 domine
2546 1859 2780 1924 Helene
2828 1862 3033 1924 uxoris
3078 1878 3212 1939 sue,

494 1950 636 2010 nate
684 1948 988 2029 quondam
1036 1947 1352 2030 magnifici
1400 1950 1632 2013 domini
1687 1949 1901 2013 Karoli
1948 1948 2140 2029 Topie
2185 1949 2332 2012 olim
2368 1949 2598 2012 domini
2634 1948 2950 2024 Durachii,
2985 1966 3215 2031 cogno-

490 2052 666 2098 scens
713 2038 775 2096 et
820 2040 1022 2099 certus
1069 2038 1358 2109 existens,
1409 2038 1872 2101 serenissimum
1923 2037 1985 2099 et
2031 2035 2621 2100 excellentissimum
2664 2035 2980 2100 dominum
3017 2038 3217 2100 domi·

491 2141 635 2184 num
700 2121 1042 2186 Antonium
1105 2124 1366 2188 Venerio
1426 2126 1521 2188 dei
1607 2126 1810 2206 gratia
1873 2123 2180 2188 illustrem
2264 2128 2327 2187 et
2379 2124 2662 2189 inclitum
2724 2122 2944 2188 ducem
3017 2123 3218 2188 Vene-

487 2210 721 2273 tiarum
773 2212 889 2273 etc.
939 2228 1011 2274 ac
1079 2230 1404 2276 commune
1463 2212 1861 2276 Venetiarum
1926 2230 2061 2275 esse
2124 2230 2297 2275 veros
2365 2212 2427 2275 et
2496 2211 2837 2294 legittimos
2915 2212 3215 2289 dominos,

490 2316 870 2378 possessores
918 2300 983 2362 et
1026 2297 1451 2375 dominatores,
1501 2318 1571 2364 ac
1617 2300 1704 2364 eis
1754 2299 2086 2381 legittime,
2133 2299 2411 2376 iuridice,
2461 2317 2599 2363 cum
2635 2300 2802 2363 omui
2850 2298 3028 2381 pleno
3059 2300 3216 2376 iure,

490 2385 797 2457 libertate,
843 2385 1101 2449 arbitrio
1155 2391 1218 2452 et
1280 2390 1585 2469 potestate
1659 2390 1969 2470 pertinere
2031 2390 2095 2449 et
2157 2390 2439 2470 spectare
2504 2405 2763 2460 merum,
2825 2386 3092 2450 liberum
3152 2392 3225 2452 et

488 2472 743 2553 plenum
791 2475 1131 2539 dominium
1180 2494 1254 2540 ac
1303 2476 1568 2538 mixtum
1615 2478 1679 2539 et
1726 2494 1962 2539 merum
2014 2475 2343 2555 imperium
2391 2476 2667 2540 civitatis
2713 2474 3035 2552 Duracbii,
3084 2477 3219 2538 ter-

488 2560 663 2624 ritori
699 2563 761 2624 et
801 2561 1125 2626 districtus
1173 2563 1304 2626 eius
1342 2580 1412 2626 ac
1458 2563 1733 2627 omnium
1785 2565 2112 2637 terrarum,
2140 2563 2434 2637 locorum,
2470 2565 2833 2638 castrorum,
2869 2562 3214 2645 opidorum,

489 2648 965 2724 territoriarnm,
1012 2650 1482 2715 iurisdicionum
1533 2651 1649 2716 sub
1694 2651 1893 2733 ipsius
1962 2651 2238 2716 civitatis
2295 2651 2573 2715 dominio
2635 2654 2701 2714 et
2759 2652 3218 2735 gubernatione

488 2737 908 2814 existentium,
960 2738 1194 2802 habens
1240 2740 1315 2802 ad
1363 2740 1474 2803 hec
1521 2742 1585 2804 et
1631 2739 1755 2803 alia
1799 2741 2132 2804 exercenda
2178 2740 2309 2821 ipse
2357 2738 2640 2803 dominus
2683 2738 2933 2802 Marcus
2966 2740 3216 2819 plenam

485 2828 549 2887 et
598 2824 854 2889 liberam
908 2829 1279 2907 potestatem
1326 2831 1389 2889 et
1434 2827 1816 2904 facultatem,
1864 2826 2192 2890 arbitrium
2240 2829 2305 2891 et
2348 2827 2708 2891 libertatem
2753 2845 2790 2891 a
2835 2824 3073 2909 prefata
3103 2825 3218 2890 do-

488 2912 655 2975 mina
699 2912 940 2978 Helena
987 2916 1272 2978 consorte
1318 2933 1449 2990 sua,
1495 2917 1567 2978 ut
1610 2917 1786 2995 patet
1830 2915 2238 2979 instromento
2298 2913 2746 2996 procurationis
2806 2915 2870 2977 et
2931 2915 3215 2979 mandati

486 3018 596 3081 per
635 2998 979 3065 Johannem
1026 3002 1101 3065 de
1150 3002 1434 3086 Morigiis
1480 3004 1786 3085 quondam
1836 3002 2109 3066 Anthoni
2154 3002 2229 3066 de
2275 3002 2624 3066 Mediolano
2690 3001 2999 3083 imperiali
3063 3019 3215 3065 auc-

486 3088 741 3152 toritate
791 3090 1062 3153 notarius
1100 3108 1171 3154 ao
1217 3090 1441 3154 domini
1492 3090 1683 3153 baiuli
1732 3093 1796 3154 et
1855 3091 2158 3170 capitanei
2207 3090 2485 3154 civitatis
2532 3089 2824 3155 Durachii
2856 3089 3210 3166 cancelarii,

485 3176 714 3254 scripto
790 3179 855 3240 et
921 3176 1237 3258 publicato
1306 3178 1367 3241 in
1447 3176 2082 3242 MCCCLXXXXIII.
2154 3177 2487 3242 indictione
2556 3177 2773 3258 prima,
2845 3177 2944 3241 die
3009 3177 3216 3241 sabati

485 3263 692 3326 XXVI
741 3265 971 3328 mensis
1017 3264 1168 3340 iulii,
1218 3284 1253 3330 a
1299 3284 1397 3329 me
1448 3266 1687 3329 notario
1734 3265 2125 3346 infrascripto
2173 3266 2303 3330 viso
2346 3269 2411 3329 et
2455 3265 2637 3341 lecto,
2688 3284 2794 3346 per
2840 3283 2905 3329 se
2961 3268 3024 3328 et
3068 3282 3218 3329 suos

486 3349 744 3413 heredes
793 3354 856 3414 et
901 3370 1304 3429 successoroS,
1376 3371 1413 3415 a
1482 3353 1890 3439 certa-animi
1940 3352 2205 3418 sciencia
2250 3356 2312 3416 et
2358 3372 2474 3417 non
2524 3372 2631 3434 per
2664 3371 2953 3429 errorem,
2989 3371 3112 3416 non
3147 3353 3212 3417 vi

488 3436 581 3500 vel
630 3440 861 3515 coacte,
911 3440 1016 3503 sed
1067 3459 1138 3503 ex
1186 3458 1299 3504 sua
1345 3441 1590 3522 propria
1636 3451 1700 3502 et
1744 3440 1941 3505 libera
1986 3441 2303 3506 voluntate
2328 3441 2614 3505 omnibus
2643 3442 2861 3514 modis,
2895 3441 3030 3514 viiS,
3058 3441 3217 3505 iuri-

488 3526 616 3598 bus,
663 3525 863 3589 iorma
921 3532 984 3591 et
1031 3545 1233 3599 causa,
1309 3529 1531 3610 quibus
1583 3528 1805 3593 melius
1849 3529 2050 3611 potuit
2110 3530 2175 3592 et
2235 3532 2458 3610 potest,
2522 3527 2671 3592 fecit
2737 3529 2944 3604 finem,
2997 3530 3213 3593 datam

453 3611 948 3695 ‚refutationem
1021 3616 1499 3697 resignationem
1569 3620 1631 3680 et
1689 3618 2029 3698 plenariam
2108 3617 2508 3681 securitatem
2573 3617 2823 3699 egregio
2884 3618 2948 3680 et
3017 3616 3216 3681 nobili

483 3699 612 3764 viro
658 3701 904 3765 domiuo
953 3702 1158 3767 Marco
1207 3703 1576 3769 Mauroceno
1623 3704 1929 3786 quondam
1981 3704 2213 3768 domiui
2257 3704 2551 3767 Bernardi
2600 3704 2838 3767 sindico
2882 3706 2946 3768 et
2991 3722 3214 3787 procu-

485 3790 674 3852 ratori
741 3788 1116 3870 prefatorum
1164 3790 1431 3855 illustris
1477 3793 1710 3856 domini
1761 3793 1933 3856 ducis
1981 3795 2044 3855 et
2089 3793 2436 3856 communis
2470 3792 2890 3868 venetiarum,
2926 3793 2999 3856 ut
3035 3792 3209 3874 patet

483 3875 898 3941 instrumento
968 3879 1308 3942 sindicatus
1377 3885 1440 3944 et
1514 3881 1962 3961 procurationis
2030 3898 2136 3961 per
2199 3899 2298 3943 me
2360 3880 2668 3943 notarium
2740 3879 3210 3960 infrascriptum

485 3962 720 4046 scripto
768 3969 831 4028 et
877 3965 1190 4047 publicato
1239 3967 1672 4050 suprascriptis
1720 3985 1897 4043 anno,
1946 3966 2300 4043 millesimo,
2362 3967 2698 4031 indictione
2757 3970 2820 4030 et
2862 3966 2981 4042 die,
3033 3970 3099 4032 et
3147 3967 3209 4030 in

482 4054 770 4116 manibus
818 4053 1091 4118 eiusdem
1143 4055 1375 4119 domiui
1424 4056 1620 4119 Marci
1684 4055 2051 4119 Mauroceno
2109 4056 2338 4119 ibidem
2401 4054 2694 4136 presenti,
2758 4054 3086 4136 stipulanti
3149 4055 3215 4117 et

485 4139 811 4222 recipienti
864 4142 1233 4217 nominibuS,
1286 4142 1513 4225 quibus
1561 4160 1766 4223 supra,
1818 4143 2060 4207 remisit
2121 4146 2186 4207 et
2252 4142 2566 4225 asignavit
2629 4160 2809 4206 omne
2869 4142 2988 4217 ius,
3054 4142 3212 4205 acti-

481 4245 661 4291 onem
711 4231 775 4292 et
825 4229 1310 4303 iurisdicionem,
1361 4230 1517 4313 quod
1567 4234 1631 4293 et
1675 4249 1826 4311 quas
1875 4230 2003 4311 ipse
2051 4229 2338 4294 dominus
2387 4230 2632 4294 Marcus
2696 4229 3047 4294 Barbadico
3095 4248 3206 4293 no-

482 4315 647 4378 mine
696 4335 809 4378 suo
859 4321 921 4379 et
955 4318 1160 4380 uxoris
1238 4336 1347 4381 sue
1396 4317 1665 4399 predicte
1710 4318 1899 4381 habet
1948 4335 2053 4381 sen
2106 4319 2329 4382 habere
2379 4321 2588 4398 posset
2633 4319 2695 4381 in
2735 4320 2939 4382 castro
2974 4322 3038 4382 et
3070 4318 3204 4382 loco

481 4406 694 4466 vocato
739 4403 919 4488 Croy,
971 4406 1315 4485 pertinente
1361 4410 1425 4468 et
1471 4408 1788 4486 spectante
1837 4406 2103 4470 dominio
2151 4408 2216 4469 et
2276 4405 2709 4487 gubernationi
2753 4405 3025 4469 civitatis
3075 4407 3206 4469 Du-

482 4489 698 4566 rachii,
744 4511 851 4555 nec
897 4510 1016 4555 non
1066 4493 1139 4556 de
1180 4493 1467 4556 omnibus
1516 4491 1678 4567 aliie,
1728 4512 1845 4575 que
1893 4511 2280 4575 quocumque
2328 4494 2461 4575 ipse
2507 4493 2798 4557 dominus
2846 4492 3099 4557 Marcus
3146 4495 3211 4557 et

483 4595 632 4639 uxor
677 4579 808 4641 eius
885 4579 1142 4644 domina
1183 4581 1423 4644 Helena
1467 4583 1675 4663 petere
1723 4584 1834 4644 aut
1881 4580 2192 4663 requirere
2253 4581 2507 4661 possent
2562 4600 2597 4644 a
2658 4579 2918 4662 prefatis
2965 4581 3211 4644 domino

484 4666 637 4728 duce
686 4667 750 4728 et
787 4685 1108 4731 commune
1157 4668 1560 4732 Venetiarum
1614 4676 1738 4732 tam
1787 4669 2033 4732 nomine
2107 4667 2257 4732 dicti
2319 4668 2508 4733 castri
2574 4668 2732 4751 Croy
2794 4686 2976 4750 quam
3042 4666 3209 4732 omni

483 4747 606 4818 alia
652 4753 987 4834 occasione,
1029 4756 1266 4819 ratione
1312 4756 1411 4821 vel
1460 4774 1663 4833 causa,
1713 4774 1830 4837 que
1877 4755 2339 4838 quomodolibet
2398 4756 2541 4835 dici,
2605 4756 2734 4838 peti
2797 4756 2896 4820 vel
2965 4755 3215 4839 excogi-
