3620 5282
508 343 641 411 302

774 516 1364 601 CCCCXXIX.
1421 515 1632 600 God.
1687 517 1912 599 1393.
1968 516 2018 598 3
2068 513 2423 617 151θῦ1118,
2475 537 2532 596 u
2587 513 2980 595 Mleteih.

679 648 842 736 Sabe
886 679 947 722 se
982 662 1285 735 poslcmik,
1331 662 1411 721 da
1443 662 1792 736 posriedua'e
1837 661 1953 719 mir
1998 660 2197 734 medjzc
2241 659 2665 733 razdvojenimi
2714 658 3051 734 Troqirani.

726 781 908 846 1392.
979 781 1077 845 die
1146 782 1185 845 3
1238 781 1498 846 ianuari.
1562 781 1936 847 Consiliarii.
2003 780 2237 864 Capta:
2308 780 2466 846 Cum
2529 782 2692 846 sicut
2738 786 2952 845 notum
3002 780 3115 856 est,
3167 779 3235 842 in

508 876 784 952 tempore
831 889 1022 952 nuper
1067 870 1274 952 elapso
1312 871 1651 936 occurrerit
1698 871 1763 935 in
1826 871 2082 940 civitate
2140 869 2430 952 Tragurii
2493 875 2558 934 et
2625 873 2762 934 orta
2827 869 2912 933 sit
2956 867 3231 932 maxima

508 958 842 1024 diserentia
888 959 1050 1023 inter
1096 961 1281 1033 cirea,
1332 961 1396 1023 et
1466 959 1822 1041 specialiter
1889 959 2051 1023 inter
2112 963 2351 1039 partem
2413 959 2486 1021 de
2546 957 2866 1021 Michaciis
2918 960 2981 1020 et
3038 955 3233 1019 aliam

510 1053 769 1130 partem,
819 1048 1082 1128 sequuta
1126 1046 1213 1110 sit
1257 1066 1483 1130 magna
1530 1047 1769 1124 divisio,
1820 1049 1884 1113 et
1942 1047 2110 1111 dicta
2177 1048 2594 1111 communitas
2663 1065 2696 1109 a
2746 1045 2903 1110 bono
2950 1050 3234 1125 tempore

509 1137 667 1201 citra.
705 1133 895 1199 fuerit
941 1139 1004 1198 et
1048 1136 1132 1199 sit
1179 1135 1451 1198 multum
1498 1134 1848 1200 amicabilis
1912 1137 1975 1199 et
2035 1135 2257 1200 devota
2320 1135 2522 1199 nostri
2578 1133 2856 1211 dominii,
2921 1134 2994 1197 ad
3052 1133 3234 1213 cujus

510 1225 873 1288 instantiam
920 1226 983 1287 et
1028 1221 1489 1305 requisitionem
1537 1223 1966 1288 commisimus
2012 1224 2206 1287 nobili
2255 1222 2383 1286 viro
2430 1241 2528 1286 ser
2597 1221 2899 1287 Saraceno
2949 1219 3235 1285 Dandulo

509 1311 829 1395 capitaneo
878 1314 1084 1376 nostro
1132 1311 1298 1389 culfi,
1347 1314 1506 1395 quod
1551 1312 1604 1376 si
1650 1312 1728 1376 ad
1793 1312 1938 1376 illas
1987 1315 2191 1393 partes
2251 1311 2535 1394 Tragurii
2597 1311 2954 1387 declinaret,
3016 1327 3239 1390 procu-

510 1401 676 1466 raret
722 1400 1110 1481 interponere
1179 1418 1243 1464 se
1312 1400 1387 1464 ad
1439 1419 1649 1483 pacem
1715 1402 1777 1465 et
1836 1399 2232 1464 concordium
2295 1400 2459 1464 inter
2520 1404 2749 1482 partes.
2841 1398 2925 1463 Et
2982 1397 3057 1461 de
3116 1397 3240 1460 hoc

512 1484 793 1572 rogatum
840 1486 958 1552 fuit
999 1491 1275 1552 nostrum
1317 1489 1653 1554 dominium
1704 1508 1812 1571 per
1856 1488 2188 1572 quemdam
2239 1488 2653 1553 venerabilem
2694 1487 2953 1551 fratrem
3000 1485 3235 1550 ordinis

510 1579 840 1653 minorum,
877 1577 1333 1641 ambaxatorem
1399 1577 1560 1642 dicte
1622 1577 2113 1642 communitatis.
2205 1576 2290 1640 Et
2342 1575 2512 1640 ultra
2572 1574 2690 1641 hoc
2754 1594 2861 1658 per
2923 1574 3236 1637 notarium

512 1667 716 1730 nostre
764 1664 929 1728 curie
977 1664 1237 1728 missum
1286 1663 1365 1728 ad
1414 1666 1641 1730 dictam
1692 1665 2222 1743 communitatem,
2273 1665 2447 1729 nobis
2495 1664 2755 1727 relatum
2805 1663 2924 1726 fuit
2954 1682 3026 1726 ex
3059 1663 3236 1744 parte

511 1772 643 1828 sua,
690 1752 851 1836 quod
900 1753 1016 1835 ipsi
1063 1753 1393 1834 Tragurini
1440 1754 1712 1818 multum
1760 1754 2278 1818 contentabantur
2324 1755 2385 1817 et
2432 1754 2760 1836 rogabant,
2836 1753 2908 1814 ut
2968 1751 3240 1831 interpo-

510 1859 793 1906 neremus
842 1859 949 1906 nos
997 1842 1073 1905 ad
1121 1840 1458 1905 sedandum
1505 1860 1742 1907 errores
1788 1844 1851 1906 et
1882 1842 2212 1906 divisiones
2242 1842 2572 1923 predictae,
2614 1859 2754 1904 cum
2809 1842 3021 1904 essent
3053 1838 3238 1902 multi

512 1929 665 1995 bene
710 1931 983 1995 contenti
1029 1930 1104 1992 de
1152 1929 1316 1992 omni
1381 1948 1471 2007 eo,
1535 1932 1694 2013 quod
1756 1929 2097 1996 faceremus
2161 1929 2223 1992 in
2285 1928 2465 1993 factis
2527 1928 2838 2011 predictis,
2931 1928 3013 1991 Et
3058 1946 3240 2008 super

510 2018 651 2083 inde
698 2036 806 2102 pro
852 2018 1020 2081 omni
1069 2018 1227 2082 bona
1270 2036 1456 2082 causa
1502 2026 1564 2082 et
1611 2025 1893 2101 respectu
1939 2019 2186 2083 omnino
2232 2019 2673 2099 providendum
2722 2019 2825 2092 sit,
2877 2017 3049 2079 vadit
3074 2034 3236 2098 pare,

510 2106 671 2189 quod
718 2105 1056 2188 collegium
1104 2105 1359 2183 domini,
1410 2105 1926 2183 consiliariorum,
1992 2106 2266 2188 capitum
2331 2109 2396 2171 et
2470 2107 2817 2187 sapientum
2885 2103 3129 2168 consilii
3173 2107 3237 2167 et

510 2194 793 2259 ordinum
842 2196 1067 2259 habeat
1113 2193 1471 2259 libertatem
1519 2195 1813 2260 mittendi
1861 2214 2046 2259 unam
2091 2195 2429 2258 solemnem
2479 2211 2806 2276 personam
2855 2195 2918 2256 et
2963 2195 3097 2256 tam
3132 2210 3236 2255 no-

514 2282 699 2347 bilem
748 2302 933 2365 quam
980 2282 1169 2346 alium
1198 2282 1276 2346 ad
1312 2282 1653 2364 predictam
1685 2284 2200 2347 communitatem
2233 2281 2519 2365 Tragurii
2551 2300 2658 2364 pro
2695 2282 2971 2364 ponendo
3000 2300 3240 2363 pacem,

511 2371 1072 2436 reconciliationem
1115 2376 1178 2434 et
1226 2370 1451 2435 bonum
1496 2390 1771 2435 amorem
1833 2373 2000 2435 intra
2071 2371 2382 2453 predictas
2453 2376 2679 2452 partes,
2728 2388 2872 2433 cum
2923 2369 3032 2433 illa
3075 2387 3239 2432 com—

511 2458 823 2536 missione,
864 2478 981 2542 que
1029 2460 1339 2524 videbitur
1385 2460 1547 2524 dicto
1595 2460 1860 2543 collegio
1906 2460 2004 2524 vel
2053 2460 2268 2524 maiori
2317 2460 2499 2541 parti,
2548 2467 2613 2522 et
2657 2457 2841 2522 vadat
2889 2457 3058 2521 dicta
3103 2475 3242 2539 per-

512 2566 659 2613 sona
704 2549 838 2612 sine
886 2548 1166 2629 expensis
1216 2546 1411 2611 nostri
1457 2551 1828 2613 communis.
1876 2548 2009 2613 Alii
2055 2549 2129 2613 de
2178 2549 2374 2630 parte,
2416 2547 2488 2611 de
2520 2566 2639 2611 non
2663 2546 2724 2623 3,
2766 2565 2882 2610 non
2915 2546 3144 2610 sinceri
3179 2544 3240 2622 7.

598 2655 779 2717 Misti
821 2653 1037 2717 XLII.
1087 2659 1191 2726 89,
1238 2675 1281 2717 u
1325 2658 1482 2719 mlct.
1530 2659 1764 2718 arkivu.

794 2846 1332 2932 CCCCXXX.
1389 2847 1595 2931 God.
1653 2847 1878 2931 1393.
1933 2848 1983 2930 3
2038 2845 2390 2949 siecnja,
2443 2870 2505 2929 u
2557 2847 2943 2929 Mletcih.

723 2988 1030 3071 Captum:
1077 2990 1238 3072 quod
1284 2989 1561 3069 eligatur
1594 2990 1841 3054 baiulus
1878 2994 1940 3053 et
1974 2990 2334 3072 capitaneus
2362 2989 2663 3054 Durachii
2706 3008 2813 3071 per
2851 2986 3004 3051 dnos
3028 3006 3224 3052 annos

512 3077 736 3143 debeat
781 3098 913 3142 esse
960 3082 1160 3142 rector
1198 3077 1402 3142 dictae
1450 3078 1725 3144 civitatis
1774 3083 1838 3142 et
1883 3079 2154 3141 locorum
2206 3078 2622 3157 spectantium
2672 3082 2735 3140 et
2795 3077 3241 3158 pertinentium

512 3168 715 3231 dictae
758 3168 1019 3243 civitati,
1070 3174 1133 3231 et
1179 3168 1378 3250 ipsam
1423 3170 1744 3231 civitatem
1793 3170 1857 3230 et
1902 3174 2107 3231 castra
2153 3170 2458 3230 custodire
2507 3178 2570 3229 et
2616 3185 2976 3230 conservare
3023 3170 3099 3229 ad
3134 3166 3246 3228 ho-

511 3272 724 3320 norem
772 3256 861 3319 rei
908 3254 1192 3336 publicae
1235 3257 1510 3332 venetae,
1562 3258 1626 3319 et
1672 3273 1886 3338 regere
1932 3256 1996 3319 et
2056 3254 2399 3337 gubernare
2463 3255 2699 3319 nobiles
2762 3258 2826 3317 et
2892 3253 3240 3335 populareS,

513 3344 577 3407 et
620 3341 774 3406 alios
821 3361 1238 3425 quoscumque
1289 3346 1418 3406 tam
1469 3345 1635 3407 intus
1682 3363 1866 3425 quam
1914 3345 2088 3407 extra
2132 3344 2420 3425 regimini
2466 3362 2575 3407 suo
2622 3343 2956 3418 subiectoS,
3004 3346 3070 3405 et
3114 3343 3245 3406 cui-

511 3429 669 3494 libet
713 3429 811 3493 ius
850 3433 913 3494 et
958 3431 1263 3495 iustitiam
1310 3429 1509 3496 facere
1573 3430 1910 3496 secundum
1975 3432 2210 3495 statuta
2273 3439 2335 3494 et
2393 3430 2637 3495 ordines
2701 3431 2897 3495 dictae
2967 3430 3244 3494 civitatis

513 3517 829 3590 Durachii,
871 3518 1116 3602 quando
1164 3538 1307 3584 vero
1351 3519 1473 3585 ista
1519 3521 1866 3595 deficerent,
1917 3523 2095 3602 regat
2140 3522 2205 3583 et
2250 3520 2556 3602 gubernet
2618 3520 2953 3583 secundnm
3002 3521 3245 3582 statuta

515 3610 578 3673 et
621 3606 864 3671 ordines
913 3606 1332 3684 Venetiarum,
1384 3609 1609 3673 habeat
1672 3609 1749 3674 de
1810 3608 2038 3673 salario
2101 3607 2295 3673 libras
2358 3608 2698 3691 nonaginta
2760 3625 3119 3690 grossorum
3178 3606 3244 3670 in

513 3714 671 3849 {gno
716 3693 792 3759 de
832 3695 1216 3847 {ssssrOiffibusss
1266 3697 1476 3760 teneat
1524 3698 1654 3763 suis
1701 3697 1985 3779 expensis
2033 3715 2224 3760 unum
2274 3697 2508 3761 socium
2562 3698 2870 3770 venetum,
2912 3714 3102 3759 unum
3135 3713 3242 3759 no-

583 3802 749 3849 num
797 3802 831 3847 e
864 3802 916 3858 c,

600 3892 782 3953 Masta·
830 3891 1050 3953 XLII.
1100 3893 1204 3964 92,
1250 3911 1292 3952 u
1336 3893 1493 3953 mlet.
1537 3895 1772 3955 arkivu.

779 4082 1374 4167 CCCCXXXI.
1428 4083 1632 4166 God.
1689 4083 1914 4167 1393.
1970 4084 2018 4166 3
2070 4082 2415 4186 εἰθῦιῄει,
2469 4107 2529 4166 ιι
2582 4084 2977 4175 Mletcih.

724 4227 1016 4310 Eligatur
1061 4245 1220 4291 unus
1267 4228 1645 4292 camerarius
1691 4227 2005 4307 Durachii,
2055 4227 2158 4311 qui
2205 4227 2426 4293 debeat
2472 4229 2710 4311 exigere
2771 4247 2983 4293 omnes
3041 4227 3240 4293 intro·

516 4315 662 4393 itae,
712 4317 947 4379 reditus
994 4316 1058 4379 et
1101 4318 1434 4397 proventus
1480 4334 1592 4379 nec
1652 4334 1770 4380 non
1831 4334 2043 4380 omnes
2107 4316 2374 4399 regalias
2436 4319 2498 4381 et
2549 4316 3042 4381 honorificentias
3106 4321 3236 4382 tam

515 4405 717 4467 dictae
760 4406 959 4467 terrae
1005 4421 1189 4485 quam
1240 4407 1585 4467 castrorum
1631 4407 1695 4467 et
1740 4404 2006 4470 locorum
2057 4404 2380 4470 solitorum
2429 4405 2795 4487 respondere
2841 4407 3047 4469 terrae
3092 4425 3235 4487 pre-

516 4490 718 4554 dictae
763 4493 883 4555 etc.
927 4509 1071 4554 cum
1118 4491 1347 4556 salario
1395 4491 1702 4555 librarum
1747 4493 2095 4575 quindecim
2140 4510 2496 4575 grossorum
2543 4493 2605 4557 in
2651 4510 2810 4557 anno
2855 4494 2976 4557 etc.

601 4596 781 4655 Misti
827 4596 1045 4656 XLII.
1088 4600 1190 4669 93,
1238 4616 1279 4657 α
1319 4599 1474 4661 mlet.
1528 4601 1762 4661 arkivu.
