3620 5282
535 369 665 437 226

837 542 1303 628 CCCXXV.
1360 541 1568 624 God.
1622 540 1849 624 1386.
1903 544 1956 625 9
2009 543 2383 643 trama,
2438 565 2494 624 u
2550 541 2966 644 Napulju.

747 683 1118 767 Margarita,
1182 684 1562 767 Hungariae,
1625 683 1980 749 Jerusalem
2028 685 2092 747 et
2155 682 2403 749 Siciliae
2470 682 2700 766 regina,
2752 683 2931 765 rogat
2973 683 3269 747 venetum

538 775 753 838 ducem
816 773 1155 836 Antonium
1205 772 1560 849 Venerium,
1622 776 1925 853 quatenus
2002 771 2330 835 nonnullos
2415 789 2601 854 equos
2647 771 2741 834 sui
2789 789 2981 835 seren.
3034 771 3273 850 mariti,

541 863 645 946 qui
693 862 769 925 ad
815 863 1069 925 venetas
1116 878 1338 924 manus
1384 860 1726 924 causaliter
1774 863 2200 941 pervenerunt,
2251 859 2408 923 velit
2450 859 2746 924 familiari
2790 877 2900 923 suo
2941 859 3268 936 Januario,

540 949 892 1031 primicerio
955 948 1030 1012 de
1075 948 1316 1030 Napoli,
1385 948 1720 1029 assignare.
1790 948 1952 1011 Data
2020 948 2121 1023 „in
2184 953 2385 1012 castro
2447 946 2563 1011 Ovi
2611 966 2796 1029 prope
2847 947 3104 1030 Neapoli
3153 949 3271 1012 sub

542 1038 771 1101 annulo
809 1038 1017 1101 nostro
1066 1038 1306 1100 secreto
1353 1034 1450 1099 die
1496 1035 1588 1098 IX
1638 1033 1868 1117 aprilis,
1918 1053 2072 1098 none
2118 1035 2535 1100 indictioni8.“

635 1145 1206 1205 Commemorialium
1262 1140 1447 1204 VIII.
1500 1147 1645 1213 111,
1694 1162 1738 1203 u
1788 1144 1941 1202 mlet.
1988 1145 2223 1203 arkivu.

833 1314 1350 1417 cccxxvl.
1406 1332 1613 1415 eod.
1669 1332 1899 1415 1386.
1952 1334 1992 1412 1
2052 1333 2425 1433 svnmja,
2478 1354 2537 1414 u
2591 1332 2981 1415 Mletelh.

544 1479 846 1541 Mletcani
913 1479 1161 1551 nastoje,
1230 1478 1312 1536 da
1377 1479 1487 1548 iim
1554 1477 2033 1624 udovaAgalscn
2076 1474 2328 1536 Balsida
2397 1479 2607 1551 ustum·
2671 1478 2915 1552 m'ekoja
2980 1478 3195 1552 mjesta
3239 1495 3284 1537 u

1878 1584 2052 1639 anm.

764 1688 951 1752 1386.
1000 1685 1103 1751 die
1167 1685 1370 1769 primo
1436 1685 1601 1750 maii.
1669 1685 1987 1766 Sapientes
2026 1685 2330 1749 ordinum.
2381 1684 2613 1768 Capta:
2660 1685 2818 1768 quod
2873 1687 3278 1750 commitatur

541 1777 864 1859 capitaneo
910 1780 1122 1840 nostro
1170 1774 1419 1857 culphy,
1469 1776 1628 1857 quod
1676 1793 1816 1837 cum
1866 1774 2062 1855 pridie
2119 1774 2342 1837 nobilis
2393 1774 2642 1838 domina
2673 1793 2919 1838 consors
2965 1775 3276 1856 quondam

543 1866 771 1929 nobilis
820 1865 936 1928 viri
984 1863 1170 1926 Valse
1217 1862 1293 1924 de
1341 1863 1402 1925 la
1450 1861 1689 1926 Valona
1737 1861 1911 1925 nobis
1945 1861 2275 1944 quemdam
2309 1881 2490 1925 suum
2526 1864 2987 1926 ambaxatorem
3032 1861 3281 1925 miserit

543 1972 653 2035 pro
705 1954 963 2017 volendo
1027 1951 1204 2014 nobis
1270 1949 1417 2012 dare
1465 1951 1747 2013 tenutam
1794 1955 1857 2012 et
1906 1949 2357 2030 possessionem
2405 1951 2591 2013 castri
2641 1952 2703 2014 et
2749 1949 2871 2013 loci
2918 1951 2991 2013 de
3039 1950 3102 2013 la
3152 1950 3280 2013 Va-

538 2043 680 2105 lona
726 2058 866 2121 cum
915 2040 1098 2103 certis
1147 2038 1344 2120 pactis
1377 2039 1441 2100 et
1472 2038 1923 2100 conditionibus
1969 2040 2106 2115 etc.,
2143 2039 2241 2100 cui
2290 2037 2676 2101 ambaxatori
2727 2037 2987 2101 fecimus
3042 2041 3277 2100 certam

538 2135 818 2192 nostram
881 2126 1359 2208 responsionem,
1387 2127 1564 2206 copia
1606 2127 1777 2188 cuius
1808 2125 1992 2188 datur
2028 2125 2301 2206 predicto
2348 2127 2665 2206 capitaneo
2693 2145 2798 2206 pro
2843 2125 3278 2189 suainforma-

538 2217 724 2294 tione,
774 2216 1205 2280 concludentes
1254 2213 1314 2275 in
1362 2216 1602 2292 effectu,
1634 2214 1792 2294 quod
1829 2213 1887 2275 in
1940 2213 2108 2276 brevi
2157 2214 2444 2277 daremus
2495 2213 2802 2277 nobilitati
2841 2231 2948 2276 sue
2998 2218 3279 2276 nostram

539 2304 995 2384 responsionem
1063 2301 1367 2364 latissime
1453 2301 1816 2381 superinde:
1887 2301 2046 2382 quod
2133 2301 2264 2381 ipse
2337 2303 2544 2364 noster
2607 2305 2960 2382 capitaneus
3025 2302 3275 2383 culphy,

539 2392 777 2474 quando
815 2392 1036 2454 melius
1082 2390 1330 2470 poterit,
1380 2387 1601 2452 debeat
1648 2389 1736 2450 ire
1786 2389 1862 2450 ad
1898 2390 2100 2469 partes
2137 2386 2367 2452 Valone
2415 2391 2479 2451 et
2511 2407 2644 2452 esse
2689 2407 2827 2452 cum
2878 2388 2987 2453 illa
3022 2389 3273 2452 domina

540 2482 823 2544 consorte
891 2476 1201 2560 quondam
1270 2476 1490 2538 nobilis
1555 2476 1669 2539 viri
1714 2475 1919 2550 Valse,
1972 2479 2036 2540 et
2082 2477 2281 2540 eidem
2330 2475 2492 2540 facta
2540 2478 2738 2557 primo
2787 2476 3168 2540 salutatione
3214 2479 3278 2540 et

543 2566 875 2640 oblatione,
927 2585 1043 2648 que
1090 2564 1210 2646 ipsi
1260 2565 1577 2641 capitaneo
1626 2564 1995 2628 videbuntur
2041 2565 2365 2628 convenire
2414 2583 2520 2646 pro
2569 2565 2790 2627 honore
2828 2566 3028 2628 nostri
3075 2565 3277 2627 domi-

541 2656 629 2720 nii
676 2674 815 2719 cum
864 2654 992 2718 illis
1038 2653 1240 2716 verbis
1291 2651 1637 2716 dilectionis
1686 2655 1750 2716 et
1796 2652 2046 2729 amoriS,
2098 2672 2214 2734 que
2266 2671 2375 2716 sue
2421 2652 2729 2734 sapientie
2761 2654 3133 2717 videbuntur
3166 2672 3276 2735 pro

541 2743 884 2807 inducendo
932 2760 1067 2804 eam
1114 2742 1187 2804 ad
1236 2740 1643 2804 intentionem
1706 2743 2008 2813 nostram,
2081 2742 2527 2822 subsequenter
2573 2740 2774 2804 eidem
2826 2744 3003 2821 parte
3058 2746 3275 2805 nostra

544 2836 831 2912 exponat,
881 2830 1037 2912 quod
1086 2828 1134 2891 si
1186 2828 1301 2909 ipsi
1373 2827 1617 2890 domine
1681 2829 1890 2909 placet
1954 2829 2102 2891 dare
2165 2829 2566 2891 dominationi
2632 2832 2838 2892 nostre
2887 2832 3161 2893 castrum
3198 2828 3274 2892 de

543 2918 777 2983 Canina
815 2936 953 2981 cum
990 2935 1097 2980 suo
1160 2915 1447 2978 districtu
1473 2920 1535 2979 et
1558 2916 1760 2978 locum
1808 2915 2038 2980 Valoue
2081 2934 2222 2979 cum
2268 2934 2375 2979 suo
2401 2915 2685 2981 districtu
2709 2917 2902 2980 libere
2962 2918 3069 2993 ita,
3118 2917 3277 2999 quod

544 3007 678 3088 ipsa
724 3007 855 3070 loca
900 3005 1028 3068 sint
1074 3005 1137 3067 in
1172 3004 1459 3067 manibus
1492 3005 1555 3066 et
1598 3002 1788 3066 forcia
1835 3006 2045 3067 nostra
2076 3003 2378 3066 cumillis
2428 3004 2665 3068 iuribus
2713 3009 2776 3067 et
2822 3004 3273 3082 iurisdictione,

541 3113 683 3159 cum
709 3094 929 3177 quibus
957 3092 1093 3174 ipsa
1124 3091 1374 3154 domina
1408 3091 1612 3167 habet,
1643 3095 1814 3155 tenet
1841 3096 1903 3155 et
1944 3091 2236 3173 possidet,
2277 3094 2460 3173 prout
2485 3093 2638 3156 alias
2666 3091 2741 3155 de
2784 3093 2898 3156 hoc
2942 3093 3276 3156 ratiocina-

540 3184 677 3246 tum
723 3182 862 3258 suit,
912 3199 1127 3243 sumus
1176 3178 1446 3242 contenti
1508 3180 1642 3260 ipsa
1705 3179 1835 3242 loca
1897 3180 2197 3260 accipere,
2247 3182 2453 3242 tenere
2501 3183 2564 3244 et
2610 3180 2921 3262 possidere
2969 3180 3048 3243 ad
3087 3181 3276 3244 bono-

543 3289 674 3333 rem
738 3272 1039 3333 nostrum.
1089 3268 1171 3331 Et
1216 3267 1380 3329 circa
1444 3267 1558 3330 hoc
1607 3270 1893 3347 operetur
1941 3270 2004 3329 et
2050 3266 2239 3329 faciat
2286 3268 2599 3347 predictus
2655 3271 2864 3332 noster
2914 3269 3276 3350 capitaneus

548 3376 795 3420 omnem
849 3375 981 3420 rem
1045 3355 1406 3436 possibilem
1471 3372 1579 3435 pro
1638 3353 1971 3416 obtinendo
2034 3355 2186 3418 hanc
2236 3359 2511 3418 nostram
2580 3356 2794 3419 bonam
2844 3355 3272 3420 intentionem.

548 3446 630 3508 Et
677 3445 739 3507 in
781 3463 925 3507 casu
972 3462 1091 3524 quo
1155 3442 1470 3524 predictus
1534 3445 1741 3505 noster
1817 3442 2197 3522 capitaneus,
2262 3440 2428 3505 facta
2497 3443 2661 3506 omni
2711 3443 3089 3524 experientia
3136 3462 3279 3525 pos·

545 3532 734 3604 sibili,
784 3549 902 3594 non
951 3535 1153 3612 posset
1199 3528 1487 3593 inducere
1536 3530 1731 3608 ipsam
1759 3528 2073 3593 dominam
2121 3531 2198 3593 ad
2245 3534 2522 3593 nostram
2573 3531 2976 3595 intentionem
3033 3531 3273 3612 predic-

544 3623 698 3697 tam,
764 3624 910 3683 tunc
979 3619 1202 3681 debeat
1256 3617 1736 3680 condescendere
1800 3619 1874 3680 ad
1926 3619 2112 3680 istam
2161 3617 2346 3681 aliam
2398 3620 2658 3699 partem,
2710 3621 2854 3701 quia
2902 3619 3271 3682 ambaxator

544 3727 713 3780 suuS,
749 3706 853 3788 qui
889 3706 1009 3769 fuit
1054 3705 1130 3769 ad
1182 3709 1455 3768 nostram
1506 3704 2007 3781 dominationem,
2057 3705 2379 3768 videbatur
2414 3710 2486 3769 de
2531 3706 2642 3769 hoc
2675 3708 3056 3770 contentari:
3109 3708 3273 3788 quod

543 3814 759 3859 sumus
806 3794 1082 3857 conteuti
1132 3794 1267 3874 ipsa
1315 3793 1450 3855 loca
1493 3794 1770 3873 accipere
1805 3812 1912 3873 per
1949 3795 2191 3856 modum
2229 3794 2460 3856 dictum
2488 3794 2793 3875 superius,
2822 3795 3026 3859 dando
3075 3797 3274 3859 eidem

543 3884 790 3947 domine
840 3882 1239 3945 medietatem
1291 3881 1598 3944 redituum
1651 3887 2085 3961 proventorum
2130 3884 2201 3944 de
2243 3882 2393 3944 locis
2459 3883 2750 3963 predictis
2799 3881 3000 3947 solum
3053 3884 3114 3945 in
3163 3902 3274 3946 sua

543 3974 691 4044 vita,
740 3971 1005 4034 habente
1056 3970 1190 4048 ipsa
1233 3970 1480 4032 domina
1534 3967 1934 4031 medietatem
1984 3987 2408 4049 expensarum,
2461 3989 2575 4051 que
2637 3971 2783 4033 fient
2822 3970 2884 4031 in
2936 3970 3086 4033 locis
3136 3990 3278 4052 pre-

543 4060 746 4134 dictis,
796 4063 973 4139 prout
1018 4059 1113 4120 est
1159 4057 1414 4119 iustum.
1479 4055 1935 4137 Subiungendo,
2001 4058 2157 4137 quod
2207 4057 2258 4119 si
2305 4058 2505 4120 eidem
2557 4057 2800 4119 domine
2853 4057 3055 4137 placet
3105 4066 3275 4122 stare

545 4148 609 4210 in
656 4148 940 4228 partibus
990 4145 1226 4208 Valone
1272 4145 1370 4207 vel
1414 4142 1618 4205 venire
1665 4144 1961 4207 Venecias
2010 4144 2105 4208 vel
2152 4145 2240 4206 irc
2282 4145 2357 4205 ad
2408 4146 2642 4226 aliquas
2689 4148 2889 4208 terras
2930 4147 3118 4209 nostri
3173 4149 3280 4209 do-

544 4236 737 4309 minii,
786 4253 1002 4297 sumus
1052 4233 1343 4304 contenti,
1394 4233 1551 4311 quod
1599 4232 1733 4313 ipsa
1781 4234 1926 4306 stet,
1965 4235 2171 4294 veniat
2214 4238 2278 4293 et
2324 4235 2511 4296 vadat
2558 4251 2670 4313 pur
2716 4234 3059 4297 secundum
3109 4235 3274 4314 quod

547 4324 666 4385 sibi
717 4321 1035 4403 placuerit,
1087 4320 1416 4382 dummodo
1465 4318 1797 4382 habeamus
1850 4321 1982 4383 loca
2028 4319 2305 4399 predicta
2351 4320 2544 4383 libere
2594 4323 2654 4383 in
2705 4320 2993 4385 manibus
3041 4326 3103 4385 et
3151 4322 3279 4386 for-

549 4411 643 4473 cia
690 4413 900 4472 nostra
946 4412 1009 4471 et
1054 4409 1170 4471 sub
1220 4416 1432 4471 nostra
1477 4408 1782 4480 custodia,
1835 4412 1903 4469 ut
1951 4409 2187 4470 dictum
2238 4413 2350 4471 est.

753 4495 1039 4559 Ceterum
1090 4497 1142 4558 si
1190 4495 1355 4557 facta
1406 4494 1604 4557 adhuc
1652 4496 1818 4557 omni
1854 4495 2247 4576 experientia,
2281 4514 2397 4576 que
2433 4496 2560 4560 fieri
2605 4495 2834 4578 poterit
2881 4515 2988 4577 per
3036 4496 3278 4564 dictum

546 4586 819 4645 nostrum
867 4586 1277 4663 capitaneum,
1331 4583 1457 4663 ipse
1507 4600 1623 4645 non
1677 4585 1887 4662 posset
1932 4585 2219 4645 reducere
2265 4583 2440 4646 illam
2491 4585 2795 4648 dominam
2848 4585 2924 4647 ad
2957 4584 3279 4651 declinan-

543 4671 686 4731 dum
736 4671 810 4731 ad
858 4671 1125 4733 alterum
1173 4671 1437 4734 duorum
1503 4671 1820 4734 modorum
1868 4674 2451 4751 suprascriptorum,
2504 4676 2649 4735 tunc
2695 4672 3013 4752 predictus
3064 4679 3280 4739 noster

545 4756 896 4837 capitaneus
945 4757 1032 4821 sit
1100 4760 1429 4822 contentus
1476 4758 1552 4822 de
1600 4759 1953 4840 accipiendo
2027 4760 2272 4822 nomine
2334 4760 2532 4823 nostri
2602 4758 2860 4824 dominii
2929 4760 3281 4828 dominium
