3620 5282
3069 353 3190 416 381

472 522 566 587 dei
615 524 679 586 et
718 521 995 586 omnium
1042 523 1397 586 sanctorum
1447 541 1717 600 suorum,
1783 527 1847 587 et
1894 525 2009 588 sub
2057 526 2247 606 peniS,
2312 523 2815 589 solemnitatibus
2878 528 2941 590 et
2987 527 3198 592 condi-

469 609 746 674 tionibus
793 609 1099 688 omnibuS,
1163 629 1280 691 que
1342 611 1732 674 continentur
1797 615 1856 674 in
1929 611 2157 675 litteris
2208 610 2532 694 utriusque
2596 613 2793 692 partis
2840 615 2905 677 et
2964 614 3195 679 iustru-

469 698 696 762 mentis
744 696 1009 778 publicis
1055 697 1348 761 confectis
1395 713 1580 781 super
1625 717 1772 781 pace
1835 701 1902 762 et
1961 699 2286 763 concordia
2361 699 2688 782 principali
2741 701 2987 765 firmata
3032 701 3196 765 inter

468 788 678 866 partes
725 786 993 849 easdem.
1043 782 1213 862 Quod
1261 786 1503 866 quidem
1554 787 1978 851 iuramentum
2026 786 2439 867 prestavimus
2490 787 2551 850 in
2602 789 2896 851 manibus
2944 807 3196 854 venera-

468 872 615 937 bilis
683 873 745 936 in
807 872 994 936 cristo
1040 873 1239 954 patris
1303 872 1537 936 domini
1597 873 1834 938 Stefani
1900 873 2336 957 Zagrabiensis
2410 874 2680 956 episcopi
2752 878 2815 938 et
2875 876 3194 958 magnifici

466 960 583 1025 viri
629 959 862 1024 domini
910 958 1150 1024 Nicolai
1214 960 1380 1040 regie
1440 961 1607 1024 curio
1658 962 1896 1039 iudiciS,
1963 962 2488 1026 ambaxiatoribus
2558 963 2622 1024 et
2690 963 3193 1044 procuratoribus

465 1046 619 1112 dicti
665 1047 899 1112 domini
944 1046 1129 1129 regis,
1178 1048 1254 1110 ad
1304 1048 1416 1110 hoc
1463 1049 1820 1129 specialiter
1866 1050 2345 1113 constitutorum
2421 1048 2583 1112 sicut
2630 1051 2874 1112 constat
2918 1069 3027 1132 per
3086 1051 3195 1115 lit-

470 1136 636 1200 teras
683 1134 887 1217 regias
936 1135 1197 1216 scriptas
1243 1134 1431 1199 Jadre
1480 1135 1594 1198 sub
1640 1154 1800 1200 anno
1834 1135 2068 1199 domini
2095 1134 2544 1209 MCCCLVIII,
2592 1136 2691 1200 die
2729 1137 2847 1200 XX
2870 1136 3189 1218 februarii,

474 1222 783 1305 sigillatas
824 1221 1034 1305 sigillo
1082 1239 1191 1285 suo
1239 1225 1492 1286 secreto.
1543 1221 1702 1287 Nam
1751 1242 1783 1288 e
1824 1242 2109 1287 converso
2157 1223 2433 1304 prefatus
2495 1224 2777 1288 dominus
2845 1244 2948 1288 rex
3016 1226 3192 1289 simi-

466 1309 611 1374 liter
655 1310 1069 1373 iuramentum
1117 1309 1394 1390 prestitit
1455 1311 1515 1373 in
1580 1312 1865 1376 manibus
1926 1310 2381 1374 honorabilium
2447 1311 2720 1374 virorum
2785 1311 3186 1377 dominorum

470 1397 641 1462 Petri
687 1397 1029 1474 Trivisano,
1078 1396 1380 1461 ,Iohannis
1425 1395 1766 1462 Gradonico
1828 1400 1892 1461 et
1938 1398 2339 1462 Beneinteudi
2400 1397 2666 1463 ducatus
2714 1400 2779 1462 et
2823 1400 3184 1464 communis

466 1484 895 1550 Venetiarium
942 1483 1374 1549 cancellarium
1424 1485 1648 1548 civium
1710 1485 2081 1549 sindicorum
2131 1487 2195 1549 et
2249 1485 2743 1550 ambaxiatorum
2808 1489 3186 1552 nostrorum.

464 1570 734 1637 Nomina
778 1575 987 1636 autem
1036 1573 1384 1636 nostrorum
1430 1572 1730 1636 nobilium
1780 1573 1885 1655 qui
1923 1573 2241 1637 nobiscum
2298 1572 2657 1637 iuraverunt
2698 1576 2845 1637 sunt
2887 1575 3036 1638 hec:
3083 1574 3192 1639 do-

464 1660 669 1724 minus
716 1659 1078 1723 Franciscus
1126 1659 1502 1736 Lauredano,
1553 1660 1838 1724 dominus
1870 1661 2090 1724 Petrus
2118 1659 2511 1736 Karravello,
2562 1660 2846 1725 dominus
2873 1660 3191 1727 ‚Iohannes

461 1747 782 1829 Mocenigo
824 1746 1109 1811 dominus
1156 1746 1434 1811 Andreas
1479 1747 1780 1824 Fusculo,
1856 1749 2138 1811 dominus
2202 1747 2571 1812 Laurentius
2638 1747 2920 1812 Dandulo
2973 1751 3037 1813 et
3082 1751 3189 1813 do-

463 1835 664 1898 minus
712 1833 962 1898 Marcus
1010 1834 1086 1897 de
1135 1834 1359 1899 Priolis
1425 1835 1616 1898 nostri
1678 1834 2013 1898 consiliarii
2064 1835 2494 1913 Venetiarum,
2563 1853 2635 1898 ac
2680 1835 2914 1900 domini
2963 1837 3188 1901 Petrus

466 1920 673 2000 Steno,
731 1921 982 1985 Marcus
1048 1921 1345 1985 Barisano
1408 1924 1470 1986 et
1530 1921 1755 1986 Daniel
1814 1922 2024 1986 Vituri
2090 1923 2294 2004 capita
2354 1922 2593 1987 consilii
2640 1922 2715 1987 de
2784 1921 2896 1985 XL
2952 1923 3187 1988 domini

462 2008 713 2074 Marcus
755 2008 1043 2073 Cornario
1090 2009 1291 2086 miles,
1350 2009 1574 2073 Petrus
1622 2008 1963 2074 Gradonico
2009 2009 2270 2074 condam
2326 2009 2556 2074 domini
2623 2010 2793 2075 ducis
2858 2011 2924 2074 et
2988 2010 3180 2075 Fran-

460 2097 662 2161 ciscus
708 2097 968 2171 Bemb0,
1015 2095 1254 2160 domini
1305 2096 1587 2160 Andreas
1636 2096 1800 2162 Gazo
1863 2100 2220 2179 procurator
2280 2098 2480 2162 sancti
2526 2098 2723 2161 Marci
2770 2098 2836 2160 et
2879 2095 3179 2163 Nicolaus

463 2183 744 2262 FaledrO,
793 2184 1023 2249 domini
1071 2185 1321 2248 Marcus
1370 2184 1728 2248 Lauredano
1777 2188 2130 2266 procurator
2175 2185 2431 2249 ecclesie
2490 2185 2687 2249 sancti
2732 2184 2967 2263 Marci,
3021 2185 3182 2250 Pan-

459 2272 706 2353 gracius
753 2270 1018 2355 Georgio
1059 2271 1391 2336 advocator
1422 2274 1616 2336 nostri
1667 2273 2015 2337 communis
2051 2273 2471 2348 venetiarum,
2521 2272 2752 2336 domini
2797 2273 3020 2336 Petrus
3059 2274 3182 2336 Ba-

461 2358 674 2424 duario
721 2359 924 2437 mileS,
973 2360 1320 2423 Bernardus
1365 2358 1761 2423 Justinianus
1808 2362 2163 2442 procurator
2215 2360 2415 2424 sancti
2439 2360 2657 2437 Marci,
2706 2360 2927 2424 Petrus
2952 2361 3177 2440 Memo,

460 2446 783 2512 Bertucius
832 2445 1116 2511 Grimani
1168 2449 1232 2511 et
1261 2447 1534 2520 vMarcus
1593 2447 2000 2512 Mauroceuus
2061 2466 2271 2512 omnes
2335 2447 2726 2512 honorabiles
2772 2446 2936 2512 cives
2984 2448 3184 2513 Vene-

461 2535 712 2600 tiarum.
762 2536 996 2599 Datum
1043 2535 1104 2598 in
1149 2539 1356 2598 nostro
1402 2534 1603 2599 ducali
1646 2534 1880 2618 palatio
1927 2535 2211 2600 Venetiis
2245 2536 2343 2600 die
2377 2535 2554 2599 XXV
2589 2534 2816 2599 mensis
2867 2535 3182 2616 februarii,

459 2640 616 2688 anno
664 2622 897 2686 domini
932 2620 1386 2688 MCCCLVIII.

666 2709 830 2774 Nota
876 2709 1037 2791 quod
1084 2710 1527 2775 ambariatores
1572 2710 1831 2793 prefacti
1878 2711 2117 2776 domini
2174 2711 2360 2795 regis,
2409 2711 2511 2793 qui
2562 2712 2860 2776 venerunt
2906 2711 3185 2777 Venetiis

459 2817 564 2879 pro
608 2797 870 2862 iurando
915 2815 1150 2879 pacem,
1206 2796 1676 2862 declaraverunt
1736 2802 1799 2862 et
1865 2798 2154 2863 dixerunt
2202 2798 2629 2875 dominationi,
2693 2800 2853 2881 quod
2899 2799 3184 2863 dominus

458 2884 648 2949 Canis
694 2884 948 2967 grandis
998 2884 1073 2950 de
1121 2885 1183 2949 la
1232 2885 1415 2950 Scala
1461 2888 1525 2948 et
1562 2886 1693 2950 eius
1741 2886 1965 2951 fratres
2026 2888 2204 2950 erant
2250 2888 2322 2951 de
2368 2886 2731 2968 seguacibus
2778 2886 2842 2948 et
2887 2885 3188 2950 adheren-

459 2973 630 3037 tibus
677 2973 825 3036 dicti
872 2972 1103 3037 domini
1154 2973 1339 3055 regiS,
1386 2974 1448 3037 et
1496 2975 1818 3055 propterea
1863 2975 2178 3056 petebant,
2228 2974 2392 3056 ipsos
2439 2974 2658 3037 debere
2697 2972 2929 3037 includi
2977 2974 3039 3036 in
3089 2992 3179 3053 ea,

463 3063 527 3123 et
570 3059 662 3122 sic
706 3059 781 3123 de
826 3061 1117 3124 mandato
1165 3058 1605 3125 daminationis
1667 3061 1889 3126 inclusi
1937 3061 2187 3126 fuerunt
2231 3061 2293 3125 in
2340 3078 2491 3142 pace
2536 3059 2845 3142 predicta,
2912 3061 2975 3124 et
3021 3061 3182 3127 sacto

459 3146 711 3212 fuerunt
753 3147 871 3212 sibi
914 3147 1144 3225 littere,
1193 3149 1355 3212 sicut
1396 3148 1538 3212 aliis
1580 3149 1796 3214 amicis
1837 3150 1902 3212 et
1950 3150 2316 3232 sequacibus
2364 3148 2559 3230 ipsius
2605 3146 2838 3212 domini
2885 3149 3067 3230 regis

543 3237 861 3317 Paetorum
918 3239 984 3297 V.
1038 3240 1181 3308 162,
1225 3256 1267 3297 u
1310 3239 1651 3298 mletackom
1695 3241 1932 3299 arkivu.

788 3425 1234 3507 DXLVlll.
1316 3426 1522 3513 God.
1577 3427 1803 3511 1358.
1859 3427 1910 3508 8
1964 3427 2303 3529 ozujka,
2357 3448 2416 3507 u
2467 3426 2858 3509 Mletcih.

810 3553 979 3639 rsnez
1021 3553 1304 3612 zadarski
1345 3553 1602 3612 Mikova
1646 3554 1888 3613 Falacro
1933 3552 2186 3627 kainjen
2229 3554 2320 3613 §to
2363 3554 2561 3627 izyubi
2606 3553 2828 3613 Zadar.

672 3671 861 3736 1358.
909 3670 1245 3737 indictione
1292 3671 1404 3750 XI,
1453 3675 1549 3738 die
1594 3671 1746 3737 VIII
1795 3674 2025 3753 martii,
2075 3677 2292 3758 capta:
2344 3676 2394 3740 si
2445 3695 2554 3757 per
2601 3694 2692 3753 ea,
2740 3695 2857 3759 que
2903 3676 3072 3741 dicta
3117 3679 3183 3742 et

452 3761 617 3825 lecta
666 3760 813 3825 sunt
855 3763 1071 3824 contra
1120 3779 1217 3824 ser
1263 3760 1637 3827 Michaelem
1682 3761 1930 3826 Faletro
1990 3762 2137 3827 olim
2189 3764 2479 3827 comitem
2526 3765 2590 3828 et
2635 3766 3022 3846 capitaneum
3069 3763 3183 3828 Ja-

454 3850 580 3926 dre,
630 3847 947 3912 occasione
995 3848 1347 3913 amissionis
1394 3848 1556 3914 dicte
1603 3850 1788 3926 terre,
1839 3850 2087 3914 videtur
2122 3852 2310 3929 vobis,
2360 3853 2519 3933 quod
2553 3850 2920 3933 procedatur
2968 3852 3183 3916 contra

452 3954 614 4000 eum.
666 3935 897 4014 Prima,
946 3935 1107 4017 quod
1153 3936 1522 4018 procedatur
1569 3937 1732 4014 445;
1779 3937 2049 4002 secunda
2100 3938 2256 4021 quod
2308 3956 2427 4002 non
2472 3939 2599 4018 453
2641 3937 2833 4002 tercia
2877 3956 2999 4002 non
3049 3938 3178 4004 sin-

454 4024 578 4087 ceri
624 4022 726 4087 61.

662 4110 987 4189 DominnS,
1036 4129 1135 4175 ser
1180 4109 1545 4176 Franciscus
1571 4112 1950 4191 LauredanO,
2000 4131 2100 4177 ser
2130 4112 2379 4178 Andrea
2412 4112 2695 4191 Fusculo,
2744 4132 2842 4176 ser
2866 4112 3180 4179 Johannes

458 4196 799 4282 Mozenigo,
846 4196 1207 4264 consiliarii.
1257 4197 1489 4280 Capta:
1540 4200 1698 4282 quod
1745 4201 1949 4265 dictus
1997 4219 2097 4265 ser
2144 4200 2416 4266 Michael
2458 4201 2705 4265 Faletro
2751 4204 2913 4265 stare
2960 4200 3182 4266 debeat

456 4303 574 4349 uno
619 4304 776 4350 anno
823 4286 887 4350 in
935 4304 1054 4350 uno
1099 4303 1415 4351 carcerum
1464 4286 1853 4364 inferiorum,
1923 4290 1986 4352 et
2048 4287 2134 4352 sit
2193 4289 2486 4370 perpetuo
2550 4288 2827 4369 privatus
2893 4288 3178 4353 omnibus

450 4373 747 4453 consiliisi,
796 4373 1223 4457 regiminibus,
1271 4373 1684 4456 capitaneriiS,
1733 4375 1956 4439 officiis
2004 4381 2068 4439 et
2116 4374 2430 4441 beneficiis
2488 4374 2834 4438 communis
2878 4375 3180 4440 Venecia-

445 4480 587 4526 rum
629 4462 795 4526 intus
838 4466 902 4527 et
947 4464 1139 4526 extra.
1189 4464 1272 4527 Et
1317 4462 1433 4526 hoc
1479 4481 1598 4526 non
1647 4464 1888 4543 possint
1937 4464 2213 4528 revocari
2266 4462 2381 4527 sub
2427 4481 2586 4544 pena
2628 4464 2987 4527 ducatorum
3032 4463 3172 4528 MM

446 4549 703 4614 cuilibet
748 4548 1119 4628 consiliario,
1169 4550 1361 4633 capiti
1408 4546 1471 4615 et
1515 4550 1623 4613 alii
1673 4549 1926 4632 ponenti
1974 4550 2072 4615 vel
2141 4549 2554 4616 consencienti
2615 4551 2854 4631 partem
2900 4551 2964 4614 in
3009 4568 3158 4614 con-

444 4637 728 4702 trarium.
784 4636 924 4714 193,
975 4635 1122 4700 304.
3053 4642 3058 4647 ’

653 4722 1033 4790 consiliarii:
1082 4742 1180 4789 ser
1226 4725 1448 4790 Petrus
1511 4722 1855 4804 Caravello,
1925 4743 2023 4789 ser
2074 4724 2319 4789 Marcus
2380 4723 2455 4788 de
2516 4722 2781 4802 Priolis3
2843 4723 3048 4808 capita.
3085 4724 3159 4790 de
