3620 5282
2980 383 3107 449 401

737 550 1068 632 XXIX.
1141 551 1349 633 God.
1403 551 1626 635 1228.
1681 553 1730 636 2
1776 554 2209 655 prosince.
2262 576 2324 636 u
2378 552 2768 637 Mletcih.

392 676 529 736 Dva
578 677 892 736 ΜἸείόαηα
926 678 1123 751 jamce
1166 694 1241 737 za
1285 679 1402 737 ἀνα
1448 677 1836 824 Ζαάνανῗῖῖια,
1869 680 2022 825 hkoji
2069 696 2143 739 su
2188 680 2401 738 morali
2459 680 2573 739 kao
2619 681 2775 740 taoci
2817 682 3112 757 prebivati

1571 784 1614 824 u
1758 767 1868 825 etei
1915 812 1929 827 .

604 885 722 950 Die
769 884 1035 949 secundo
1084 883 1354 949 intrante
1393 884 1753 964 decembris,
1804 886 2133 951 indictione
2165 886 2454 951 secunda.
2504 884 2700 952 Cerna
2730 887 2806 951 de
2840 886 3110 953 Gaibono

396 974 459 1037 et
507 972 779 1038 Josebus
826 971 993 1036 filius
1041 972 1359 1037 Laurentii
1428 975 1740 1037 steterunt
1799 974 1985 1056 plegii
2034 973 2279 1038 domino
2342 975 2480 1038 duci
2526 976 2601 1039 ad
2650 978 2891 1056 partem
2937 993 3109 1039 com-

394 1060 600 1125 munis
649 1059 1057 1124 Veneciarum
1109 1079 1215 1140 pro
1259 1061 1593 1143 Lamprezo
1656 1061 1784 1125 filio
1832 1061 2048 1125 Preste
2094 1063 2158 1125 et
2203 1079 2311 1143 pro
2361 1063 2578 1125 Preste
2626 1062 2760 1127 filio
2803 1063 3111 1144 quondam

393 1147 601 1212 Miche
648 1147 880 1212 Lodine
929 1147 1005 1210 de
1048 1146 1283 1224 Jadra,
1349 1148 1452 1229 qui
1500 1165 1609 1230 pro
1670 1147 1989 1221 obsidibus
2038 1149 2099 1212 in
2160 1147 2448 1212 Veneciis
2505 1149 2939 1228 morabantur,
2998 1151 3112 1214 sub

392 1253 550 1317 pena
598 1234 900 1299 librarum
949 1232 1048 1298 CC
1099 1234 1526 1312 veneciarum,
1573 1254 1725 1317 quas
1771 1235 1957 1300 liceat
2015 1234 2260 1299 domino
2307 1236 2445 1299 duci
2511 1235 2747 1300 auferre
2812 1236 3113 1301 ambobus

393 1322 491 1386 'vel
540 1322 645 1386 uni
688 1320 859 1403 quali
905 1319 1174 1385 voluerit
1197 1322 1490 1404 ipsorum,
1531 1322 1820 1387 videlicet
1852 1323 2012 1403 quod
2057 1322 2110 1386 si
2143 1321 2364 1387 amodo
2397 1322 2460 1385 in
2507 1324 2689 1387 antea
2714 1325 3110 1407 reperiretur,

396 1410 557 1491 quod
603 1408 826 1489 aliquis
875 1427 947 1472 ex
988 1408 1272 1489 patribus
1318 1410 1592 1491 ipsorum
1641 1411 1872 1492 aliquid
1913 1408 2147 1474 faceret
2193 1408 2291 1475 vel
2325 1412 2756 1491 pertractaret,
2805 1413 2965 1493 quod
3009 1430 3110 1475 re-

388 1496 656 1560 dudaret
701 1494 777 1559 ad
826 1496 1165 1577 dampnum
1212 1496 1309 1561 vel
1351 1495 1727 1561 contrarium
1774 1498 2006 1562 domini
2050 1496 2220 1561 ducis
2253 1499 2364 1561 aut
2398 1497 2807 1562 Veneciarum
2851 1517 2958 1563 seu
3004 1498 3115 1562 do-

393 1583 549 1652 mini
598 1583 845 1648 comitis
892 1583 981 1646 M.
1041 1583 1317 1647 Danduli
1374 1584 1568 1666 ipsius
1628 1586 1901 1648 civitatis
1971 1585 2071 1649 vel
2132 1584 2266 1648 eius
2329 1584 2705 1649 vicecomitis
2771 1588 2882 1649 aut
2943 1587 3107 1651 terre

393 1669 605 1747 Jadre‚
655 1671 814 1753 quod
861 1671 1311 1750 consignabant
1367 1670 1614 1735 domino
1661 1672 1797 1737 duci
1862 1672 2101 1736 in-eius
2164 1672 2482 1737 voluntate
2552 1672 2717 1754 ipsos
2762 1691 3005 1754 pueroS,
3056 1674 3112 1737 si

395 1761 572 1840 pater
597 1757 919 1840 Lamprezi
967 1757 1067 1822 vel
1114 1759 1312 1821 mater
1356 1759 1506 1823 dicti
1533 1759 1738 1824 Presti
1777 1758 1839 1823 in
1884 1759 2174 1842 predictis
2213 1758 2546 1823 ceciderint
2577 1760 2759 1824 ambo
2805 1759 2902 1825 vel
2947 1760 3110 1824 alter

402 1846 468 1909 in
512 1844 721 1927 aliquo
759 1864 906 1909 casu
944 1845 1398 1927 predictorum3
1446 1846 1605 1929 quod
1654 1847 1708 1911 si
1754 1848 2000 1911 tantum
2029 1846 2347 1929 Lamprezi
2398 1848 2574 1928 pater
2619 1847 2835 1910 fecerit
2871 1849 3106 1924 contra,

402 1933 564 2015 quod
613 1933 848 1997 dictum
895 1938 1009 2011 est,
1060 1933 1257 1997 solum
1304 1933 1487 1997 modo
1535 1934 1639 1998 ille
1685 1953 1853 2015 puer,
1902 1935 2074 1998 cuius
2121 1938 2295 2016 pater
2345 1935 2439 1998 vel
2489 1937 2687 1998 mater
2751 1933 3114 1998 offendisset

396 2019 461 2083 in
513 2019 719 2102 aliquo
764 2039 838 2084 ex
885 2019 1236 2102 premissis,
1308 2022 1384 2085 ab
1447 2021 1596 2103 ipsis
1655 2022 1877 2105 plegiis
1925 2022 2112 2086 debet
2171 2021 2416 2086 domino
2464 2021 2600 2087 duci
2648 2021 2993 2104 presentari
3045 2021 3108 2084 in

384 2107 703 2172 voluntate
752 2125 883 2172 sua.

472 2197 660 2257 Liber
697 2198 1030 2272 plcyiorum
1077 2198 1179 2256 list
1222 2200 1323 2277 78,
1372 2199 1455 2257 br.
1503 2201 1648 2269 533,
1692 2217 1735 2257 u
1780 2200 2000 2259 arkivu
2041 2199 2400 2258 mletackom.

614 2420 625 2423 ·
737 2385 1021 2467 XXX.
1097 2384 1305 2468 God.
1361 2385 1586 2469 1228.
1641 2386 1691 2470 5
1747 2387 2176 2487 prosince,
2232 2409 2290 2468 u
2344 2386 2738 2470 Mletcih.

386 2511 768 2586 Zabranjeno
810 2513 946 2585 poci
990 2512 1150 2578 dalie
1194 2512 1270 2571 od
1315 2511 1523 2571 Zadra
1566 2516 1591 2572 i
1626 2515 1845 2661 ἔὶἲπα
1865 2557 1878 2581 ,
1944 2515 2058 2572 niti
2103 2532 2144 2571 u
2188 2513 2382 2571 Jakin
2443 2513 2543 2573 bez
2586 2513 2828 2574 vladine
2873 2514 3105 2574 dozvole

1546 2618 1623 2674 po
1750 2618 1974 2662 annom.

595 2719 711 2784 Die
759 2721 815 2783 V
863 2720 1131 2784 intrante
1177 2720 1542 2798 decembriS,
1592 2722 1927 2785 indictione
1975 2721 2257 2795 secunda,
2307 2720 2660 2802 ordinatum
2707 2723 2802 2786 est
2845 2741 2954 2804 per
3001 2722 3106 2785 do-

384 2807 623 2871 minum
674 2809 892 2872 ducem
942 2808 1007 2871 et
1052 2827 1233 2872 suum
1284 2808 1609 2873 consilium
1660 2809 1865 2873 minus
1910 2810 1975 2872 et
2020 2809 2222 2871 maius
2267 2809 2332 2871 et
2378 2806 2490 2871 XL
2522 2810 2586 2871 et
2618 2808 2954 2872 stridatum
2989 2828 3104 2891 pu-

386 2894 546 2959 blice
593 2894 880 2959 Rivoalto
928 2896 991 2958 in
1037 2893 1225 2973 scala,
1287 2896 1473 2977 atque
1539 2896 1752 2961 datum
1814 2915 1924 2977 per
1984 2894 2261 2958 ordinem
2325 2894 2611 2959 omnibus
2668 2895 3021 2960 hominibus
3070 2914 3108 2959 a

385 2981 589 3047 Grado
637 3001 829 3064 usque
878 2980 1089 3064 Capud
1137 2983 1373 3065 ageriS,
1446 2984 1604 3066 quod
1667 2983 1876 3047 nullus
1939 2982 2207 3047 Venetus
2275 2984 2491 3046 amodo
2552 2983 2616 3045 in
2677 2984 2863 3047 antea
2911 3000 3105 3064 usque

388 3072 671 3134 sanctum
721 3070 976 3133 Petrum
1028 3070 1376 3151 proximum
1425 3071 1497 3133 de
1548 3069 1712 3134 iunio
1761 3089 1867 3151 per
1915 3089 1979 3133 se
2026 3069 2124 3133 vel
2171 3088 2352 3133 suum
2399 3067 2661 3134 missum
2722 3089 2829 3152 per
2894 3069 3099 3134 ullum

386 3156 700 3240 ingenium
753 3156 851 3222 vel
876 3159 1313 3238 argumentum
1340 3158 1565 3222 audeat
1610 3158 1697 3221 ire
1747 3157 1843 3221 vel
1879 3158 2169 3220 mandare
2195 3175 2301 3239 per
2327 3161 2558 3220 terram
2606 3157 2701 3221 vel
2735 3176 2844 3239 per
2873 3174 3106 3240 aquam

384 3261 420 3307 a
463 3243 658 3308 Jadra
703 3262 888 3326 supra
932 3263 1044 3308 nec
1089 3263 1125 3308 a
1170 3245 1422 3308 civitate
1459 3244 1654 3308 Firmi
1702 3244 1764 3308 in
1810 3247 2012 3321 antea,
2061 3263 2254 3325 neque
2285 3243 2351 3309 in
2379 3243 2633 3308 Ancona
2665 3244 2801 3328 quis
2827 3245 3102 3309 Venetus

387 3330 574 3394 vadat
619 3333 715 3396 vel
760 3333 994 3406 mittat,
1063 3330 1401 3395 secundum
1449 3332 1610 3414 quod
1675 3332 2007 3396 stridatum
2073 3331 2198 3395 alia
2258 3332 2390 3397 vice
2452 3331 2572 3395 fuit
2617 3334 2678 3397 et
2726 3332 3099 3411 ordinatum,

385 3418 506 3481 nisi
551 3417 707 3482 forte
752 3420 873 3483 iret
919 3419 1016 3482 vel
1062 3411 1343 3482 mitteret
1404 3420 1568 3484 ultra
1628 3420 1762 3483 loca
1828 3418 2103 3500 predicta
2164 3418 2240 3483 de
2299 3438 2602 3483 consensu
2668 3421 2732 3484 et
2781 3421 3096 3485 voluntate

384 3505 615 3569 domini
663 3507 834 3569 ducis
881 3508 946 3570 et
992 3506 1245 3569 consilii.
1296 3504 1624 3570 Sciendum
1668 3508 1780 3584 est,
1829 3508 2002 3588 quod⁴
2031 3506 2274 3570 litteras
2321 3505 2754 3572 mandavimus
2803 3506 2878 3571 R.
2928 3506 3099 3573 Geno

385 3589 675 3676 Clugensi
722 3592 1019 3676 potestati
1066 3593 1123 3656 X
1169 3594 1439 3657 intrante
1487 3594 1826 3657 decembris
1874 3596 1937 3657 et
1983 3595 2258 3657 tenorem
2306 3593 2457 3657 dicti
2520 3594 2741 3671 banni,
2809 3596 3098 3676 rogantes

395 3683 457 3743 et
503 3681 931 3763 precipienteS,
983 3682 1052 3744 ut
1095 3680 1330 3745 dictum
1359 3682 1625 3745 bannum
1662 3681 1722 3744 in
1759 3683 2012 3762 utraque
2039 3680 2259 3763 Clugia
2295 3680 2526 3745 faceret
2549 3681 2790 3763 publice
2824 3682 3092 3747 stridari.

477 3770 666 3830 Liber
701 3772 1033 3846 pleqiorum
1074 3771 1176 3830 list
1219 3774 1320 3840 97,
1368 3773 1494 3846 broj
1545 3774 1686 3841 177,
1732 3789 1774 3830 u
1815 3772 2033 3830 arhivu
2073 3772 2432 3831 mletackom.

1069 3958 1401 4040 XXXI.
1457 3958 1665 4041 God.
1720 3957 1974 4041 1228.,
1998 3959 2426 4060 prosince.

393 4082 439 4141 Ο
486 4083 816 4158 ienitbenoj
856 4083 1116 4158 poyodbi
1159 4085 1357 4158 medju
1419 4083 1786 4144 Balduinom
1833 4085 1910 4142 11
1967 4085 2239 4144 iztoonim
2298 4102 2493 4143 carem
2537 4085 2562 4142 i
2606 4084 2835 4145 Meron·
2894 4085 3097 4159 krab‘a

524 4173 725 4231 Ivana
771 4173 843 4231 de
886 4171 1169 4241 Brienne‚
1215 4188 1257 4229 u
1304 4173 1461 4245 kojoj
1495 4174 1562 4244 je
1605 4176 1915 4245 spomenut
1959 4173 2116 4231 Ivem
2151 4172 2336 4245 Asjen
2385 4172 2462 4229 11
2506 4188 2615 4232 car
2649 4173 2947 4246 buqarski.

604 4290 677 4353 In
727 4291 973 4355 nomine
1021 4291 1251 4354 domini
1301 4310 1499 4356 amen.
1550 4291 1620 4354 In
1668 4291 1886 4373 primis
1946 4292 2054 4356 fiet
2094 4292 2444 4356 contractus
2503 4272 2980 4358 matrimonialis
3027 4296 3101 4360 de

386 4376 693 4442 Balduino
739 4397 880 4442 cum
929 4378 1060 4443 filia
1090 4379 1253 4460 regis
1291 4377 1612 4456 Johannis,
1661 4381 1725 4442 et
1770 4378 2232 4443 consumabitur
2279 4378 2763 4457 matrimonium,
2812 4398 2952 4445 cum
2999 4400 3104 4447 ve-

390 4465 552 4528 nerit
595 4465 672 4528 ad
715 4467 968 4541 etatem,
1016 4468 1077 4530 et
1123 4465 1415 4529 dominus
1452 4485 1555 4530 rex
1599 4465 1915 4531 Johannes
1959 4465 2213 4529 habebit
2259 4465 2586 4548 imperium
2618 4469 2681 4531 et
2712 4469 3102 4535 coronabitur

391 4549 726 4634 imperator
767 4553 845 4616 ad
886 4553 1085 4616 totam
1129 4553 1321 4617 vitam
1369 4572 1566 4631 suam,
1617 4555 1681 4617 et
1739 4552 2079 4635 plenariam
2130 4552 2384 4616 habebit
2444 4555 2818 4636 potestatem
2863 4557 2928 4619 et
2970 4555 3102 4637 ple-

389 4640 630 4703 narium
679 4638 1024 4704 dominium
1073 4642 1387 4721 tamquam
1432 4640 1769 4721 imperator
1814 4641 1889 4703 ad
1937 4642 2129 4703 totam
2183 4639 2372 4703 vitam
2423 4658 2640 4718 suam,
2704 4642 2769 4705 et
2812 4641 3097 4723 quicquid

380 4722 564 4790 faciet
609 4727 742 4791 tam
782 4727 845 4791 in
890 4726 1213 4809 acquisitis
1260 4745 1443 4809 quam
1490 4727 1552 4790 in
1600 4726 2007 4807 acquirendiS,
2055 4725 2302 4791 firmum
2352 4727 2416 4789 et
2478 4728 2706 4792 stabile
2767 4730 2832 4791 in
2878 4747 3097 4811 perpe-

439 4843 634 4895 sPon.
680 4846 781 4894 111.
2758 4830 2845 4898 26
