3620 5282
464 296 588 362 120

457 471 576 537 ibit
621 470 683 536 in
735 468 1349 552 Constantinopolim,
1395 469 1624 534 habeat
1667 468 1860 535 libras
1881 467 2031 535 CCC
2057 470 2119 534 in
2168 471 2296 539 tres
2325 488 2563 535 menses
2609 471 2674 534 et
2711 468 2853 535 inde
2891 468 2955 534 in
2988 470 3170 534 antea

455 559 647 625 libras
691 558 743 622 L
788 557 852 623 in
896 577 1124 633 mense,
1175 557 1336 622 sicut
1380 556 1575 639 pridie
1623 559 1876 640 captum
1935 558 2076 621 fuit.
2144 557 2212 623 Si
2257 576 2399 622 vero
2450 557 2569 621 ibit
2622 556 2686 621 in
2735 556 3173 623 Constantino-

458 646 673 730 polim,
717 645 940 710 habere
986 643 1211 710 debeat
1252 644 1444 708 libras
1490 644 1546 709 V
1591 648 1838 710 centum
1883 645 1946 708 in
1993 645 2082 709 IV
2109 663 2350 710 menses
2396 646 2461 709 et
2505 644 2645 709 inde
2675 645 2736 709 in
2767 647 2951 710 antea
2985 645 3177 709 libras

455 733 506 799 L
552 733 615 799 in
659 751 888 799 mense.
936 732 1029 796 De
1072 750 1192 797 non
1240 732 1301 810 3,
1349 750 1469 796 non
1511 732 1735 797 sinceri
1783 732 1845 796 3.

546 820 723 885 Misti
769 821 972 883 XXV.
1022 825 1122 893 10,
1164 840 1208 881 u
1253 823 1468 882 arkivu
1510 822 1868 883 mletadkom.

756 1009 1253 1092 chxxv.
1302 1009 1509 1091 eod.
1564 1009 1799 1093 1349.
1854 1012 1905 1093 e
1947 1011 2326 1111 navum,
2380 1032 2439 1091 u
2494 974 2887 1093 metam.

756 1136 970 1196 Mizost
997 1135 1344 1209 podiezjena
1375 1136 1663 1209 jednomu
1707 1137 2090 1211 proquamku
2133 1136 2494 1196 Zadraninu
2534 1155 2576 1195 u
2619 1136 2884 1196 Mzetcah.

672 1254 858 1320 1349.
906 1253 1006 1319 die
1050 1253 1141 1318 VI
1186 1253 1420 1337 apriliS,
1470 1258 1689 1338 capta:
1758 1255 1918 1338 quod
1983 1253 2308 1319 Saladinus
2372 1255 2443 1319 de
2493 1254 2781 1320 Saladino
2828 1257 2899 1318 de
2965 1255 3177 1335 Jadra,

455 1343 559 1428 qui
605 1343 707 1408 hic
748 1343 960 1408 manet
1012 1342 1076 1406 in
1122 1342 1462 1407 confinibus
1527 1344 1605 1407 ad
1668 1346 1880 1407 nostra
1934 1342 2259 1419 mandata,
2322 1347 2385 1406 et
2447 1343 2696 1424 propter
2743 1341 3185 1408 desolationem

458 1431 836 1515 agendorum
879 1447 1130 1495 suorum
1178 1429 1312 1512 ipse
1360 1448 1477 1495 non
1525 1430 1714 1495 habet
1763 1431 1921 1495 unde
1969 1431 2170 1495 vivere
2218 1432 2281 1494 et
2327 1430 2657 1493 subvenire
2703 1430 2865 1512 patri
2904 1449 3015 1494 suo
3056 1429 3187 1495 seni

458 1522 523 1583 et
569 1517 920 1602 impotenti,
968 1516 1193 1606 habere
1233 1515 1458 1581 debeat
1503 1519 1577 1581 de
1615 1518 1820 1600 gratia
1865 1516 2115 1600 speciali
2164 1517 2411 1601 intuytu
2459 1516 2744 1600 pietatiS,
2796 1519 2859 1581 et
2903 1518 3048 1602 quia
3093 1518 3186 1581 vi-

459 1606 640 1671 detur
685 1604 1021 1686 dispositus
1069 1605 1146 1667 ad
1192 1603 1561 1670 fidelitatem
1609 1606 1673 1669 et
1709 1607 1965 1682 bonum,
2010 1605 2162 1669 duas
2207 1606 2418 1688 postas
2466 1606 2781 1686 equestres
2821 1605 2884 1669 in
2910 1606 3187 1670 Tarvisio

458 1692 523 1757 in
568 1691 865 1758 banderia
909 1691 1294 1769 Italicorum,
1342 1710 1464 1756 non
1510 1695 1784 1775 augendo
1831 1711 2154 1757 numerum
2204 1692 2583 1757 soldatorum
2631 1691 2704 1756 de
2763 1691 2939 1769 inde,
3008 1696 3072 1757 et
3116 1712 3190 1756 ex

466 1799 627 1846 nunc
673 1799 782 1862 pro
829 1779 1143 1844 forniendo
1186 1778 1355 1861 ipsas
1402 1781 1611 1861 portas
1657 1779 1856 1862 possit
1900 1779 1988 1844 ire
2036 1780 2409 1845 Tarvisium.
2465 1780 2544 1844 Et
2586 1779 2650 1843 in
2695 1780 3020 1844 consilium
3072 1783 3187 1844 etc.

666 1869 747 1932 Et
794 1868 891 1931 est
935 1869 1120 1949 capta
1166 1885 1274 1948 per
1320 1864 1409 1929 VI
1453 1867 1860 1946 consiliariOS,
1909 1867 2004 1931 III
2053 1868 2260 1951 capita
2305 1869 2371 1931 et
2403 1867 2530 1931 tres
2565 1868 2774 1950 partes
2807 1870 3184 1951 rogatorum,

458 1957 523 2020 et
567 1955 679 2020 XL
726 1954 1121 2038 congregatis
1168 1953 1401 2017 LXXX
1449 1956 1514 2018 et
1558 1972 1764 2037 supra.

668 2042 761 2107 De
808 2044 985 2125 parte
1033 2039 1141 2119 60,
1189 2040 1307 2115 683
1357 2042 1430 2105 de
1476 2059 1597 2106 non
1644 2042 1705 2120 8,
1760 2042 1862 2118 14,
1910 2060 2028 2107 non
2072 2042 2296 2108 sinceri
2343 2042 2407 2121 9,
2456 2041 2517 2107 6.

538 2132 717 2193 Misti
766 2131 969 2192 XXV.
1023 2134 1123 2202 10,
1168 2149 1212 2190 u
1255 2132 1595 2192 mletackom
1642 2133 1878 2193 arkivu.

714 2318 1256 2403 CLXXXVI.
1313 2319 1521 2402 God.
1577 2322 1809 2403 1349.
1869 2319 1920 2400 6
1974 2321 2355 2421 travnja‚
2412 2343 2472 2402 u
2527 2320 2917 2404 Mletcih.

461 2447 692 2508 Nalabe
735 2463 798 2506 se
840 2447 1143 2519 kapetanu
1186 2463 1230 2504 u
1262 2447 1661 2520 jndranskom
1705 2465 1892 2516 mom,
1957 2447 2037 2505 da
2063 2447 2347 2520 prebrodi
2413 2446 2565 2507 ienu
2610 2448 2799 2507 knew
2843 2448 3037 2507 Pavla
3080 2448 3192 2508 kli-

872 2534 1055 2608 skoqa
1085 2534 1413 2604 Katarinu,
1459 2535 1711 2607 rodjenu
1742 2534 2044 2604 Dandum,
2091 2535 2148 2593 iz
2190 2533 2401 2593 Zadru
2445 2552 2488 2592 u
2540 2534 2765 2607 Troyir.

670 2653 860 2720 1349.
909 2654 1008 2719 die
1056 2654 1144 2718 VI
1188 2654 1422 2737 aprilis,
1473 2656 1688 2736 capta:
1735 2653 1897 2736 quod
1948 2656 2022 2719 ad
2061 2653 2367 2719 instantes
2420 2673 2633 2737 preces
2679 2655 2929 2720 comitis
2977 2656 3177 2734 Pauli,

451 2742 662 2809 fratris
708 2744 969 2807 condam
1014 2743 1260 2807 comitis
1314 2742 1609 2819 Mladeni,
1658 2742 1983 2806 mandetur
2034 2743 2355 2824 capitaneo
2404 2744 2613 2807 nostro
2660 2743 2823 2821 culfi,
2872 2745 3033 2827 quod
3067 2751 3177 2808 no-

453 2831 647 2896 bilem
693 2830 1006 2895 dominam
1066 2828 1425 2895 Catarinam
1484 2829 1771 2894 Dandulo
1837 2830 2097 2894 condam
2163 2837 2277 2894 ser'
2323 2829 2663 2908 Johannis,
2728 2850 2979 2896 uxorem
3038 2832 3189 2898 dicti

454 2918 703 2984 comitis
750 2917 952 2994 Pauli,
992 2936 1109 2999 que
1153 2917 1240 2981 ire
1286 2917 1473 2982 debet
1518 2936 1662 2982 cum
1702 2917 1901 3001 galeis
1949 2918 2249 2982 Romanie
2298 2937 2491 3002 usque
2536 2917 2819 2997 Jadram,
2878 2920 2929 2984 si
2980 2919 3182 2984 dictus

462 3006 821 3089 capitaneus
868 3004 1016 3070 culfi
1066 3006 1359 3088 repererit
1405 3024 1470 3070 se
1525 3006 1683 3070 citra
1727 3005 2140 3089 Tragurium,
2187 3005 2392 3070 levare
2451 3007 2671 3070 debeat
2714 3006 2949 3073 dictam
2995 3009 3192 3071 domi-

458 3111 603 3158 nam
650 3109 831 3174 super
878 3110 1001 3156 una
1046 3111 1117 3157 ex
1162 3091 1357 3176 galeis
1406 3093 1649 3171 nostris,
1700 3096 1763 3156 et
1808 3093 2007 3174 ipsam
2057 3111 2196 3156 cum
2244 3093 2482 3158 familia
2529 3097 2594 3158 et
2634 3094 2767 3159 eius
2819 3095 3056 3159 arnesis
3102 3094 3193 3158 le-

456 3179 637 3333 ¹{ibus
681 3179 936 3330 copduci
979 3179 1176 3245 facere
1222 3180 1616 3263 Tragurium,
1667 3199 1782 3245 non
1833 3180 2207 3245 sinistrando
2255 3183 2470 3246 tamen
2517 3182 2773 3265 negocia
2815 3200 2923 3246 nec
2986 3198 3188 3245 arma-

526 3286 591 3333 m
636 3284 747 3331 nos
781 3285 933 3331 ram.

541 3358 721 3417 Misti
772 3356 900 3416 XX
914 3357 964 3416 V
1005 3359 1105 3428 10,
1152 3375 1194 3417 α
1240 3358 1455 3417 arkivu
1498 3357 1857 3417 mletackom.

671 3545 1265 3629 CLXXXVII.
1341 3544 1548 3627 (3011.
1604 3547 1835 3628 1349.
1892 3549 1989 3628 18
2042 3548 2420 3648 travnja,
2473 3568 2533 3627 u
2586 3545 2981 3628 Mletcih.

460 3674 633 3733 Neka
676 3672 886 3742 odbor,
948 3672 1274 3744 sastavb'en
1338 3671 1414 3730 od
1473 3672 1854 3746 njeydasnjih
1915 3674 2172 3732 knezova
2217 3689 2258 3730 u
2306 3673 2643 3746 Dalmaczji
2661 3716 2675 3741 ,
2725 3671 2988 3746 podnese
3031 3674 3190 3746 svojc

458 3760 714 3835 mniem’e
758 3776 791 3819 o
832 3775 1063 3827 sanem,
1105 3759 1204 3831 koj
1235 3775 1308 3816 su
1353 3760 1519 3832 hejeli
1558 3759 1800 3832 sklopiti
1844 3761 2043 3833 media
2074 3761 2268 3818 sobom
2312 3761 2416 3818 isti
2454 3761 2723 3835 yradovi,
2770 3777 2802 3819 o
2846 3761 3196 3833 poslanstvu

1180 3846 1367 3906 kneza
1408 3847 1602 3906 Pavla
1646 3847 1670 3905 i
1715 3848 1859 3906 lietu
1906 3849 2270 3921 bosanskoya
2303 3849 2480 3909 bana.

680 3964 870 4030 1349.
915 3963 1015 4030 die
1056 3963 1271 4029 XVIII
1315 3964 1548 4048 apriliS,
1593 3970 1808 4049 capta:
1857 3985 1998 4031 cum
2048 3966 2176 4029 sint
2236 3967 2336 4031 hic
2383 3967 2837 4032 ambaxiatores
2884 3964 3193 4051 Sybenici,

467 4053 756 4140 Tragurii
802 4054 869 4118 et
913 4049 1170 4134 Spaleti,
1219 4052 1394 4117 missi
1441 4073 1550 4135 pro
1598 4052 1760 4118 facto
1808 4054 2116 4119 tractandi
2171 4054 2461 4119 unionem
2522 4054 2686 4119 inter
2730 4055 3192 4134 dictasterraS,

468 4161 605 4224 que,
654 4143 724 4206 ut
768 4140 1014 4219 dicitur,
1059 4141 1223 4205 esset
1265 4140 1442 4204 utilis
1505 4141 1813 4218 multum,
1864 4142 1925 4205 et
1970 4160 2079 4224 pro
2134 4140 2274 4206 aliis
2338 4141 2521 4206 factis
2584 4142 3004 4207 communium
3054 4161 3197 4207 suo-

469 4247 646 4295 rum:
694 4228 866 4293 vadit
910 4245 1073 4309 parS,
1123 4226 1281 4309 quod
1328 4228 1758 4292 committatur
1781 4229 2197 4310 intrascriptis
2224 4228 2553 4306 nobilibuS,
2602 4229 2705 4312 qui
2755 4229 2912 4294 alias
2946 4230 3196 4295 fuerunt

473 4318 738 4380 rectores
784 4313 849 4377 in
894 4314 1077 4379 terris
1123 4314 1433 4395 predictiS,
1482 4318 1545 4381 et
1589 4316 1823 4381 habent
1871 4315 2112 4399 plenam
2150 4316 2647 4381 informationem
2696 4318 2768 4384 de
2815 4319 2985 4381 statu
3032 4318 3197 4400 ipsa-

470 4422 633 4481 rum,
674 4399 836 4484 quod
878 4400 1092 4466 audire
1137 4401 1402 4466 debeant
1447 4422 1540 4480 ea,
1589 4422 1704 4486 que
1750 4403 1898 4468 dicti
1947 4404 2369 4468 ambaxatores
2401 4404 2604 4468 dicere
2636 4396 2866 4482 volunt,
2916 4405 2980 4468 et
3013 4423 3196 4487 super

468 4491 558 4555 eis
609 4488 956 4554 examinare
1003 4489 1069 4552 et
1107 4488 1254 4553 dare
1304 4489 1478 4554 nobis
1530 4509 1711 4555 suum
1753 4491 2079 4555 consilium
2131 4491 2191 4555 in
2241 4490 2513 4573 scriptis,
2564 4510 2705 4557 cum
2748 4510 2866 4574 quo
2914 4492 3196 4555 venietur

465 4579 606 4655 huc,
656 4576 722 4640 et
766 4576 895 4653 fiet,
939 4576 1100 4641 sicut
1144 4575 1474 4656 videbitur,
1521 4581 1585 4642 et
1625 4577 1890 4660 quilibet
1938 4577 2131 4659 possit
2178 4596 2400 4659 ponere
2449 4581 2730 4661 partem,
2793 4580 2858 4643 et
2902 4578 3195 4644 similiter

466 4683 608 4732 cum
653 4662 944 4729 libertate
990 4662 1267 4745 predicta
1334 4664 1483 4729 dent
1528 4665 1703 4731 nobis
1763 4684 1943 4729 suum
2006 4666 2334 4730 consilium
2363 4751 2366 4756 .
2400 4684 2586 4750 super
2642 4666 3037 4732 ambaxatam
3093 4683 3196 4730 co-
