3620 5282
3148 387 3235 457 25

496 570 700 671 alique
759 589 831 634 ex
881 569 1009 634 illis
1072 568 1241 635 villis
1300 571 1365 635 et
1427 568 1921 652 possessionibus
1975 568 2349 633 devenerant
2409 568 2484 632 ad
2532 584 2752 632 manus
2799 585 2942 632 suas
3008 568 3232 651 regias,

499 660 645 741 quia
692 658 947 745 tenebat
991 660 1057 722 et
1100 658 1478 739 possidebat,
1525 658 1592 721 et
1636 658 2112 740 presumendum
2157 658 2313 728 erat,
2351 658 2509 738 quod
2556 673 2697 719 cum
2771 655 2977 737 aliqua
3040 657 3235 721 racio-

500 745 694 809 nabili
743 763 931 811 causa
972 747 1240 810 tenebat
1294 749 1356 809 et
1416 744 1769 828 possidebat
1796 792 2037 809 ......
2066 764 2158 821 uS,
2226 744 2386 828 quod
2457 743 2570 819 illi,
2637 744 2743 826 qui
2811 742 3234 822 vendiderant,

500 853 616 897 non
664 836 951 916 poterant
993 832 1361 905 vendidisse
1411 833 1554 916 quia
1602 850 1722 901 non
1771 832 2082 897 habebant
2122 833 2394 908 heredeS,
2446 834 2510 896 et
2540 834 2859 913 propterea
2892 833 3233 897 secundum

503 939 711 985 eorum
760 940 957 986 mores
984 966 1297 987 ........
1341 921 1643 985 dederant
1688 922 1764 984 de
1810 918 2146 999 voluntate,
2195 922 2602 1003 present-ando
2653 923 2801 983 tunc
2833 919 2952 983 sibi
2985 920 3238 984 litteras

500 1008 649 1072 dicti
700 1008 884 1072 banni
933 1028 1114 1091 super
1156 1010 1277 1074 ista
1325 1010 1603 1087 materia,
1654 1008 1909 1072 dicendo
1956 1027 2136 1091 super
2183 1009 2383 1089 prima
2431 1009 2625 1090 parte,
2674 1008 2833 1090 quod
2880 1026 3019 1072 cum
3069 1008 3237 1072 omni

502 1096 849 1160 reverencia
894 1098 1199 1179 loquendo
1246 1098 1406 1161 tales
1455 1098 1846 1177 excepciones
1887 1098 1948 1158 et
1996 1096 2414 1177 opposiciones
2464 1114 2584 1160 non
2631 1095 2937 1160 debebant
2968 1095 3238 1173 admitti,

503 1184 645 1266 qnia
692 1184 1255 1261 demonstraveram
1307 1184 1426 1249 sibi
1474 1202 1660 1268 quam
1709 1185 1891 1267 plura
1939 1183 2140 1250 lucida
2186 1187 2249 1247 et
2293 1184 2609 1248 autentica
2656 1183 2984 1266 privilegia
3037 1186 3101 1248 et
3147 1185 3241 1248 in-

504 1272 869 1350 strumenta,
926 1273 1227 1356 quomodo
1288 1270 1451 1337 dicte
1500 1272 1915 1355 possessiones
1955 1274 2018 1337 et
2064 1271 2209 1335 ville
2256 1273 2433 1335 erant
2493 1290 2642 1346 sue;
2691 1272 2882 1336 etiam
2929 1270 3241 1336 habebant

503 1378 692 1441 quam
743 1359 949 1439 plures
992 1360 1433 1443 possessiones,
1482 1359 1556 1424 de
1604 1360 1827 1443 quibus
1874 1377 1995 1423 non
2042 1360 2327 1440 poterant
2372 1361 2797 1424 demonstrare
2843 1358 3089 1442 aliquod
3148 1360 3241 1423 in-

501 1450 938 1523 strumentum,
992 1466 1135 1513 nam
1183 1447 1244 1512 in
1292 1448 1582 1530 capcione
1627 1446 1823 1513 Jadre
1868 1449 2000 1512 tota
2046 1446 2267 1511 domus
2327 1465 2441 1511 sua
2502 1446 2709 1511 fuerat
2766 1447 3081 1523 derobata,
3144 1449 3244 1512 set

502 1535 765 1600 debebat
794 1536 1095 1617 sufficere,
1145 1532 1198 1600 si
1259 1536 1569 1600 notorium
1612 1537 1778 1599 esset
1834 1535 1909 1611 ei,
1973 1535 2176 1617 ipsum
2240 1535 2513 1598 tenuisse
2557 1537 2624 1598 et
2680 1535 3022 1614 possedisse
3080 1539 3243 1600 tem-

503 1642 647 1704 pore
693 1624 899 1705 pacis;
949 1624 1051 1705 qui
1081 1625 1344 1706 'quidem
1394 1624 1679 1695 dominus
1716 1641 1824 1688 rex
1871 1624 2087 1687 statim
2147 1623 2317 1698 dixit,
2365 1622 2523 1706 quod
2592 1620 2864 1687 habebat
2922 1622 3240 1688 autentica

501 1712 930 1788 instrumenta,
997 1711 1265 1792 qualiter
1334 1711 1710 1793 proscriptus
1757 1711 2039 1774 Marinus
2106 1709 2457 1774 verdiderat
2525 1710 2738 1774 comiti
2787 1710 3110 1792 Gregorio,
3174 1711 3241 1775 et

500 1799 822 1881 propterea
866 1803 1044 1862 erant
1089 1798 1231 1876 sue,
1280 1799 1379 1863 cui
1425 1799 1669 1863 domine
1700 1799 1788 1861 mi
1835 1798 2153 1864 cautulose
2186 1798 2378 1862 dixit:
2427 1799 2597 1881 regia
2632 1801 2962 1880 magestas,
3012 1797 3237 1862 bonum

507 1888 621 1963 est,
669 1886 829 1967 quod
899 1888 1222 1952 videantur
1282 1889 1405 1951 ista
1466 1886 1858 1964 istrumenta‚
1922 1890 1985 1950 et
2047 1885 2206 1968 quod
2272 1904 2411 1950 cum
2475 1887 2614 1950 istis
2676 1887 2825 1959 suiS,
2888 1885 2963 1951 de
3017 1886 3240 1969 quibus

501 1973 695 2037 habeo
738 1976 998 2055 copiam,
1048 1976 1492 2052 examinentur,
1540 1975 1683 2057 quia
1730 1974 1885 2038 forte
1931 1973 2053 2039 erit
2098 1973 2320 2037 divisio
2381 1972 2443 2036 in
2502 1973 2713 2057 aliqua
2758 1978 2934 2056 parte
2995 1977 3105 2037 aut
3164 1974 3240 2037 de

501 2061 628 2125 situ
676 2066 786 2125 aut
828 2062 902 2123 de
948 2062 1080 2126 loco
1128 2064 1236 2127 aut
1281 2063 1357 2126 de
1422 2062 1765 2126 confinibus
1820 2063 2192 2134 earumdem,
2261 2064 2325 2124 et
2392 2080 2529 2126 sum
2592 2065 2818 2137 certus,
2882 2061 3043 2144 quod
3110 2081 3241 2126 ma-

501 2150 658 2213 iesta
705 2153 910 2214 vestra
958 2168 1074 2213 non
1127 2151 1262 2214 vult
1307 2149 1493 2229 aliud,
1542 2168 1725 2232 quam
1769 2150 1853 2228 id,
1904 2151 2061 2233 quod
2110 2150 2263 2213 i'uris
2302 2148 2401 2213 sit.
2448 2148 2620 2214 Tunc
2689 2153 2983 2231 ceperunt
3047 2150 3242 2214 racio-

501 2238 706 2300 cinare
747 2237 824 2301 ad
871 2238 1137 2302 invicem
1181 2237 1462 2303 dominus
1510 2257 1616 2301 rex
1675 2239 1740 2301 et
1786 2238 2100 2320 palatinus
2163 2255 2365 2302 comes
2432 2241 2495 2300 et
2555 2236 2839 2302 dominus
2902 2237 3240 2319 archiepis·
3320 2310 3325 2315 ⁸

500 2343 688 2406 copus
735 2324 1196 2407 strigoniensis,
1245 2326 1391 2409 quia
1437 2324 1544 2390 alii
1591 2344 1708 2391 non
1759 2328 1968 2403 erant3
2041 2324 2294 2391 tandem
2340 2325 2619 2389 dominus
2667 2344 2769 2389 rex
2816 2325 2973 2390 dixit
3020 2325 3240 2399 michi,

498 2410 657 2493 quod
718 2411 811 2475 ita
871 2414 994 2477 cito
1055 2415 1187 2479 fieri
1252 2432 1373 2478 non
1419 2414 1634 2496 posset
1677 2412 1866 2492 istud,
1930 2415 1994 2479 et
2039 2414 2092 2477 si
2136 2413 2440 2477 habebam
2487 2412 2675 2488 aliud,
2740 2413 2900 2495 quod
2949 2413 3235 2477 deberem

497 2499 823 2582 procedere
869 2503 941 2565 ad
990 2502 1178 2566 aliud.
1226 2502 1356 2581 Ego
1401 2504 1611 2566 autem
1659 2501 1908 2565 domine
1956 2500 2041 2565 mi
2087 2502 2235 2565 tunc
2283 2501 2525 2565 narravi
2573 2499 2691 2564 sibi
2739 2502 2969 2565 seriose
3004 2499 3235 2565 factum

501 2587 838 2654 Zanini‘de
887 2588 1100 2668 Jadra,
1164 2592 1229 2654 et
1284 2588 1718 2655 Franceschini
1779 2588 1856 2654 de
1902 2588 2269 2669 Mediolano,
2334 2587 2748 2654 iustifficando
2797 2586 2894 2653 ius
2959 2590 3236 2653 vestrum

499 2676 562 2739 in
608 2680 908 2759 quantum
957 2678 1111 2743 scivi
1157 2681 1222 2743 et
1276 2677 1452 2761 potui
1511 2676 1852 2742 secundum
1915 2680 2183 2742 vestram
2249 2677 2786 2751 commissionem3
2851 2677 3027 2742 cuius
3097 2694 3238 2741 vero

499 2765 814 2847 responsio
861 2765 980 2829 fuit
1024 2766 1086 2829 in
1134 2766 1251 2830 hac
1297 2765 1515 2842 forma,
1580 2764 1868 2830 videlicet
1911 2767 2070 2847 quod
2116 2765 2191 2829 de
2237 2765 2353 2830 hoc
2417 2766 2505 2829 nil
2575 2764 2813 2829 sciebat
2872 2783 2984 2828 nec
3042 2765 3240 2828 habu-

498 2855 630 2916 erat
677 2870 901 2917 novum
950 2853 1025 2915 de
1077 2853 1355 2934 partibus
1405 2852 1742 2930 Dalmacie,
1794 2853 1899 2916 diu
1944 2855 2100 2929 erat,
2140 2852 2258 2916 nisi
2305 2853 2592 2917 besterna
2638 2853 2755 2930 die,
2807 2858 2870 2916 et
2905 2851 3062 2935 quod
3101 2853 3237 2916 vol-

500 2940 669 3004 lebat
712 2939 1050 3016 informari,
1100 2941 1245 3024 quia
1295 2941 1535 3007 bannus
1582 2940 1714 3006 eius
1760 2941 1893 3005 eiat
1942 2943 2237 3005 venturus
2282 2941 2359 3003 ad
2406 2958 2568 3015 eum,
2642 2958 2785 3003 nam
2833 2958 2944 3022 pro
2990 2958 3062 3003 eo
3122 2939 3242 3003 mi·

503 3029 685 3091 serat.
761 3028 951 3105 Tunc,
1004 3029 1245 3093 domine
1292 3030 1398 3105 mi,
1448 3030 1570 3094 dixi
1636 3027 1790 3093 sibi:
1859 3028 2030 3110 regia
2092 3027 2399 3098 maiestas,
2451 3028 2679 3091 bouum
2725 3029 2842 3104 est,
2908 3029 3237 3109 postquam

503 3133 615 3197 ego
662 3133 821 3192 sum,
871 3117 1028 3198 quod
1073 3115 1214 3180 finis
1262 3119 1564 3199 aponatur
1608 3117 1749 3180 istis
1792 3117 2102 3197 negociis;
2151 3115 2363 3199 sicque
2409 3114 2821 3179 deliberatum
2870 3113 3009 3191 fuit,
3074 3118 3238 3197 quod

500 3221 613 3285 ego
660 3208 976 3284 expectare
1024 3204 1307 3268 deberem
1357 3204 1625 3269 bannum
1675 3203 2043 3286 predictum,
2092 3221 2213 3286 quo
2263 3204 2462 3280 vente,
2510 3204 2851 3284 procurabo
2906 3206 2971 3266 et
3014 3202 3240 3267 faciam

498 3293 625 3354 tam
674 3296 823 3371 aput
868 3292 1189 3356 dominum
1239 3310 1448 3374 regem
1497 3311 1681 3374 quam
1728 3293 1882 3373 aput
1924 3291 2242 3355 dominum
2289 3292 2559 3356 bannum
2619 3294 2682 3355 et
2728 3289 3241 3373 alioquuicquid

500 3378 642 3442 boni
695 3398 800 3458 per
847 3397 945 3441 me
994 3380 1127 3443 fieri
1173 3380 1406 3462 poterit
1447 3381 1622 3444 iuxta
1669 3381 1939 3444 vestram
1997 3378 2430 3454 intencionem,
2490 3382 2553 3443 et
2614 3378 2906 3462 quicquid
2970 3379 3241 3444 habuero

497 3468 563 3530 et
607 3464 826 3541 fecere,
876 3463 1148 3531 dominio
1193 3469 1398 3532 vestro
1447 3466 1666 3532 faciam
1730 3466 1859 3530 fore
1922 3469 2154 3531 notum.
2219 3468 2478 3548 Insuper
2545 3466 2795 3532 domine
2861 3467 2946 3532 mi
3013 3467 3086 3531 de
3148 3486 3244 3530 re·

497 3554 830 3617 stitucione
878 3554 992 3617 loci
1040 3554 1369 3620 Casemate
1411 3554 1602 3620 nichil
1650 3554 1951 3630 dixeritiS,
2000 3554 2145 3637 quia
2193 3554 2257 3619 in
2305 3571 2444 3618 mea
2492 3554 2930 3619 commissione
2989 3554 3240 3636 legitur,

497 3641 653 3724 quod
702 3639 856 3704 illud
907 3642 1066 3705 idem
1115 3641 1318 3707 dicere
1364 3641 1622 3706 debeam
1666 3642 1967 3725 expeditis
2013 3641 2155 3706 aliis
2202 3641 2472 3725 negociis
2518 3641 2709 3706 michi
2757 3640 3131 3717 commissis,
3180 3643 3244 3705 et

498 3729 643 3811 quia
691 3747 811 3793 non
859 3731 1008 3793 sunt
1052 3730 1389 3812 expedicta,
1436 3731 1508 3795 ut
1552 3729 1934 3804 audiveritis,
1983 3730 2095 3794 hec
2138 3729 2299 3794 facta
2332 3730 2586 3794 servavi
2658 3729 2862 3794 dicere
2929 3746 3040 3793 suo
3104 3727 3239 3794 loco

497 3819 561 3879 et
607 3819 906 3899 tempore.
956 3817 1219 3882 Domine
1266 3817 1371 3898 mi,
1422 3837 1528 3899 per
1575 3835 1667 3894 ea,
1724 3837 1840 3899 que
1900 3816 2126 3893 audivi,
2191 3817 2394 3882 dictus
2456 3818 2695 3882 bannus
2754 3833 2873 3881 non
2942 3816 3239 3893 creditur,

497 3904 658 3987 quod
706 3905 930 3982 veniet,
980 3904 1097 3967 nisi
1145 3904 1308 3970 circa
1367 3922 1575 3988 pasca,
1624 3906 1687 3969 et
1732 3907 2058 3987 propterea
2103 3924 2243 3969 cum
2292 3903 2461 3969 omni
2523 3905 2871 3969 reverencia
2932 3903 3238 3985 loquendo

498 3992 684 4055 michi
726 3992 970 4056 videtur
1017 3992 1190 4064 utile,
1259 3993 1419 4075 quod
1468 4010 1581 4076 ego
1629 3992 1919 4056 haberem
1968 3991 2239 4076 aliquam
2286 3991 2789 4057 informacionem
2838 4009 3021 4073 super
3081 3990 3240 4074 ipsis

498 4079 928 4144 instrumentis
973 4079 1423 4153 vendicionum,
1470 4084 1541 4144 ut
1585 4080 1867 4145 dominus
1914 4098 2017 4144 rex
2063 4080 2220 4145 dixit
2264 4099 2331 4145 se
2375 4080 2603 4144 habere
2650 4078 2746 4144 vel
2803 4078 3010 4154 aliter,
3059 4081 3130 4143 ut
3170 4079 3235 4144 in

495 4169 665 4231 omni
712 4183 858 4231 casu
907 4185 1151 4249 possem
1200 4169 1425 4233 seriate
1471 4167 1568 4232 ius
1616 4169 1681 4231 et
1725 4168 2017 4232 honorem
2072 4169 2346 4232 vestrum
2392 4167 2557 4232 sicut
2601 4167 2760 4248 opto.
2813 4166 3080 4231 Domine
3128 4167 3234 4248 mi,

493 4254 544 4317 si
592 4254 785 4319 cicius
837 4256 1040 4320 vestre
1080 4255 1532 4337 magnificencie
1580 4274 1699 4322 non
1747 4257 2137 4338 scripseram,
2186 4258 2258 4320 ut
2302 4252 2690 4330 affectabam,
2738 4253 3083 4337 dignemini
3134 4274 3236 4320 me

494 4361 602 4424 per
646 4342 874 4406 dictam
922 4343 1264 4424 passionem
1314 4362 1517 4408 meam
1566 4343 1890 4427 legiptime
1937 4361 2250 4407 excusare.
2301 4342 2609 4406 Martinus
2655 4344 2864 4407 autem
2908 4341 3068 4406 lator
3099 4362 3235 4423 pre·

491 4430 766 4494 sencium
809 4430 1035 4496 habere
1077 4430 1262 4496 debet
1320 4430 1573 4496 ducatos
1620 4430 1906 4513 quinque,
1977 4432 2051 4494 de
2095 4430 2318 4512 quibus
2365 4428 2487 4493 sibi
2536 4428 2676 4494 dedi
2737 4429 2996 4494 ducatos
3062 4431 3232 4509 duce,

489 4521 553 4581 et
599 4518 913 4581 residuum
964 4518 1190 4583 habere
1235 4519 1420 4585 debet
1467 4518 1749 4584 Veneciis
1796 4536 1835 4581 a
1884 4520 2087 4583 vestro
2129 4517 2466 4594 communi,
2517 4518 2677 4598 quod
2723 4517 3023 4599 digemini
3059 4537 3234 4582 man-

491 4606 651 4680 dare,
700 4604 862 4687 quod
907 4605 1025 4670 sibi
1072 4606 1272 4671 detur.
1322 4606 1501 4671 Nunc
1546 4609 1611 4671 et
1653 4624 1900 4687 semper
1944 4605 2154 4687 gracie
2217 4607 2420 4668 vestre
2486 4621 2585 4668 me
2647 4604 3029 4669 commendo.
3091 4605 3232 4671 Ser-

488 4691 668 4756 vulus
702 4695 904 4757 vester
951 4695 1017 4757 et
1064 4693 1343 4759 notarius
1375 4693 1850 4759 Bartholomeus
1896 4692 2134 4757 Urssio.
2181 4691 2348 4756 Data
2394 4691 2567 4756 Bude
2615 4690 2714 4757 die
2747 4690 2992 4756 XXVII
3025 4690 3232 4755 febru-

490 4779 605 4843 arii
651 4780 726 4845 de
774 4799 929 4845 ser0.
993 4780 1076 4856 (A
1121 4783 1327 4866 tergo)
1377 4779 1781 4846 Serenissimo
1829 4781 1893 4845 et
1938 4776 2467 4845 excellentissimo
2507 4778 2755 4844 domino
2819 4793 2929 4841 suo
2985 4777 3233 4841 domino
