3620 5282
2970 305 3103 373 303

617 477 1266 562 ccccxxxll.
1320 478 1526 563 Geel.
1582 480 1808 564 1393.
1864 480 1914 563 3
1967 477 2314 583 siecnja,
2366 501 2427 562 u
2480 480 2870 564 Mleteih.

380 623 741 698 Dozvob‘eno
787 627 1118 700 aqam-hm.
1146 627 1369 699 kralju,
1417 627 1496 684 da
1541 627 1729 699 nJ'esto
1757 623 1960 685 sulcna
1991 644 2032 684 u
2062 626 2399 698 Florencffl
2425 627 2794 700 zyotovljma
2823 626 3100 687 slobodno

1164 715 1414 788 provede
1460 716 1600 774 kroz
1645 715 1872 774 Mletke
1915 733 1958 774 u
2016 713 2307 790 Uyarsku.

594 834 783 900 1392.
832 834 933 900 die
978 836 1166 901 tertio
1212 836 1495 901 ianuarii.
1547 835 1921 901 consiliarii.
1973 835 2207 919 Capta:
2248 836 2408 919 quod
2442 836 2895 919 complaceatur
2940 856 3103 903 sere-

379 922 633 986 nissimo
680 922 929 988 domino
970 925 1111 1008 regi
1160 925 1481 1007 Hungarie
1528 924 1865 989 secundum
1935 924 2329 989 amicabilem
2390 926 2854 1010 requisitionem
2903 944 3103 1000 snam,

374 1012 535 1092 quod
603 1010 735 1076 eius
806 1013 1059 1077 nuntius
1130 1013 1323 1095 possit
1391 1013 1591 1078 facere
1662 1013 1996 1077 transitum
2061 1032 2167 1095 per
2238 1013 2529 1078 Venetias
2603 1025 2745 1082 :adm
2797 1014 3105 1097 aliquibus

374 1099 593 1179 pannis
639 1099 775 1164 lane
825 1102 888 1166 et
934 1101 1111 1165 serici
1159 1102 1415 1180 aureati,
1460 1121 1609 1184 quos
1642 1102 1912 1167 laborari
1946 1099 2096 1165 fecit
2141 1102 2206 1164 in
2254 1101 2877 1178 civitate-Florentio,
2914 1105 3107 1185 ipsos-

372 1205 488 1268 que
534 1188 873 1255 conducere
919 1189 995 1254 ad
1045 1190 1252 1270 partes
1297 1191 1615 1273 Hungarie
1663 1209 1770 1273 per
1819 1190 1956 1253 loca
2004 1192 2215 1254 nostra
2274 1190 2470 1256 libere
2535 1193 2599 1256 et
2657 1194 2787 1256 sine
2847 1190 3109 1274 impedi·
3431 1197 3482 1304 k

370 1278 600 1353 mento,
649 1279 984 1342 constando
1031 1280 1241 1342 tamen
1288 1278 1656 1343 officialibus
1704 1278 1951 1356 nostris,
2000 1277 2162 1360 quod
2211 1277 2308 1343 illi
2369 1280 2557 1364 panni
2626 1280 2754 1344 sint
2817 1278 3108 1361 prelibati

372 1362 607 1429 domini
653 1367 835 1447 regis.

462 1471 643 1533 Misti
691 1473 914 1536 XLII.
965 1476 1068 1544 89,
1116 1494 1159 1535 u
1203 1476 1359 1537 mlct.
1407 1478 1647 1537 arkivu.

563 1660 1245 1746 CCCCXXXIII.
1302 1664 1797 1790 9⁰¹¹·,1393·
1854 1669 1950 1752 2⁴7
2005 1667 2357 1770 sicima,
2411 1689 2462 1749 u
2521 1668 2914 1753 Mletcih.

580 1802 869 1887 Captum,
920 1806 1077 1889 quod
1124 1806 1683 1895 lignumpsiperiae
1732 1811 1953 1875 Istriae
2001 1809 2301 1874 conducat
2346 1813 2645 1875 rectorem
2690 1829 2829 1876 cum
2866 1810 3013 1875 filiis
3046 1815 3109 1875 et

369 1892 634 1972 quatuor
680 1892 933 1958 famulis
1008 1890 1412 1980 Duraohiuffi‚
1471 1900 1760 1965 solvendo
1834 1901 2145 1964 communi
2208 1900 2328 1963 XX
2389 1899 2649 1964 ducatos
2720 1901 2874 1975 auri,
2946 1899 3106 1983 quod

367 1982 584 2061 postea
632 2000 812 2063 super
858 1982 1024 2048 dicto
1073 1960 1283 2073 lignff
1289 1989 1481 2054 levari
1529 1991 1593 2053 et
1638 1988 1891 2053 conduci
1937 1988 2203 2052 debeant
2249 1988 2546 2052 Venecias
2591 1989 2935 2069 provisores
2982 2008 3099 2052 exi-

367 2070 603 2132 stentes
651 2068 714 2132 in
762 2070 1036 2136 Durachi
1082 2069 1105 2157 3
1162 2077 1322 2160 quod
1373 2078 1682 2141 militibus
1752 2077 1929 2141 ituris
1999 2076 2732 2158 Durrachium-augeatur
2779 2076 3101 2155 salarium,

366 2157 529 2238 quod
576 2158 908 2222 mittantur
1027 2166 1346 2231 urachium
1396 2185 1492 2230 res
1556 2166 1940 2230 necessariae
2000 2165 2076 2228 ad
2139 2166 2614 2229 construendam
2680 2164 2928 2229 domum
2994 2183 3102 2247 pro

366 2248 625 2322 rectore,
666 2247 826 2329 quod
918 2255 1190 2318 cribatur
1236 2249 1556 2336 capitaneo
1604 2253 1898 2336 Corphoy,
1951 2255 2020 2316 ut
2067 2253 2392 2316 subveniat
2423 2253 2497 2315 de
2531 2258 2806 2333 tempore
2837 2253 2900 2317 in
2932 2255 3095 2319 tem-

344 2347 478 2411 ‘pus
527 2333 796 2400 Durachi
890 2342 966 2406 de
1013 2343 1163 2421 sale,
1213 2343 1372 2425 quod
1418 2361 1526 2427 pro
1571 2342 1882 2406 Durachio
1930 2340 2198 2424 eligatur
2245 2360 2403 2405 unus
2450 2342 2780 2405 amiraleus
2811 2360 2952 2405 cum
2999 2361 3099 2406 sa-

366 2418 521 2485 lario
568 2422 750 2487 ducat
806 2451 943 2495 rum
992 2431 1080 2494 50
1125 2433 1259 2495 auri
1306 2434 1369 2495 in
1417 2449 1591 2510 ann0‚
1642 2437 1704 2494 et
1749 2429 1910 2512 quod
1958 2430 2249 2493 mittatur
2287 2429 2377 2492 ibi
2440 2448 2632 2493 unum
2691 2430 2931 2513 lignum
2975 2427 3101 2493 ful-

364 2509 559 2574 citum
608 2530 678 2592 pr
778 2521 1240 2584 conservatione
1285 2520 1488 2584 dictae
1538 2524 1762 2583 terrae.

458 2618 613 2679 Misi
700 2628 918 2690 XLII.
972 2630 1074 2709 93,
1121 2648 1164 2689 u
1208 2629 1364 2689 mlet.
1413 2629 1650 2688 arkivu.

575 2819 1234 2903 CCCCXXXIV.
1293 2818 1495 2902 God.
1551 2817 1775 2902 1393.
1832 2819 1938 2901 20
1991 2816 2352 2921 veljafic,
2409 2840 2470 2900 u
2533 2818 2931 2917 Mletcih.

596 2959 905 3025 Scribitur
936 2961 1179 3025 domino
1228 2960 1425 3024 Paulo
1466 2960 1539 3024 de
1590 2958 1805 3025 Canali
1853 2959 2188 3024 castellano
2249 2960 2561 3034 Durachii‚
2631 2961 2789 3043 quod
2852 2960 2928 3024 de
2977 2978 3117 3025 cae-

483 3069 513 3114 ο
563 3050 786 3115 debeat
827 3069 959 3113 esse
1008 3049 1068 3112 in
1116 3049 1402 3113 omnibus
1450 3049 1525 3111 ad
1574 3067 1822 3113 omnem
1870 3049 2279 3113 obedientiam
2345 3048 2580 3112 domini
2647 3048 2966 3113 Francisci
3006 3047 3117 3114 Gi-

426 3140 555 3222 rgio
603 3139 749 3202 ituri
793 3139 868 3202 de
919 3138 1086 3201 brevi
1133 3151 1428 3219 tanquam
1481 3137 1727 3200 baiulus
1774 3139 2242 3219 etscapitaneus
2292 3137 2409 3200 loci
2467 3136 2752 3217 predicti,
2802 3143 2866 3201 et
2914 3139 3118 3220 ipsum

414 3226 679 3291 nformet
723 3227 792 3290 de
835 3226 1323 3309 quibuscumque
1372 3225 1826 3306 provisionibus
1875 3225 2191 3307 hucusque
2231 3224 2431 3300 factis,
2486 3229 2550 3288 et
2579 3227 2794 3307 postea
2827 3225 3124 3290 Venetias

346 3316 613 3411 gredeat.
709 3314 1064 3380 Provisores
1111 3315 1298 3378 etiam
1344 3314 1678 3378 existentes
1740 3314 1804 3378 in
1868 3313 2177 3378 Durachio
2243 3313 2576 3377 informent
2643 3313 2929 3378 eumdem
2992 3332 3125 3377 rec-

374 3408 591 3467 2torem
640 3403 712 3467 de
760 3403 1069 3477 omnibus,
1118 3421 1273 3484 quae
1318 3402 1580 3466 fecerint
1624 3404 1689 3466 et
1733 3419 1887 3484 quae
1935 3399 2161 3466 debere
2208 3402 2341 3465 fieri
2390 3403 2669 3466 credunt.

479 3513 660 3572 Misce·
709 3512 927 3572 XLII.
979 3514 1080 3580 97,
1126 3528 1168 3571 u
1213 3512 1369 3571 mlet.
1418 3512 1652 3572 arkivu.

610 3699 1226 3785 CCCCXXXV.
1282 3701 1485 3785 God.
1541 3700 1765 3785 1393.
1823 3702 1918 3786 15
1972 3702 2346 3804 travnja‚
2405 3724 2465 3783 u
2518 3700 2913 3784 Mletcih.

232 3808 298 3983 ς
577 3848 936 3921 Dozvozjmo
985 3847 1364 3921 poslanikom
1424 3848 1651 3922 masa,
1720 3848 1798 3906 aa
1852 3848 1954 3921 jih
2014 3848 2210 3907 izvede
2273 3848 2412 3906 kae·
2472 3847 2724 3906 arsami
2794 3845 2955 3905 broa.

619 3969 809 4034 1393.
862 3968 1094 4034 mensis
1143 3967 1356 4050 aprilis
1395 3969 1493 4034 die
1539 3969 1674 4049 XV,
1741 3968 2075 4033 indictione
2123 3969 2346 4051 prima.
2438 3966 2762 4049 Sapientes
2829 3966 3133 4032 ordinum.

408 4056 640 4140 Capta:
690 4057 853 4141 quod
897 4077 1006 4140 pro
1054 4058 1283 4122 honore
1330 4062 1392 4120 et
1436 4057 1605 4121 fama
1666 4058 1863 4122 nostri
1926 4056 2182 4122 dominii
2247 4057 2582 4131 ordinetur,
2631 4056 2787 4137 quod
2843 4054 3135 4119 ambaxa-

408 4150 568 4211 tores
610 4145 903 4211 Durachii
951 4147 1233 4210 leventur
1279 4164 1463 4228 super
1509 4145 1705 4229 galeis
1750 4146 1981 4210 nostris
2019 4144 2247 4229 culphy
2294 4164 2435 4209 cum
2480 4144 2681 4208 tribus
2714 4144 2843 4207 suis
2875 4142 3130 4208 famulis

414 4236 477 4298 et
522 4234 762 4299 levibus
809 4234 1078 4300 arnexiis
1126 4233 1274 4311 suiS‚
1324 4238 1388 4297 et
1432 4234 1733 4298 ducantur
1797 4234 2172 4299 Durachium
2239 4252 2378 4296 cum
2449 4234 2582 4297 sine
2628 4232 2834 4313 aliquo
2879 4231 3125 4303 nabulo,

415 4323 749 4388 ordinando
794 4323 1118 4406 capitaneo
1168 4327 1377 4387 nostro
1423 4322 1670 4406 culphy‚
1720 4322 1878 4404 quod
1928 4322 2150 4386 debeat
2197 4320 2486 4402 predictis
2534 4319 3032 4384 ambaxatoribus
3067 4321 3131 4384 et

419 4412 669 4475 famulis
714 4411 914 4477 facere
961 4430 1250 4494 expensas
1298 4411 1441 4490 oris,
1493 4411 1773 4476 habendo
1840 4428 1947 4494 pro
2010 4409 2302 4493 predictis
2365 4409 2605 4491 singulo
2668 4408 2764 4471 die
2812 4426 2849 4472 a
2921 4410 3129 4472 nostro

417 4500 732 4564 communi
774 4518 1020 4583 grossos
1067 4498 1552 4583 quatuordecim.

509 4608 687 4668 Misit·
735 4605 951 4669 XLII.
1002 4611 1145 4680 105,
1191 4627 1234 4668 u
1278 4609 1434 4668 mlet.
1478 4609 1711 4669 arkivu.
