3620 5282
2870 474 2874 477 Δ
2948 372 3079 439 225

338 558 537 631 terre;
589 558 653 619 et
698 554 962 619 debeant
1006 527 1434 619 ambaxatores
1485 552 1742 635 predicti
1794 554 1884 617 ire
1931 551 2008 616 ad
2057 552 2257 617 dictos
2302 550 2586 615 dominos
2636 568 2777 614 cum
2825 550 2934 614 illa
2978 568 3078 614 co-

340 644 650 722 missione,
702 664 817 725 que
869 642 1175 707 videbitur
1223 642 1328 707 isti
1375 640 1640 706 consilio
1689 660 1797 723 pro
1846 641 2003 705 bono
2051 639 2431 723 agendorum
2484 637 2921 720 predictorum.

453 838 488 901 d
547 750 769 814 Ellecti
818 750 1283 814 ambaxatores:
1333 768 1432 812 ser
1479 747 1784 832 Georgius
1835 747 2195 811 Lauredano
2240 751 2305 810 et
2345 764 2444 810 ser
2475 745 2756 808 Andreas
2804 742 2877 807 de
2925 744 3079 808 Ber-

341 857 450 902 nar
495 856 550 902 o.

425 946 607 1005 Misti
658 945 796 1008 XL.
849 948 906 1015 6,
952 964 994 1004 u
1039 946 1194 1006 mlet.
1244 946 1481 1005 arkivu.

587 1183 1064 1268 CCCXXII.
1124 1184 1327 1267 God.
1383 1185 1611 1269 1385.
1665 1184 1717 1268 5
1774 1184 2252 1282 studenoga
2304 1204 2363 1264 ιι
2416 1182 2812 1264 Mletclh.

550 1344 837 1427 Captum,
907 1346 1066 1427 quod
1138 1364 1236 1409 ser
1304 1342 1673 1408 Franciscus
1743 1342 2036 1408 Cornario
2092 1345 2195 1408 eat
2249 1343 2313 1406 in
2360 1342 2881 1406 ambasciatorem
2928 1359 3071 1405 cum

348 1434 580 1498 litteris
628 1434 1020 1498 credulitatis
1066 1451 1176 1515 pro
1228 1434 1403 1514 parte
1450 1431 1889 1496 dominationis
1937 1431 2013 1495 ad
2061 1432 2366 1514 regimina.
2410 1430 2792 1506 Sclavoniae,
2827 1428 2903 1493 ad
2936 1447 3078 1511 pro-

348 1522 684 1587 curandam
756 1522 1278 1604 recuperationem
1343 1519 1792 1584 mercationum
1840 1521 1904 1583 et
1948 1538 2156 1582 rerum
2204 1518 2526 1599 cujusdam
2574 1518 2842 1581 chochae
2886 1536 3077 1597 nuper

350 1609 752 1693 naufragatae
802 1610 864 1672 in
914 1610 1043 1673 illis
1086 1609 1381 1690 partibuS.
1442 1609 1598 1670 Item
1673 1610 1942 1688 captum,
2015 1606 2170 1689 quod
2243 1606 2579 1688 elligantur
2648 1604 2767 1668 duo
2814 1604 3074 1681 nobileS,

349 1698 451 1781 qui
501 1699 825 1761 teneantur
874 1699 1153 1760 ordinate
1200 1697 1473 1777 accipere
1521 1697 1585 1757 et
1630 1695 1881 1759 mittere
1930 1695 1990 1758 in
2039 1694 2292 1776 scriptis
2355 1694 2760 1758 mercationes
2825 1710 3076 1773 recupe-

348 1788 534 1849 ratas.
588 1786 746 1849 Item
798 1787 1117 1850 ordinat-ur
1179 1784 1525 1866 capitaneis
1585 1788 1987 1856 armatarum,
2058 1782 2221 1864 quod
2269 1781 2534 1845 debeant
2579 1782 2726 1845 dare
2774 1779 3075 1844 auxilium

348 1874 828 1938 mercationibus
874 1876 940 1938 et
986 1873 1147 1952 navi,
1199 1875 1263 1937 et
1308 1891 1405 1937 res
1448 1873 1840 1953 recuperatas
1886 1871 2177 1935 Venetias
2224 1872 2583 1935 conducere.

429 1984 608 2042 Mistz·
659 1982 799 2044 XL.
851 1984 911 2052 8,
957 2000 999 2040 u
1044 1982 1201 2041 mlet.
1249 1981 1483 2039 arkivu.

606 2223 1136 2308 CCCXXIII.
1187 2223 1391 2305 God.
1445 2221 1670 2305 1386.
1722 2221 1833 2305 30
1888 2217 2237 2324 sicema,
2292 2242 2351 2302 ιι
2407 2219 2801 2302 Mletcih.

564 2382 744 2445 1385.
793 2381 1122 2445 indictione
1168 2382 1276 2457 IX,
1326 2380 1426 2445 die
1476 2381 1820 2462 penultimo
1859 2380 2140 2456 ianuarii,
2181 2380 2378 2459 capta.
2413 2377 2778 2443 Conceditur
2825 2378 2899 2444 de
2930 2399 3078 2462 gra-

344 2470 434 2532 tia
484 2470 722 2533 Marino
757 2469 1045 2543 Storlato,
1110 2471 1282 2552 quod,
1326 2469 1490 2533 circa
1549 2468 1844 2532 milliaria
1907 2467 2125 2548 viginti
2174 2467 2313 2541 olei,
2362 2467 2634 2530 caricata
2679 2468 2742 2531 in
2792 2469 3073 2549 partibus

347 2557 603 2638 Ragusii
650 2576 755 2638 per
779 2558 1188 2639 ignorantiam
1222 2559 1316 2621 sui
1354 2557 1605 2621 factoris
1651 2557 1856 2620 forsan
1905 2574 2092 2637 super
2136 2554 2450 2637 navigium
2492 2554 2828 2619 forensium
2865 2559 3080 2621 contra

348 2646 619 2719 ordines,
666 2647 906 2727 possint
953 2646 1158 2710 venire
1207 2646 1498 2711 Venetias
1544 2646 1678 2710 sine
1726 2664 1939 2727 poena.

432 2754 612 2813 Misti
660 2754 798 2815 XL.
852 2755 951 2822 12,
997 2771 1039 2813 u
1084 2755 1241 2814 mlet.
1291 2755 1525 2812 arkivu.

634 2994 1140 3080 CCCXXIV.
1195 2994 1403 3078 God.
1459 2993 1688 3077 1386.
1746 2996 1798 3074 8
1851 2994 2226 3095 trama,
2281 3015 2340 3075 ιι
2399 2993 2786 3075 Mletcih.

343 3142 704 3211 Dozroly'eno
746 3141 927 3200 udovi
966 3141 1154 3199 Balse
1198 3140 1451 3199 Βαῑεὶέα
1496 3134 1836 3214 qospodara
1901 3138 2206 3214 Zetskoya,
2248 3139 2328 3196 da
2375 3139 2532 3197 moie
2579 3156 2650 3197 sa
2695 3141 2916 3213 svojom
2955 3141 3080 3199 obi-

1036 3230 1181 3302 telju
1226 3229 1357 3287 doda·
1401 3246 1444 3286 u
1487 3228 1728 3300 Mletke‚
1774 3229 1799 3284 i
1846 3231 1912 3286 tu
1956 3244 2018 3285 se
2062 3227 2380 3288 nastanitc’.

565 3349 750 3414 1386.
799 3348 898 3412 die
946 3350 1097 3413 vm
1145 3350 1376 3432 aprilis,
1422 3349 1535 3414 Ser
1578 3351 1804 3414 Tomas
1852 3348 2120 3426 Faletro,
2169 3367 2270 3412 ser
2326 3347 2574 3411 Marcus
2623 3347 2925 3425 Daudulo,
2977 3369 3074 3413 ser

346 3440 618 3504 Jacobus
654 3438 936 3514 Suriano,
972 3438 1278 3520 sapientes
1321 3438 1624 3502 ordinum.
1663 3437 1891 3518 Capta:
1927 3438 2087 3519 quod
2124 3454 2230 3517 pro
2262 3436 2645 3517 expeditione
2693 3438 2876 3501 istius
2909 3437 3079 3501 calo-

350 3527 484 3603 ieri,
553 3526 655 3608 qui
726 3525 897 3590 venit
966 3544 1036 3588 ex
1082 3527 1257 3607 parte
1302 3526 1507 3590 uxoris
1576 3524 1835 3590 condam
1883 3523 2117 3588 domiui
2181 3524 2365 3589 Balse
2410 3525 2481 3588 de
2530 3525 2718 3588 Balsa
2763 3544 2902 3589 cum
2951 3544 3084 3589 am-

354 3615 623 3690 baxiata,
672 3616 735 3677 et
781 3612 1131 3695 specialiter
1175 3616 1251 3677 ad
1300 3614 1473 3677 illam
1520 3616 1782 3693 partem,
1851 3632 1958 3695 per
2004 3632 2188 3695 quam
2238 3610 2349 3675 illa
2398 3614 2647 3675 domina.
2692 3614 2869 3693 petit,
2919 3616 3079 3696 quod

352 3704 600 3785 placeat
650 3703 858 3765 nostro
925 3700 1196 3765 dominio
1268 3703 1616 3777 concedere,
1688 3701 1853 3783 quod
1917 3703 2050 3781 ipsa
2096 3720 2234 3763 cum
2284 3700 2530 3763 filiabus
2578 3700 2706 3763 suis
2753 3702 2816 3762 et
2862 3701 3083 3766 havere

354 3792 547 3872 possit
594 3791 800 3853 venire
848 3790 912 3853 et
957 3793 1123 3852 stare
1174 3808 1278 3871 pro
1339 3789 1723 3853 habitatione
1776 3789 2073 3865 Venetiis,
2137 3787 2197 3851 in
2249 3806 2396 3851 casu
2446 3806 2563 3868 quo
2611 3788 2728 3851 sibi
2777 3788 3079 3866 videatur,

354 3877 835 3960 respondemus:
886 3878 1042 3958 quod
1092 3877 1377 3958 dispositi
1443 3878 1714 3959 predicte
1777 3877 2021 3940 domine
2070 3875 2132 3937 in
2181 3877 2422 3939 cunctis
2472 3874 2866 3955 possibilibus
2914 3893 3082 3939 com-

350 3967 608 4048 placere,
656 3984 871 4029 sumus
920 3965 1195 4029 contenti
1242 3967 1305 4027 et
1351 3966 1555 4047 placet
1604 3962 1800 4042 nobis»,
1850 3964 2005 4046 quod
2053 3963 2189 4044 ipsa
2235 3963 2486 4026 domina
2535 3961 2729 4042 possit
2780 3962 2983 4027 venire
3018 3969 3082 4027 et

350 4060 517 4117 stare
565 4056 629 4116 et
677 4053 874 4116 redire
918 4072 1058 4117 cum
1090 4051 1336 4116 filiabus
1385 4054 1449 4115 et
1495 4050 1738 4115 familia
1786 4071 1900 4115 sua
1947 4053 2011 4114 et
2057 4069 2201 4114 cum
2249 4049 2424 4114 bonis
2466 4052 2527 4114 et
2576 4050 2792 4112 havere
2841 4051 2968 4114 suis
3003 4054 3080 4115 ad

348 4160 526 4205 suum
574 4141 1026 4219 beneplacitum
1076 4143 1140 4204 et
1186 4140 1262 4204 ad
1308 4158 1483 4204 suam
1555 4139 1959 4214 voluntatem,
2008 4139 2170 4219 quod
2219 4139 2418 4219 ipsam
2466 4139 2530 4201 et
2579 4157 2674 4200 res
2723 4157 2869 4201 suas
2918 4142 3079 4203 trac-

348 4228 620 4291 tabimus
667 4228 1081 4293 amicabiliter
1127 4231 1193 4292 et
1240 4228 1519 4309 benigne,
1585 4231 1649 4291 et
1710 4226 1967 4290 habebit
2027 4225 2315 4290 continuo
2377 4226 2668 4288 honorem
2734 4245 2933 4289 suum.
2988 4229 3077 4291 De

347 4316 488 4381 aliis
541 4334 680 4379 vero
726 4317 1017 4397 expositis
1065 4336 1173 4398 per
1221 4318 1457 4380 dictum
1529 4315 1861 4379 coloierum
1932 4314 2246 4377 contentis
2314 4314 2377 4375 in
2446 4313 2666 4375 cedula
2734 4333 2845 4376 sua
2913 4316 3080 4379 dica-

346 4409 466 4480 tur,
515 4404 675 4486 quod
743 4404 1211 4469 informabimus
1272 4404 1659 4484 capitaneum
1723 4404 2004 4465 nostrum
2065 4400 2208 4464 culfi
2252 4399 2316 4463 in
2379 4403 2651 4481 proximo
2698 4420 3081 4467 recessurum

348 4496 420 4556 de
471 4492 764 4567 venetiis,
813 4493 920 4573 qui
952 4493 1089 4570 ibit,
1138 4494 1201 4556 et
1233 4493 1521 4573 loquetur
1551 4510 1692 4554 cum
1736 4489 2015 4572 predicta
2047 4489 2311 4560 domina,
2361 4492 2424 4551 et
2472 4488 2627 4550 sciet
2673 4487 3082 4555 intentionem

348 4599 547 4658 suam,
600 4585 662 4643 et
692 4585 1020 4661 propterea
1068 4579 1506 4660 providebitur,
1542 4580 1704 4642 sicut
1737 4576 2049 4641 videbitur
2071 4575 2285 4639 cedere
2318 4577 2392 4638 ad
2425 4575 2715 4639 honorem
2757 4579 2820 4641 et
2851 4578 3086 4642 bonum

272 4702 273 4707 κ
348 4686 528 4732 suum
577 4671 641 4730 et
685 4669 988 4730 nostrum.

435 4775 613 4833 Misce·
664 4772 802 4833 XL.
853 4776 959 4854 24,
1008 4792 1048 4833 u
1094 4775 1250 4834 nolet.
1294 4776 1533 4833 arkivu.

441 4890 620 4941 spon.
669 4892 753 4940 w.
2594 4868 2672 4935 15
