3620 5282
470 369 603 437 418

472 547 739 613 debeant
783 547 870 611 ire
916 546 980 610 et
1025 547 1190 611 stare
1230 540 1315 610 'ad
1363 546 1660 610 Brazzam
1710 547 1778 607 et
1824 543 2105 619 Farram,
2152 541 2218 605 et
2246 540 2420 617 illud,
2455 540 2614 622 quod
2659 540 2779 623 ipsi
2811 539 3199 621 ordinabunt,

475 635 1145 785 Sissllggffingonsilium.
1186 723 1637 784 Luna-Zaneta
1681 722 1782 780 list
1830 724 1887 791 ¹7,
1933 738 1977 779 u
2023 720 2240 779 arkivu
2287 718 2644 779 mletackom.

868 951 1037 1032 LV.
1110 950 1316 1033 God.
1372 948 1593 1032 1282.
1650 948 1747 1030 19
1802 946 2259 1049 listopada,
2314 969 2374 1028 u
2429 945 2820 1028 Mletcih.

485 1075 858 1151 Opredieljen
901 1078 1026 1146 rok,
1072 1094 1114 1134 u
1160 1077 1292 1135 kom
1335 1092 1410 1135 su
1454 1076 1669 1134 morali
1735 1074 1978 1132 knezovi
2039 1074 2205 1131 krcki
2268 1075 2474 1130 stavili
2521 1089 2560 1129 u
2604 1071 2826 1144 poklad
2869 1089 2911 1130 u
2956 1070 3205 1130 Mletcih

582 1165 741 1225 deset
777 1164 969 1223 tisuo‘a
1013 1164 1226 1234 libam,
1270 1164 1342 1222 ili
1387 1179 1463 1224 za
1508 1167 1574 1221 tu
1618 1162 1919 1222 vriednost
1970 1177 2014 1219 u
2060 1160 2309 1219 Mletcih
2357 1160 2626 1218 nabavita·
2664 1159 3114 1232 nepokretnina.

690 1309 808 1373 Die
853 1308 1096 1373 decima
1143 1327 1301 1374 nona
1347 1309 1714 1373 novembris,
1775 1306 1932 1372 Cum
1980 1307 2237 1371 comites
2285 1305 2478 1388 Vegle
2548 1324 2668 1370 non
2736 1307 3050 1387 posuerint
3095 1325 3204 1370 seu

487 1416 606 1462 non
655 1397 919 1462 emerint
963 1396 1260 1461 hactenus
1308 1397 1727 1478 possessiones
1774 1394 1986 1460 decem
2022 1393 2287 1458 millium
2320 1394 2641 1470 librarum,
2691 1394 2894 1457 silicet
2927 1394 3205 1477 quinque

484 1483 754 1549 millium
800 1484 1097 1549 librarum
1134 1502 1241 1566 pro
1287 1485 1481 1567 parte,
1529 1483 1865 1548 secundum
1915 1482 2178 1546 formam
2231 1482 2649 1545 conventionis
2698 1482 3029 1545 comitatus
3076 1480 3199 1545 Ve-

483 1572 812 1656 glensium,
862 1571 1090 1636 eisdem
1140 1572 1472 1637 comitibus
1516 1571 1696 1647 facte,
1746 1570 1927 1652 capta
1989 1569 2110 1634 fuit
2170 1587 2356 1652 pars·
2421 1571 2580 1651 quod
2642 1572 3033 1653 prorrogetur
3076 1570 3199 1632 ter·

485 1659 689 1724 minus
734 1677 872 1723 cum
921 1661 1286 1724 auctoritate
1334 1659 1582 1723 maioris
1633 1657 1872 1723 consilii
1919 1659 2061 1723 dare
2107 1656 2438 1721 comitibus
2481 1656 2556 1720 de
2602 1656 2754 1737 ipsis
2796 1656 3009 1722 decem
3058 1654 3200 1719 mil-

484 1747 649 1811 libus
697 1746 875 1810 libris
943 1747 1238 1828 ponendis
1299 1747 1363 1810 in
1425 1745 1915 1828 possessionibus
1977 1745 2251 1809 emendis
2313 1763 2506 1827 usque
2567 1743 2645 1807 ad
2708 1743 2936 1809 festum
2988 1744 3189 1807 sancti

484 1834 656 1898 Petri
702 1835 873 1916 prius
916 1835 1157 1899 venturi
1206 1835 1320 1899 sub
1366 1833 1486 1898 hiis
1532 1832 2043 1909 condictionibuS,
2096 1832 2380 1896 videlicet
2426 1831 2581 1914 quod
2617 1830 2768 1895 dicti
2813 1833 3068 1897 comites
3101 1835 3196 1894 te-

485 1924 744 1986 neantur
790 1925 854 1985 et
898 1922 1162 1985 debeant
1208 1921 1435 1985 habere
1481 1923 1719 2002 emptas
1764 1920 1966 1984 dictas
2010 1920 2457 2001 possessioneS,
2523 1919 2799 1983 valentes
2846 1919 3044 1984 dictas
3091 1918 3199 1982 de-

488 2009 622 2074 cem
668 2008 868 2073 millia
913 2009 1107 2073 libras
1150 2028 1339 2090 usque
1399 2008 1475 2071 ad
1537 2008 1775 2072 dictum
1823 2007 2048 2071 festum
2121 2009 2319 2071 sancti
2366 2006 2535 2070 Petri
2586 2007 2663 2070 ad
2725 2025 2905 2071 usum
2955 2025 3184 2070 novum

488 2095 586 2160 vel
634 2114 852 2177 ponere
898 2115 1004 2160 seu
1050 2097 1192 2177 poni
1240 2096 1439 2160 facere
1486 2095 1549 2158 in
1600 2095 1952 2176 procuraria
1997 2094 2192 2158 sancti
2240 2093 2435 2158 Marci
2483 2094 2730 2176 pignuS,
2781 2094 2939 2176 quod
2993 2094 3217 2159 valeat

491 2183 688 2247 dictas
734 2183 942 2247 decem
989 2182 1193 2247 millia
1239 2183 1449 2260 libraS,
1499 2183 1600 2247 vel
1645 2182 1810 2265 ipsas
1859 2183 2068 2246 decem
2097 2181 2292 2245 millia
2342 2183 2531 2246 libras
2580 2182 2639 2246 in
2690 2182 2963 2263 pecuniis
3011 2198 3205 2262 usque

492 2272 568 2333 ad
611 2270 818 2351 ipsum
862 2269 1091 2333 festum
1140 2272 1337 2335 sancti
1385 2271 1553 2334 Petri
1618 2288 1728 2351 pro
1775 2269 1962 2333 dictis
2024 2269 2514 2350 possessionibus
2563 2270 2837 2333 emendis
2897 2269 2975 2332 ad
3024 2286 3205 2330 usum

489 2375 738 2435 novum,
788 2356 839 2421 si
872 2360 1114 2440 emptas
1166 2375 1282 2420 non
1328 2357 1660 2422 habuerint
1704 2376 1806 2421 eas
1855 2356 1934 2419 ad
1982 2357 2216 2421 dictum
2260 2376 2440 2420 usum
2486 2375 2703 2419 novum
2755 2356 2832 2419 ad
2880 2356 3213 2419 terminum

492 2463 676 2526 supra
722 2444 994 2523 dictum,
1058 2447 1122 2508 et
1183 2446 1296 2509 hoc
1357 2445 1470 2508 sub
1536 2445 1740 2510 debito
1816 2444 2150 2508 iuramenti
2213 2448 2276 2508 et
2322 2445 2435 2508 sub
2483 2461 2641 2526 pena
2687 2442 2989 2508 librarum
3042 2442 3217 2506 mille

493 2530 949 2608 dennariorum,
989 2550 1192 2614 quam,
1243 2532 1295 2595 si
1342 2550 1460 2596 non
1510 2532 1971 2597 observaverint
2026 2534 2097 2595 ut
2159 2531 2396 2596 dictum
2446 2534 2542 2595 est
2601 2531 2901 2613 superius,
2974 2530 3210 2594 solvere

494 2619 842 2684 teneantur.
890 2618 972 2683 Et
1019 2617 1344 2685 Cattavere
1406 2619 1754 2685 communis
1819 2621 2141 2683 teneantur
2207 2619 2382 2683 illam
2445 2620 2728 2684 excutere
2802 2619 2965 2683 sicut
3030 2618 3217 2682 citius

496 2707 804 2788 poterunt,
853 2706 928 2770 de
972 2725 1092 2790 qua
1117 2726 1235 2772 non
1261 2710 1458 2790 possit
1495 2708 1625 2772 fieri
1660 2706 1943 2773 remissio
1976 2707 2160 2770 dictis
2195 2707 2591 2772 commitibus
2626 2726 2735 2789 per
2782 2707 3030 2783 donum,
3082 2723 3221 2786 gra-

494 2794 668 2871 tiam,
707 2794 1115 2877 provisionem
1151 2796 1248 2860 vel
1295 2796 1489 2860 alium
1537 2795 1805 2864 modum,
1850 2814 1959 2858 nec
2000 2795 2242 2876 possint
2287 2812 2398 2857 nec
2444 2793 2706 2858 debeant
2740 2793 3067 2859 Cattavere
3100 2792 3221 2856 im-

495 2880 714 2963 pediri,
763 2900 880 2963 quo
930 2883 1132 2945 minus
1180 2884 1492 2948 excutiant
1537 2882 1769 2946 dictam
1815 2900 2069 2963 penam;
2121 2893 2184 2946 et
2232 2882 2505 2963 predicta
2552 2883 2845 2959 revocari,
2902 2880 3217 2964 suspendi,

498 2968 784 3051 impediri
834 2988 941 3033 seu
980 2971 1326 3053 prorrogari
1378 2988 1493 3034 non
1544 2970 1799 3052 possint,
1851 2988 1960 3032 nec
2009 2969 2206 3050 possit
2250 2968 2392 3050 poni
2440 2969 2514 3034 ad
2561 2968 2802 3050 aliquod
2866 2968 3214 3042 consilium,

500 3055 620 3119 nisi
667 3075 775 3137 per
824 3057 1146 3120 dominum
1188 3058 1428 3134 ducem,
1480 3057 1744 3139 quinque
1792 3056 2169 3121 consiliarios
2232 3059 2296 3120 et
2341 3056 2601 3138 triginta
2647 3057 2720 3120 de
2785 3055 3216 3137 quadraginta,

505 3143 570 3205 et
618 3140 771 3205 duas
818 3146 1027 3226 partes
1074 3144 1326 3208 maioris
1373 3144 1636 3219 consilii,
1686 3146 1749 3208 et
1795 3144 1908 3208 boc
1955 3143 2221 3208 addatur
2268 3144 2331 3207 in
2377 3144 2704 3227 capitulari
2733 3143 3218 3207 consiliariorum

505 3232 569 3291 et
619 3227 965 3306 Cattavere,
1002 3233 1103 3311 qui
1156 3233 1227 3294 ‹le
1275 3235 1477 3294 cetero
1529 3232 1880 3313 elligentur,
1931 3234 1994 3295 et
2041 3231 2154 3308 illi,
2208 3233 2308 3314 qui
2361 3250 2521 3295 nunc
2577 3234 2723 3295 sunt
2766 3229 3101 3295 consiliarii
3151 3230 3214 3294 et

504 3316 864 3466 Cattzvere,
901 3320 1226 3468 telrlieantur
1273 3319 1392 3381 isto
1439 3319 1713 3382 consilio.
1762 3319 1846 3381 Et
1877 3320 1927 3383 si
1955 3320 2279 3383 consilium
2316 3322 2413 3383 est
2459 3320 2689 3397 contra,
2739 3318 2825 3382 sit
2867 3318 3223 3382 revocatum

502 3419 660 3484 quan
698 3423 802 3467 um
850 3424 910 3467 ιιι
1005 3422 1093 3467 oc.

586 3492 800 3554 Maius
844 3495 1170 3553 consilium.
1216 3494 1664 3554 Luna-Zaneta
1710 3497 1812 3556 list
1845 3498 1945 3566 15,
1992 3515 2035 3555 u
2078 3498 2296 3556 arkivu
2340 3497 2701 3556 mletackom.

923 3700 1139 3783 LVI.
1213 3701 1419 3784 flod.
1477 3702 1699 3785 1283.
1755 3703 1858 3785 28
1911 3700 2261 3803 sicbma,
2314 3725 2374 3784 u
2426 3702 2817 3785 Mletcili.

508 3829 800 3889 Izabrani
846 3829 1012 3887 dobri
1057 3829 1228 3900 ljudi,
1274 3830 1427 3888 nelca
1472 3829 1621 3888 risse
1654 3830 1938 3900 pamicu,
1984 3830 2123 3901 koja
2168 3844 2229 3888 se
2274 3829 2472 3887 vodilo
2515 3830 2714 3902 medju
2758 3829 2985 3889 krdkim
3030 3830 3228 3887 biska-

1416 3934 1550 3989 pom
1594 3918 1618 3973 i
1661 3917 1944 3975 Markom
2001 3916 2296 3976 Dandul0.

718 4053 837 4117 Die
884 4052 1185 4134 vigesima
1230 4056 1448 4117 octava
1490 4053 1798 4135 jannuarii
1862 4058 2043 4135 capta
2088 4053 2209 4117 fuit
2254 4072 2414 4135 pars,
2464 4053 2619 4136 quod
2671 4053 2960 4117 dominus
3011 4052 3130 4116 dux
3165 4054 3230 4116 et

513 4139 854 4205 consiliarii
901 4139 1164 4203 debeant
1209 4140 1463 4221 elligere
1506 4145 1632 4204 tres
1679 4142 1948 4218 iudiceS,
2016 4140 2117 4222 qui
2167 4141 2433 4205 debeant
2492 4141 2703 4205 audire
2752 4142 2817 4204 et
2882 4139 3230 4222 intelligere

510 4230 573 4290 et
620 4226 991 4290 sententiare
1040 4229 1104 4290 et
1150 4226 1429 4291 deffinire
1476 4228 1847 4310 questioneS,
1896 4247 2015 4310 que
2062 4230 2388 4294 vertuntur
2434 4230 2597 4293 inter
2652 4228 3062 4292 venerabilem
3123 4245 3232 4308 pa-

512 4315 669 4376 trem
717 4313 1065 4395 episcopum
1119 4314 1490 4397 veglensem
1539 4317 1603 4378 et
1642 4315 1956 4379 dominum
2005 4315 2288 4379 Marcum
2340 4315 2642 4393 Dandu10,
2699 4315 2802 4398 qui
2849 4314 3079 4379 iudices
3127 4314 3234 4377 de-

514 4399 701 4462 beant
746 4400 970 4465 habere
1020 4419 1231 4465 omnes
1276 4402 1480 4465 curias
1526 4404 1591 4465 et
1635 4402 1995 4474 arbitrium;
2037 4403 2101 4466 et
2142 4402 2274 4479 illi,
2323 4404 2429 4485 qui
2476 4405 2658 4468 erunt
2718 4402 2925 4468 ellecti
2991 4421 3094 4483 per
3139 4401 3234 4464 di-

514 4487 645 4548 ctos
695 4487 1012 4551 dominum
1061 4491 1277 4553 ducem
1316 4492 1380 4552 et
1420 4489 1821 4565 consiliarioS,
1871 4488 2133 4553 debeant
2179 4509 2308 4554 esse
2353 4491 2466 4554 sub
2516 4509 2669 4570 pena
2716 4490 3016 4554 librarum
3053 4488 3235 4571 quin-

516 4572 810 4653 quaginta
846 4593 953 4656 pro
1000 4575 1295 4657 quolibet.
1341 4577 1423 4640 Et
1468 4579 1634 4653 nota,
1684 4577 1844 4658 quod
1894 4595 2001 4658 per
2048 4575 2244 4641 dictos
2291 4577 2605 4643 dominum
2655 4578 3008 4658 episcopum
3043 4579 3107 4640 et
3137 4594 3237 4639 ser

518 4657 801 4724 Marcum
846 4662 1226 4726 concorditer
1272 4663 1480 4727 ellecti
1525 4664 1775 4728 fuerunt
1832 4662 2060 4728 domini
2124 4662 2406 4728 Andreas
2452 4664 2739 4729 Dandulo
2789 4663 2997 4742 Gallo,
3046 4663 3237 4727 Nico-

516 4744 685 4810 laum
732 4746 1015 4811 Dandulo
1060 4749 1256 4812 sancti
1301 4750 1501 4830 Pauli,
1548 4750 1854 4817 Jacobum
1900 4749 2157 4829 Quirino
2205 4750 2407 4816 sancti
2450 4750 2688 4817 Mathei
2725 4751 3032 4817 iuvenem.
