3620 5282
3007 369 3133 437 347

406 545 493 614 eis
536 548 989 613 bucentaurum
1037 549 1101 613 et
1145 550 1293 614 duas
1341 549 1574 633 galeaS,
1623 568 1741 632 que
1786 549 2016 615 debent
2060 566 2164 614 eas
2209 548 2461 612 sociare.
2517 544 2580 611 Si
2631 563 2772 611 vero
2819 546 3127 611 haberent

403 654 561 700 nova
607 636 799 701 maris
839 637 1013 713 talia,
1064 656 1171 719 per
1217 656 1332 719 que
1379 637 1689 702 videretur
1734 638 1812 716 ei,
1861 637 2021 721 quod
2065 638 2196 720 ipse
2228 636 2406 719 galee
2458 636 2623 699 irent
2661 652 2804 698 cum
2849 633 3127 699 evidenti
3243 692 3252 703 ,

404 723 693 806 periculo,
741 722 839 789 vel
879 724 943 788 in
982 723 1309 789 Sclavenia
1355 726 1522 790 esset
1561 725 1689 789 tam
1738 726 1958 790 stricta
2001 743 2158 789 nova
2202 723 2278 788 de
2320 722 2503 786 factis
2551 722 2795 798 nostris,
2843 720 3003 803 quod
3056 723 3131 784 de

403 811 772 877 necessitate
817 812 1130 876 videretur
1173 813 1437 877 retinere
1504 812 1673 894 ipsas
1718 811 1928 896 galeas
1974 812 2280 895 aliquibus
2327 810 2584 887 diebus,
2651 810 2763 873 hoc
2810 811 3136 872 remaneat

403 898 466 963 in
512 917 627 963 sua
673 899 1060 977 discretione,
1109 899 1324 964 habita
1373 900 1673 964 colatione
1715 919 1857 965 cum
1906 898 2323 982 provisoribus
2367 900 2431 962 et
2476 896 2799 979 capitaneo
2843 895 3125 978 ipsarum

404 986 723 1068 galearum
770 986 1145 1069 providendi,
1195 988 1354 1051 sicut
1399 987 1614 1051 honori
1661 992 1870 1053 nostro
1896 988 1951 1052 ei
1980 986 2290 1052 videbitur
2336 985 2510 1063 utile,
2559 984 2839 1050 habendo
2885 1001 3135 1064 semper

401 1075 753 1157 respectum
798 1073 874 1138 ad
919 1073 1189 1139 dandum
1237 1073 1327 1137 eis
1373 1074 1842 1157 expeditionem,
1905 1075 1997 1141 ita
2044 1074 2206 1157 quod
2271 1072 2590 1155 pressequi
2651 1071 2895 1154 possint
2941 1088 3132 1134 suum

405 1161 683 1244 viagium
729 1180 916 1244 quam
962 1160 1155 1227 cicius
1201 1180 1344 1226 cum
1394 1163 1723 1227 securitate
1770 1163 2085 1246 poterunt,
2139 1160 2530 1229 rescribendo
2565 1159 2741 1224 nobis
2789 1176 2962 1237 nova,
3010 1175 3135 1239 que

402 1248 716 1326 habuerit,
764 1250 830 1313 et
874 1248 1167 1332 quicquid
1214 1249 1451 1314 fecerit.

489 1339 670 1398 Misti
705 1338 1016 1398 XXVIII
1059 1342 1159 1410 10,
1204 1358 1248 1399 u
1290 1340 1631 1400 mletackom
1677 1341 1910 1400 arkivu.

403 1526 711 1609 DXlX.
765 1525 972 1610 God.
1004 1527 1222 1612 1357.
1253 1528 1361 1612 30
1403 1550 1604 1630 erp„
1656 1552 1717 1611 u
1744 1528 2076 1610 Novom
2114 1528 2429 1610 Miestu
2474 1526 2651 1608 kod
2680 1526 3139 1626 Avinjona.

425 1651 631 1712 Uelied
672 1653 838 1713 tuibe
880 1657 1061 1727 opatu
1104 1656 1441 1714 mana-stira
1485 1672 1567 1714 ευ.
1600 1655 1829 1714 Kuzme
1875 1656 1898 1714 i
1944 1654 2253 1712 Damiana
2285 1652 2401 1712 leod
2433 1650 2638 1710 Zadra
2669 1669 2842 1725 papa
2887 1653 3135 1712 Inoccnt

676 1742 897 1813 poziva
940 1739 1258 1812 Mletcane,
1305 1742 1384 1801 da
1427 1742 1604 1802 §leode
1648 1744 1865 1802 istomu
1911 1746 2094 1815 opatu
2139 1740 2426 1813 ucivv'ene,
2471 1739 2844 1800 nadoknade.

614 1859 852 1924 Peticio
899 1862 1180 1942 porrecta
1224 1878 1332 1942 per
1391 1861 1650 1927 fratrem
1696 1861 2062 1945 Gregorium
2129 1860 2418 1926 abbatem
2474 1858 2836 1924 monasterii
2883 1860 3127 1924 sancto-

403 1965 542 2011 rnm
590 1944 812 2011 Cosme
860 1950 924 2012 et
971 1947 1275 2027 Damiani,
1325 1947 1648 2014 Jadrensis
1672 1949 1951 2027 diocesis,
2008 1948 2255 2025 domino
2280 1965 2523 2012 summo
2569 1946 2866 2031 pontifici.
2916 1944 3126 2028 Signi-

402 2033 547 2098 ficat
594 2034 882 2099 santitati
929 2038 1131 2099 vestre
1192 2035 1449 2101 humilis
1515 2039 1719 2101 orator
1778 2040 1982 2101 vester
2044 2036 2239 2100 frater
2284 2034 2620 2119 Gregorius
2673 2032 2867 2099 abbas
2914 2052 3126 2098 mona-

401 2120 577 2186 sterii
622 2125 974 2187 sanctorum
999 2122 1223 2189 Cosme
1269 2125 1333 2188 et
1380 2124 1688 2204 Damiani,
1734 2123 2054 2189 Jadrensis
2080 2124 2357 2201 diocesis,
2407 2123 2638 2188 ordinis
2679 2121 2880 2187 sancti
2927 2122 3122 2186 Bene-

401 2209 571 2287 dicti,
620 2209 779 2292 quod
825 2228 899 2273 ex
946 2229 1065 2292 quo
1106 2210 1328 2276 habuit
1364 2210 1601 2276 dictum
1629 2212 2088 2291 monasterium,
2138 2212 2298 2294 quod
2321 2210 2543 2275 habuit
2587 2229 2624 2277 a
2667 2209 2868 2275 felicis
2916 2227 3128 2273 recon-

403 2296 671 2361 dationis
714 2296 960 2362 domino
992 2297 1312 2362 Clemente
1348 2316 1509 2382 papa
1530 2300 1618 2365 VI
1642 2299 2070 2382 predecessore
2102 2302 2326 2377 vestro,
2357 2298 2700 2363 dominium
2725 2298 3127 2374 Venetorum,

405 2383 511 2467 qui
559 2387 1007 2449 consueverunt
1052 2385 1146 2449 illi
1190 2387 1386 2468 patrie
1411 2386 1735 2463 dominari,
1784 2406 1856 2451 ex
1905 2388 2087 2470 culpa
2123 2388 2428 2451 malorum
2457 2385 2821 2451 officialium
2847 2384 3125 2450 eiusdem

399 2473 887 2549 communitatis,
936 2491 1250 2555 nunquam
1297 2473 1526 2539 habere
1572 2475 1773 2555 potuit
1815 2474 2052 2540 dictum
2101 2474 2551 2539 monasterium
2612 2491 2792 2538 suum
2841 2473 2906 2537 in
2959 2488 3127 2554 pace,

400 2558 508 2623 sed
554 2560 746 2623 etiam
796 2559 952 2624 bona
997 2560 1062 2624 et
1106 2561 1242 2624 iura
1289 2561 1367 2625 ad
1414 2561 1620 2645 ipsum
1667 2562 2064 2646 pestinentia,
2110 2580 2253 2647 ymo
2313 2580 2556 2645 semper
2617 2562 2831 2625 contra
2890 2577 3136 2625 omnem

402 2646 720 2712 iusticiam
764 2649 948 2730 atque
995 2648 1449 2714 humanitatem
1496 2649 1616 2714 fuit
1661 2651 1792 2732 ipse
1858 2651 2053 2715 abbas
2110 2651 2189 2715 ab
2252 2649 2627 2716 officialibus
2689 2649 2765 2714 de
2812 2648 2942 2713 illis
2987 2665 3131 2731 par-

404 2735 571 2799 tibus
619 2734 781 2799 dicte
826 2735 1294 2802 communitatis
1341 2737 1607 2819 pessime
1652 2741 2106 2820 pertractatus;
2169 2736 2245 2802 de
2300 2739 2576 2819 ipsorum
2620 2735 2984 2801 officialium
3029 2753 3130 2798 ex-

400 2840 613 2904 presso
659 2823 950 2887 mandato
996 2824 1251 2889 ecclesia
1298 2824 1449 2889 dicti
1497 2825 1858 2889 monasterii
1907 2844 2044 2890 cnm
2090 2824 2377 2889 omnibus
2424 2824 2708 2888 domibus
2740 2826 2804 2888 et
2831 2821 3135 2887 hedificiis

402 2908 532 2973 suis
579 2909 855 2975 funditus
902 2912 1196 2976 subversa
1254 2912 1375 2976 fuit
1437 2915 1503 2977 et
1565 2914 1665 2976 est
1708 2912 1910 2991 hodie,
1979 2914 2111 2977 iura
2165 2913 2230 2975 et
2288 2911 2615 2995 privilegia
2676 2912 2931 2993 antiqua
2978 2908 3128 2974 dicti

401 2997 754 3061 monasterii
803 2996 1051 3075 offensa,
1101 3017 1419 3063 romanam
1469 3000 1792 3065 ecclesiam
1839 3018 1953 3064 non
2003 2998 2358 3064 verentibus
2391 3048 2406 3077 ,
2454 3000 2533 3064 ab
2579 2998 2893 3081 aliquibus
2940 2998 3133 3080 privi-

399 3082 580 3166 legiis
627 3084 749 3167 ipsi
796 3085 1173 3164 monasterio
1233 3085 1494 3152 indultis
1556 3106 1667 3170 per
1726 3087 1927 3152 felicis
1991 3086 2432 3152 recordationis
2480 3086 2797 3152 dominum
2849 3084 3137 3150 Clemen-

403 3174 531 3234 tem
577 3171 669 3235 III
715 3171 1210 3254 predecessorem
1262 3175 1558 3253 vestrum,
1607 3175 1774 3239 bulle
1800 3175 2088 3258 plumbee
2118 3173 2370 3239 fuerunt
2392 3173 2613 3253 levate,
2662 3175 2726 3237 et
2774 3175 2836 3238 in
2884 3175 3134 3238 tantum
3181 3219 3184 3222 -

402 3258 525 3322 fuit
566 3258 768 3323 dictus
814 3259 1010 3324 abbas
1057 3259 1340 3338 offensus,
1391 3262 1551 3344 quod
1598 3263 1954 3344 compulsus
1999 3261 2122 3327 fuit
2165 3261 2394 3327 habere
2457 3280 2773 3327 recursum
2824 3263 2902 3326 ad
2944 3261 3135 3344 pedes

404 3346 757 3410 sanctitatis
797 3348 1021 3427 vestre,
1071 3349 1173 3429 qui
1220 3348 1296 3412 de
1341 3367 1496 3413 anno
1541 3349 1819 3432 proxime
1865 3351 2162 3432 preterito
2209 3350 2472 3415 accessit
2516 3351 2594 3414 ad
2635 3351 2908 3414 vestram
2958 3367 3135 3414 sanc-

405 3434 539 3497 tam
583 3434 812 3512 sedem,
860 3436 925 3498 et
970 3433 1241 3517 prefatas
1286 3436 1639 3501 huiusmodi
1686 3437 1942 3501 iniurias
1986 3437 2138 3502 fecit
2182 3455 2389 3503 coram
2429 3438 2594 3503 dicta
2639 3437 2978 3503 sanctitate
3023 3453 3136 3501 ve·

405 3521 538 3584 stra
584 3521 857 3604 proponi.
905 3520 989 3586 Et
1035 3525 1183 3587 tunc
1223 3525 1440 3588 eadem
1503 3526 1800 3589 sanctitas
1865 3527 2072 3590 vestra
2134 3525 2253 3590 sibi
2316 3528 2624 3591 concessit
2685 3524 2931 3590 litteras
2980 3523 3129 3588 diri-

404 3608 636 3690 gendas
681 3610 749 3672 in
794 3609 1065 3674 eiusdem
1112 3609 1359 3675 abbatis
1404 3613 1467 3676 et
1512 3611 1871 3676 monasterii
1918 3613 2188 3677 favorem
2235 3612 2483 3678 domino
2530 3611 2671 3678 duci
2696 3612 3127 3688 Veneciarum,

408 3712 546 3759 cum
594 3696 821 3778 quibus
867 3696 1097 3761 litteris
1141 3698 1217 3761 ad
1262 3698 1547 3762 eumdem
1598 3698 1916 3763 dominum
1965 3701 2181 3764 ducem
2231 3719 2296 3764 se
2341 3700 2702 3778 transtulit,
2747 3718 2867 3764 non
2913 3702 3123 3763 tamen

406 3781 563 3863 quod
611 3783 967 3864 precamina
1009 3786 1072 3848 et
1120 3786 1410 3850 mandata
1454 3789 1661 3850 vestra
1706 3788 1772 3851 et
1816 3786 1982 3852 dicte
2047 3788 2395 3852 senctitatis
2453 3791 2661 3854 vestre
2723 3787 2843 3852 sibi
2889 3785 3133 3868 profue-

405 3869 550 3948 rint,
597 3889 740 3954 ymo
788 3871 1118 3950 obfuerint,
1163 3872 1265 3955 qui
1314 3873 1549 3951 statim,
1598 3875 1753 3956 quod
1802 3875 1965 3938 idem
2013 3873 2135 3939 dux
2184 3876 2420 3940 vestras
2484 3876 2729 3939 litteras
2790 3892 2975 3956 super
3017 3872 3134 3936 hoc

403 3957 522 4021 sibi
570 3957 867 4022 dirrectas
892 3959 1145 4040 recepit,
1193 3960 1258 4024 et
1303 3959 1495 4042 aliqui
1543 3961 1636 4025 sui
1685 3961 1982 4026 officiales
2028 3961 2231 4044 ipsum
2259 3961 2552 4026 abbatem
2594 3960 2659 4024 in
2706 3962 3137 4042 contemptum

406 4044 525 4123 dei,
575 4046 930 4110 sanctitatis
979 4047 1182 4110 vestre
1228 4050 1291 4112 et
1335 4047 1498 4112 sedis
1545 4049 1882 4130 apostolice
1929 4050 2097 4113 duris
2151 4049 2503 4114 carceribus
2551 4048 3017 4130 manciparunt,
3066 4048 3132 4110 et

407 4131 766 4214 aliquandiu
814 4132 1214 4198 detinuerunt
1260 4134 1700 4217 mancipatum,
1750 4154 1824 4200 ac
1868 4135 2057 4201 etiam
2105 4155 2177 4201 eo
2224 4155 2470 4201 reverso
2516 4135 2592 4200 ad
2639 4137 2882 4218 partes,
2943 4132 3137 4200 offici-

405 4217 539 4282 ales
584 4219 873 4301 prelibati
920 4221 982 4284 in
1031 4221 1392 4303 despectum
1438 4223 1794 4288 sanctitatis
1843 4227 2045 4288 vestre
2077 4226 2142 4287 et
2173 4227 2382 4289 sancte
2415 4225 2577 4289 sedis
2613 4223 2949 4306 apostolice
2980 4239 3127 4286 con-

410 4308 725 4389 temptum
771 4306 1051 4372 fecerunt
1100 4308 1295 4373 dirrui
1354 4308 1655 4392 quasdam
1719 4310 1974 4387 domos,
2039 4329 2191 4393 quas
2256 4313 2390 4395 ipse
2451 4312 2644 4376 abbas
2693 4311 2768 4376 de
2821 4328 2976 4376 novo
3023 4327 3135 4392 pro

406 4412 518 4457 sua
563 4396 628 4459 et
673 4413 920 4460 suorum
968 4396 1398 4461 monachorum
1448 4397 1831 4463 habitatione
1879 4398 2106 4462 fecerat
2150 4398 2490 4476 hedificari,
2540 4399 2630 4463 ita
2674 4398 2834 4482 quod
2868 4398 3140 4463 breviter

406 4480 525 4545 sibi
575 4500 693 4546 non
740 4483 1043 4547 remansit
1087 4484 1261 4549 locus
1311 4503 1504 4568 neque
1550 4485 1878 4562 habitatio,
1928 4486 2031 4549 ubi
2079 4486 2277 4569 possit
2343 4489 2531 4569 caput
2578 4486 2896 4552 reclinare.
2970 4484 3138 4564 Qua-

408 4568 686 4632 mobrem
734 4570 963 4634 iterato
1010 4571 1363 4653 compulsus
1411 4573 1507 4636 est
1552 4572 1754 4637 dictus
1800 4572 1995 4636 abbas
2039 4573 2115 4636 ad
2163 4573 2347 4655 pedes
2393 4574 2748 4639 sanctitatis
2779 4576 2985 4640 vestre
3028 4574 3138 4637 ha·

411 4654 555 4721 bere
599 4674 936 4722 recursum.
984 4657 1066 4722 Et
1108 4657 1246 4723 ideo
1292 4658 1603 4741 supplicat
1646 4659 1968 4723 humiliter
2008 4658 2175 4724 idem
2222 4659 2618 4724 sanctitatem
2646 4663 2939 4738 vestram,
2987 4676 3137 4741 qua-

408 4743 591 4808 tenus
636 4745 740 4826 pio
785 4745 849 4809 et
908 4745 1164 4826 paterno
1226 4745 1449 4810 affectu
1512 4747 1629 4810 sibi
1682 4744 2120 4828 compaciendo
2188 4746 2533 4830 dignemini
2592 4747 2738 4812 dare
2800 4746 3026 4813 vestris
3072 4744 3136 4808 in
