3620 5282
3048 395 3136 460 99

672 566 1125 651 CXLVIII.
1197 569 1403 652 God.
1457 570 1687 654 1348.
1742 571 1793 654 8
1851 570 2302 672 kolovoza,
2357 594 2417 654 u
2472 570 2864 655 Mletcih.

419 691 714 753 meldam·
766 695 1071 769 ovlascuju
1134 713 1313 771 svoqa
1374 698 1690 772 biljeinika
1707 742 1721 769 ‚
1768 698 1854 758 da
1876 699 2066 773 primi
2110 698 2186 758 od
2237 698 2566 774 aqam-hro.
2625 698 2826 773 kralja
2875 697 3138 774 poyodbe

503 798 535 841 s
566 784 717 853 m’im
758 784 931 844 altero
966 786 1312 857 utanadene,
1353 790 1407 845 te
1451 787 1476 844 i
1518 787 1788 859 kraljevu
1831 789 2091 863 priseyu,
2136 787 2218 847 da
2261 788 2322 847 de
2364 803 2427 847 se
2458 787 2556 862 jih
2601 791 2796 863 stroyo
2835 787 3047 847 ariaci.

621 885 986 970 Exemplum
1034 886 1378 952 sindicatus
1423 888 1570 954 sacti
1616 907 1724 972 per
1768 888 2096 955 dominum
2157 890 2372 956 ducem
2438 889 2503 954 et
2560 908 2884 955 commune
2931 890 3130 955 Vene-

414 971 649 1039 ciarum
694 973 955 1040 Nicolao
1000 975 1076 1041 de
1122 976 1475 1042 Lambeitis
1519 976 1708 1042 misso
1753 976 1835 1041 ad
1877 976 2201 1043 dominum
2248 996 2460 1062 regem
2504 976 2857 1063 Hungarie,
2904 976 3137 1045 virtute

410 1059 585 1126 cuius
628 1061 970 1129 sindicatus
1015 1062 1180 1129 idem
1227 1062 1548 1130 Nicoletus
1592 1066 1945 1148 apportavit
2005 1066 2250 1131 litteras
2309 1065 2760 1150 suprascriptas
2819 1065 3130 1150 sigillatas

412 1148 621 1232 sigillo
668 1149 902 1216 domini
947 1153 1113 1234 regis
1155 1152 1436 1236 predicti.
1488 1151 1619 1217 Nos
1665 1152 1945 1219 Andreas
1991 1151 2276 1219 Dandulo
2323 1153 2421 1219 dei
2468 1155 2682 1238 gracia
2707 1154 3131 1233 Veneciarum,

408 1234 731 1303 Dalmacie
762 1241 947 1322 atque
993 1238 1284 1306 Chroacie
1330 1240 1468 1320 dux,
1517 1242 1800 1307 dominus
1845 1243 2063 1324 quarte
2109 1243 2304 1324 partis
2351 1245 2414 1307 et
2459 1242 2718 1308 dimidie
2762 1244 2964 1309 tocius
3007 1244 3125 1307 im·

408 1325 565 1407 perii
611 1325 930 1393 Romanie.
977 1327 1277 1394 Noverint
1323 1328 1592 1395 universi
1636 1332 1950 1413 presentes
1974 1330 2216 1395 litteras
2240 1328 2594 1412 inspecturi,
2646 1329 2806 1414 quod
2851 1347 2961 1395 nos
2987 1349 3127 1395 cum

413 1416 764 1480 nostrorum
811 1416 1202 1481 consiliorum
1228 1417 1765 1500 solempnitatibus
1798 1418 2154 1502 opportunis
2183 1418 2620 1482 constituimus
2667 1420 2733 1483 et
2777 1417 3135 1502 specialiter

416 1501 773 1569 ordinamus
817 1504 883 1568 in
927 1506 1206 1573 nostrum
1257 1506 1546 1571 nuncium
1595 1509 1659 1570 et
1705 1505 2013 1570 sindicum
2061 1505 2391 1589 specialem
2423 1506 2746 1589 providum
2793 1506 2994 1571 virum
3020 1505 3134 1570 Ni-

419 1592 689 1656 coletum
733 1591 811 1657 de
852 1591 1220 1667 Lambertis,
1270 1593 1408 1657 aule
1455 1598 1661 1659 nostre
1702 1594 2035 1674 notarium,
2068 1594 2144 1660 ad
2191 1594 2669 1677 comparendum
2716 1612 2919 1660 coram
2966 1612 3132 1660 sere-

412 1676 671 1744 nissimo
717 1680 963 1745 domino
1008 1680 1313 1746 Ludovico
1359 1680 1455 1746 dei
1503 1683 1715 1765 gracia
1744 1680 2084 1766 Hungarie,
2128 1681 2477 1748 Jerusalem
2526 1683 2592 1746 et
2636 1681 2846 1747 Sicilie
2891 1701 3034 1767 rege
3068 1684 3134 1747 et

411 1765 544 1829 eius
589 1765 782 1846 curia,
831 1769 894 1832 et
938 1768 1360 1852 recipiendum
1393 1770 1637 1835 nomine
1683 1772 1895 1834 nostro
1939 1769 2005 1834 et
2044 1769 2240 1837 nostri
2287 1769 2632 1835 communis
2663 1769 2973 1853 quaslibet
3015 1770 3131 1836 sti-

402 1852 783 1936 pulacioneS,
848 1855 1306 1939 promissiones,
1369 1858 1783 1941 obligaciones
1844 1858 2044 1923 factas
2106 1857 2206 1923 vel
2270 1858 2504 1923 fiendas
2562 1857 2741 1922 nobis
2797 1876 2907 1941 pro
2954 1861 3130 1940 parte

401 1940 561 2006 dicti
602 1942 831 2008 domini
881 1945 1047 2028 regis
1092 1946 1157 2010 et
1201 1944 1333 2010 eius
1378 1946 1543 2010 curie
1600 1965 1782 2028 super
1828 1944 2211 2028 quibuslibet
2270 1945 2615 2023 discordiiS,
2663 1945 2938 2029 guerris,
2986 1963 3133 2011 con-

403 2030 727 2096 troversiis
774 2033 838 2097 et
884 2032 1274 2110 differenciis,
1323 2053 1437 2116 que
1486 2034 1786 2099 hactenus
1835 2034 1996 2099 inter
2042 2052 2219 2099 suam
2244 2035 2653 2118 mayestatem
2700 2032 2951 2116 eiusque
2984 2033 3131 2098 sub-

405 2117 570 2183 ditos
620 2138 730 2184 nos
777 2121 842 2185 et
885 2123 1129 2186 nostros
1175 2120 1456 2187 subditos
1502 2124 1566 2187 et
1613 2123 1862 2187 devotos
1905 2122 2266 2188 obedientes
2311 2120 2770 2205 quomodolibet
2822 2140 2994 2186 verse
3036 2120 3125 2186 fo·

402 2209 544 2271 rent
589 2224 698 2272 seu
746 2209 937 2274 etiam
985 2211 1413 2280 verterentur:
1462 2208 1632 2274 etad
1656 2209 2079 2294 recipiendum
2126 2229 2197 2275 ac
2243 2210 2375 2275 fieri
2404 2213 2468 2274 et
2495 2210 2759 2291 prestari
2794 2208 3122 2275 videndum

407 2293 683 2378 quelibet
710 2300 1121 2363 sacramenta
1165 2298 1331 2363 facta
1379 2297 1475 2363 vel
1521 2297 1801 2363 facienda
1833 2317 1940 2381 per
1972 2299 2246 2382 regalem
2279 2297 2705 2364 excellentiam
2749 2295 3128 2363 antedictam

409 2400 517 2447 seu
565 2382 702 2448 eius
748 2386 1041 2451 nuncium
1087 2405 1266 2470 super
1312 2386 1486 2464 inde3
1534 2386 1969 2470 promittentes
2018 2386 2268 2450 firmum
2316 2385 2542 2451 habere
2580 2384 2865 2469 quicquid
2895 2404 3005 2469 per
3033 2385 3128 2451 di-

402 2471 573 2535 ctum
621 2473 905 2538 nostrum
953 2474 1248 2540 nuncium
1297 2473 1530 2540 factum
1578 2473 1768 2541 fuerit
1813 2475 1875 2540 in
1920 2474 2232 2558 predictis.
2282 2474 2516 2540 Datum
2561 2474 2625 2537 in
2671 2475 2882 2538 nostro
2924 2473 3125 2539 ducali

401 2556 638 2641 palacio
680 2558 1013 2627 millesimo
1058 2563 1493 2629 trecentesimo
1537 2562 2008 2649 quadragesimo
2049 2564 2262 2628 octavo
2281 2610 2298 2640 ,
2365 2560 2698 2627 indictione
2745 2561 2978 2647 prima,
3024 2560 3125 2627 die

403 2647 619 2714 octavo
664 2651 895 2717 mensis
939 2652 1209 2735 augusti.

486 2738 823 2813 Paetorum,
872 2742 936 2803 V.
983 2746 1087 2813 91,
1138 2741 1705 2804 Commemorialium
1750 2744 1789 2803 1
1802 2744 1866 2805 V.
1914 2744 2105 2815 124,u
2147 2742 2489 2803 mletackom
2533 2741 2763 2802 arkivu.

772 2929 1142 3015 CXLIX.
1196 2931 1406 3016 God.
1458 2932 1700 3016 1348.
1752 2931 2200 3032 kolovoza‚
2252 2953 2312 3013 u
2370 2931 2760 3014 Mletcih.

392 3054 686 3118 melduni
719 3059 1075 3133 potvrdjm‘u
1105 3060 1383 3134 primitie
1431 3062 1472 3120 5
1531 3060 1809 3121 kolovoaa
1851 3060 1891 3118 i.
1932 3077 1990 3135 9.
2048 3076 2079 3118 s
2122 3059 2447 3134 aqam-hro.
2493 3059 2742 3134 kraljem
2769 3060 3118 3123 manaem.

604 3197 830 3264 Forma
873 3198 1227 3263 litterarum
1276 3197 1566 3263 datarum
1615 3196 1819 3264 eidem
1863 3194 2108 3262 domino
2150 3196 2329 3261 fratri
2370 3195 2603 3261 'rhome
2637 3195 3018 3264 ambaxatori
3051 3201 3117 3266 et

397 3287 777 3368 procuratori
815 3286 1088 3353 eiusdem
1120 3285 1320 3351 incliti
1346 3285 1575 3351 domini
1623 3287 1787 3369 regis
1835 3303 1907 3349 ex
1951 3287 2126 3367 parte
2170 3283 2404 3350 domini
2450 3284 2625 3350 ducis
2670 3288 2735 3350 et
2770 3288 3112 3355 communis

398 3373 825 3440 veneciarum.
874 3374 1153 3440 Andreas
1177 3373 1464 3440 Dandulo
1512 3375 1608 3439 dei
1632 3373 1845 3457 gracia
1868 3371 2294 3450 Veneciarum,
2339 3372 2662 3438 Dalmacie
2708 3375 2896 3458 atque
2920 3373 3112 3441 Chro-

396 3462 524 3527 acie
570 3462 714 3539 dux,
760 3463 1045 3528 dominus
1076 3465 1292 3547 quarte
1323 3461 1520 3546 partis
1552 3464 1615 3527 et
1647 3460 1904 3528 dimidie
1935 3461 2129 3525 totius
2162 3459 2407 3544 imperii
2442 3460 2759 3541 Romania,
2807 3462 3109 3530 universis

403 3550 465 3614 et
503 3550 766 3635 singulis
811 3553 1125 3636 presentes
1185 3551 1251 3616 et
1289 3551 1530 3615 futuros
1593 3550 1707 3615 has
1772 3550 2015 3614 nostras
2074 3551 2356 3632 patentes
2410 3549 2656 3614 litteras
2720 3550 3107 3633 inspecturis.

397 3635 696 3704 Volumus
742 3656 862 3705 non
906 3639 1137 3717 latere,
1186 3637 1346 3720 qnod
1395 3656 1534 3703 cum
1596 3637 1790 3704 hostis
1854 3637 2148 3720 antiquus
2210 3635 2461 3702 humani
2524 3637 2767 3721 generis
2815 3638 3103 3704 inimicus

398 3726 641 3793 assidue
686 3728 917 3794 bonum
962 3727 1134 3811 pacis
1196 3728 1261 3792 et
1319 3725 1546 3791 amoris
1568 3775 1584 3804 ,
1654 3724 1976 3791 concordie
2035 3726 2097 3788 et
2156 3723 2504 3789 dilectionis
2564 3724 2726 3789 inter
2768 3726 3107 3792 humanum

395 3831 588 3896 genus
634 3833 852 3882 vexare
897 3816 1224 3893 connotat,
1268 3815 1331 3880 et
1375 3813 1437 3881 in
1504 3813 1626 3879 hiis
1683 3813 2026 3879 altissimus
2082 3813 2440 3878 cunctorum
2504 3814 2793 3878 bonorum
2841 3813 3103 3879 exibitor

348 3902 352 3905 ⁴
394 3899 667 3969 fidelium
713 3922 963 3969 suorum
1009 3902 1253 3968 occulos
1296 3901 1359 3966 in
1405 3901 1606 3968 lucem
1653 3901 1942 3984 dirigenS,
1990 3918 2095 3966 eos
2138 3901 2201 3964 in
2248 3900 2411 3965 viam
2458 3898 2626 3982 pacis
2672 3900 2736 3964 et
2777 3901 3106 3984 tranquili-

399 3991 546 4056 tatis
585 3990 825 4057 inducit
867 3991 1311 4073 confirmatque
1360 3990 1418 4054 in
1464 3989 1863 4056 dilectionem
1911 3991 1975 4054 et
2017 3986 2404 4054 concordiam
2453 3991 2690 4053 mentes
2737 4006 2899 4053 suas.
2943 3988 3102 4056 Sane

395 4094 531 4143 cum
576 4081 719 4162 post
764 4096 1017 4164 guerras
1046 4081 1112 4144 et
1142 4077 1494 4155 discordias,
1543 4077 1687 4143 lites
1733 4077 1797 4143 et
1842 4077 2285 4143 controversias
2331 4075 2561 4140 dudum
2607 4079 2880 4141 versatas
2943 4077 3105 4144 inter

394 4168 850 4233 serenissimum
895 4170 962 4233 et
1004 4165 1590 4232 excellentissimum
1633 4164 1952 4230 dominum
1975 4164 2348 4229 Ludovicum
2395 4164 2491 4228 dei
2536 4163 2738 4246 gratia
2761 4164 3099 4247 Hungarie,

395 4251 739 4321 Jerusalem
786 4258 849 4320 et
896 4255 1124 4333 Sicilie,
1171 4255 1429 4320 ducatus
1475 4253 1753 4337 Appulee
1774 4301 1789 4330 ,
1853 4252 2229 4335 principatus
2290 4250 2497 4335 Capue
2516 4301 2531 4330 ,
2589 4251 2804 4330 Rame,
2868 4249 3097 4334 Servie,

394 4340 641 4422 Galicie,
688 4342 1070 4414 Lodomerie‚
1117 4340 1429 4421 Cumania,
1479 4341 1891 4424 Bulgarieque
1949 4358 2159 4423 regem
2182 4389 2198 4418 ,
2257 4339 2590 4422 principem
2640 4337 3098 4407 Salernitanum

394 4431 457 4495 et
498 4430 743 4498 honoris
788 4431 1017 4497 montis
1063 4428 1526 4513 sanctiAngeli
1572 4428 1888 4495 dominum
1947 4447 2020 4493 ex
2067 4446 2188 4492 una
2232 4427 2443 4510 parte,
2508 4428 2571 4491 et
2616 4430 2890 4492 nostram
2937 4446 3101 4495 sere-

392 4518 649 4586 nitatem
692 4521 1088 4603 nostramque
1134 4517 1643 4584 communitatem
1691 4537 1762 4582 ex
1807 4515 2005 4582 altera
2039 4514 2484 4581 intervenerint
2528 4514 2877 4595 concordie,
2925 4535 3098 4583 com-

388 4607 721 4690 positiones
767 4609 832 4673 et
875 4609 1156 4691 treugue,
1204 4606 1375 4684 inite,
1422 4605 1708 4684 tractate,
1757 4603 1919 4670 facte
1965 4607 2030 4669 et
2069 4603 2313 4667 firmate
2359 4620 2468 4686 per
2491 4603 2836 4684 solempnes
2882 4604 3094 4669 amba·

389 4696 621 4762 xatores
666 4697 732 4762 et
774 4696 1028 4762 nuncios
1074 4693 1345 4760 eiusdem
1393 4691 1768 4759 serenissimi
1821 4690 2056 4757 domini
2092 4689 2258 4773 regis
2303 4707 2373 4755 ac
2418 4709 2526 4772 per
2586 4690 2886 4769 sindicos,
2949 4695 3092 4772 pro-j·
3145 4704 3195 4767 ξ,

387 4785 694 4851 curatores
753 4785 821 4851 et
885 4784 1137 4850 nuncios
1197 4783 1441 4848 nostros
1497 4782 1826 4864 nostreque
1885 4777 2350 4846 communitatis
2411 4776 2684 4860 predicte
2728 4777 2802 4846 in.
2838 4776 3098 4862 civitate,
3117 4785 3154 4861 ᾖ
3175 4772 3282 4855 3‘3'}

2757 4879 2796 4919 2
