<?xml version="1.0" encoding="UTF-8"?>
<!DOCTYPE html PUBLIC "-//W3C//DTD XHTML 1.0 Transitional//EN"
    "http://www.w3.org/TR/xhtml1/DTD/xhtml1-transitional.dtd">
<html xmlns="http://www.w3.org/1999/xhtml" xml:lang="en" lang="en">
 <head>
  <title>
</title>
<meta http-equiv="Content-Type" content="text/html;charset=utf-8" />
  <meta name='ocr-system' content='tesseract 3.04.00' />
  <meta name='ocr-capabilities' content='ocr_page ocr_carea ocr_par ocr_line ocrx_word'/>
</head>
<body>
  <div class='ocr_page' id='page_1' title='image "./monumentaspecta02umjegoog_0408.png"; bbox 0 0 3620 5282; ppageno 0'>
   <div class='ocr_carea' id='block_1_1' title="bbox 467 378 600 445">
    <p class='ocr_par' dir='ltr' id='par_1_1' title="bbox 467 378 600 445">
     <span class='ocr_line' id='line_1_1' title="bbox 467 378 600 445; baseline -0.015 0"><span class='ocrx_word' id='word_1_1' title='bbox 467 378 600 445; x_wconf 81' lang='lat'>356</span> 
     </span>
    </p>
   </div>
   <div class='ocr_carea' id='block_1_2' title="bbox 466 545 3194 2825">
    <p class='ocr_par' dir='ltr' id='par_1_2' title="bbox 467 545 3183 725">
     <span class='ocr_line' id='line_1_2' title="bbox 467 545 3183 633; baseline -0.002 -16"><span class='ocrx_word' id='word_1_2' title='bbox 467 551 672 617; x_wconf 90' lang='lat' dir='ltr'><strong>munis</strong></span> <span class='ocrx_word' id='word_1_3' title='bbox 716 547 958 632; x_wconf 87' lang='lat' dir='ltr'><strong>accepit</strong></span> <span class='ocrx_word' id='word_1_4' title='bbox 1000 549 1066 615; x_wconf 91' lang='lat' dir='ltr'><strong>et</strong></span> <span class='ocrx_word' id='word_1_5' title='bbox 1110 548 1186 614; x_wconf 90' lang='lat' dir='ltr'><strong>de</strong></span> <span class='ocrx_word' id='word_1_6' title='bbox 1230 546 1434 633; x_wconf 90' lang='lat' dir='ltr'><strong>aliquo</strong></span> <span class='ocrx_word' id='word_1_7' title='bbox 1480 548 1790 615; x_wconf 83' lang='lat' dir='ltr'><strong>frumento</strong></span> <span class='ocrx_word' id='word_1_8' title='bbox 1839 546 2204 630; x_wconf 91' lang='lat' dir='ltr'><strong>communis,</strong></span> <span class='ocrx_word' id='word_1_9' title='bbox 2253 546 2502 614; x_wconf 88' lang='lat' dir='ltr'><strong>vendito</strong></span> <span class='ocrx_word' id='word_1_10' title='bbox 2563 545 2755 613; x_wconf 88' lang='lat' dir='ltr'><strong>etiam</strong></span> <span class='ocrx_word' id='word_1_11' title='bbox 2810 545 2923 611; x_wconf 93' lang='lat' dir='ltr'><strong>lib.</strong></span> <span class='ocrx_word' id='word_1_12' title='bbox 2970 545 3183 612; x_wconf 87' lang='lat' dir='ltr'>XXIV</span> 
     </span>
     <span class='ocr_line' id='line_1_3' title="bbox 468 635 1770 725; baseline -0.004 -19"><span class='ocrx_word' id='word_1_13' title='bbox 468 658 637 725; x_wconf 82' lang='lat' dir='ltr'><strong>parv.</strong></span> <span class='ocrx_word' id='word_1_14' title='bbox 686 638 927 721; x_wconf 88' lang='lat' dir='ltr'><strong>accepit</strong></span> <span class='ocrx_word' id='word_1_15' title='bbox 970 635 1047 703; x_wconf 91' lang='lat' dir='ltr'><strong>de</strong></span> <span class='ocrx_word' id='word_1_16' title='bbox 1092 635 1358 702; x_wconf 89' lang='lat' dir='ltr'><strong>denariis</strong></span> <span class='ocrx_word' id='word_1_17' title='bbox 1403 637 1770 702; x_wconf 81' lang='lat' dir='ltr'><strong>communis,</strong></span> 
     </span>
    </p>

    <p class='ocr_par' dir='ltr' id='par_1_3' title="bbox 466 720 3192 1231">
     <span class='ocr_line' id='line_1_4' title="bbox 681 720 3182 809; baseline -0.002 -19"><span class='ocrx_word' id='word_1_18' title='bbox 681 723 879 809; x_wconf 83' lang='lat' dir='ltr'><strong>Super</strong></span> <span class='ocrx_word' id='word_1_19' title='bbox 921 724 1044 789; x_wconf 91' lang='grc'>11113</span> <span class='ocrx_word' id='word_1_20' title='bbox 1089 722 1359 807; x_wconf 87' lang='grc'>9616966</span> <span class='ocrx_word' id='word_1_21' title='bbox 1404 722 1696 806; x_wconf 90' lang='lat' dir='ltr'><strong>capitulis</strong></span> <span class='ocrx_word' id='word_1_22' title='bbox 1756 722 2067 789; x_wconf 78' lang='lat' dir='ltr'>scribatur</span> <span class='ocrx_word' id='word_1_23' title='bbox 2129 721 2412 789; x_wconf 90' lang='lat' dir='ltr'><strong>districte</strong></span> <span class='ocrx_word' id='word_1_24' title='bbox 2471 721 2687 788; x_wconf 90' lang='lat' dir='ltr'><strong>comiti</strong></span> <span class='ocrx_word' id='word_1_25' title='bbox 2730 720 2893 806; x_wconf 86' lang='lat' dir='ltr'><strong>Pagi</strong></span> <span class='ocrx_word' id='word_1_26' title='bbox 2933 722 2999 787; x_wconf 90' lang='lat' dir='ltr'><strong>et</strong></span> <span class='ocrx_word' id='word_1_27' title='bbox 3043 738 3182 787; x_wconf 89' lang='lat' dir='ltr'><strong>suc-</strong></span> 
     </span>
     <span class='ocr_line' id='line_1_5' title="bbox 469 809 3188 894; baseline -0.003 -13"><span class='ocrx_word' id='word_1_28' title='bbox 469 814 814 881; x_wconf 89' lang='lat' dir='ltr'><strong>cessoribus</strong></span> <span class='ocrx_word' id='word_1_29' title='bbox 860 811 1010 891; x_wconf 90' lang='lat' dir='ltr'><strong>suis,</strong></span> <span class='ocrx_word' id='word_1_30' title='bbox 1057 810 1218 894; x_wconf 93' lang='lat' dir='ltr'><strong>quod</strong></span> <span class='ocrx_word' id='word_1_31' title='bbox 1262 812 1511 877; x_wconf 87' lang='lat' dir='ltr'><strong>servant</strong></span> <span class='ocrx_word' id='word_1_32' title='bbox 1555 812 1823 877; x_wconf 85' lang='lat' dir='ltr'><strong>formam</strong></span> <span class='ocrx_word' id='word_1_33' title='bbox 1867 811 2370 877; x_wconf 81' lang='lat' dir='ltr'><strong>commissionum</strong></span> <span class='ocrx_word' id='word_1_34' title='bbox 2397 828 2653 876; x_wconf 90' lang='lat' dir='ltr'><strong>suarum</strong></span> <span class='ocrx_word' id='word_1_35' title='bbox 2696 813 2761 874; x_wconf 91' lang='lat' dir='ltr'><strong>et</strong></span> <span class='ocrx_word' id='word_1_36' title='bbox 2807 809 3188 875; x_wconf 89' lang='lat' dir='ltr'><strong>statutorum</strong></span> 
     </span>
     <span class='ocr_line' id='line_1_6' title="bbox 467 897 3192 981; baseline -0.001 -14"><span class='ocrx_word' id='word_1_37' title='bbox 467 901 707 981; x_wconf 86' lang='lat' dir='ltr'><strong>deinde,</strong></span> <span class='ocrx_word' id='word_1_38' title='bbox 749 900 817 967; x_wconf 90' lang='lat' dir='ltr'><strong>et</strong></span> <span class='ocrx_word' id='word_1_39' title='bbox 858 901 939 967; x_wconf 98' lang='lat' dir='ltr'>ab</span> <span class='ocrx_word' id='word_1_40' title='bbox 983 899 1106 965; x_wconf 96' lang='grc'>11113</span> <span class='ocrx_word' id='word_1_41' title='bbox 1152 900 1218 966; x_wconf 89' lang='grc'>61</span> <span class='ocrx_word' id='word_1_42' title='bbox 1259 897 1402 965; x_wconf 88' lang='grc'>31113</span> <span class='ocrx_word' id='word_1_43' title='bbox 1463 898 1782 965; x_wconf 88' lang='grc'>1161666113</span> <span class='ocrx_word' id='word_1_44' title='bbox 1842 899 1908 964; x_wconf 90' lang='grc'>61</span> <span class='ocrx_word' id='word_1_45' title='bbox 1965 898 2418 964; x_wconf 75' lang='lat' dir='ltr'>extorsionibus</span> <span class='ocrx_word' id='word_1_46' title='bbox 2475 897 2771 964; x_wconf 91' lang='lat' dir='ltr'><strong>indebitis</strong></span> <span class='ocrx_word' id='word_1_47' title='bbox 2813 897 3078 964; x_wconf 90' lang='lat' dir='ltr'><strong>debeant</strong></span> <span class='ocrx_word' id='word_1_48' title='bbox 3123 914 3192 963; x_wconf 92' lang='lat' dir='ltr'><strong>se</strong></span> 
     </span>
     <span class='ocr_line' id='line_1_7' title="bbox 466 984 3187 1074; baseline -0.003 -18"><span class='ocrx_word' id='word_1_49' title='bbox 466 990 713 1074; x_wconf 90' lang='lat' dir='ltr'><strong>penitus</strong></span> <span class='ocrx_word' id='word_1_50' title='bbox 778 988 1087 1054; x_wconf 91' lang='lat' dir='ltr'><strong>abstinere</strong></span> <span class='ocrx_word' id='word_1_51' title='bbox 1106 1035 1122 1066; x_wconf 91' lang='lat'><strong>,</strong></span> <span class='ocrx_word' id='word_1_52' title='bbox 1182 986 1274 1052; x_wconf 92' lang='lat' dir='ltr'>ita</span> <span class='ocrx_word' id='word_1_53' title='bbox 1335 985 1499 1069; x_wconf 90' lang='lat' dir='ltr'><strong>quod</strong></span> <span class='ocrx_word' id='word_1_54' title='bbox 1560 985 1635 1051; x_wconf 90' lang='lat' dir='ltr'><strong>de</strong></span> <span class='ocrx_word' id='word_1_55' title='bbox 1707 986 1831 1052; x_wconf 88' lang='lat' dir='ltr'><strong>hiis</strong></span> <span class='ocrx_word' id='word_1_56' title='bbox 1891 987 2143 1069; x_wconf 90' lang='lat' dir='ltr'><strong>querela</strong></span> <span class='ocrx_word' id='word_1_57' title='bbox 2202 985 2467 1052; x_wconf 92' lang='lat' dir='ltr'><strong>ulterius</strong></span> <span class='ocrx_word' id='word_1_58' title='bbox 2513 1003 2633 1051; x_wconf 92' lang='lat' dir='ltr'>non</span> <span class='ocrx_word' id='word_1_59' title='bbox 2702 984 2913 1052; x_wconf 88' lang='lat' dir='ltr'><strong>veniat</strong></span> <span class='ocrx_word' id='word_1_60' title='bbox 2979 1002 3187 1050; x_wconf 89' lang='lat' dir='ltr'><strong>coram</strong></span> 
     </span>
     <span class='ocr_line' id='line_1_8' title="bbox 467 1070 3187 1161; baseline -0.003 -18"><span class='ocrx_word' id='word_1_61' title='bbox 467 1077 665 1156; x_wconf 90' lang='lat' dir='ltr'><strong>nobis,</strong></span> <span class='ocrx_word' id='word_1_62' title='bbox 712 1075 778 1142; x_wconf 92' lang='lat' dir='ltr'><strong>et</strong></span> <span class='ocrx_word' id='word_1_63' title='bbox 821 1094 943 1141; x_wconf 93' lang='lat' dir='ltr'>non</span> <span class='ocrx_word' id='word_1_64' title='bbox 988 1074 1256 1141; x_wconf 90' lang='lat' dir='ltr'><strong>debeant</strong></span> <span class='ocrx_word' id='word_1_65' title='bbox 1277 1074 1554 1158; x_wconf 79' lang='lat' dir='ltr'><strong>aliquem</strong></span> <span class='ocrx_word' id='word_1_66' title='bbox 1585 1075 1908 1161; x_wconf 79' lang='lat' dir='ltr'><strong>angariare</strong></span> <span class='ocrx_word' id='word_1_67' title='bbox 1941 1074 2171 1158; x_wconf 81' lang='lat' dir='ltr'><strong>absque</strong></span> <span class='ocrx_word' id='word_1_68' title='bbox 2215 1074 2524 1140; x_wconf 90' lang='lat' dir='ltr'><strong>solutione</strong></span> <span class='ocrx_word' id='word_1_69' title='bbox 2570 1071 2870 1139; x_wconf 81' lang='lat' dir='ltr'><strong>mercedis</strong></span> <span class='ocrx_word' id='word_1_70' title='bbox 2915 1072 3032 1138; x_wconf 90' lang='lat' dir='ltr'><strong>sub</strong></span> <span class='ocrx_word' id='word_1_71' title='bbox 3079 1070 3187 1137; x_wconf 91' lang='lat' dir='ltr'><strong>de-</strong></span> 
     </span>
     <span class='ocr_line' id='line_1_9' title="bbox 469 1163 1001 1231; baseline -0.008 0"><span class='ocrx_word' id='word_1_72' title='bbox 469 1165 604 1231; x_wconf 89' lang='lat' dir='ltr'><strong>bito</strong></span> <span class='ocrx_word' id='word_1_73' title='bbox 647 1163 1001 1229; x_wconf 90' lang='lat' dir='ltr'><strong>iuramenti.</strong></span> 
     </span>
    </p>

    <p class='ocr_par' dir='ltr' id='par_1_4' title="bbox 468 1246 3186 1684">
     <span class='ocr_line' id='line_1_10' title="bbox 679 1246 3175 1332; baseline -0.001 -17"><span class='ocrx_word' id='word_1_74' title='bbox 679 1250 826 1316; x_wconf 88' lang='lat' dir='ltr'><strong>XII.</strong></span> <span class='ocrx_word' id='word_1_75' title='bbox 863 1252 1023 1316; x_wconf 90' lang='lat' dir='ltr'><strong>Item</strong></span> <span class='ocrx_word' id='word_1_76' title='bbox 1068 1268 1210 1315; x_wconf 90' lang='lat' dir='ltr'>cum</span> <span class='ocrx_word' id='word_1_77' title='bbox 1250 1248 1397 1317; x_wconf 91' lang='lat' dir='ltr'><strong>ordo</strong></span> <span class='ocrx_word' id='word_1_78' title='bbox 1443 1249 1530 1315; x_wconf 91' lang='lat' dir='ltr'>sit</span> <span class='ocrx_word' id='word_1_79' title='bbox 1571 1248 1848 1315; x_wconf 91' lang='lat' dir='ltr'><strong>custodio</strong></span> <span class='ocrx_word' id='word_1_80' title='bbox 1893 1250 2186 1315; x_wconf 75' lang='lat' dir='ltr'><strong>nocturne</strong></span> <span class='ocrx_word' id='word_1_81' title='bbox 2231 1252 2395 1316; x_wconf 90' lang='lat' dir='ltr'><strong>terre</strong></span> <span class='ocrx_word' id='word_1_82' title='bbox 2441 1249 2627 1315; x_wconf 90' lang='lat' dir='ltr'><strong>datus</strong></span> <span class='ocrx_word' id='word_1_83' title='bbox 2688 1246 2890 1332; x_wconf 88' lang='lat' dir='ltr'><strong>sitque</strong></span> <span class='ocrx_word' id='word_1_84' title='bbox 2934 1246 3175 1313; x_wconf 91' lang='lat' dir='ltr'><strong>dandus</strong></span> 
     </span>
     <span class='ocr_line' id='line_1_11' title="bbox 468 1335 3186 1425; baseline -0.002 -20"><span class='ocrx_word' id='word_1_85' title='bbox 468 1358 578 1425; x_wconf 91' lang='lat' dir='ltr'>per</span> <span class='ocrx_word' id='word_1_86' title='bbox 621 1339 945 1404; x_wconf 91' lang='lat' dir='ltr'><strong>dominum</strong></span> <span class='ocrx_word' id='word_1_87' title='bbox 987 1336 1298 1418; x_wconf 88' lang='lat' dir='ltr'><strong>comitem,</strong></span> <span class='ocrx_word' id='word_1_88' title='bbox 1343 1335 1578 1402; x_wconf 90' lang='lat' dir='ltr'><strong>iudices</strong></span> <span class='ocrx_word' id='word_1_89' title='bbox 1636 1339 1703 1402; x_wconf 90' lang='grc'>61</span> <span class='ocrx_word' id='word_1_90' title='bbox 1746 1336 2092 1417; x_wconf 87' lang='grc'>6663111616,</span> <span class='ocrx_word' id='word_1_91' title='bbox 2141 1341 2205 1403; x_wconf 88' lang='grc'>61</span> <span class='ocrx_word' id='word_1_92' title='bbox 2247 1336 2437 1403; x_wconf 89' lang='grc'>166111</span> <span class='ocrx_word' id='word_1_93' title='bbox 2482 1337 2715 1416; x_wconf 87' lang='grc'>166161,</span> <span class='ocrx_word' id='word_1_94' title='bbox 2778 1335 2886 1419; x_wconf 88' lang='grc'>961</span> <span class='ocrx_word' id='word_1_95' title='bbox 2929 1352 3186 1419; x_wconf 91' lang='lat' dir='ltr'><strong>precep-</strong></span> 
     </span>
     <span class='ocr_line' id='line_1_12' title="bbox 475 1421 3193 1508; baseline -0.003 -14"><span class='ocrx_word' id='word_1_96' title='bbox 475 1432 613 1494; x_wconf 89' lang='lat' dir='ltr'><strong>tum</strong></span> <span class='ocrx_word' id='word_1_97' title='bbox 662 1426 878 1492; x_wconf 89' lang='lat' dir='ltr'><strong>fecerit</strong></span> <span class='ocrx_word' id='word_1_98' title='bbox 923 1424 1302 1504; x_wconf 89' lang='grc'>663161111163,</span> <span class='ocrx_word' id='word_1_99' title='bbox 1349 1423 1512 1507; x_wconf 89' lang='grc'>(16611</span> <span class='ocrx_word' id='word_1_100' title='bbox 1555 1424 1646 1489; x_wconf 90' lang='grc'>116</span> <span class='ocrx_word' id='word_1_101' title='bbox 1690 1425 1854 1491; x_wconf 87' lang='grc'>16133</span> <span class='ocrx_word' id='word_1_102' title='bbox 1912 1425 1987 1490; x_wconf 92' lang='lat' dir='ltr'><strong>de</strong></span> <span class='ocrx_word' id='word_1_103' title='bbox 2032 1425 2198 1508; x_wconf 89' lang='lat' dir='ltr'><strong>logia</strong></span> <span class='ocrx_word' id='word_1_104' title='bbox 2262 1443 2381 1491; x_wconf 92' lang='grc'>666</span> <span class='ocrx_word' id='word_1_105' title='bbox 2442 1423 2740 1492; x_wconf 88' lang='lat' dir='ltr'><strong>deberent</strong></span> <span class='ocrx_word' id='word_1_106' title='bbox 2798 1425 2864 1489; x_wconf 91' lang='grc'>16</span> <span class='ocrx_word' id='word_1_107' title='bbox 2908 1440 3067 1507; x_wconf 90' lang='lat' dir='ltr'><strong>pena</strong></span> <span class='ocrx_word' id='word_1_108' title='bbox 3111 1421 3193 1487; x_wconf 91' lang='grc'>11-</span> 
     </span>
     <span class='ocr_line' id='line_1_13' title="bbox 468 1512 3188 1597; baseline -0.002 -16"><span class='ocrx_word' id='word_1_109' title='bbox 468 1517 722 1582; x_wconf 89' lang='lat' dir='ltr'><strong>brarum</strong></span> <span class='ocrx_word' id='word_1_110' title='bbox 768 1514 830 1579; x_wconf 90' lang='lat' dir='ltr'>X</span> <span class='ocrx_word' id='word_1_111' title='bbox 873 1531 982 1597; x_wconf 91' lang='lat' dir='ltr'>pro</span> <span class='ocrx_word' id='word_1_112' title='bbox 1042 1512 1316 1591; x_wconf 89' lang='lat' dir='ltr'><strong>custode,</strong></span> <span class='ocrx_word' id='word_1_113' title='bbox 1378 1513 1444 1577; x_wconf 87' lang='grc'>61</span> <span class='ocrx_word' id='word_1_114' title='bbox 1504 1512 1662 1596; x_wconf 89' lang='grc'>96611</span> <span class='ocrx_word' id='word_1_115' title='bbox 1728 1513 1861 1578; x_wconf 88' lang='grc'>3613</span> <span class='ocrx_word' id='word_1_116' title='bbox 1920 1512 2162 1577; x_wconf 89' lang='grc'>13161113</span> <span class='ocrx_word' id='word_1_117' title='bbox 2219 1513 2466 1579; x_wconf 89' lang='grc'>66611113</span> <span class='ocrx_word' id='word_1_118' title='bbox 2529 1513 2719 1579; x_wconf 89' lang='grc'>131131</span> <span class='ocrx_word' id='word_1_119' title='bbox 2777 1529 2888 1595; x_wconf 89' lang='lat' dir='ltr'>per</span> <span class='ocrx_word' id='word_1_120' title='bbox 2932 1512 3188 1590; x_wconf 86' lang='lat' dir='ltr'><strong>terram,</strong></span> 
     </span>
     <span class='ocr_line' id='line_1_14' title="bbox 470 1597 3189 1684; baseline -0.002 -15"><span class='ocrx_word' id='word_1_121' title='bbox 470 1602 746 1669; x_wconf 82' lang='lat' dir='ltr'><strong>faciendo</strong></span> <span class='ocrx_word' id='word_1_122' title='bbox 791 1619 908 1684; x_wconf 93' lang='lat' dir='ltr'>que</span> <span class='ocrx_word' id='word_1_123' title='bbox 947 1599 1119 1680; x_wconf 88' lang='lat' dir='ltr'><strong>velit,</strong></span> <span class='ocrx_word' id='word_1_124' title='bbox 1167 1603 1231 1666; x_wconf 88' lang='grc'>61</span> <span class='ocrx_word' id='word_1_125' title='bbox 1273 1599 1433 1665; x_wconf 87' lang='grc'>16116</span> <span class='ocrx_word' id='word_1_126' title='bbox 1458 1600 1798 1680; x_wconf 89' lang='lat' dir='ltr'><strong>inhonesta,</strong></span> <span class='ocrx_word' id='word_1_127' title='bbox 1847 1599 2205 1683; x_wconf 88' lang='grc'>16111361161</span> <span class='ocrx_word' id='word_1_128' title='bbox 2225 1601 2340 1665; x_wconf 92' lang='lat' dir='ltr'>hoc</span> <span class='ocrx_word' id='word_1_129' title='bbox 2368 1599 2713 1666; x_wconf 91' lang='lat' dir='ltr'><strong>dominium</strong></span> <span class='ocrx_word' id='word_1_130' title='bbox 2749 1597 2999 1664; x_wconf 89' lang='lat' dir='ltr'><strong>modum</strong></span> <span class='ocrx_word' id='word_1_131' title='bbox 3023 1599 3189 1663; x_wconf 87' lang='grc'>(1316.</span> 
     </span>
    </p>

    <p class='ocr_par' dir='ltr' id='par_1_5' title="bbox 470 1683 3194 2035">
     <span class='ocr_line' id='line_1_15' title="bbox 680 1683 3193 1772; baseline -0.002 -17"><span class='ocrx_word' id='word_1_132' title='bbox 680 1687 876 1771; x_wconf 86' lang='lat' dir='ltr'><strong>Super</strong></span> <span class='ocrx_word' id='word_1_133' title='bbox 920 1687 1193 1772; x_wconf 87' lang='lat' dir='ltr'><strong>capitulo</strong></span> <span class='ocrx_word' id='word_1_134' title='bbox 1238 1686 1362 1753; x_wconf 87' lang='lat' dir='ltr'><strong>isto</strong></span> <span class='ocrx_word' id='word_1_135' title='bbox 1410 1686 1718 1752; x_wconf 82' lang='lat' dir='ltr'><strong>scribatur</strong></span> <span class='ocrx_word' id='word_1_136' title='bbox 1763 1687 1976 1753; x_wconf 90' lang='grc'>6616111</span> <span class='ocrx_word' id='word_1_137' title='bbox 2014 1687 2172 1770; x_wconf 87' lang='lat' dir='ltr'><strong>Pagi</strong></span> <span class='ocrx_word' id='word_1_138' title='bbox 2240 1689 2517 1770; x_wconf 77' lang='lat' dir='ltr'><strong>presenti</strong></span> <span class='ocrx_word' id='word_1_139' title='bbox 2572 1688 2639 1753; x_wconf 93' lang='lat' dir='ltr'><strong>et</strong></span> <span class='ocrx_word' id='word_1_140' title='bbox 2697 1685 2959 1765; x_wconf 80' lang='lat' dir='ltr'><strong>futuris,</strong></span> <span class='ocrx_word' id='word_1_141' title='bbox 3028 1683 3193 1768; x_wconf 88' lang='lat' dir='ltr'><strong>quod</strong></span> 
     </span>
     <span class='ocr_line' id='line_1_16' title="bbox 470 1771 3194 1858; baseline -0.002 -15"><span class='ocrx_word' id='word_1_142' title='bbox 470 1777 687 1844; x_wconf 90' lang='lat' dir='ltr'><strong>taliter</strong></span> <span class='ocrx_word' id='word_1_143' title='bbox 732 1776 878 1841; x_wconf 93' lang='lat' dir='ltr'><strong>dent</strong></span> <span class='ocrx_word' id='word_1_144' title='bbox 922 1775 1198 1841; x_wconf 91' lang='lat' dir='ltr'><strong>ordinem</strong></span> <span class='ocrx_word' id='word_1_145' title='bbox 1244 1773 1502 1840; x_wconf 87' lang='lat' dir='ltr'><strong>familiis</strong></span> <span class='ocrx_word' id='word_1_146' title='bbox 1566 1776 1732 1854; x_wconf 87' lang='lat' dir='ltr'><strong>suis,</strong></span> <span class='ocrx_word' id='word_1_147' title='bbox 1785 1775 2025 1858; x_wconf 91' lang='lat' dir='ltr'><strong>quando</strong></span> <span class='ocrx_word' id='word_1_148' title='bbox 2084 1774 2320 1841; x_wconf 87' lang='lat' dir='ltr'><strong>vadunt</strong></span> <span class='ocrx_word' id='word_1_149' title='bbox 2380 1776 2614 1841; x_wconf 87' lang='lat' dir='ltr'><strong>circum</strong></span> <span class='ocrx_word' id='word_1_150' title='bbox 2684 1792 2795 1858; x_wconf 89' lang='lat' dir='ltr'>per</span> <span class='ocrx_word' id='word_1_151' title='bbox 2835 1775 3068 1839; x_wconf 87' lang='lat' dir='ltr'><strong>terram</strong></span> <span class='ocrx_word' id='word_1_152' title='bbox 3114 1771 3194 1838; x_wconf 89' lang='lat' dir='ltr'>ad</span> 
     </span>
     <span class='ocr_line' id='line_1_17' title="bbox 470 1860 3192 1946; baseline -0.003 -14"><span class='ocrx_word' id='word_1_153' title='bbox 470 1863 840 1943; x_wconf 84' lang='lat' dir='ltr'><strong>custodiam,</strong></span> <span class='ocrx_word' id='word_1_154' title='bbox 887 1862 1050 1946; x_wconf 91' lang='lat' dir='ltr'><strong>quod</strong></span> <span class='ocrx_word' id='word_1_155' title='bbox 1096 1862 1333 1928; x_wconf 88' lang='lat' dir='ltr'><strong>nullam</strong></span> <span class='ocrx_word' id='word_1_156' title='bbox 1378 1861 1753 1946; x_wconf 85' lang='lat' dir='ltr'><strong>gravitatem</strong></span> <span class='ocrx_word' id='word_1_157' title='bbox 1800 1862 1899 1928; x_wconf 85' lang='lat' dir='ltr'><strong>vel</strong></span> <span class='ocrx_word' id='word_1_158' title='bbox 1943 1862 2298 1929; x_wconf 89' lang='lat' dir='ltr'><strong>molestiam</strong></span> <span class='ocrx_word' id='word_1_159' title='bbox 2344 1862 2646 1928; x_wconf 89' lang='lat' dir='ltr'><strong>inferrant</strong></span> <span class='ocrx_word' id='word_1_160' title='bbox 2676 1862 2891 1928; x_wconf 89' lang='grc'>666113</span> <span class='ocrx_word' id='word_1_161' title='bbox 2934 1861 3033 1926; x_wconf 90' lang='grc'>163</span> <span class='ocrx_word' id='word_1_162' title='bbox 3056 1860 3192 1926; x_wconf 90' lang='lat' dir='ltr'>tam</span> 
     </span>
     <span class='ocr_line' id='line_1_18' title="bbox 470 1949 2585 2035; baseline -0.002 -14"><span class='ocrx_word' id='word_1_163' title='bbox 470 1951 829 2020; x_wconf 87' lang='lat' dir='ltr'><strong>custodibus</strong></span> <span class='ocrx_word' id='word_1_164' title='bbox 875 1949 1189 2035; x_wconf 89' lang='lat' dir='ltr'><strong>deputatis</strong></span> <span class='ocrx_word' id='word_1_165' title='bbox 1235 1968 1346 2034; x_wconf 93' lang='lat' dir='ltr'>per</span> <span class='ocrx_word' id='word_1_166' title='bbox 1388 1951 1620 2016; x_wconf 90' lang='lat' dir='ltr'><strong>terram</strong></span> <span class='ocrx_word' id='word_1_167' title='bbox 1662 1968 1846 2032; x_wconf 90' lang='lat' dir='ltr'><strong>quam</strong></span> <span class='ocrx_word' id='word_1_168' title='bbox 1893 1950 2037 2015; x_wconf 91' lang='lat' dir='ltr'><strong>aliis</strong></span> <span class='ocrx_word' id='word_1_169' title='bbox 2079 1950 2585 2035; x_wconf 90' lang='lat' dir='ltr'><strong>quibuscumque.</strong></span> 
     </span>
    </p>

    <p class='ocr_par' dir='ltr' id='par_1_6' title="bbox 467 1999 3192 2385">
     <span class='ocr_line' id='line_1_19' title="bbox 678 1999 3191 2122; baseline -0.001 -18"><span class='ocrx_word' id='word_1_170' title='bbox 678 2038 854 2105; x_wconf 90' lang='lat' dir='ltr'>XIII.</span> <span class='ocrx_word' id='word_1_171' title='bbox 895 2038 1059 2104; x_wconf 85' lang='lat' dir='ltr'><strong>Item</strong></span> <span class='ocrx_word' id='word_1_172' title='bbox 1099 2055 1239 2103; x_wconf 91' lang='lat' dir='ltr'>cum</span> <span class='ocrx_word' id='word_1_173' title='bbox 1285 2037 1519 2103; x_wconf 90' lang='lat' dir='ltr'><strong>iudices</strong></span> <span class='ocrx_word' id='word_1_174' title='bbox 1585 2039 1748 2102; x_wconf 92' lang='lat' dir='ltr'><strong>terre</strong></span> <span class='ocrx_word' id='word_1_175' title='bbox 1809 2037 2028 2103; x_wconf 88' lang='lat' dir='ltr'><strong>multis</strong></span> <span class='ocrx_word' id='word_1_176' title='bbox 2085 2038 2327 2104; x_wconf 87' lang='lat' dir='ltr'><strong>vicibus</strong></span> <span class='ocrx_word' id='word_1_177' title='bbox 2394 2036 2698 2122; x_wconf 90' lang='lat' dir='ltr'><strong>pecierint</strong></span> <span class='ocrx_word' id='word_1_178' title='bbox 2757 1999 3191 2103; x_wconf 84' lang='lat' dir='ltr'><strong>ambaxatores</strong></span> 
     </span>
     <span class='ocr_line' id='line_1_20' title="bbox 467 2123 3191 2212; baseline -0.003 -17"><span class='ocrx_word' id='word_1_179' title='bbox 467 2128 603 2195; x_wconf 89' lang='lat' dir='ltr'><strong>fieri</strong></span> <span class='ocrx_word' id='word_1_180' title='bbox 648 2144 758 2212; x_wconf 91' lang='lat' dir='ltr'>pro</span> <span class='ocrx_word' id='word_1_181' title='bbox 804 2126 1120 2192; x_wconf 90' lang='lat' dir='ltr'><strong>communi</strong></span> <span class='ocrx_word' id='word_1_182' title='bbox 1175 2124 1255 2190; x_wconf 91' lang='lat' dir='ltr'>ad</span> <span class='ocrx_word' id='word_1_183' title='bbox 1306 2124 1647 2190; x_wconf 91' lang='lat' dir='ltr'><strong>dominium</strong></span> <span class='ocrx_word' id='word_1_184' title='bbox 1699 2124 1952 2204; x_wconf 89' lang='lat' dir='ltr'><strong>ducale,</strong></span> <span class='ocrx_word' id='word_1_185' title='bbox 2017 2125 2082 2191; x_wconf 92' lang='lat' dir='ltr'><strong>et</strong></span> <span class='ocrx_word' id='word_1_186' title='bbox 2141 2126 2451 2192; x_wconf 91' lang='lat' dir='ltr'><strong>noluerint</strong></span> <span class='ocrx_word' id='word_1_187' title='bbox 2508 2123 2701 2208; x_wconf 88' lang='lat' dir='ltr'><strong>aliqui</strong></span> <span class='ocrx_word' id='word_1_188' title='bbox 2766 2125 3075 2200; x_wconf 87' lang='grc'>16616163,</span> <span class='ocrx_word' id='word_1_189' title='bbox 3125 2125 3191 2188; x_wconf 88' lang='grc'>61</span> 
     </span>
     <span class='ocr_line' id='line_1_21' title="bbox 469 2173 3192 2298; baseline -0.002 -15"><span class='ocrx_word' id='word_1_190' title='bbox 469 2216 602 2283; x_wconf 91' lang='grc'>3616</span> <span class='ocrx_word' id='word_1_191' title='bbox 644 2231 756 2280; x_wconf 89' lang='grc'>366</span> <span class='ocrx_word' id='word_1_192' title='bbox 804 2213 962 2280; x_wconf 90' lang='grc'>16116</span> <span class='ocrx_word' id='word_1_193' title='bbox 1008 2212 1468 2297; x_wconf 84' lang='lat' dir='ltr'><strong>denegaverint,</strong></span> <span class='ocrx_word' id='word_1_194' title='bbox 1515 2213 1671 2279; x_wconf 87' lang='lat' dir='ltr'><strong>velit</strong></span> <span class='ocrx_word' id='word_1_195' title='bbox 1713 2173 2095 2294; x_wconf 68' lang='lat' dir='ltr'><strong>domini’um,</strong></span> <span class='ocrx_word' id='word_1_196' title='bbox 2143 2213 2304 2298; x_wconf 89' lang='lat' dir='ltr'><strong>quod</strong></span> <span class='ocrx_word' id='word_1_197' title='bbox 2369 2214 2488 2279; x_wconf 91' lang='grc'>1166</span> <span class='ocrx_word' id='word_1_198' title='bbox 2531 2231 2652 2279; x_wconf 91' lang='grc'>666</span> <span class='ocrx_word' id='word_1_199' title='bbox 2695 2213 2843 2293; x_wconf 83' lang='grc'>1131,</span> <span class='ocrx_word' id='word_1_200' title='bbox 2908 2213 2972 2277; x_wconf 89' lang='grc'>61</span> <span class='ocrx_word' id='word_1_201' title='bbox 3032 2211 3192 2294; x_wconf 89' lang='lat' dir='ltr'><strong>quod</strong></span> 
     </span>
     <span class='ocr_line' id='line_1_22' title="bbox 468 2299 1887 2385; baseline -0.005 -13"><span class='ocrx_word' id='word_1_202' title='bbox 468 2303 757 2371; x_wconf 84' lang='lat' dir='ltr'><strong>continue</strong></span> <span class='ocrx_word' id='word_1_203' title='bbox 802 2301 1130 2367; x_wconf 87' lang='lat' dir='ltr'><strong>ambaxata</strong></span> <span class='ocrx_word' id='word_1_204' title='bbox 1174 2318 1291 2366; x_wconf 92' lang='lat' dir='ltr'>non</span> <span class='ocrx_word' id='word_1_205' title='bbox 1337 2299 1534 2383; x_wconf 84' lang='lat' dir='ltr'><strong>possit</strong></span> <span class='ocrx_word' id='word_1_206' title='bbox 1574 2300 1887 2385; x_wconf 90' lang='lat' dir='ltr'><strong>denegari.</strong></span> 
     </span>
    </p>

    <p class='ocr_par' dir='ltr' id='par_1_7' title="bbox 474 2385 3193 2646">
     <span class='ocr_line' id='line_1_23' title="bbox 684 2385 3185 2471; baseline -0.002 -16"><span class='ocrx_word' id='word_1_207' title='bbox 684 2389 854 2455; x_wconf 89' lang='lat' dir='ltr'>XIV.</span> <span class='ocrx_word' id='word_1_208' title='bbox 900 2389 1062 2454; x_wconf 92' lang='lat' dir='ltr'><strong>Item</strong></span> <span class='ocrx_word' id='word_1_209' title='bbox 1103 2388 1355 2453; x_wconf 88' lang='grc'>1116111111</span> <span class='ocrx_word' id='word_1_210' title='bbox 1394 2386 1587 2470; x_wconf 89' lang='lat' dir='ltr'><strong>aliqui</strong></span> <span class='ocrx_word' id='word_1_211' title='bbox 1630 2390 1918 2466; x_wconf 91' lang='grc'>16616163,</span> <span class='ocrx_word' id='word_1_212' title='bbox 1967 2387 2072 2471; x_wconf 90' lang='grc'>961</span> <span class='ocrx_word' id='word_1_213' title='bbox 2116 2387 2180 2455; x_wconf 91' lang='grc'>16</span> <span class='ocrx_word' id='word_1_214' title='bbox 2226 2388 2437 2471; x_wconf 87' lang='grc'>311966</span> <span class='ocrx_word' id='word_1_215' title='bbox 2478 2388 2712 2454; x_wconf 81' lang='lat' dir='ltr'><strong>statuto</strong></span> <span class='ocrx_word' id='word_1_216' title='bbox 2761 2388 2926 2453; x_wconf 86' lang='lat' dir='ltr'><strong>terre</strong></span> <span class='ocrx_word' id='word_1_217' title='bbox 2972 2385 3185 2452; x_wconf 89' lang='lat' dir='ltr'><strong>obser-</strong></span> 
     </span>
     <span class='ocr_line' id='line_1_24' title="bbox 474 2466 3193 2559; baseline -0.003 -13"><span class='ocrx_word' id='word_1_218' title='bbox 474 2466 717 2557; x_wconf 86' lang='lat' dir='ltr'><strong>varunt,</strong></span> <span class='ocrx_word' id='word_1_219' title='bbox 764 2480 828 2542; x_wconf 91' lang='grc'>61</span> <span class='ocrx_word' id='word_1_220' title='bbox 872 2476 934 2540; x_wconf 91' lang='grc'>16</span> <span class='ocrx_word' id='word_1_221' title='bbox 980 2474 1183 2559; x_wconf 88' lang='lat' dir='ltr'><strong>aliquo</strong></span> <span class='ocrx_word' id='word_1_222' title='bbox 1230 2492 1371 2554; x_wconf 87' lang='lat' dir='ltr'><strong>non,</strong></span> <span class='ocrx_word' id='word_1_223' title='bbox 1437 2476 1503 2540; x_wconf 94' lang='lat' dir='ltr'><strong>et</strong></span> <span class='ocrx_word' id='word_1_224' title='bbox 1561 2475 1803 2558; x_wconf 91' lang='lat' dir='ltr'><strong>quando</strong></span> <span class='ocrx_word' id='word_1_225' title='bbox 1865 2474 1956 2541; x_wconf 89' lang='lat' dir='ltr'>eis</span> <span class='ocrx_word' id='word_1_226' title='bbox 2017 2475 2370 2556; x_wconf 88' lang='lat' dir='ltr'><strong>dicebatur,</strong></span> <span class='ocrx_word' id='word_1_227' title='bbox 2432 2474 2914 2559; x_wconf 85' lang='lat' dir='ltr'><strong>respondebant.</strong></span> <span class='ocrx_word' id='word_1_228' title='bbox 2981 2474 3070 2539; x_wconf 91' lang='lat' dir='ltr'>ite</span> <span class='ocrx_word' id='word_1_229' title='bbox 3113 2473 3193 2539; x_wconf 88' lang='lat' dir='ltr'>ad</span> 
     </span>
     <span class='ocr_line' id='line_1_25' title="bbox 475 2562 2782 2646; baseline -0.003 -13"><span class='ocrx_word' id='word_1_230' title='bbox 475 2566 692 2633; x_wconf 85' lang='lat' dir='ltr'><strong>ducale</strong></span> <span class='ocrx_word' id='word_1_231' title='bbox 739 2563 1102 2644; x_wconf 90' lang='lat' dir='ltr'><strong>dominium,</strong></span> <span class='ocrx_word' id='word_1_232' title='bbox 1150 2563 1217 2627; x_wconf 96' lang='lat' dir='ltr'><strong>et</strong></span> <span class='ocrx_word' id='word_1_233' title='bbox 1257 2581 1576 2646; x_wconf 90' lang='lat' dir='ltr'><strong>nunquam</strong></span> <span class='ocrx_word' id='word_1_234' title='bbox 1622 2562 1950 2629; x_wconf 88' lang='lat' dir='ltr'><strong>voluerunt</strong></span> <span class='ocrx_word' id='word_1_235' title='bbox 1992 2562 2389 2629; x_wconf 79' lang='lat' dir='ltr'><strong>ambaxatam</strong></span> <span class='ocrx_word' id='word_1_236' title='bbox 2436 2563 2782 2630; x_wconf 88' lang='lat' dir='ltr'><strong>concedere.</strong></span> 
     </span>
    </p>

    <p class='ocr_par' dir='ltr' id='par_1_8' title="bbox 472 2650 3194 2825">
     <span class='ocr_line' id='line_1_26' title="bbox 679 2650 3192 2736; baseline -0.001 -19"><span class='ocrx_word' id='word_1_237' title='bbox 679 2650 876 2736; x_wconf 88' lang='lat' dir='ltr'><strong>Super</strong></span> <span class='ocrx_word' id='word_1_238' title='bbox 918 2651 1041 2716; x_wconf 93' lang='lat' dir='ltr'><strong>hiis</strong></span> <span class='ocrx_word' id='word_1_239' title='bbox 1086 2650 1379 2735; x_wconf 88' lang='lat' dir='ltr'><strong>capitulis</strong></span> <span class='ocrx_word' id='word_1_240' title='bbox 1422 2650 1798 2731; x_wconf 89' lang='grc'>6663611161,</span> <span class='ocrx_word' id='word_1_241' title='bbox 1860 2651 2021 2735; x_wconf 88' lang='grc'>96611</span> <span class='ocrx_word' id='word_1_242' title='bbox 2078 2651 2407 2718; x_wconf 88' lang='lat' dir='ltr'><strong>mandetur</strong></span> <span class='ocrx_word' id='word_1_243' title='bbox 2465 2652 2799 2718; x_wconf 90' lang='lat' dir='ltr'><strong>comitibus</strong></span> <span class='ocrx_word' id='word_1_244' title='bbox 2846 2650 3004 2734; x_wconf 87' lang='lat' dir='ltr'><strong>Pagi</strong></span> <span class='ocrx_word' id='word_1_245' title='bbox 3048 2667 3192 2733; x_wconf 90' lang='lat' dir='ltr'><strong>pre·</strong></span> 
     </span>
     <span class='ocr_line' id='line_1_27' title="bbox 472 2736 3194 2825; baseline -0.003 -17"><span class='ocrx_word' id='word_1_246' title='bbox 472 2740 636 2809; x_wconf 91' lang='lat' dir='ltr'><strong>senti</strong></span> <span class='ocrx_word' id='word_1_247' title='bbox 683 2742 748 2807; x_wconf 93' lang='lat' dir='ltr'><strong>et</strong></span> <span class='ocrx_word' id='word_1_248' title='bbox 790 2738 1036 2820; x_wconf 87' lang='lat' dir='ltr'><strong>futuris,</strong></span> <span class='ocrx_word' id='word_1_249' title='bbox 1085 2739 1267 2822; x_wconf 86' lang='lat' dir='ltr'><strong>quod,</strong></span> <span class='ocrx_word' id='word_1_250' title='bbox 1315 2741 1604 2825; x_wconf 89' lang='lat' dir='ltr'><strong>quociens</strong></span> <span class='ocrx_word' id='word_1_251' title='bbox 1665 2738 1761 2804; x_wconf 91' lang='lat' dir='ltr'><strong>illi</strong></span> <span class='ocrx_word' id='word_1_252' title='bbox 1821 2738 1896 2805; x_wconf 92' lang='lat' dir='ltr'><strong>de</strong></span> <span class='ocrx_word' id='word_1_253' title='bbox 1939 2739 2111 2824; x_wconf 88' lang='lat' dir='ltr'><strong>Pago</strong></span> <span class='ocrx_word' id='word_1_254' title='bbox 2171 2759 2314 2806; x_wconf 88' lang='lat' dir='ltr'>cum</span> <span class='ocrx_word' id='word_1_255' title='bbox 2376 2739 2650 2805; x_wconf 89' lang='lat' dir='ltr'><strong>consiliis</strong></span> <span class='ocrx_word' id='word_1_256' title='bbox 2705 2739 2836 2805; x_wconf 91' lang='lat' dir='ltr'><strong>suis</strong></span> <span class='ocrx_word' id='word_1_257' title='bbox 2881 2736 3194 2805; x_wconf 86' lang='lat' dir='ltr'><strong>voluerint</strong></span> 
     </span>
    </p>
   </div>
   <div class='ocr_carea' id='block_1_3' title="bbox 328 2823 3191 2912">
    <p class='ocr_par' dir='ltr' id='par_1_9' title="bbox 328 2823 3191 2912">
     <span class='ocr_line' id='line_1_28' title="bbox 328 2823 3191 2912; baseline -0.002 -17"><span class='ocrx_word' id='word_1_258' title='bbox 328 2897 333 2904; x_wconf 80' lang='grc'>,</span> <span class='ocrx_word' id='word_1_259' title='bbox 468 2829 721 2895; x_wconf 87' lang='grc'>16111616</span> <span class='ocrx_word' id='word_1_260' title='bbox 767 2828 1160 2894; x_wconf 85' lang='lat' dir='ltr'><strong>ambaxatam</strong></span> <span class='ocrx_word' id='word_1_261' title='bbox 1228 2825 1308 2892; x_wconf 91' lang='lat' dir='ltr'>ad</span> <span class='ocrx_word' id='word_1_262' title='bbox 1353 2828 1729 2911; x_wconf 85' lang='lat' dir='ltr'><strong>presentiam</strong></span> <span class='ocrx_word' id='word_1_263' title='bbox 1791 2826 2047 2893; x_wconf 91' lang='lat' dir='ltr'><strong>dominii</strong></span> <span class='ocrx_word' id='word_1_264' title='bbox 2109 2847 2215 2910; x_wconf 90' lang='lat' dir='ltr'>pro</span> <span class='ocrx_word' id='word_1_265' title='bbox 2275 2826 2589 2912; x_wconf 90' lang='lat' dir='ltr'><strong>aliquibus</strong></span> <span class='ocrx_word' id='word_1_266' title='bbox 2650 2825 2910 2911; x_wconf 85' lang='lat' dir='ltr'><strong>agendis</strong></span> <span class='ocrx_word' id='word_1_267' title='bbox 2928 2874 2945 2905; x_wconf 89' lang='lat'><strong>,</strong></span> <span class='ocrx_word' id='word_1_268' title='bbox 3014 2823 3191 2890; x_wconf 91' lang='lat' dir='ltr'><strong>nullo</strong></span> 
     </span>
    </p>
   </div>
   <div class='ocr_carea' id='block_1_4' title="bbox 463 2912 3203 4838">
    <p class='ocr_par' dir='ltr' id='par_1_10' title="bbox 463 2912 3193 3072">
     <span class='ocr_line' id='line_1_29' title="bbox 468 2912 3193 3000; baseline -0.002 -17"><span class='ocrx_word' id='word_1_269' title='bbox 468 2917 652 2983; x_wconf 92' lang='lat' dir='ltr'><strong>modo</strong></span> <span class='ocrx_word' id='word_1_270' title='bbox 692 2914 1042 2999; x_wconf 87' lang='lat' dir='ltr'><strong>impediant</strong></span> <span class='ocrx_word' id='word_1_271' title='bbox 1081 2914 1511 2982; x_wconf 84' lang='lat' dir='ltr'><strong>ambaxatores</strong></span> <span class='ocrx_word' id='word_1_272' title='bbox 1556 2914 1868 3000; x_wconf 90' lang='lat' dir='ltr'><strong>predictos</strong></span> <span class='ocrx_word' id='word_1_273' title='bbox 1886 2963 1903 2995; x_wconf 86' lang='lat'><strong>,</strong></span> <span class='ocrx_word' id='word_1_274' title='bbox 1965 2915 2359 2999; x_wconf 85' lang='lat' dir='ltr'><strong>exprimendo</strong></span> <span class='ocrx_word' id='word_1_275' title='bbox 2412 2917 2624 2981; x_wconf 89' lang='lat' dir='ltr'><strong>tamen</strong></span> <span class='ocrx_word' id='word_1_276' title='bbox 2677 2912 2889 2979; x_wconf 90' lang='lat' dir='ltr'><strong>comiti</strong></span> <span class='ocrx_word' id='word_1_277' title='bbox 2940 2929 3193 2978; x_wconf 90' lang='lat' dir='ltr'><strong>causam</strong></span> 
     </span>
     <span class='ocr_line' id='line_1_30' title="bbox 463 3005 814 3072; baseline -0.006 0"><span class='ocrx_word' id='word_1_278' title='bbox 463 3005 814 3072; x_wconf 86' lang='lat' dir='ltr'><strong>ambaxate.</strong></span> 
     </span>
    </p>

    <p class='ocr_par' dir='ltr' id='par_1_11' title="bbox 470 3087 3194 3520">
     <span class='ocr_line' id='line_1_31' title="bbox 677 3087 3192 3174; baseline -0.002 -16"><span class='ocrx_word' id='word_1_279' title='bbox 677 3093 815 3158; x_wconf 88' lang='lat' dir='ltr'>XV.</span> <span class='ocrx_word' id='word_1_280' title='bbox 862 3092 1026 3157; x_wconf 93' lang='lat' dir='ltr'><strong>Item</strong></span> <span class='ocrx_word' id='word_1_281' title='bbox 1070 3109 1209 3156; x_wconf 90' lang='lat' dir='ltr'>cum</span> <span class='ocrx_word' id='word_1_282' title='bbox 1254 3088 1488 3156; x_wconf 87' lang='lat' dir='ltr'><strong>fuerint</strong></span> <span class='ocrx_word' id='word_1_283' title='bbox 1530 3089 1722 3174; x_wconf 89' lang='lat' dir='ltr'><strong>aliqui</strong></span> <span class='ocrx_word' id='word_1_284' title='bbox 1768 3091 2036 3156; x_wconf 86' lang='lat' dir='ltr'><strong>rectores</strong></span> <span class='ocrx_word' id='word_1_285' title='bbox 2054 3138 2070 3167; x_wconf 94' lang='lat'><strong>,</strong></span> <span class='ocrx_word' id='word_1_286' title='bbox 2134 3088 2242 3174; x_wconf 93' lang='lat' dir='ltr'>qui</span> <span class='ocrx_word' id='word_1_287' title='bbox 2301 3088 2582 3156; x_wconf 88' lang='lat' dir='ltr'><strong>fecerunt</strong></span> <span class='ocrx_word' id='word_1_288' title='bbox 2642 3087 2833 3156; x_wconf 90' lang='lat' dir='ltr'><strong>incidi</strong></span> <span class='ocrx_word' id='word_1_289' title='bbox 2891 3087 3192 3154; x_wconf 89' lang='lat' dir='ltr'><strong>boschum</strong></span> 
     </span>
     <span class='ocr_line' id='line_1_32' title="bbox 475 3176 3194 3261; baseline -0.002 -15"><span class='ocrx_word' id='word_1_290' title='bbox 475 3178 543 3246; x_wconf 92' lang='lat' dir='ltr'>in</span> <span class='ocrx_word' id='word_1_291' title='bbox 589 3177 793 3244; x_wconf 88' lang='lat' dir='ltr'><strong>insula</strong></span> <span class='ocrx_word' id='word_1_292' title='bbox 836 3178 901 3242; x_wconf 89' lang='grc'>16</span> <span class='ocrx_word' id='word_1_293' title='bbox 945 3179 1077 3243; x_wconf 91' lang='grc'>1666</span> <span class='ocrx_word' id='word_1_294' title='bbox 1123 3176 1434 3260; x_wconf 88' lang='lat' dir='ltr'><strong>prohibito</strong></span> <span class='ocrx_word' id='word_1_295' title='bbox 1481 3195 1669 3242; x_wconf 89' lang='lat' dir='ltr'><strong>causa</strong></span> <span class='ocrx_word' id='word_1_296' title='bbox 1713 3178 2115 3244; x_wconf 86' lang='lat' dir='ltr'><strong>conservandi</strong></span> <span class='ocrx_word' id='word_1_297' title='bbox 2161 3177 2456 3243; x_wconf 90' lang='lat' dir='ltr'><strong>animalia</strong></span> <span class='ocrx_word' id='word_1_298' title='bbox 2514 3195 2854 3261; x_wconf 89' lang='lat' dir='ltr'><strong>pauperum</strong></span> <span class='ocrx_word' id='word_1_299' title='bbox 2899 3193 3194 3260; x_wconf 90' lang='lat' dir='ltr'><strong>persona-</strong></span> 
     </span>
     <span class='ocr_line' id='line_1_33' title="bbox 475 3263 3190 3349; baseline -0.001 -17"><span class='ocrx_word' id='word_1_300' title='bbox 475 3285 640 3344; x_wconf 90' lang='lat' dir='ltr'><strong>rum,</strong></span> <span class='ocrx_word' id='word_1_301' title='bbox 686 3268 751 3330; x_wconf 88' lang='lat' dir='ltr'><strong>et</strong></span> <span class='ocrx_word' id='word_1_302' title='bbox 795 3263 1169 3330; x_wconf 88' lang='grc'>611631136116</span> <span class='ocrx_word' id='word_1_303' title='bbox 1211 3264 1491 3329; x_wconf 92' lang='lat' dir='ltr'><strong>homines</strong></span> <span class='ocrx_word' id='word_1_304' title='bbox 1538 3264 1657 3328; x_wconf 91' lang='lat' dir='ltr'><strong>sibi</strong></span> <span class='ocrx_word' id='word_1_305' title='bbox 1705 3263 1904 3329; x_wconf 87' lang='lat' dir='ltr'><strong>facere</strong></span> <span class='ocrx_word' id='word_1_306' title='bbox 1948 3265 2084 3348; x_wconf 87' lang='lat' dir='ltr'><strong>ipsa</strong></span> <span class='ocrx_word' id='word_1_307' title='bbox 2105 3266 2279 3349; x_wconf 90' lang='lat' dir='ltr'><strong>ligna</strong></span> <span class='ocrx_word' id='word_1_308' title='bbox 2324 3268 2391 3331; x_wconf 90' lang='grc'>61</span> <span class='ocrx_word' id='word_1_309' title='bbox 2433 3266 2698 3349; x_wconf 89' lang='lat' dir='ltr'><strong>portare,</strong></span> <span class='ocrx_word' id='word_1_310' title='bbox 2752 3263 2919 3347; x_wconf 90' lang='grc'>(16611</span> <span class='ocrx_word' id='word_1_311' title='bbox 2963 3282 3190 3348; x_wconf 85' lang='lat' dir='ltr'><strong>aggra-</strong></span> 
     </span>
     <span class='ocr_line' id='line_1_34' title="bbox 470 3350 3191 3436; baseline -0.002 -15"><span class='ocrx_word' id='word_1_312' title='bbox 470 3353 832 3421; x_wconf 85' lang='lat' dir='ltr'><strong>vamentum</strong></span> <span class='ocrx_word' id='word_1_313' title='bbox 880 3368 1192 3434; x_wconf 90' lang='lat' dir='ltr'><strong>nunquam</strong></span> <span class='ocrx_word' id='word_1_314' title='bbox 1239 3350 1362 3415; x_wconf 84' lang='lat' dir='ltr'><strong>fuit</strong></span> <span class='ocrx_word' id='word_1_315' title='bbox 1405 3353 1569 3430; x_wconf 89' lang='lat' dir='ltr'><strong>ante,</strong></span> <span class='ocrx_word' id='word_1_316' title='bbox 1617 3351 1769 3416; x_wconf 85' lang='lat' dir='ltr'><strong>velit</strong></span> <span class='ocrx_word' id='word_1_317' title='bbox 1814 3351 2149 3419; x_wconf 87' lang='lat' dir='ltr'><strong>dominatio</strong></span> <span class='ocrx_word' id='word_1_318' title='bbox 2195 3352 2534 3436; x_wconf 87' lang='lat' dir='ltr'><strong>providere,</strong></span> <span class='ocrx_word' id='word_1_319' title='bbox 2581 3371 2722 3419; x_wconf 87' lang='lat' dir='ltr'>cum</span> <span class='ocrx_word' id='word_1_320' title='bbox 2753 3355 3031 3436; x_wconf 89' lang='lat' dir='ltr'><strong>tempore</strong></span> <span class='ocrx_word' id='word_1_321' title='bbox 3076 3350 3191 3416; x_wconf 92' lang='lat' dir='ltr'><strong>do-</strong></span> 
     </span>
     <span class='ocr_line' id='line_1_35' title="bbox 471 3437 1962 3520; baseline 0 -14"><span class='ocrx_word' id='word_1_322' title='bbox 471 3439 827 3507; x_wconf 90' lang='lat' dir='ltr'><strong>minationis</strong></span> <span class='ocrx_word' id='word_1_323' title='bbox 871 3438 1060 3504; x_wconf 86' lang='lat' dir='ltr'><strong>Jadre</strong></span> <span class='ocrx_word' id='word_1_324' title='bbox 1106 3455 1424 3520; x_wconf 90' lang='lat' dir='ltr'><strong>nunquam</strong></span> <span class='ocrx_word' id='word_1_325' title='bbox 1468 3437 1660 3504; x_wconf 84' lang='lat' dir='ltr'><strong>fuerit</strong></span> <span class='ocrx_word' id='word_1_326' title='bbox 1704 3439 1962 3506; x_wconf 85' lang='lat' dir='ltr'><strong>factum.</strong></span> 
     </span>
    </p>

    <p class='ocr_par' dir='ltr' id='par_1_12' title="bbox 473 3524 3198 3872">
     <span class='ocr_line' id='line_1_36' title="bbox 683 3524 3198 3611; baseline 0 -21"><span class='ocrx_word' id='word_1_327' title='bbox 683 3526 783 3591; x_wconf 90' lang='lat' dir='ltr'><strong>Ad</strong></span> <span class='ocrx_word' id='word_1_328' title='bbox 829 3524 1000 3591; x_wconf 90' lang='lat' dir='ltr'><strong>istud</strong></span> <span class='ocrx_word' id='word_1_329' title='bbox 1044 3526 1389 3608; x_wconf 89' lang='lat' dir='ltr'><strong>capitulum</strong></span> <span class='ocrx_word' id='word_1_330' title='bbox 1451 3525 1790 3606; x_wconf 88' lang='lat' dir='ltr'><strong>ordinetur,</strong></span> <span class='ocrx_word' id='word_1_331' title='bbox 1853 3526 2015 3611; x_wconf 92' lang='lat' dir='ltr'><strong>quod</strong></span> <span class='ocrx_word' id='word_1_332' title='bbox 2079 3528 2350 3594; x_wconf 91' lang='lat' dir='ltr'><strong>rectores</strong></span> <span class='ocrx_word' id='word_1_333' title='bbox 2410 3528 2741 3594; x_wconf 89' lang='lat' dir='ltr'><strong>teneantur</strong></span> <span class='ocrx_word' id='word_1_334' title='bbox 2801 3527 2867 3593; x_wconf 90' lang='lat' dir='ltr'><strong>et</strong></span> <span class='ocrx_word' id='word_1_335' title='bbox 2929 3525 3198 3592; x_wconf 87' lang='lat' dir='ltr'><strong>debeant</strong></span> 
     </span>
     <span class='ocr_line' id='line_1_37' title="bbox 474 3612 3195 3699; baseline -0.002 -16"><span class='ocrx_word' id='word_1_336' title='bbox 474 3632 717 3683; x_wconf 83' lang='lat' dir='ltr'><strong>servare</strong></span> <span class='ocrx_word' id='word_1_337' title='bbox 763 3614 827 3679; x_wconf 90' lang='lat' dir='ltr'><strong>et</strong></span> <span class='ocrx_word' id='word_1_338' title='bbox 875 3614 1103 3679; x_wconf 88' lang='lat' dir='ltr'><strong>servari</strong></span> <span class='ocrx_word' id='word_1_339' title='bbox 1148 3612 1369 3693; x_wconf 89' lang='grc'>136616,</span> <span class='ocrx_word' id='word_1_340' title='bbox 1418 3616 1575 3697; x_wconf 90' lang='grc'>96611</span> <span class='ocrx_word' id='word_1_341' title='bbox 1620 3614 1792 3699; x_wconf 87' lang='lat' dir='ltr'><strong>ligna</strong></span> <span class='ocrx_word' id='word_1_342' title='bbox 1825 3633 1946 3680; x_wconf 93' lang='lat' dir='ltr'>non</span> <span class='ocrx_word' id='word_1_343' title='bbox 1982 3615 2331 3682; x_wconf 88' lang='lat' dir='ltr'><strong>incidantur</strong></span> <span class='ocrx_word' id='word_1_344' title='bbox 2364 3616 2441 3682; x_wconf 92' lang='lat' dir='ltr'><strong>de</strong></span> <span class='ocrx_word' id='word_1_345' title='bbox 2487 3615 2650 3682; x_wconf 89' lang='lat' dir='ltr'><strong>dicto</strong></span> <span class='ocrx_word' id='word_1_346' title='bbox 2679 3632 2932 3680; x_wconf 92' lang='lat' dir='ltr'><strong>nemore</strong></span> <span class='ocrx_word' id='word_1_347' title='bbox 2978 3616 3195 3680; x_wconf 89' lang='lat' dir='ltr'><strong>contra</strong></span> 
     </span>
     <span class='ocr_line' id='line_1_38' title="bbox 473 3700 3192 3786; baseline -0.001 -16"><span class='ocrx_word' id='word_1_348' title='bbox 473 3701 946 3770; x_wconf 87' lang='lat' dir='ltr'><strong>consuetudines</strong></span> <span class='ocrx_word' id='word_1_349' title='bbox 991 3719 1200 3767; x_wconf 92' lang='lat' dir='ltr'><strong>eorum</strong></span> <span class='ocrx_word' id='word_1_350' title='bbox 1262 3701 1377 3767; x_wconf 90' lang='lat' dir='ltr'><strong>sub</strong></span> <span class='ocrx_word' id='word_1_351' title='bbox 1421 3701 1630 3785; x_wconf 87' lang='lat' dir='ltr'><strong>penis,</strong></span> <span class='ocrx_word' id='word_1_352' title='bbox 1693 3722 1813 3786; x_wconf 93' lang='lat' dir='ltr'>que</span> <span class='ocrx_word' id='word_1_353' title='bbox 1874 3702 2272 3769; x_wconf 89' lang='lat' dir='ltr'><strong>continentur</strong></span> <span class='ocrx_word' id='word_1_354' title='bbox 2327 3703 2393 3769; x_wconf 92' lang='lat' dir='ltr'>in</span> <span class='ocrx_word' id='word_1_355' title='bbox 2453 3704 2708 3770; x_wconf 87' lang='lat' dir='ltr'><strong>statutis</strong></span> <span class='ocrx_word' id='word_1_356' title='bbox 2765 3703 2895 3769; x_wconf 91' lang='lat' dir='ltr'><strong>suis</strong></span> <span class='ocrx_word' id='word_1_357' title='bbox 2939 3700 3192 3768; x_wconf 89' lang='lat' dir='ltr'><strong>ordina·</strong></span> 
     </span>
     <span class='ocr_line' id='line_1_39' title="bbox 474 3788 1940 3872; baseline -0.001 -14"><span class='ocrx_word' id='word_1_358' title='bbox 474 3792 704 3858; x_wconf 92' lang='lat' dir='ltr'><strong>mentis</strong></span> <span class='ocrx_word' id='word_1_359' title='bbox 750 3790 931 3855; x_wconf 88' lang='lat' dir='ltr'><strong>factis</strong></span> <span class='ocrx_word' id='word_1_360' title='bbox 973 3808 1154 3872; x_wconf 88' lang='lat' dir='ltr'><strong>super</strong></span> <span class='ocrx_word' id='word_1_361' title='bbox 1198 3788 1317 3854; x_wconf 90' lang='lat' dir='ltr'>hoc</span> <span class='ocrx_word' id='word_1_362' title='bbox 1361 3809 1468 3872; x_wconf 90' lang='lat' dir='ltr'>per</span> <span class='ocrx_word' id='word_1_363' title='bbox 1512 3789 1654 3856; x_wconf 91' lang='lat' dir='ltr'><strong>illos</strong></span> <span class='ocrx_word' id='word_1_364' title='bbox 1701 3790 1940 3857; x_wconf 89' lang='lat' dir='ltr'><strong>deinde.</strong></span> 
     </span>
    </p>

    <p class='ocr_par' dir='ltr' id='par_1_13' title="bbox 477 3875 3198 4226">
     <span class='ocr_line' id='line_1_40' title="bbox 684 3875 3196 3962; baseline -0 -19"><span class='ocrx_word' id='word_1_365' title='bbox 684 3878 855 3944; x_wconf 91' lang='lat' dir='ltr'>XVI.</span> <span class='ocrx_word' id='word_1_366' title='bbox 901 3878 1061 3943; x_wconf 90' lang='lat' dir='ltr'><strong>Item</strong></span> <span class='ocrx_word' id='word_1_367' title='bbox 1106 3875 1359 3942; x_wconf 88' lang='lat' dir='ltr'><strong>fuerunt</strong></span> <span class='ocrx_word' id='word_1_368' title='bbox 1401 3876 1593 3961; x_wconf 90' lang='lat' dir='ltr'><strong>aliqui</strong></span> <span class='ocrx_word' id='word_1_369' title='bbox 1638 3880 1927 3958; x_wconf 88' lang='grc'>16616163,</span> <span class='ocrx_word' id='word_1_370' title='bbox 1994 3878 2101 3961; x_wconf 90' lang='grc'>961</span> <span class='ocrx_word' id='word_1_371' title='bbox 2161 3878 2533 3962; x_wconf 88' lang='grc'>366111166163</span> <span class='ocrx_word' id='word_1_372' title='bbox 2592 3877 3054 3944; x_wconf 89' lang='grc'>161131116166616</span> <span class='ocrx_word' id='word_1_373' title='bbox 3099 3875 3196 3942; x_wconf 91' lang='lat' dir='ltr'>iu-</span> 
     </span>
     <span class='ocr_line' id='line_1_41' title="bbox 478 3965 3198 4043; baseline -0.002 -9"><span class='ocrx_word' id='word_1_374' title='bbox 478 3967 897 4034; x_wconf 84' lang='lat' dir='ltr'><strong>sticiariorum</strong></span> <span class='ocrx_word' id='word_1_375' title='bbox 943 3966 1105 4032; x_wconf 78' lang='lat' dir='ltr'><strong>terre</strong></span> <span class='ocrx_word' id='word_1_376' title='bbox 1167 3966 1239 4029; x_wconf 96' lang='lat' dir='ltr'><strong>de</strong></span> <span class='ocrx_word' id='word_1_377' title='bbox 1302 3966 1607 4031; x_wconf 87' lang='lat' dir='ltr'><strong>mensuris</strong></span> <span class='ocrx_word' id='word_1_378' title='bbox 1667 3965 2009 4043; x_wconf 85' lang='grc'>1631361113,</span> <span class='ocrx_word' id='word_1_379' title='bbox 2046 3968 2214 4032; x_wconf 83' lang='grc'>’6316</span> <span class='ocrx_word' id='word_1_380' title='bbox 2279 3967 2639 4033; x_wconf 84' lang='grc'>111161131616</span> <span class='ocrx_word' id='word_1_381' title='bbox 2684 3966 2751 4032; x_wconf 89' lang='grc'>61</span> <span class='ocrx_word' id='word_1_382' title='bbox 2793 3966 3068 4032; x_wconf 84' lang='lat' dir='ltr'><strong>officium</strong></span> <span class='ocrx_word' id='word_1_383' title='bbox 3133 3965 3198 4029; x_wconf 93' lang='grc'>16</span> 
     </span>
     <span class='ocr_line' id='line_1_42' title="bbox 477 4050 3190 4137; baseline -0.001 -16"><span class='ocrx_word' id='word_1_384' title='bbox 477 4074 659 4121; x_wconf 90' lang='lat' dir='ltr'><strong>suam</strong></span> <span class='ocrx_word' id='word_1_385' title='bbox 705 4052 1010 4119; x_wconf 85' lang='lat' dir='ltr'><strong>familiam</strong></span> <span class='ocrx_word' id='word_1_386' title='bbox 1054 4053 1509 4132; x_wconf 88' lang='lat' dir='ltr'><strong>converterunt,</strong></span> <span class='ocrx_word' id='word_1_387' title='bbox 1560 4054 1624 4119; x_wconf 91' lang='lat' dir='ltr'><strong>et</strong></span> <span class='ocrx_word' id='word_1_388' title='bbox 1667 4054 1775 4119; x_wconf 93' lang='lat' dir='ltr'>ubi</span> <span class='ocrx_word' id='word_1_389' title='bbox 1824 4055 2175 4120; x_wconf 87' lang='lat' dir='ltr'><strong>solvebatur</strong></span> <span class='ocrx_word' id='word_1_390' title='bbox 2219 4054 2577 4121; x_wconf 90' lang='lat' dir='ltr'><strong>iusticiariis</strong></span> <span class='ocrx_word' id='word_1_391' title='bbox 2622 4054 2801 4120; x_wconf 90' lang='lat' dir='ltr'><strong>solid.</strong></span> <span class='ocrx_word' id='word_1_392' title='bbox 2855 4056 2885 4117; x_wconf 93' lang='lat'>1</span> <span class='ocrx_word' id='word_1_393' title='bbox 2937 4070 3048 4137; x_wconf 88' lang='lat' dir='ltr'>pro</span> <span class='ocrx_word' id='word_1_394' title='bbox 3094 4050 3190 4117; x_wconf 87' lang='lat' dir='ltr'>fa·</span> 
     </span>
     <span class='ocr_line' id='line_1_43' title="bbox 478 4140 1497 4226; baseline -0.003 -18"><span class='ocrx_word' id='word_1_395' title='bbox 478 4143 675 4223; x_wconf 85' lang='lat' dir='ltr'><strong>milia,</strong></span> <span class='ocrx_word' id='word_1_396' title='bbox 722 4142 1111 4226; x_wconf 88' lang='lat' dir='ltr'><strong>accipiebant</strong></span> <span class='ocrx_word' id='word_1_397' title='bbox 1152 4158 1369 4224; x_wconf 88' lang='lat' dir='ltr'><strong>grosso</strong></span> <span class='ocrx_word' id='word_1_398' title='bbox 1413 4140 1497 4206; x_wconf 94' lang='lat' dir='ltr'>II.</span> 
     </span>
    </p>

    <p class='ocr_par' dir='ltr' id='par_1_14' title="bbox 476 4226 3203 4489">
     <span class='ocr_line' id='line_1_44' title="bbox 684 4226 3203 4313; baseline -0.002 -17"><span class='ocrx_word' id='word_1_399' title='bbox 684 4230 888 4296; x_wconf 90' lang='lat' dir='ltr'>XVII.</span> <span class='ocrx_word' id='word_1_400' title='bbox 932 4229 1096 4294; x_wconf 91' lang='lat' dir='ltr'><strong>Item</strong></span> <span class='ocrx_word' id='word_1_401' title='bbox 1137 4228 1808 4312; x_wconf 85' lang='grc'>161111366616,9116(1</span> <span class='ocrx_word' id='word_1_402' title='bbox 1854 4247 2036 4296; x_wconf 90' lang='lat' dir='ltr'><strong>nemo</strong></span> <span class='ocrx_word' id='word_1_403' title='bbox 2100 4229 2414 4313; x_wconf 88' lang='lat' dir='ltr'><strong>terrigena</strong></span> <span class='ocrx_word' id='word_1_404' title='bbox 2457 4227 2557 4295; x_wconf 87' lang='lat' dir='ltr'><strong>vel</strong></span> <span class='ocrx_word' id='word_1_405' title='bbox 2613 4228 2876 4294; x_wconf 81' lang='lat' dir='ltr'><strong>forensis</strong></span> <span class='ocrx_word' id='word_1_406' title='bbox 2944 4226 3203 4294; x_wconf 88' lang='lat' dir='ltr'><strong>auderet</strong></span> 
     </span>
     <span class='ocr_line' id='line_1_45' title="bbox 477 4313 3198 4397; baseline -0 -16"><span class='ocrx_word' id='word_1_407' title='bbox 477 4316 739 4382; x_wconf 86' lang='lat' dir='ltr'><strong>vendere</strong></span> <span class='ocrx_word' id='word_1_408' title='bbox 786 4316 997 4381; x_wconf 91' lang='lat' dir='ltr'><strong>vinum</strong></span> <span class='ocrx_word' id='word_1_409' title='bbox 1044 4314 1123 4381; x_wconf 90' lang='lat' dir='ltr'>ad</span> <span class='ocrx_word' id='word_1_410' title='bbox 1169 4316 1515 4397; x_wconf 89' lang='lat' dir='ltr'><strong>tabernam,</strong></span> <span class='ocrx_word' id='word_1_411' title='bbox 1562 4317 1754 4382; x_wconf 92' lang='lat' dir='ltr'><strong>donec</strong></span> <span class='ocrx_word' id='word_1_412' title='bbox 1798 4316 2040 4382; x_wconf 80' lang='lat' dir='ltr'><strong>familia</strong></span> <span class='ocrx_word' id='word_1_413' title='bbox 2083 4318 2332 4383; x_wconf 87' lang='lat' dir='ltr'><strong>comitis</strong></span> <span class='ocrx_word' id='word_1_414' title='bbox 2380 4315 3000 4383; x_wconf 86' lang='grc'>1161131611333161163</span> <span class='ocrx_word' id='word_1_415' title='bbox 3049 4313 3198 4395; x_wconf 86' lang='lat' dir='ltr'><strong>vini,</strong></span> 
     </span>
     <span class='ocr_line' id='line_1_46' title="bbox 476 4402 2705 4489; baseline 0 -21"><span class='ocrx_word' id='word_1_416' title='bbox 476 4402 835 4487; x_wconf 87' lang='lat' dir='ltr'><strong>accipiendo</strong></span> <span class='ocrx_word' id='word_1_417' title='bbox 883 4421 993 4486; x_wconf 90' lang='lat' dir='ltr'>pro</span> <span class='ocrx_word' id='word_1_418' title='bbox 1039 4404 1276 4470; x_wconf 77' lang='lat' dir='ltr'><strong>va‘xello</strong></span> <span class='ocrx_word' id='word_1_419' title='bbox 1321 4405 1609 4487; x_wconf 90' lang='lat' dir='ltr'><strong>parvulos</strong></span> <span class='ocrx_word' id='word_1_420' title='bbox 1654 4405 1763 4485; x_wconf 92' lang='lat' dir='ltr'>IV,</span> <span class='ocrx_word' id='word_1_421' title='bbox 1814 4407 1972 4487; x_wconf 90' lang='lat' dir='ltr'><strong>quod</strong></span> <span class='ocrx_word' id='word_1_422' title='bbox 2018 4406 2161 4470; x_wconf 91' lang='lat' dir='ltr'><strong>ante</strong></span> <span class='ocrx_word' id='word_1_423' title='bbox 2202 4423 2516 4489; x_wconf 88' lang='grc'>66696316</span> <span class='ocrx_word' id='word_1_424' title='bbox 2565 4403 2705 4470; x_wconf 91' lang='lat' dir='ltr'><strong>fuit.</strong></span> 
     </span>
    </p>

    <p class='ocr_par' dir='ltr' id='par_1_15' title="bbox 476 4488 3197 4662">
     <span class='ocr_line' id='line_1_47' title="bbox 686 4488 3197 4576; baseline 0 -22"><span class='ocrx_word' id='word_1_425' title='bbox 686 4489 920 4555; x_wconf 89' lang='lat' dir='ltr'>XVHI.</span> <span class='ocrx_word' id='word_1_426' title='bbox 966 4492 1125 4555; x_wconf 90' lang='lat' dir='ltr'><strong>Item</strong></span> <span class='ocrx_word' id='word_1_427' title='bbox 1171 4490 1293 4557; x_wconf 87' lang='lat' dir='ltr'><strong>fuit</strong></span> <span class='ocrx_word' id='word_1_428' title='bbox 1332 4492 1602 4558; x_wconf 89' lang='lat' dir='ltr'><strong>bannum</strong></span> <span class='ocrx_word' id='word_1_429' title='bbox 1649 4492 1914 4571; x_wconf 90' lang='lat' dir='ltr'><strong>comitis,</strong></span> <span class='ocrx_word' id='word_1_430' title='bbox 1971 4491 2132 4576; x_wconf 92' lang='lat' dir='ltr'><strong>quod</strong></span> <span class='ocrx_word' id='word_1_431' title='bbox 2177 4492 2423 4558; x_wconf 89' lang='lat' dir='ltr'><strong>nullum</strong></span> <span class='ocrx_word' id='word_1_432' title='bbox 2464 4493 2676 4558; x_wconf 87' lang='grc'>116616</span> <span class='ocrx_word' id='word_1_433' title='bbox 2719 4492 2977 4557; x_wconf 90' lang='lat' dir='ltr'><strong>auderet</strong></span> <span class='ocrx_word' id='word_1_434' title='bbox 3016 4488 3197 4556; x_wconf 87' lang='lat' dir='ltr'><strong>vendi</strong></span> 
     </span>
     <span class='ocr_line' id='line_1_48' title="bbox 476 4575 3195 4662; baseline 0 -21"><span class='ocrx_word' id='word_1_435' title='bbox 476 4575 599 4642; x_wconf 88' lang='lat' dir='ltr'><strong>nisi</strong></span> <span class='ocrx_word' id='word_1_436' title='bbox 644 4577 707 4642; x_wconf 90' lang='grc'>16</span> <span class='ocrx_word' id='word_1_437' title='bbox 752 4594 875 4641; x_wconf 91' lang='grc'>663</span> <span class='ocrx_word' id='word_1_438' title='bbox 913 4578 1187 4657; x_wconf 88' lang='lat' dir='ltr'><strong>taberna,</strong></span> <span class='ocrx_word' id='word_1_439' title='bbox 1234 4598 1352 4661; x_wconf 89' lang='lat' dir='ltr'>que</span> <span class='ocrx_word' id='word_1_440' title='bbox 1397 4597 1531 4645; x_wconf 90' lang='lat' dir='ltr'><strong>esse</strong></span> <span class='ocrx_word' id='word_1_441' title='bbox 1577 4579 1899 4646; x_wconf 87' lang='lat' dir='ltr'><strong>dicebatur</strong></span> <span class='ocrx_word' id='word_1_442' title='bbox 1961 4580 2240 4657; x_wconf 69' lang='lat' dir='ltr'><strong>comitis,</strong></span> <span class='ocrx_word' id='word_1_443' title='bbox 2298 4581 2416 4646; x_wconf 87' lang='lat' dir='ltr'>hoc</span> <span class='ocrx_word' id='word_1_444' title='bbox 2479 4597 2799 4662; x_wconf 91' lang='lat' dir='ltr'><strong>nunquam</strong></span> <span class='ocrx_word' id='word_1_445' title='bbox 2858 4577 2984 4644; x_wconf 83' lang='lat' dir='ltr'><strong>fuit</strong></span> <span class='ocrx_word' id='word_1_446' title='bbox 3030 4579 3195 4642; x_wconf 89' lang='lat' dir='ltr'><strong>ante.</strong></span> 
     </span>
    </p>

    <p class='ocr_par' dir='ltr' id='par_1_16' title="bbox 473 4662 3189 4838">
     <span class='ocr_line' id='line_1_49' title="bbox 687 4662 3189 4751; baseline -0 -22"><span class='ocrx_word' id='word_1_447' title='bbox 687 4662 884 4747; x_wconf 90' lang='lat' dir='ltr'><strong>Super</strong></span> <span class='ocrx_word' id='word_1_448' title='bbox 928 4663 1050 4729; x_wconf 90' lang='grc'>11113</span> <span class='ocrx_word' id='word_1_449' title='bbox 1094 4666 1382 4749; x_wconf 89' lang='lat' dir='ltr'><strong>capitulis</strong></span> <span class='ocrx_word' id='word_1_450' title='bbox 1405 4667 1735 4732; x_wconf 88' lang='lat' dir='ltr'><strong>mandetur</strong></span> <span class='ocrx_word' id='word_1_451' title='bbox 1778 4668 2140 4749; x_wconf 86' lang='lat' dir='ltr'><strong>rectoribus,</strong></span> <span class='ocrx_word' id='word_1_452' title='bbox 2188 4668 2351 4751; x_wconf 92' lang='lat' dir='ltr'><strong>quod</strong></span> <span class='ocrx_word' id='word_1_453' title='bbox 2395 4667 2767 4751; x_wconf 79' lang='lat' dir='ltr'><strong>permittant</strong></span> <span class='ocrx_word' id='word_1_454' title='bbox 2814 4663 3189 4731; x_wconf 89' lang='lat' dir='ltr'><strong>iusticiarios</strong></span> 
     </span>
     <span class='ocr_line' id='line_1_50' title="bbox 473 4750 3179 4838; baseline -0.001 -19"><span class='ocrx_word' id='word_1_455' title='bbox 473 4770 583 4819; x_wconf 88' lang='lat' dir='ltr'><strong>seu</strong></span> <span class='ocrx_word' id='word_1_456' title='bbox 636 4750 791 4818; x_wconf 89' lang='lat' dir='ltr'><strong>alios</strong></span> <span class='ocrx_word' id='word_1_457' title='bbox 848 4750 1141 4818; x_wconf 83' lang='lat' dir='ltr'><strong>officiales</strong></span> <span class='ocrx_word' id='word_1_458' title='bbox 1202 4753 1530 4837; x_wconf 86' lang='lat' dir='ltr'><strong>deputatos</strong></span> <span class='ocrx_word' id='word_1_459' title='bbox 1586 4774 1697 4838; x_wconf 91' lang='lat' dir='ltr'>per</span> <span class='ocrx_word' id='word_1_460' title='bbox 1758 4757 1991 4822; x_wconf 90' lang='lat' dir='ltr'><strong>terram</strong></span> <span class='ocrx_word' id='word_1_461' title='bbox 2058 4773 2336 4822; x_wconf 84' lang='lat' dir='ltr'><strong>exercere</strong></span> <span class='ocrx_word' id='word_1_462' title='bbox 2399 4754 2674 4821; x_wconf 79' lang='lat' dir='ltr'><strong>officium</strong></span> <span class='ocrx_word' id='word_1_463' title='bbox 2734 4772 2924 4820; x_wconf 90' lang='lat' dir='ltr'><strong>suum</strong></span> <span class='ocrx_word' id='word_1_464' title='bbox 2986 4753 3179 4819; x_wconf 90' lang='lat' dir='ltr'><strong>libere</strong></span> 
     </span>
    </p>
   </div>
  </div>
 </body>
</html>
