3620 5282
518 372 598 435 14

714 543 818 609 Ad
865 545 1173 625 quartum,
1222 543 1377 625 quod
1426 546 1554 608 est:
1602 550 1807 609 utrum
1859 563 1965 627 pro
2000 544 2388 623 animalibus,
2431 563 2545 629 que
2589 536 2663 608 de
2711 545 2995 628 partibus
3047 545 3218 610 Scla-

513 634 688 699 vonie
735 632 1209 697 conducerentur
1258 633 1548 696 Venetias
1598 631 1690 696 vel
1731 633 1887 707 alio,
1951 635 2013 697 et
2057 652 2172 714 que
2235 633 2764 697 discaricabuntur
2809 633 2868 697 in
2918 632 3208 697 districtu

511 722 695 787 Jadre
742 739 849 802 pro
896 720 1264 803 pabulando,
1313 721 1468 785 solvi
1515 720 1776 784 debeant
1823 720 2155 785 secuudum
2188 721 2689 787 consuetudinem
2722 722 3039 805 antiquam
3074 739 3216 803 par-

514 810 639 873 vuli
687 807 813 873 XII
859 827 966 891 pro
1014 808 1287 890 quolibet
1334 808 1568 891 capite;
1637 808 2090 891 respondeatur,
2140 809 2299 891 quod
2347 828 2506 887 cum,
2572 814 2640 872 ut
2686 809 2902 874 scribit
2939 810 3095 892 ipse,
3147 810 3220 873 de

513 896 950 962 consuetudine
999 896 1202 972 fuerit,
1244 899 1402 979 quod
1451 896 1846 960 solvebantur
1890 897 2040 960 dicti
2090 897 2320 960 denarii
2365 897 2486 961 XII
2534 915 2640 979 pro
2690 898 2964 980 quolibet
2993 897 3218 979 capite,

514 986 798 1050 volumus
846 990 909 1049 et
949 986 1218 1068 presenti
1267 988 1502 1048 statuto
1538 986 1937 1063 decernimus,
1988 986 2146 1067 quod
2173 986 2512 1067 accipiatur
2558 991 2621 1049 et
2658 986 2935 1065 exigatur
2983 986 3220 1049 dictum

513 1076 757 1139 dacium
802 1072 1040 1156 parvuli
1089 1073 1207 1136 XII
1255 1091 1359 1154 pro
1405 1072 1677 1154 quolibet
1724 1073 1922 1155 capite
1971 1073 2331 1141 animalium
2375 1073 2823 1157 predictorum,
2871 1074 3033 1156 quod
3078 1093 3217 1156 per-

519 1164 720 1229 veniat
762 1162 824 1226 in
872 1165 1149 1224 nostrum
1185 1180 1524 1239 commune,
1574 1163 1644 1225 ut
1688 1163 1892 1225 cetera
1936 1160 2128 1226 dacia.

734 1250 831 1314 Ad
879 1250 1159 1331 quintum
1210 1250 1482 1327 dubium,
1532 1248 1690 1331 quod
1734 1252 1848 1327 est,
1899 1251 2105 1313 utrum
2153 1268 2259 1331 pro
2305 1249 2684 1332 quibuslibet
2740 1248 2937 1332 porcis
2984 1249 3220 1313 intran-

513 1339 681 1404 tibus
723 1337 1001 1413 Jadram,
1053 1338 1152 1419 qui
1203 1338 1564 1401 salabuntur
1602 1356 1707 1419 pro
1756 1337 2081 1402 deferendo
2132 1338 2450 1416 VeneciaS,
2500 1338 2652 1404 solvi
2697 1338 2960 1402 debeant
3004 1337 3082 1400 ad
3129 1338 3224 1401 in-

518 1426 773 1492 troitum
822 1425 1003 1489 solidi
1049 1425 1199 1488 VIII
1250 1444 1613 1507 parvorum,
1682 1427 1751 1490 ut
1810 1426 1872 1489 in
1938 1425 2247 1490 ordinibus
2307 1427 2687 1503 continetur;
2755 1425 3219 1508 respondeatur,

514 1515 673 1598 quod
721 1532 830 1597 pro
878 1513 1163 1578 evitando
1207 1531 1449 1578 omnem
1514 1514 1792 1578 fraudem
1857 1514 1919 1577 et
1982 1514 2325 1591 malitiam,
2384 1514 2492 1597 qui
2539 1516 2602 1578 et
2647 1532 2760 1596 que
2809 1515 2871 1578 in
2917 1514 3034 1577 hoc
3080 1532 3222 1578 casu

420 1632 421 1635 ¹
514 1605 723 1687 posset
764 1602 1092 1679 committi,
1144 1601 1423 1666 volumus
1471 1604 1534 1666 et
1579 1602 1693 1665 hae
1739 1601 2153 1666 declaratione
2180 1603 2507 1681 sancimus,
2554 1602 2715 1684 quod
2763 1603 2894 1666 tam
2943 1620 3051 1684 pro
3086 1622 3222 1683 pre-

515 1693 695 1756 dictis
742 1691 956 1774 porcis,
1004 1687 1237 1754 scilicet
1282 1709 1390 1772 pro
1436 1691 1657 1754 exteris
1704 1693 1765 1755 et
1789 1689 2050 1755 Jadram
2077 1690 2449 1755 intrantibus
2482 1692 2800 1755 solvantur
2847 1690 3029 1755 solidi
3063 1691 3211 1755 VIII

513 1798 840 1863 parvorum
889 1797 996 1860 pro
1044 1779 1320 1860 quolibet
1367 1779 1715 1842 eorundem.

600 1870 758 1931 Scor.
805 1886 958 1930 cone.
1005 1873 1189 1943 νομαί.
1235 1871 1332 1928 lib.
1378 1868 1453 1927 A.
1501 1870 1603 1940 83,
1642 1887 1683 1928 u
1725 1870 1940 1929 arkivu
1982 1870 2340 1929 mleiackom.

931 2059 1258 2141 XVIII.
1313 2058 1517 2142 God.
1572 2059 1791 2142 1347.
1849 2061 1954 2144 24
2007 2062 2332 2162 srpnja,
2387 2083 2448 2142 u
2501 2059 2807 2142 Zadru.

517 2189 833 2263 Odrecb‘uje
877 2204 939 2246 se
985 2187 1136 2245 daca
1179 2203 1262 2244 na
1291 2187 1394 2256 sol,
1434 2187 1571 2258 koja
1611 2204 1672 2245 se
1730 2187 1938 2247 ἱευαέα
1983 2189 2040 2247 iz
2087 2189 2255 2261 Paya
2299 2189 2322 2243 i
2374 2187 2614 2258 Zadra,·
2681 2206 2719 2246 a
2779 2187 3016 2245 brodovi
3061 2187 3223 2245 dola-

1019 2275 1138 2335 zeci
1177 2293 1216 2332 u
1256 2275 1556 2334 zadarsku
1616 2275 1765 2334 luku
1809 2278 1963 2334 nelca
2008 2276 2199 2336 obicni
2243 2280 2440 2334 namet
2484 2276 2721 2349 inplate.

731 2396 918 2460 1347.
964 2394 1062 2459 die
1109 2391 1328 2458 XXIV
1371 2393 1528 2473 iulii,
1578 2396 1789 2477 capta:
1853 2415 1994 2461 cum
2039 2414 2358 2461 commune
2404 2398 2684 2460 nostrum
2732 2396 2950 2460 subeat
2994 2395 3225 2460 multas

515 2504 808 2569 expensas
854 2503 962 2567 pro
1002 2482 1186 2547 factis
1230 2481 1440 2560 Jadre,
1491 2487 1560 2548 ut
1605 2487 1820 2548 notum
1869 2486 1965 2548 est
2025 2485 2340 2559 omnibuS,
2390 2485 2455 2548 et
2499 2483 2863 2549 conveniens
2931 2484 3014 2550 sit
3059 2485 3227 2549 inve-

519 2575 651 2639 nire
715 2574 964 2638 modum
1025 2575 1088 2635 et
1152 2570 1349 2649 viam,
1412 2570 1472 2634 in
1522 2576 1818 2654 quantum
1878 2574 2131 2638 honeste
2201 2573 2333 2637 fieri
2377 2574 2600 2655 potest,
2664 2592 2770 2655 per
2815 2592 2995 2656 quem
3034 2572 3230 2655 possit

410 2711 417 2719 .
516 2664 709 2729 tantis
755 2666 820 2727 et
869 2664 963 2726 tot
1009 2661 1287 2743 expensis
1335 2658 1688 2742 aliqualiter
1730 2662 2074 2727 subveniri:
2147 2661 2316 2725 vadit
2359 2680 2535 2744 pars,
2585 2662 2746 2743 quod
2817 2662 3009 2726 totius
3058 2661 3226 2741 saliS,

516 2751 619 2835 qui
672 2751 1024 2815 extrahetur
1085 2749 1157 2813 de
1206 2748 1373 2830 Pago
1420 2752 1483 2813 et
1529 2749 1658 2812 eius
1716 2749 2003 2815 districtu
2066 2769 2174 2833 per
2218 2749 2468 2813 modum
2528 2749 2857 2832 emptionis
2904 2751 2968 2814 et
3013 2769 3229 2832 quem-

513 2859 773 2923 cumque
822 2839 1015 2902 alium
1062 2837 1347 2911 modum,
1411 2856 1518 2919 per
1564 2856 1986 2921 quamcunque
2044 2856 2369 2922 personam
2429 2839 2849 2921 undecumque
2897 2839 2960 2903 et
3008 2839 3216 2903 cuius-

519 2946 757 3010 cunque
803 2925 1166 2992 conditionis
1211 2925 1452 3002 existat,
1498 2927 1818 2990 solvantur
1875 2947 1983 3009 per
2043 2930 2386 3009 emptorem
2447 2925 2545 2990 vel
2606 2928 3011 2991 extractorem
3073 2927 3224 2991 salis

517 3015 780 3098 predicti
821 3024 930 3097 pro
958 3014 1228 3097 quolibet
1262 3015 1608 3078 centenario
1642 3015 1983 3079 modiorum
2015 3015 2220 3080 ducati
2254 3016 2516 3097 quinque
2548 3015 2700 3095 auri,
2753 3017 2857 3097 qui
2897 3015 3224 3098 exigantur

515 3107 582 3169 et
625 3103 999 3185 recipiantur
1060 3102 1301 3166 nomine
1363 3102 1557 3165 nostri
1617 3102 1961 3168 communis
2022 3123 2129 3185 per
2186 3103 2557 3167 camerarios
2619 3105 2859 3167 nostros
2903 3103 3094 3186 Pagi;
3166 3104 3229 3166 et

518 3192 948 3256 committatur
995 3191 1206 3254 comiti
1255 3192 1319 3252 et
1358 3191 1711 3255 camerariis
1758 3192 1935 3273 Pagi,
1985 3193 2141 3274 quod
2207 3192 2569 3273 provideant
2633 3190 2884 3272 proinde
2932 3210 3039 3273 per
3081 3190 3224 3254 illos

517 3279 752 3358 modos,
801 3279 905 3362 qui
952 3278 1070 3342 sibi
1118 3277 1213 3343 vel
1257 3276 1469 3343 maiori
1513 3279 1676 3362 parti
1725 3279 2124 3357 videbuntur,
2188 3279 2552 3362 imponendo
2601 3282 2665 3343 et
2711 3279 3035 3343 statuendo
3082 3278 3223 3341 illas

518 3387 726 3451 penas,
758 3369 925 3449 ‘quas
975 3366 1239 3431 viderint
1302 3371 1672 3449 opportunas
1731 3387 1842 3450 pro
1890 3368 2223 3446 obviand0,
2286 3388 2361 3432 ne
2421 3367 2665 3430 dacium
2725 3367 3068 3449 predictum
3112 3385 3222 3450 per

517 3455 756 3539 aliquos
804 3455 1212 3520 defraudetur.

731 3544 891 3608 Item
941 3542 1097 3625 quod
1145 3541 1336 3606 totius
1384 3543 1553 3622 salis,
1604 3543 1707 3626 qui
1755 3544 2108 3608 extrahetur
2154 3545 2226 3608 de
2259 3541 2453 3608 Jadra
2486 3543 2551 3606 et
2583 3543 2877 3607 comitatu
2924 3562 3031 3623 per
3055 3561 3224 3606 mare

519 3652 627 3715 per
674 3651 1099 3715 quamcunque
1161 3649 1515 3713 personam,
1578 3631 1994 3715 undecunque,
2059 3633 2468 3712 cuiuscunque
2538 3629 2905 3695 conditionis
2969 3632 3219 3712 existat,

517 3721 834 3786 solvantur
877 3740 984 3802 per
1029 3722 1372 3802 emptorem
1419 3719 1516 3784 vel
1562 3723 1903 3785 exactorem
1949 3719 2096 3784 salis
2143 3720 2398 3803 predicti
2459 3738 2565 3801 pro
2620 3719 2893 3801 quolibet
2938 3725 3226 3784 centena-

517 3810 606 3875 rio
650 3809 994 3873 modiorum
1041 3807 1250 3871 ducati
1296 3808 1351 3871 V
1396 3807 1550 3886 auri,
1612 3809 1714 3890 qui
1759 3810 2079 3890 exigantur
2146 3811 2210 3873 et
2268 3806 2643 3889 recipiantur
2689 3826 2796 3890 per
2855 3810 3225 3874 camerarios

516 3901 758 3962 nostros
804 3897 991 3964 Jadre
1052 3897 1296 3961 nomine
1358 3897 1548 3960 nostri
1610 3896 1986 3972 communis;
2058 3897 2121 3960 et
2178 3915 2382 3960 comes
2446 3897 2509 3960 et
2567 3896 2902 3961 consiliarii
2962 3898 3229 3963 habeant

514 3986 869 4052 libertatem
917 4004 1025 4068 per
1072 3984 1360 4049 maiorem
1410 3986 1648 4066 partem
1692 4002 1900 4047 eorum
1946 3983 2293 4065 imponendi
2340 4004 2560 4066 penam
2596 3986 2659 4050 et
2689 4005 2898 4067 penaS,
2949 3989 3014 4051 et
3044 3987 3228 4051 aliter

515 4074 893 4157 providendi,
938 4092 1011 4137 ne
1058 4074 1289 4138 datium
1338 4072 1678 4156 predictum
1726 4091 1834 4154 per
1892 4071 2128 4155 aliquos
2192 4072 2606 4138 defraudetur.
2654 4073 2739 4136 47
2785 4076 2856 4140 de
2902 4078 3103 4158 parte,
3153 4076 3226 4140 de

519 4181 639 4226 non
694 4163 788 4242 17,
836 4180 955 4226 non
1002 4162 1224 4227 sinceri
1262 4162 1324 4226 5.

728 4249 956 4333 Capta:
1000 4269 1141 4314 cum
1190 4249 1507 4314 multoties
1555 4248 1800 4332 navigia
1848 4247 2290 4315 forinsecorum
2336 4250 2572 4315 intrent
2617 4253 2863 4332 portum
2911 4252 3118 4331 Jadre,
3167 4256 3231 4318 et

521 4338 595 4403 de
633 4337 1070 4404 consuetudine
1103 4357 1344 4420 semper
1378 4338 1671 4406 solrerint
1703 4338 2113 4403 arboraticam
2140 4361 2154 4401 :
2206 4338 2372 4403 vadit
2404 4358 2564 4421 pare,
2614 4342 2774 4422 quod
2807 4341 3229 4426 quodcumque

516 4427 830 4510 navigium
870 4426 1123 4491 intrabit
1145 4427 1219 4490 de
1254 4430 1456 4491 cetero
1489 4430 1732 4509 portum
1768 4427 1974 4505 Jadre,
2015 4427 2212 4491 solvat
2242 4428 2618 4492 arboratium
2662 4429 2995 4494 secundum
3031 4448 3231 4507 usum,

521 4515 790 4598 exceptis
836 4514 1095 4598 navigiis
1144 4516 1534 4593 Venetorum,
1585 4535 1701 4598 que
1765 4516 1842 4578 ad
1891 4514 2255 4580 solutionem
2305 4517 2451 4580 dicti
2516 4517 2816 4582 arboratii
2879 4517 3228 4582 nullatenus

519 4605 863 4669 teneantur.
911 4602 1003 4666 De
1051 4621 1169 4666 non
1217 4600 1276 4678 8,
1326 4621 1445 4666 non
1494 4603 1716 4667 sinceri
1763 4604 1821 4680 2,
1864 4603 2082 4685 reliqui
2130 4605 2201 4668 de
2241 4610 2436 4687 parte.

603 4694 760 4756 Scor.
800 4710 955 4754 cons.
1000 4696 1184 4767 rogat.
1224 4692 1299 4752 A.
1346 4695 1448 4764 83,
1494 4712 1536 4752 u
1582 4694 1797 4753 arkivu
1833 4694 2190 4754 mletac‘kom.
