3620 5282
3045 382 3176 447 429

752 563 1215 645 LXXXIX.
1269 561 1482 645 God.
1540 563 1760 645 1291.
1817 562 1924 645 24
1977 562 2320 664 ozujka‚
2371 584 2434 644 u
2488 560 2878 643 Mletcih.

451 687 798 763 Zapovicda
828 705 889 748 se
936 691 1125 750 knezu
1168 688 1584 757 undar-skama,
1621 689 1703 747 da
1733 689 1992 748 oboruia
2039 690 2197 762 svoje
2244 689 2490 748 brodove
2537 705 2611 747 za
2651 689 2859 746 miesco
2889 687 3054 746 dana
3094 704 3179 745 πα

448 778 680 838 obranu
727 777 1042 847 dolazecih,
1091 795 1129 836 a
1168 778 1429 835 Mar-inu
1476 776 1744 851 Albona,
1796 777 1877 835 da
1922 777 2137 836 odnese
2184 778 2389 836 listovc
2436 795 2477 835 u
2522 775 2746 845 Zadar,
2794 779 2847 833 te
2884 777 3066 834 satim
3098 776 3179 834 da

1470 882 1533 924 se
1576 882 1619 923 u
1665 865 1889 924 Mletke
1915 867 2177 938 pomata:

479 1023 484 1027 .
669 965 860 1032 1291.
925 966 1010 1030 24
1077 967 1306 1031 martii.
1370 964 1693 1031 Scribatur
1754 966 1969 1031 comiti
2032 967 2241 1045 Jadre‚
2305 967 2468 1049 quod
2507 984 2748 1031 armare
2790 965 3012 1030 debeat
3060 985 3170 1048 per

447 1072 728 1120 mensem
794 1073 986 1118 unum
1033 1071 1143 1137 pro
1194 1054 1476 1119 custodia
1506 1057 1570 1119 et
1603 1056 1935 1120 securitate
1981 1054 2249 1134 illorum,
2299 1056 2404 1139 qui
2452 1054 2853 1137 expectantur
2899 1052 3076 1118 modo
3115 1054 3179 1116 iu

450 1142 572 1207 isto
622 1143 923 1224 tempore,
990 1143 1092 1226 qui
1158 1142 1426 1207 debeant
1483 1145 1648 1207 stare
1713 1160 1751 1206 a
1804 1141 1998 1207 Jadra
2034 1142 2236 1217 ultra;
2299 1143 2470 1207 salvo
2515 1141 2675 1223 quod
2712 1160 2830 1206 non
2878 1141 3179 1205 haberent

450 1247 625 1308 nova,
677 1231 835 1311 quod
884 1230 1057 1312 ligna
1102 1229 1498 1295 inimicorum
1558 1230 1891 1295 rediissent
1959 1232 2148 1295 retro,
2215 1230 2297 1295 Et
2363 1230 2531 1293 dicta
2578 1230 2818 1293 armata
2864 1230 2949 1293 sit
2995 1228 3174 1312 galea

451 1335 571 1381 una
617 1320 684 1381 et
728 1317 899 1398 ligna
945 1319 1061 1382 duo
1107 1319 1360 1383 maiora.

665 1405 964 1470 Mittatur
1011 1405 1196 1469 barca
1241 1424 1363 1470 nna
1410 1405 1651 1471 Marino
1696 1405 1980 1484 Alberto‚
2030 1405 2442 1488 precipiendo,
2492 1405 2650 1487 quod
2702 1403 2894 1469 vadat
2923 1402 3178 1468 Jadram

448 1508 593 1556 cum
638 1490 873 1557 litteris
920 1494 1166 1571 nostriS‚
1217 1495 1280 1558 et
1326 1495 1540 1558 redeat
1585 1495 1723 1559 iude
1771 1493 2147 1576 quamcitius
2181 1495 2404 1576 potest,
2442 1494 2507 1558 et
2544 1492 2849 1557 conducat
2877 1492 3175 1555 navilium

452 1581 739 1644 nostrum
788 1580 863 1644 de
913 1580 1107 1646 Jadra
1137 1581 1494 1646 Veneciam.

541 1670 888 1746 Reyistrum
938 1673 1084 1742 118,
1133 1690 1174 1731 u
1218 1673 1373 1731 mlct.
1421 1674 1654 1733 arkivu.

902 1857 1067 1942 XC.
1113 1859 1315 1944 God.
1371 1861 1583 1946 1291.
1636 1861 1744 1944 30
1799 1862 2174 1963 travnja,
2226 1882 2287 1943 u
2337 1859 2773 1943 Mletclh.'

1132 1970 1382 2046 Trqovci
1424 1971 1697 2031 mletac'ki
1742 1972 1898 2030 nelca
1933 1972 1990 2030 iz
2034 1971 2218 2029 Rielce
2263 1971 2491 2043 izadju.

676 2079 863 2143 1291.
912 2080 998 2145 30
1046 2082 1282 2164 aprilis.
1348 2082 1736 2165 Precipiatnr
1784 2081 2237 2146 mercatoribus
2291 2082 2538 2157 nostrie,
2587 2079 2690 2163 qui
2736 2080 2882 2143 sunt
2926 2078 2988 2141 in
3035 2097 3177 2161 par-

453 2168 620 2232 tibus
667 2166 998 2246 Fluminis,
1046 2170 1207 2250 quod
1270 2172 1490 2235 exeant
1559 2170 1698 2235 inde
1763 2189 1958 2252 usque
2022 2170 2131 2234 ad·
2162 2205 2175 2218 ·
2205 2203 2220 2217 ·
2296 2172 2362 2234 et
2423 2169 2534 2233 alii
2581 2186 2700 2231 non
2750 2168 2976 2233 vadant
3023 2166 3172 2231 illuc

457 2255 883 2421 (ῃῗεςξὲξνῗὲ
930 2348 1080 2408 133.
1120 2365 1164 2407 u
1210 2348 1364 2408 mlet.
1417 2350 1650 2411 arkivu.

925 2535 1125 2617 XCI.
1184 2533 1392 2619 God.
1448 2538 1667 2624 1291.
1723 2541 1775 2623 9
1833 2542 2159 2644 srpnja‚
2210 2563 2273 2623 u
2325 2539 2713 2623 Mletcih.

454 2658 733 2734 Poyodba
779 2677 998 2720 savena
1040 2663 1239 2736 medy’u
1284 2664 1579 2725 Μῖετόαηί
1623 2668 1647 2726 i
1692 2657 2054 2738 Padovdncess,
2103 2687 2144 2727 u
2205 2669 2363 2742 kojoj
2406 2685 2467 2727 sc
2512 2669 2606 2726 ovi
2651 2667 2932 2740 obvezua‘u
2966 2684 3176 2740 poma-

619 2747 750 2823 qati
791 2748 1093 2809 Mletcane
1137 2769 1180 2809 u
1226 2753 1438 2812 obrani
1485 2754 1693 2814 Zadra
1732 2756 1756 2813 i
1802 2757 2019 2831 druyih
2057 2756 2398 2816 ovostranih
2444 2755 2710 2829 njihovih
2731 2756 3000 2828 posjeda.

669 2850 854 2916 1291.
903 2851 942 2914 9
990 2852 1145 2919 iulii.
1214 2856 1527 2921 Firmetur
1585 2860 1904 2924 concordia
1949 2863 2012 2923 et
2060 2860 2323 2924 societas
2384 2858 2545 2922 inter
2585 2875 2696 2922 nos
2744 2860 2807 2922 et
2853 2858 3175 2922 Paduanos

458 2938 793 3002 secundum
836 2940 1111 3004 tenorem
1147 2943 1362 3025 scripti
1412 2964 1571 3010 nunc
1618 2948 1785 3026 lecti,
1833 2948 1993 3029 quod
2043 2948 2167 3011 tale
2214 2949 2311 3010 est
2353 2949 2471 3010 etc.
2522 2943 2726 3031 (Inter
2759 2953 2949 3022 pacta
2992 2951 3176 3009 istius

456 3029 800 3087 concordiae
845 3034 901 3088 et
945 3033 1245 3092 societatis
1291 3035 1396 3093 hoc
1442 3038 1619 3095 etiam
1664 3039 2034 3104 invenitur).·
2097 3035 2181 3100 Et
2231 3035 2390 3117 quod
2438 3052 2759 3098 commune
2808 3035 2871 3098 ct
2902 3034 3183 3099 homines

456 3111 666 3176 Padue
692 3117 1018 3178 teneantur
1042 3119 1105 3181 et
1136 3117 1400 3184 debeant
1425 3120 1653 3201 iuvare,
1704 3123 2046 3186 deffendere
2071 3125 2136 3187 et
2161 3126 2556 3186 manutenere
2603 3121 2919 3186 dominum
2965 3124 3182 3187 ducem

457 3202 520 3263 et
586 3218 911 3266 commune
963 3203 1359 3270 Venetiarum
1426 3209 1486 3272 in
1549 3209 1742 3275 Jadra
1803 3213 1869 3274 et
1932 3211 1992 3274 in
2058 3229 2167 3275 suo
2232 3210 2518 3274 districtu
2584 3212 2650 3274 et
2709 3228 2746 3273 a
2791 3209 2980 3275 Jadra
3026 3210 3184 3275 citra

461 3305 655 3387 usque
705 3288 997 3388 Venetias
1067 3294 1196 3357 toto
1255 3312 1465 3359 eorum
1532 3317 1705 3379 posse
1743 3301 1959 3363 contra
2005 3316 2252 3363 omnem
2300 3315 2644 3381 personam,
2685 3298 3013 3380 collegium
3062 3299 3178 3362 etc.

460 3392 521 3473 ln
571 3378 776 3454 terrm,
825 3377 1063 3443 ruribus
1110 3383 1174 3445 et
1211 3384 1725 3464 possessionibus,
1776 3405 1930 3468 quas
1995 3387 2281 3451 dominus
2331 3386 2454 3450 dux
2500 3388 2563 3451 et
2606 3403 2934 3451 commune
2981 3386 3180 3450 Vene-

458 3463 689 3526 trarum
735 3463 964 3529 habent
1009 3470 1072 3532 et
1117 3469 1432 3551 possident
1491 3472 1567 3536 ad
1632 3491 1884 3555 presens
1930 3492 2038 3538 seu
2084 3474 2260 3556 quasi
2310 3474 2646 3556 possident,
2695 3476 2760 3537 et
2804 3473 2882 3537 ad
2930 3491 3180 3554 recupe-

467 3549 750 3627 randum,
821 3554 875 3615 si
920 3571 1041 3634 qua
1086 3557 1161 3620 de
1208 3557 1502 3637 predictis
1550 3560 1885 3625 rebellaret
1931 3562 2028 3625 vel
2080 3562 2510 3637 amitteretur;
2573 3565 2635 3625 et
2678 3561 2731 3624 si
2770 3579 2889 3643 qua
2938 3559 3178 3624 novitas

462 3637 562 3737 vel
607 3655 945 3737 gravamen
990 3640 1165 3707 fieret
1209 3664 1318 3726 per
1379 3645 1625 3729 aliquod
1690 3666 2016 3713 commune
2090 3650 2190 3714 vel
2256 3649 2636 3732 singularem
2713 3665 3039 3729 personam
3084 3646 3182 3710 vel

457 3728 930 3825 universitatem
976 3730 1054 3794 ob
1100 3731 1256 3796 hanc
1302 3734 1666 3800 societatem
1714 3738 1929 3800 contra
1975 3736 2224 3819 aliquod
2292 3737 2712 3818 predictorum
2759 3733 3182 3800 communium

456 3828 563 3875 seu
608 3831 672 3911 in
721 3814 1126 3895 preiudicium
1184 3819 1464 3902 ipsorum
1554 3824 1984 3887 communium
2049 3825 2145 3887 vel
2207 3825 2465 3888 alterius
2513 3825 2806 3905 ipsorum,
2855 3840 2972 3905 que
3016 3840 3187 3884 com-

459 3917 673 3963 munia
703 3901 1030 3968 teneantur
1076 3907 1351 3971 vicissim
1397 3908 1474 3971 ad
1539 3910 1891 3975 faciendum
1941 3913 2240 3976 removeri
2289 3928 2358 3974 ex
2405 3911 2538 3974 toto
2583 3912 2815 3975 dictam
2848 3908 3183 3973 novitatem

458 4004 566 4083 seu
612 3990 975 4070 gravamina
1020 3996 1152 4059 toto
1200 4014 1309 4059 suo
1357 4014 1532 4076 posse
1596 4002 1726 4061 tam
1773 4017 1884 4080 per
1929 4002 2161 4063 terram
2210 4016 2394 4080 quam
2442 4017 2551 4079 per
2603 4015 2822 4079 aquam
2858 4018 2873 4071 ;
2913 3996 2976 4058 et
3024 3996 3187 4077 quod

460 4072 625 4138 dlcta
667 4079 1019 4143 communia
1065 4084 1393 4148 teneantur
1439 4086 1502 4147 et
1545 4085 1810 4150 debeant
1862 4105 1929 4150 se
1976 4086 2318 4151 adinvicem
2379 4086 2775 4149 manutenere
2820 4084 2883 4147 in
2931 4084 3188 4165 pacifico

460 4164 628 4225 statu
686 4165 1010 4246 tamquam
1080 4170 1224 4234 boni
1286 4170 1531 4249 fratres,
1615 4174 1767 4237 socii
1831 4175 1896 4237 et
1958 4174 2161 4248 amici,
2211 4173 2545 4238 secundum
2594 4173 2759 4254 quod
2805 4171 3043 4234 dictum
3090 4175 3187 4235 est

459 4265 662 4347 supra,
711 4255 777 4315 et
819 4254 980 4335 quod
1044 4258 1396 4341 solempnes
1464 4260 1898 4325 ambaxatores
1962 4261 2267 4326 dictorum
2329 4265 2755 4325 communium
2804 4258 3066 4323 debeant
3112 4259 3188 4321 ad

458 4354 664 4401 minus
708 4340 900 4403 semel
946 4342 1008 4408 in
1055 4364 1215 4411 anno
1263 4349 1583 4412 convenire
1630 4349 1694 4413 in
1746 4350 1877 4413 loco
1926 4349 2238 4414 communi
2287 4348 2365 4411 ad
2428 4346 2869 4430 providendum
2917 4347 2982 4411 et
3026 4346 3189 4410 ordi-

458 4423 747 4522 nandum,
794 4445 909 4509 que
978 4434 1210 4499 fuerint
1268 4439 1633 4517 opportuna,
1698 4436 1902 4514 utilia,
1967 4436 2314 4500 necessaria
2379 4454 2489 4516 pro
2551 4435 2711 4499 bono
2777 4448 2842 4498 et
2914 4433 3186 4498 utilitate

461 4509 765 4609 dictorum
811 4524 1253 4587 communium.
1334 4526 1417 4589 Et
1485 4523 1643 4605 quod
1716 4524 1888 4588 dicta
1934 4523 2198 4587 societas
2246 4524 2310 4588 et
2357 4522 2717 4587 fraternitas
2767 4525 2830 4585 et
2878 4521 3084 4586 omnia
3120 4521 3186 4582 et

461 4600 707 4682 smgula
749 4608 1107 4684 supradicta
1151 4608 1374 4677 durent
1422 4630 1612 4694 usque
1660 4611 1736 4673 ad
1786 4629 2005 4676 novem
2053 4609 2257 4674 annis.
2305 4610 2573 4674 Thomas
2605 4609 2853 4686 Viadro‚
2904 4607 3183 4673 Marinus

462 4684 846 4768 Μὸὓῖῡθθῦῡ»
895 4694 1169 4763 Jacobus
1214 4697 1493 4776 Barocci,
1544 4698 1863 4763 Rubertus
1911 4697 2254 4778 Theupulo‚
2302 4695 2578 4761 Jacobus
2624 4695 2883 4760 Pollani.

552 4775 766 4839 Maius
807 4778 1153 4849 Gon-silium.
1191 4785 1432 4850 Pilosus
1480 4792 1581 4859 10,
1627 4806 1670 4847 u
1715 4789 1869 4849 meet.
1915 4787 2152 4847 arkivu.
