3620 5282
476 318 608 383 426

688 498 1346 582 DLXXXVIII.
1400 498 1607 582 Gon.
1663 500 1906 583 1400.
1960 500 2059 583 21
2114 499 2424 602 111)an
2475 521 2537 581 u
2587 499 2984 581 Mletcih.

682 642 1043 722 Propositio,
1094 642 1250 725 quod
1302 643 1744 725 respondeatur
1790 641 2226 707 ambasciatori
2268 641 2504 707 domini
2549 639 2889 719 Avalonae,
2922 641 3031 723 qui
3062 640 3224 705 offe·

471 729 654 794 rebat
700 729 1078 811 reipublicae
1127 730 1260 794 loca
1307 731 1538 794 domini
1588 734 1682 795 sui
1756 731 1872 795 sub
1941 731 2309 805 conditione,
2396 732 2562 812 quod
2638 728 2776 811 ipsa
2855 726 3220 810 respublica

479 818 797 899 provideat
842 818 915 880 de
962 816 1093 899 ipso
1141 818 1390 882 domino
1438 820 1545 897 ita,
1616 821 1686 883 ut
1730 817 1930 901 possit
1974 836 2113 881 cum
2160 835 2272 881 sua
2317 816 2561 882 familia
2608 816 2936 881 honorifice
2983 815 3218 880 ducere

475 906 669 970 vitam
718 923 916 982 suam,
967 904 1130 987 quod
1179 924 1289 987 pro
1337 925 1498 970 nunc
1545 923 1664 969 uon
1714 908 1802 970 sit
1839 903 2142 989 possibile
2182 906 2432 987 propter
2480 904 2712 969 multas
2742 922 2964 969 causas
2999 906 3212 969 atten-

467 992 611 1056 dere
659 992 737 1055 ad
783 993 899 1056 hoc
946 990 1198 1071 factum,
1249 1012 1363 1057 non
1403 993 1660 1074 capitur,
1689 995 1795 1058 sed
1829 992 2246 1058 committitur
2291 991 2572 1075 collegio,
2622 993 2694 1056 ut
2742 991 2955 1056 mittat
3017 1009 3207 1056 unam

472 1081 570 1144 vel
617 1080 766 1143 duas
813 1097 1105 1160 personas
1152 1080 1228 1145 ad
1276 1081 1751 1145 examinandum
1802 1081 1941 1145 loca
1986 1082 2197 1145 omnia
2240 1079 2476 1145 domini
2529 1080 2862 1157 Avalonae,
2902 1078 3202 1144 introitus

472 1168 536 1230 et
582 1184 878 1249 expensas
927 1186 1162 1244 eorum,
1213 1169 1278 1232 et
1324 1170 1398 1232 de
1444 1169 1727 1232 omnibus
1773 1167 2084 1245 informet,
2132 1170 2203 1232 ut
2249 1169 2448 1250 possit
2492 1167 2787 1250 compleri
2817 1167 3073 1245 factum,
3107 1184 3212 1231 se-

470 1255 738 1318 cundum
789 1253 948 1336 quod
999 1255 1187 1320 fuerit
1234 1257 1467 1320 iustum
1518 1259 1583 1322 et
1629 1255 1784 1320 utile
1833 1255 2189 1338 reipublice.

555 1363 735 1422 Misti
785 1363 904 1423 XL
920 1364 984 1427 V.
1034 1366 1133 1442 19,
1175 1383 1217 1424 u
1260 1366 1415 1427 mlet.
1466 1367 1697 1425 arkivu.

737 1538 2016 1637 DLXXXIX.G011.1400.21
2075 1555 2388 1656 limus,
2437 1575 2499 1635 u
2553 1553 2943 1635 Mletcih.

468 1694 805 1754 ΝαόεΖη-ἰλτα
848 1695 1076 1756 ι’ᾱηόεηι
1124 1714 1165 1755 u
1211 1697 1418 1757 Lesku
1462 1697 1968 1847 donnacenoagoo
2013 1698 2243 1756 dulcata
2283 1712 2357 1756 za
2386 1696 2701 1774 popravak
2731 1696 2932 1768 tornja
2963 1712 3006 1754 u
3036 1712 3212 1754 onom

1724 1805 1798 1862 yr
1885 1803 1922 1844 u

683 1905 872 1969 1400.
918 1906 1249 1970 indictione
1298 1908 1531 1983 octava,
1581 1906 1681 1971 die
1727 1906 1879 1971 XXI
1931 1905 2103 1970 iunii.
2155 1904 2522 1971 Consiliarii.
2570 1902 2804 1986 Capta:
2872 1903 3039 1985 quod
3097 1922 3208 1967 no-

473 1992 617 2057 bilis
666 1994 759 2057 vir
808 2013 907 2057 ser
957 1993 1170 2058 Victor
1218 1994 1477 2071 Dolfin0,
1529 1996 1729 2059 iturus
1780 1996 1854 2059 ad
1903 1991 2213 2070 Alexium,
2288 1991 2485 2075 possit
2538 1992 2878 2072 expendere
2940 1992 3208 2057 ducatos

471 2078 767 2144 ducentos
815 2082 949 2145 auri
996 2100 1105 2163 pro
1153 2082 1467 2165 aptatione
1504 2084 1695 2146 turris
1743 2081 1889 2146 dicti
1943 2079 2084 2161 loci,
2120 2083 2265 2164 quia
2296 2080 2511 2145 habita
2540 2077 2983 2145 informatione
3013 2097 3207 2162 super

471 2168 603 2242 hoc,
651 2169 771 2233 ista
822 2188 1085 2251 expensa
1130 2175 1229 2234 est
1274 2171 1519 2252 penitus
1564 2170 1935 2235 necessaria.

555 2275 734 2334 Misce
784 2276 902 2336 XL
919 2278 985 2336 V.
1032 2280 1136 2344 20.
1184 2296 1227 2336 u
1273 2279 1424 2338 mlet.
1471 2280 1707 2341 arkivu.

899 2484 1149 2566 DXC.
1206 2485 1411 2568 θοὰ.
1469 2485 1705 2567 1400.
1760 2485 1856 2568 27
1906 2484 2214 2587 lipnja‚
2270 2505 2329 2563 u
2383 2483 2777 2566 Mletcih.

600 2627 801 2687 Prusa
830 2646 892 2688 se
930 2630 1131 2702 pomae
1176 2631 1494 2705 yradovom
1540 2630 1779 2691 Skadru
1825 2631 1847 2688 ι·
1887 2630 2202 2704 Drivastu,
2244 2629 2630 2703 porobljenim
2672 2628 2750 2688 od
2798 2628 3072 2689 Turaka.

686 2748 867 2811 1400.
913 2751 1008 2814 die
1055 2751 1317 2816 XXVII.
1359 2752 1530 2816 iunii.
1581 2751 1738 2830 Quia
1783 2750 2182 2815 consideratis
2246 2750 2550 2827 terminis,
2599 2751 2661 2814 in
2708 2749 2932 2832 quibus
2979 2768 3048 2813 se
3100 2770 3198 2814 re-

467 2836 788 2918 periuntur
835 2837 1120 2902 civitates
1168 2842 1374 2903 nostre
1424 2840 1664 2905 Scutari
1690 2841 1755 2902 et
1788 2838 2085 2917 Drivasti,
2121 2838 2343 2921 quibus
2379 2837 2604 2902 Turchi
2655 2838 2963 2903 dederunt
3009 2855 3199 2919 guas-

467 2927 599 2987 tum
676 2924 994 2989 bladorum
1076 2929 1139 2989 et
1211 2927 1523 2990 vinearum
1575 2946 1644 2991 ac
1687 2926 1951 2991 aliarum
2000 2945 2206 2990 rerum
2254 2925 2331 2989 de
2364 2928 2554 3002 extra,
2590 2928 2685 2989 est
2717 2924 2971 2989 omnino
3003 2927 3205 2988 danda

469 3013 557 3077 eis
614 3010 938 3076 subventio
985 3014 1303 3078 bladorum
1348 3019 1411 3078 et
1459 3014 1721 3078 aliarum
1791 3032 1999 3078 rerum
2064 3012 2561 3090 necessariarum,
2629 3014 2697 3077 ut
2758 3030 2879 3077 non
2945 3014 3204 3094 pereant

471 3118 580 3162 nec
629 3102 855 3163 vadant
894 3099 971 3162 ad
1024 3120 1240 3165 manus
1288 3102 1709 3172 Turchorunn
1753 3101 1927 3165 vadit
1971 3119 2133 3184 parS,
2180 3100 2339 3183 quod
2385 3100 2718 3183 collegium
2766 3101 3021 3173 domini,
3055 3118 3206 3164 con-

470 3187 849 3250 siliariorum
892 3191 964 3251 et
999 3190 1275 3270 capitum
1325 3193 1388 3253 et
1435 3192 1783 3271 sapientum
1831 3188 2070 3254 consilii
2119 3191 2184 3252 et
2227 3187 2512 3252 ordinum
2560 3188 2789 3252 habeat
2836 3188 3197 3252 libertatem

473 3275 758 3339 mittendi
803 3274 985 3339 dictis
1034 3278 1395 3341 civitatibus
1445 3279 1668 3346 nostris
1716 3278 1860 3342 illas
1913 3278 2366 3348 subventiones,
2414 3295 2529 3359 que
2576 3275 2696 3339 sibi
2732 3275 3104 3340 videbuntur
3137 3276 3207 3338 et

468 3362 769 3444 gentium,
820 3363 1144 3427 bladorum
1194 3368 1258 3428 et
1304 3364 1569 3429 aliarum
1613 3385 1838 3445 rerum,
1918 3368 1983 3427 et
2055 3383 2200 3428 cum
2279 3363 2386 3427 illo
2435 3365 2611 3427 modo
2681 3367 2743 3427 et
2811 3362 3042 3438 ordine,
3090 3363 3202 3445 qui

468 3450 731 3531 prestior
775 3453 838 3513 et
883 3451 1108 3543 melior,
1145 3453 1490 3535 apparebit.

554 3558 733 3618 Misti
783 3558 902 3617 XL
919 3561 981 3619 V.
1027 3562 1131 3628 20,
1178 3579 1219 3619 u
1266 3562 1421 3623 mlet.
1465 3563 1699 3623 arkivu.

869 3767 1162 3850 uxel.
1220 3768 1426 3849 sou.
1481 3768 1720 3850 1400.
1776 3769 1872 3850 27
1927 3767 2238 3868 lipnja,
2293 3789 2352 3848 u
2404 3765 2798 3848 anetem.

472 3908 520 3967 Ο
566 3911 792 3981 novem,
839 3912 967 3984 koje
1001 3931 1069 3983 ,γε
1115 3914 1267 3973 mlet.
1316 3910 1631 3986 republika
1677 3914 1900 3972 davala
1950 3912 2207 3972 Tomasu
2254 3912 2561 3986 Μοόεηίρο
2598 3929 2682 3970 na
2713 3911 2903 3968 radun
2928 3908 3211 3983 ,qodisnje

892 4005 1069 4076 svotc,
1117 3999 1260 4079 koju
1294 4003 1363 4073 je
1401 4002 1646 4074 piacula
1690 4003 1812 4059 ista
1856 4002 2169 4074 republika
2213 4000 2539 4075 uqarehrv.
2576 4000 2775 4059 kruni.

679 4118 868 4203 Copia
913 4121 1095 4184 unius
1141 4122 1359 4203 scripti
1409 4140 1595 4185 manu
1645 4143 1744 4185 ser
1789 4122 2025 4185 'rhome
2072 4120 2396 4202 Mocenigo
2465 4119 2681 4185 bollati
2750 4137 2908 4184 cuno
2954 4136 3069 4182 suo
3118 4121 3210 4184 si-

465 4206 635 4288 gillo.
686 4207 768 4270 Al
820 4228 994 4272 nome
1041 4209 1116 4272 de
1164 4209 1261 4272 dio
1308 4228 1504 4273 amen.
1560 4209 1744 4272 1400.
1793 4210 1890 4273 die
1937 4209 2016 4271 13
2062 4209 2455 4290 septembrio,
2505 4207 2590 4271 mi
2682 4206 2997 4271 Thomado
3064 4206 3210 4271 Mo

467 4295 699 4377 zenigo,
748 4295 824 4359 de
873 4296 1192 4361 Veniesia
1210 4315 1318 4361 son
1366 4299 1674 4373 contento,
1716 4298 1830 4361 che
1878 4297 2084 4362 ducati
2132 4296 2307 4360 mille
2353 4297 2520 4369 doro,
2571 4293 2647 4357 de
2694 4295 2712 4357 i
2760 4294 2906 4376 qual
2975 4293 3039 4357 la
3119 4296 3211 4357 si·-

465 4383 684 4464 gnoria
733 4382 794 4446 in
842 4386 1059 4484 questo
1112 4385 1169 4448 di
1220 4405 1318 4448 me
1358 4403 1392 4448 a
1443 4386 1569 4449 fato
1630 4389 1678 4449 1.
1729 4385 1961 4460 zedola,
2009 4385 2121 4449 che
2170 4384 2190 4447 i
2239 4403 2337 4447 me
2383 4383 2477 4447 sia
2501 4382 2665 4459 dadi,
2714 4382 2772 4445 ai
2819 4382 3205 4463 camerleugi

468 4470 541 4532 de
591 4489 836 4548 comun,
883 4472 947 4536 in
997 4472 1143 4556 qual
1190 4491 1255 4537 se
1306 4492 1411 4553 per
1460 4474 1518 4536 la
1565 4474 1895 4554 provision,
1943 4473 2054 4536 che
2102 4474 2160 4535 io
2208 4472 2303 4534 die
2376 4471 2564 4535 havet
2609 4468 2690 4533 da
2730 4468 2790 4532 la
2852 4488 3081 4535 corona
3127 4471 3208 4535 de

468 4557 795 4640 Huugaria
841 4579 951 4641 per
996 4560 1018 4622 l
1067 4578 1226 4624 anno
1272 4563 1554 4641 presente
1602 4561 1675 4624 de
1720 4558 2015 4637 MCCCC,
2065 4559 2178 4622 che
2221 4559 2283 4622 in
2330 4575 2491 4634 caso,
2538 4558 2651 4622 che
2697 4558 2760 4634 la
2806 4556 3087 4640 signoria
3134 4576 3205 4621 se

467 4644 604 4706 voia
651 4663 842 4726 pagar
886 4646 985 4710 dal
1034 4646 1363 4726 magnifico
1410 4650 1587 4711 conte
1631 4647 1705 4710 de
1752 4647 2055 4712 Universa
2118 4647 2193 4710 de
2240 4644 2442 4727 quello
2488 4645 2551 4708 la
2601 4648 2765 4708 resta
2813 4645 2890 4707 ad
2932 4662 3080 4708 aver
3125 4643 3212 4708 da

466 4729 555 4792 lui
601 4730 675 4794 de
722 4732 929 4796 ducati
978 4733 1097 4798 XV
1140 4733 1333 4809 milla,
1382 4735 1494 4797 che
1532 4736 1695 4799 altra
1743 4734 1903 4800 fiada
1951 4736 2011 4800 la
2057 4733 2334 4818 inpresta
2378 4733 2445 4796 in
2491 4731 2537 4796 li
2583 4731 2791 4810 dener,
2827 4731 3038 4796 chela
3069 4730 3208 4798 dic·
