<?xml version="1.0" encoding="UTF-8"?>
<!DOCTYPE html PUBLIC "-//W3C//DTD XHTML 1.0 Transitional//EN"
    "http://www.w3.org/TR/xhtml1/DTD/xhtml1-transitional.dtd">
<html xmlns="http://www.w3.org/1999/xhtml" xml:lang="en" lang="en">
 <head>
  <title>
</title>
<meta http-equiv="Content-Type" content="text/html;charset=utf-8" />
  <meta name='ocr-system' content='tesseract 3.04.00' />
  <meta name='ocr-capabilities' content='ocr_page ocr_carea ocr_par ocr_line ocrx_word'/>
</head>
<body>
  <div class='ocr_page' id='page_1' title='image "./monumentaspecta02umjegoog_0377.png"; bbox 0 0 3620 5282; ppageno 0'>
   <div class='ocr_carea' id='block_1_1' title="bbox 2956 333 3159 404">
    <p class='ocr_par' dir='ltr' id='par_1_1' title="bbox 2956 333 3159 404">
     <span class='ocr_line' id='line_1_1' title="bbox 2956 333 3159 404; baseline -0.01 0"><span class='ocrx_word' id='word_1_1' title='bbox 2956 333 2963 334; x_wconf 26' lang='lat'><em>*</em></span> <span class='ocrx_word' id='word_1_2' title='bbox 3029 338 3159 404; x_wconf 80' lang='lat'><strong>325</strong></span> 
     </span>
    </p>
   </div>
   <div class='ocr_carea' id='block_1_2' title="bbox 399 513 3159 1476">
    <p class='ocr_par' dir='ltr' id='par_1_2' title="bbox 399 513 3159 1370">
     <span class='ocr_line' id='line_1_2' title="bbox 429 513 3156 599; baseline 0 -18"><span class='ocrx_word' id='word_1_3' title='bbox 429 515 594 581; x_wconf 88' lang='lat' dir='ltr'><strong>dicto</strong></span> <span class='ocrx_word' id='word_1_4' title='bbox 639 514 958 580; x_wconf 90' lang='lat' dir='ltr'><strong>communi</strong></span> <span class='ocrx_word' id='word_1_5' title='bbox 1005 514 1217 592; x_wconf 85' lang='lat' dir='ltr'><strong>Nono,</strong></span> <span class='ocrx_word' id='word_1_6' title='bbox 1286 516 1586 599; x_wconf 83' lang='lat' dir='ltr'><strong>quatenus</strong></span> <span class='ocrx_word' id='word_1_7' title='bbox 1652 515 1836 586; x_wconf 86' lang='lat' dir='ltr'><strong>dictis</strong></span> <span class='ocrx_word' id='word_1_8' title='bbox 1898 514 1973 578; x_wconf 89' lang='lat' dir='ltr'><strong>de</strong></span> <span class='ocrx_word' id='word_1_9' title='bbox 2037 515 2206 598; x_wconf 88' lang='lat' dir='ltr'><strong>Pago</strong></span> <span class='ocrx_word' id='word_1_10' title='bbox 2269 531 2377 596; x_wconf 90' lang='lat' dir='ltr'><strong>pro</strong></span> <span class='ocrx_word' id='word_1_11' title='bbox 2423 513 2797 596; x_wconf 89' lang='lat' dir='ltr'><strong>pasculando</strong></span> <span class='ocrx_word' id='word_1_12' title='bbox 2863 515 3156 582; x_wconf 87' lang='lat' dir='ltr'><strong>animalia</strong></span> 
     </span>
     <span class='ocr_line' id='line_1_3' title="bbox 435 601 3156 686; baseline -0 -17"><span class='ocrx_word' id='word_1_13' title='bbox 435 623 544 669; x_wconf 90' lang='lat' dir='ltr'><strong>sua</strong></span> <span class='ocrx_word' id='word_1_14' title='bbox 590 622 774 686; x_wconf 87' lang='lat' dir='ltr'><strong>super</strong></span> <span class='ocrx_word' id='word_1_15' title='bbox 818 605 1051 685; x_wconf 90' lang='lat' dir='ltr'><strong>puncta</strong></span> <span class='ocrx_word' id='word_1_16' title='bbox 1097 603 1221 667; x_wconf 92' lang='lat' dir='ltr'><strong>Ure</strong></span> <span class='ocrx_word' id='word_1_17' title='bbox 1269 603 1547 685; x_wconf 88' lang='lat' dir='ltr'><strong>predicta</strong></span> <span class='ocrx_word' id='word_1_18' title='bbox 1594 621 1712 666; x_wconf 93' lang='lat' dir='ltr'><strong>non</strong></span> <span class='ocrx_word' id='word_1_19' title='bbox 1759 603 2051 667; x_wconf 90' lang='lat' dir='ltr'><strong>deberent</strong></span> <span class='ocrx_word' id='word_1_20' title='bbox 2097 602 2371 684; x_wconf 90' lang='lat' dir='ltr'><strong>accipere</strong></span> <span class='ocrx_word' id='word_1_21' title='bbox 2418 621 2529 666; x_wconf 92' lang='lat' dir='ltr'><strong>nec</strong></span> <span class='ocrx_word' id='word_1_22' title='bbox 2552 601 2914 684; x_wconf 79' lang='lat' dir='ltr'><strong>permittere</strong></span> <span class='ocrx_word' id='word_1_23' title='bbox 2957 605 3156 686; x_wconf 81' lang='lat' dir='ltr'>accipi</span> 
     </span>
     <span class='ocr_line' id='line_1_4' title="bbox 430 689 3155 773; baseline 0 -17"><span class='ocrx_word' id='word_1_24' title='bbox 430 693 597 757; x_wconf 90' lang='lat' dir='ltr'><strong>ultra</strong></span> <span class='ocrx_word' id='word_1_25' title='bbox 641 692 725 768; x_wconf 90' lang='lat' dir='ltr'><strong>id,</strong></span> <span class='ocrx_word' id='word_1_26' title='bbox 775 691 934 772; x_wconf 91' lang='lat' dir='ltr'><strong>quod</strong></span> <span class='ocrx_word' id='word_1_27' title='bbox 983 690 1153 755; x_wconf 87' lang='lat' dir='ltr'><strong>soliti</strong></span> <span class='ocrx_word' id='word_1_28' title='bbox 1201 692 1376 755; x_wconf 88' lang='lat' dir='ltr'><strong>erant</strong></span> <span class='ocrx_word' id='word_1_29' title='bbox 1413 691 1656 756; x_wconf 88' lang='lat' dir='ltr'><strong>solvere</strong></span> <span class='ocrx_word' id='word_1_30' title='bbox 1704 694 2000 773; x_wconf 89' lang='lat' dir='ltr'><strong>tempore,</strong></span> <span class='ocrx_word' id='word_1_31' title='bbox 2044 708 2161 773; x_wconf 87' lang='lat' dir='ltr'><strong>quo</strong></span> <span class='ocrx_word' id='word_1_32' title='bbox 2207 691 2453 754; x_wconf 90' lang='lat' dir='ltr'><strong>dacium</strong></span> <span class='ocrx_word' id='word_1_33' title='bbox 2518 689 2788 773; x_wconf 80' lang='lat' dir='ltr'><strong>exigitur</strong></span> <span class='ocrx_word' id='word_1_34' title='bbox 2833 709 2942 772; x_wconf 91' lang='lat' dir='ltr'><strong>per</strong></span> <span class='ocrx_word' id='word_1_35' title='bbox 2987 709 3155 756; x_wconf 91' lang='lat' dir='ltr'><strong>com-</strong></span> 
     </span>
     <span class='ocr_line' id='line_1_5' title="bbox 399 777 3159 861; baseline -0.001 -17"><span class='ocrx_word' id='word_1_36' title='bbox 399 783 617 844; x_wconf 69' lang='lat' dir='ltr'><strong>&#39;mune</strong></span> <span class='ocrx_word' id='word_1_37' title='bbox 665 778 858 856; x_wconf 90' lang='lat' dir='ltr'><strong>None,</strong></span> <span class='ocrx_word' id='word_1_38' title='bbox 928 780 991 842; x_wconf 93' lang='lat' dir='ltr'><strong>et</strong></span> <span class='ocrx_word' id='word_1_39' title='bbox 1035 780 1107 844; x_wconf 90' lang='lat' dir='ltr'><strong>ut</strong></span> <span class='ocrx_word' id='word_1_40' title='bbox 1150 779 1499 843; x_wconf 87' lang='lat' dir='ltr'><strong>habuerunt</strong></span> <span class='ocrx_word' id='word_1_41' title='bbox 1562 798 1668 860; x_wconf 88' lang='lat' dir='ltr'><strong>per</strong></span> <span class='ocrx_word' id='word_1_42' title='bbox 1728 780 2031 860; x_wconf 84' lang='lat' dir='ltr'><strong>quendam</strong></span> <span class='ocrx_word' id='word_1_43' title='bbox 2093 778 2556 842; x_wconf 88' lang='lat' dir='ltr'><strong>ambaxatorem</strong></span> <span class='ocrx_word' id='word_1_44' title='bbox 2620 777 2972 842; x_wconf 88' lang='lat' dir='ltr'><strong>Nonensem</strong></span> <span class='ocrx_word' id='word_1_45' title='bbox 3020 778 3159 861; x_wconf 86' lang='lat' dir='ltr'><strong>ipsa</strong></span> 
     </span>
     <span class='ocr_line' id='line_1_6' title="bbox 433 865 3158 949; baseline 0 -19"><span class='ocrx_word' id='word_1_46' title='bbox 433 866 793 932; x_wconf 86' lang='lat' dir='ltr'><strong>informacio</strong></span> <span class='ocrx_word' id='word_1_47' title='bbox 840 866 988 930; x_wconf 86' lang='lat' dir='ltr'><strong>data</strong></span> <span class='ocrx_word' id='word_1_48' title='bbox 1031 884 1141 948; x_wconf 87' lang='lat' dir='ltr'><strong>per</strong></span> <span class='ocrx_word' id='word_1_49' title='bbox 1186 867 1650 930; x_wconf 86' lang='lat' dir='ltr'><strong>ambaxatorem</strong></span> <span class='ocrx_word' id='word_1_50' title='bbox 1698 866 1855 949; x_wconf 85' lang='lat' dir='ltr'><strong>Pagi</strong></span> <span class='ocrx_word' id='word_1_51' title='bbox 1904 867 2146 930; x_wconf 87' lang='lat' dir='ltr'><strong>videtur</strong></span> <span class='ocrx_word' id='word_1_52' title='bbox 2191 884 2328 930; x_wconf 89' lang='lat' dir='ltr'><strong>esse</strong></span> <span class='ocrx_word' id='word_1_53' title='bbox 2371 865 2629 929; x_wconf 83' lang='lat' dir='ltr'><strong>alterius</strong></span> <span class='ocrx_word' id='word_1_54' title='bbox 2675 867 2926 942; x_wconf 86' lang='lat' dir='ltr'><strong>nature,</strong></span> <span class='ocrx_word' id='word_1_55' title='bbox 2973 885 3158 947; x_wconf 90' lang='lat' dir='ltr'><strong>quam</strong></span> 
     </span>
     <span class='ocr_line' id='line_1_7' title="bbox 431 951 3159 1037; baseline 0 -19"><span class='ocrx_word' id='word_1_56' title='bbox 431 955 634 1020; x_wconf 89' lang='lat' dir='ltr'><strong>dictus</strong></span> <span class='ocrx_word' id='word_1_57' title='bbox 682 953 1043 1020; x_wconf 88' lang='lat' dir='ltr'><strong>ambaxator</strong></span> <span class='ocrx_word' id='word_1_58' title='bbox 1090 954 1243 1037; x_wconf 86' lang='lat' dir='ltr'><strong>Pagi</strong></span> <span class='ocrx_word' id='word_1_59' title='bbox 1293 954 1550 1030; x_wconf 82' lang='lat' dir='ltr'><strong>dixerat,</strong></span> <span class='ocrx_word' id='word_1_60' title='bbox 1599 958 1662 1017; x_wconf 92' lang='lat' dir='ltr'><strong>et</strong></span> <span class='ocrx_word' id='word_1_61' title='bbox 1709 953 2006 1032; x_wconf 77' lang='lat' dir='ltr'><strong>volenteS,</strong></span> <span class='ocrx_word' id='word_1_62' title='bbox 2049 953 2324 1036; x_wconf 83' lang='lat' dir='ltr'><strong>quelibet</strong></span> <span class='ocrx_word' id='word_1_63' title='bbox 2368 953 2646 1017; x_wconf 90' lang='lat' dir='ltr'><strong>indebita</strong></span> <span class='ocrx_word' id='word_1_64' title='bbox 2687 951 3040 1031; x_wconf 90' lang='lat' dir='ltr'><strong>reformare,</strong></span> <span class='ocrx_word' id='word_1_65' title='bbox 3093 956 3159 1018; x_wconf 89' lang='lat' dir='ltr'><strong>et</strong></span> 
     </span>
     <span class='ocr_line' id='line_1_8' title="bbox 434 1041 3158 1124; baseline -0 -18"><span class='ocrx_word' id='word_1_66' title='bbox 434 1043 647 1107; x_wconf 90' lang='lat' dir='ltr'><strong>fideles</strong></span> <span class='ocrx_word' id='word_1_67' title='bbox 695 1060 837 1106; x_wconf 91' lang='lat' dir='ltr'><strong>suos</strong></span> <span class='ocrx_word' id='word_1_68' title='bbox 885 1041 947 1104; x_wconf 92' lang='lat' dir='ltr'><strong>in</strong></span> <span class='ocrx_word' id='word_1_69' title='bbox 986 1041 1246 1124; x_wconf 90' lang='lat' dir='ltr'><strong>pacifica</strong></span> <span class='ocrx_word' id='word_1_70' title='bbox 1293 1061 1438 1123; x_wconf 88' lang='lat' dir='ltr'><strong>pace</strong></span> <span class='ocrx_word' id='word_1_71' title='bbox 1487 1043 1550 1106; x_wconf 91' lang='lat' dir='ltr'><strong>et</strong></span> <span class='ocrx_word' id='word_1_72' title='bbox 1581 1041 1787 1123; x_wconf 89' lang='lat' dir='ltr'><strong>quiete</strong></span> <span class='ocrx_word' id='word_1_73' title='bbox 1812 1059 2194 1118; x_wconf 86' lang='lat' dir='ltr'><strong>conservare,</strong></span> <span class='ocrx_word' id='word_1_74' title='bbox 2244 1042 2591 1118; x_wconf 88' lang='lat' dir='ltr'><strong>consulunt,</strong></span> <span class='ocrx_word' id='word_1_75' title='bbox 2641 1041 2800 1123; x_wconf 91' lang='lat' dir='ltr'><strong>quod</strong></span> <span class='ocrx_word' id='word_1_76' title='bbox 2845 1041 3158 1105; x_wconf 85' lang='lat' dir='ltr'><strong>scribatur</strong></span> 
     </span>
     <span class='ocr_line' id='line_1_9' title="bbox 432 1127 3158 1211; baseline -0 -18"><span class='ocrx_word' id='word_1_77' title='bbox 432 1130 624 1195; x_wconf 87' lang='lat' dir='ltr'><strong>dictis.</strong></span> <span class='ocrx_word' id='word_1_78' title='bbox 664 1129 873 1195; x_wconf 90' lang='lat' dir='ltr'><strong>comiti</strong></span> <span class='ocrx_word' id='word_1_79' title='bbox 923 1132 987 1193; x_wconf 88' lang='lat' dir='ltr'><strong>et</strong></span> <span class='ocrx_word' id='word_1_80' title='bbox 1031 1130 1342 1193; x_wconf 92' lang='lat' dir='ltr'><strong>communi</strong></span> <span class='ocrx_word' id='word_1_81' title='bbox 1387 1129 1580 1206; x_wconf 87' lang='lat' dir='ltr'><strong>None,</strong></span> <span class='ocrx_word' id='word_1_82' title='bbox 1629 1128 1790 1211; x_wconf 90' lang='lat' dir='ltr'><strong>quod</strong></span> <span class='ocrx_word' id='word_1_83' title='bbox 1836 1129 2031 1193; x_wconf 88' lang='lat' dir='ltr'><strong>dictas</strong></span> <span class='ocrx_word' id='word_1_84' title='bbox 2065 1128 2314 1192; x_wconf 89' lang='lat' dir='ltr'><strong>licteras</strong></span> <span class='ocrx_word' id='word_1_85' title='bbox 2357 1128 2475 1192; x_wconf 91' lang='lat' dir='ltr'><strong>sibi</strong></span> <span class='ocrx_word' id='word_1_86' title='bbox 2519 1129 2742 1192; x_wconf 86' lang='lat' dir='ltr'><strong>missas</strong></span> <span class='ocrx_word' id='word_1_87' title='bbox 2777 1127 3158 1211; x_wconf 82' lang='lat' dir='ltr'><strong>suspendant</strong></span> 
     </span>
     <span class='ocr_line' id='line_1_10' title="bbox 435 1215 3158 1300; baseline -0.001 -18"><span class='ocrx_word' id='word_1_88' title='bbox 435 1220 521 1282; x_wconf 88' lang='lat' dir='ltr'><strong>sic</strong></span> <span class='ocrx_word' id='word_1_89' title='bbox 568 1220 632 1281; x_wconf 94' lang='lat' dir='ltr'><strong>et</strong></span> <span class='ocrx_word' id='word_1_90' title='bbox 665 1218 932 1295; x_wconf 86' lang='lat' dir='ltr'><strong>realiter,</strong></span> <span class='ocrx_word' id='word_1_91' title='bbox 982 1215 1142 1300; x_wconf 89' lang='lat' dir='ltr'><strong>quod</strong></span> <span class='ocrx_word' id='word_1_92' title='bbox 1190 1235 1308 1281; x_wconf 93' lang='lat' dir='ltr'><strong>non</strong></span> <span class='ocrx_word' id='word_1_93' title='bbox 1355 1217 1483 1281; x_wconf 91' lang='lat' dir='ltr'><strong>sint</strong></span> <span class='ocrx_word' id='word_1_94' title='bbox 1527 1216 1790 1282; x_wconf 89' lang='lat' dir='ltr'><strong>alicuius</strong></span> <span class='ocrx_word' id='word_1_95' title='bbox 1840 1218 2102 1300; x_wconf 78' lang='lat' dir='ltr'><strong>vigoriS,</strong></span> <span class='ocrx_word' id='word_1_96' title='bbox 2151 1215 2423 1280; x_wconf 84' lang='lat' dir='ltr'><strong>efficacie</strong></span> <span class='ocrx_word' id='word_1_97' title='bbox 2485 1216 2582 1280; x_wconf 86' lang='lat' dir='ltr'><strong>vel</strong></span> <span class='ocrx_word' id='word_1_98' title='bbox 2637 1215 2902 1295; x_wconf 87' lang='lat' dir='ltr'><strong>valoris,</strong></span> <span class='ocrx_word' id='word_1_99' title='bbox 2967 1216 3158 1280; x_wconf 90' lang='lat' dir='ltr'><strong>donec</strong></span> 
     </span>
     <span class='ocr_line' id='line_1_11' title="bbox 435 1303 1769 1370; baseline 0 -1"><span class='ocrx_word' id='word_1_100' title='bbox 435 1305 607 1370; x_wconf 86' lang='lat' dir='ltr'><strong>aliud</strong></span> <span class='ocrx_word' id='word_1_101' title='bbox 653 1305 917 1369; x_wconf 84' lang='lat' dir='ltr'><strong>admodo</strong></span> <span class='ocrx_word' id='word_1_102' title='bbox 958 1303 1284 1369; x_wconf 87' lang='lat' dir='ltr'><strong>habuerint</strong></span> <span class='ocrx_word' id='word_1_103' title='bbox 1329 1305 1391 1368; x_wconf 93' lang='lat' dir='ltr'><strong>in</strong></span> <span class='ocrx_word' id='word_1_104' title='bbox 1441 1304 1769 1369; x_wconf 90' lang='lat' dir='ltr'><strong>mandatis.</strong></span> 
     </span>
    </p>

    <p class='ocr_par' dir='ltr' id='par_1_3' title="bbox 643 1390 3159 1476">
     <span class='ocr_line' id='line_1_12' title="bbox 643 1390 3159 1476; baseline -0.001 -19"><span class='ocrx_word' id='word_1_105' title='bbox 643 1394 802 1457; x_wconf 90' lang='lat' dir='ltr'><strong>Item</strong></span> <span class='ocrx_word' id='word_1_106' title='bbox 850 1410 962 1475; x_wconf 92' lang='lat' dir='ltr'><strong>pro</strong></span> <span class='ocrx_word' id='word_1_107' title='bbox 1008 1392 1385 1457; x_wconf 85' lang='lat' dir='ltr'><strong>aleviacione</strong></span> <span class='ocrx_word' id='word_1_108' title='bbox 1421 1411 1848 1476; x_wconf 90' lang='lat' dir='ltr'><strong>expensarum,</strong></span> <span class='ocrx_word' id='word_1_109' title='bbox 1882 1392 2106 1475; x_wconf 86' lang='lat' dir='ltr'><strong>quibus</strong></span> <span class='ocrx_word' id='word_1_110' title='bbox 2150 1391 2471 1456; x_wconf 88' lang='lat' dir='ltr'><strong>subiacent</strong></span> <span class='ocrx_word' id='word_1_111' title='bbox 2503 1392 2776 1473; x_wconf 88' lang='lat' dir='ltr'><strong>predicta</strong></span> <span class='ocrx_word' id='word_1_112' title='bbox 2807 1390 3159 1456; x_wconf 89' lang='lat' dir='ltr'><strong>communia</strong></span> 
     </span>
    </p>
   </div>
   <div class='ocr_carea' id='block_1_3' title="bbox 439 1477 3266 1562">
    <p class='ocr_par' dir='ltr' id='par_1_4' title="bbox 439 1477 3266 1562">
     <span class='ocr_line' id='line_1_13' title="bbox 439 1477 3266 1562; baseline 0 -19"><span class='ocrx_word' id='word_1_113' title='bbox 439 1480 502 1544; x_wconf 90' lang='lat' dir='ltr'><strong>in</strong></span> <span class='ocrx_word' id='word_1_114' title='bbox 548 1480 857 1545; x_wconf 89' lang='lat' dir='ltr'><strong>mittendo</strong></span> <span class='ocrx_word' id='word_1_115' title='bbox 904 1498 1047 1544; x_wconf 87' lang='lat' dir='ltr'><strong>suos</strong></span> <span class='ocrx_word' id='word_1_116' title='bbox 1093 1480 1519 1545; x_wconf 89' lang='lat' dir='ltr'><strong>ambaxatores</strong></span> <span class='ocrx_word' id='word_1_117' title='bbox 1566 1481 1703 1557; x_wconf 90' lang='lat' dir='ltr'><strong>huc,</strong></span> <span class='ocrx_word' id='word_1_118' title='bbox 1755 1481 1885 1545; x_wconf 90' lang='lat' dir='ltr'><strong>sive</strong></span> <span class='ocrx_word' id='word_1_119' title='bbox 1931 1499 2034 1545; x_wconf 92' lang='lat' dir='ltr'><strong>eos</strong></span> <span class='ocrx_word' id='word_1_120' title='bbox 2068 1478 2469 1544; x_wconf 89' lang='lat' dir='ltr'><strong>substinendo</strong></span> <span class='ocrx_word' id='word_1_121' title='bbox 2500 1477 2619 1556; x_wconf 93' lang='lat' dir='ltr'><strong>hic,</strong></span> <span class='ocrx_word' id='word_1_122' title='bbox 2667 1482 2735 1543; x_wconf 90' lang='lat' dir='ltr'><strong>et</strong></span> <span class='ocrx_word' id='word_1_123' title='bbox 2778 1498 2887 1562; x_wconf 90' lang='lat' dir='ltr'><strong>pro</strong></span> <span class='ocrx_word' id='word_1_124' title='bbox 2920 1479 3158 1544; x_wconf 87' lang='lat' dir='ltr'><strong>meliori</strong></span> <span class='ocrx_word' id='word_1_125' title='bbox 3263 1514 3266 1518; x_wconf 67' lang='lat'><strong>,</strong></span> 
     </span>
    </p>
   </div>
   <div class='ocr_carea' id='block_1_4' title="bbox 435 1567 3185 3047">
    <p class='ocr_par' dir='ltr' id='par_1_5' title="bbox 435 1567 3185 3047">
     <span class='ocr_line' id='line_1_14' title="bbox 439 1567 3161 1650; baseline -0 -18"><span class='ocrx_word' id='word_1_126' title='bbox 439 1568 897 1632; x_wconf 83' lang='lat' dir='ltr'><strong>examinacione</strong></span> <span class='ocrx_word' id='word_1_127' title='bbox 943 1570 1007 1631; x_wconf 92' lang='lat' dir='ltr'><strong>et</strong></span> <span class='ocrx_word' id='word_1_128' title='bbox 1047 1568 1443 1633; x_wconf 87' lang='lat' dir='ltr'><strong>neccessariis</strong></span> <span class='ocrx_word' id='word_1_129' title='bbox 1519 1567 1842 1649; x_wconf 89' lang='lat' dir='ltr'><strong>scripturis</strong></span> <span class='ocrx_word' id='word_1_130' title='bbox 1903 1567 2280 1650; x_wconf 85' lang='lat' dir='ltr'><strong>accipiendis</strong></span> <span class='ocrx_word' id='word_1_131' title='bbox 2342 1567 2677 1631; x_wconf 88' lang='lat' dir='ltr'><strong>comitatur</strong></span> <span class='ocrx_word' id='word_1_132' title='bbox 2723 1569 2787 1631; x_wconf 91' lang='lat' dir='ltr'><strong>et</strong></span> <span class='ocrx_word' id='word_1_133' title='bbox 2832 1567 3161 1632; x_wconf 88' lang='lat' dir='ltr'><strong>mandetur</strong></span> 
     </span>
     <span class='ocr_line' id='line_1_15' title="bbox 435 1653 3161 1739; baseline -0 -19"><span class='ocrx_word' id='word_1_134' title='bbox 435 1656 646 1720; x_wconf 87' lang='lat' dir='ltr'><strong>comiti</strong></span> <span class='ocrx_word' id='word_1_135' title='bbox 691 1660 755 1722; x_wconf 90' lang='lat' dir='ltr'><strong>et</strong></span> <span class='ocrx_word' id='word_1_136' title='bbox 800 1656 1119 1738; x_wconf 86' lang='lat' dir='ltr'><strong>capitaneo</strong></span> <span class='ocrx_word' id='word_1_137' title='bbox 1141 1656 1333 1721; x_wconf 84' lang='lat' dir='ltr'><strong>Jadre</strong></span> <span class='ocrx_word' id='word_1_138' title='bbox 1366 1659 1429 1721; x_wconf 89' lang='lat' dir='ltr'><strong>et</strong></span> <span class='ocrx_word' id='word_1_139' title='bbox 1460 1657 1587 1722; x_wconf 90' lang='lat' dir='ltr'><strong>suis</strong></span> <span class='ocrx_word' id='word_1_140' title='bbox 1625 1655 2015 1733; x_wconf 85' lang='lat' dir='ltr'><strong>consiliariis,</strong></span> <span class='ocrx_word' id='word_1_141' title='bbox 2064 1655 2463 1739; x_wconf 88' lang='lat' dir='ltr'><strong>significando</strong></span> <span class='ocrx_word' id='word_1_142' title='bbox 2489 1654 2577 1718; x_wconf 88' lang='lat' dir='ltr'><strong>eis</strong></span> <span class='ocrx_word' id='word_1_143' title='bbox 2602 1653 2971 1722; x_wconf 88' lang='lat' dir='ltr'><strong>discordiam</strong></span> <span class='ocrx_word' id='word_1_144' title='bbox 3019 1674 3161 1737; x_wconf 90' lang='lat' dir='ltr'><strong>pre-</strong></span> 
     </span>
     <span class='ocr_line' id='line_1_16' title="bbox 436 1741 3159 1826; baseline 0 -20"><span class='ocrx_word' id='word_1_145' title='bbox 436 1744 667 1808; x_wconf 88' lang='lat' dir='ltr'><strong>dictam</strong></span> <span class='ocrx_word' id='word_1_146' title='bbox 715 1744 1024 1808; x_wconf 87' lang='lat' dir='ltr'><strong>dictorum</strong></span> <span class='ocrx_word' id='word_1_147' title='bbox 1071 1744 1509 1822; x_wconf 88' lang='lat' dir='ltr'><strong>communium,</strong></span> <span class='ocrx_word' id='word_1_148' title='bbox 1554 1743 1716 1826; x_wconf 90' lang='lat' dir='ltr'><strong>quod</strong></span> <span class='ocrx_word' id='word_1_149' title='bbox 1766 1762 1908 1807; x_wconf 90' lang='lat' dir='ltr'><strong>cum</strong></span> <span class='ocrx_word' id='word_1_150' title='bbox 1955 1744 2120 1807; x_wconf 90' lang='lat' dir='ltr'><strong>omni</strong></span> <span class='ocrx_word' id='word_1_151' title='bbox 2169 1741 2521 1825; x_wconf 90' lang='lat' dir='ltr'><strong>diligencia,</strong></span> <span class='ocrx_word' id='word_1_152' title='bbox 2573 1760 2721 1806; x_wconf 89' lang='lat' dir='ltr'><strong>cura</strong></span> <span class='ocrx_word' id='word_1_153' title='bbox 2767 1745 2832 1807; x_wconf 90' lang='lat' dir='ltr'><strong>et</strong></span> <span class='ocrx_word' id='word_1_154' title='bbox 2877 1742 3159 1806; x_wconf 89' lang='lat' dir='ltr'><strong>solicitu-</strong></span> 
     </span>
     <span class='ocr_line' id='line_1_17' title="bbox 436 1830 3160 1918; baseline -0 -24"><span class='ocrx_word' id='word_1_155' title='bbox 436 1831 577 1918; x_wconf 83' lang='lat' dir='ltr'><strong>dine</strong></span> <span class='ocrx_word' id='word_1_156' title='bbox 630 1832 979 1897; x_wconf 89' lang='lat' dir='ltr'><strong>examinent</strong></span> <span class='ocrx_word' id='word_1_157' title='bbox 1042 1833 1349 1913; x_wconf 88' lang='lat' dir='ltr'><strong>predicta,</strong></span> <span class='ocrx_word' id='word_1_158' title='bbox 1413 1834 1479 1897; x_wconf 91' lang='lat' dir='ltr'><strong>et</strong></span> <span class='ocrx_word' id='word_1_159' title='bbox 1538 1831 1793 1896; x_wconf 88' lang='lat' dir='ltr'><strong>audiant</strong></span> <span class='ocrx_word' id='word_1_160' title='bbox 1855 1832 2105 1896; x_wconf 89' lang='lat' dir='ltr'><strong>nuncios</strong></span> <span class='ocrx_word' id='word_1_161' title='bbox 2167 1832 2295 1897; x_wconf 87' lang='lat' dir='ltr'><strong>sive</strong></span> <span class='ocrx_word' id='word_1_162' title='bbox 2358 1830 2785 1895; x_wconf 86' lang='lat' dir='ltr'><strong>ambaxatores</strong></span> <span class='ocrx_word' id='word_1_163' title='bbox 2855 1830 3160 1894; x_wconf 89' lang='lat' dir='ltr'><strong>dictorum</strong></span> 
     </span>
     <span class='ocr_line' id='line_1_18' title="bbox 438 1917 3165 2003; baseline -0.001 -20"><span class='ocrx_word' id='word_1_164' title='bbox 438 1921 878 1999; x_wconf 90' lang='lat' dir='ltr'><strong>communium,</strong></span> <span class='ocrx_word' id='word_1_165' title='bbox 927 1920 990 1984; x_wconf 94' lang='lat' dir='ltr'><strong>et</strong></span> <span class='ocrx_word' id='word_1_166' title='bbox 1020 1921 1179 2001; x_wconf 86' lang='lat' dir='ltr'><strong>-quid</strong></span> <span class='ocrx_word' id='word_1_167' title='bbox 1226 1919 1535 1984; x_wconf 86' lang='lat' dir='ltr'><strong>voluerint</strong></span> <span class='ocrx_word' id='word_1_168' title='bbox 1581 1919 1826 2002; x_wconf 89' lang='lat' dir='ltr'><strong>alegare</strong></span> <span class='ocrx_word' id='word_1_169' title='bbox 1859 1921 1923 1983; x_wconf 91' lang='lat' dir='ltr'><strong>et</strong></span> <span class='ocrx_word' id='word_1_170' title='bbox 1957 1938 2275 2003; x_wconf 88' lang='lat' dir='ltr'><strong>opponere,</strong></span> <span class='ocrx_word' id='word_1_171' title='bbox 2325 1918 2889 2000; x_wconf 87' lang='lat' dir='ltr'><strong>quiambaxatores</strong></span> <span class='ocrx_word' id='word_1_172' title='bbox 2937 1917 3165 1982; x_wconf 91' lang='lat' dir='ltr'><strong>debent</strong></span> 
     </span>
     <span class='ocr_line' id='line_1_19' title="bbox 436 2005 3163 2091; baseline -0.001 -20"><span class='ocrx_word' id='word_1_173' title='bbox 436 2025 794 2091; x_wconf 89' lang='lat' dir='ltr'><strong>comparere</strong></span> <span class='ocrx_word' id='word_1_174' title='bbox 841 2026 1045 2071; x_wconf 88' lang='lat' dir='ltr'><strong>coram</strong></span> <span class='ocrx_word' id='word_1_175' title='bbox 1091 2007 1198 2085; x_wconf 79' lang='lat' dir='ltr'><strong>eiS‚</strong></span> <span class='ocrx_word' id='word_1_176' title='bbox 1248 2009 1311 2072; x_wconf 90' lang='lat' dir='ltr'><strong>et</strong></span> <span class='ocrx_word' id='word_1_177' title='bbox 1355 2006 1519 2072; x_wconf 85' lang='lat' dir='ltr'><strong>facta</strong></span> <span class='ocrx_word' id='word_1_178' title='bbox 1557 2005 1716 2072; x_wconf 89' lang='lat' dir='ltr'><strong>bona</strong></span> <span class='ocrx_word' id='word_1_179' title='bbox 1761 2009 1825 2071; x_wconf 91' lang='lat' dir='ltr'><strong>et</strong></span> <span class='ocrx_word' id='word_1_180' title='bbox 1854 2007 2097 2072; x_wconf 87' lang='lat' dir='ltr'><strong>decenti</strong></span> <span class='ocrx_word' id='word_1_181' title='bbox 2128 2005 2599 2084; x_wconf 88' lang='lat' dir='ltr'><strong>examinacione,</strong></span> <span class='ocrx_word' id='word_1_182' title='bbox 2649 2005 2944 2087; x_wconf 91' lang='lat' dir='ltr'><strong>quidquid</strong></span> <span class='ocrx_word' id='word_1_183' title='bbox 2995 2006 3163 2069; x_wconf 87' lang='lat' dir='ltr'><strong>inve·</strong></span> 
     </span>
     <span class='ocr_line' id='line_1_20' title="bbox 441 2091 3185 2175; baseline -0.001 -16"><span class='ocrx_word' id='word_1_184' title='bbox 441 2096 664 2173; x_wconf 91' lang='lat' dir='ltr'><strong>nerint,</strong></span> <span class='ocrx_word' id='word_1_185' title='bbox 714 2095 987 2160; x_wconf 91' lang='lat' dir='ltr'><strong>dominio</strong></span> <span class='ocrx_word' id='word_1_186' title='bbox 1033 2096 1291 2160; x_wconf 86' lang='lat' dir='ltr'><strong>mittant</strong></span> <span class='ocrx_word' id='word_1_187' title='bbox 1347 2114 1486 2160; x_wconf 91' lang='lat' dir='ltr'><strong>cum</strong></span> <span class='ocrx_word' id='word_1_188' title='bbox 1549 2113 1756 2158; x_wconf 82' lang='lat' dir='ltr'><strong>eorum</strong></span> <span class='ocrx_word' id='word_1_189' title='bbox 1823 2095 2075 2160; x_wconf 90' lang='lat' dir='ltr'><strong>consilio</strong></span> <span class='ocrx_word' id='word_1_190' title='bbox 2136 2096 2253 2160; x_wconf 92' lang='lat' dir='ltr'><strong>sub</strong></span> <span class='ocrx_word' id='word_1_191' title='bbox 2301 2112 2410 2158; x_wconf 86' lang='lat' dir='ltr'><strong>suo</strong></span> <span class='ocrx_word' id='word_1_192' title='bbox 2477 2092 2689 2175; x_wconf 92' lang='lat' dir='ltr'><strong>sigillo</strong></span> <span class='ocrx_word' id='word_1_193' title='bbox 2737 2095 2815 2159; x_wconf 91' lang='lat' dir='ltr'><strong>ad</strong></span> <span class='ocrx_word' id='word_1_194' title='bbox 2862 2093 2978 2156; x_wconf 93' lang='lat' dir='ltr'><strong>hoc</strong></span> <span class='ocrx_word' id='word_1_195' title='bbox 3018 2091 3185 2156; x_wconf 67' lang='lat' dir='ltr'><strong>finis‘</strong></span> 
     </span>
     <span class='ocr_line' id='line_1_21' title="bbox 443 2181 3162 2266; baseline -0.001 -19"><span class='ocrx_word' id='word_1_196' title='bbox 443 2182 590 2248; x_wconf 87' lang='lat' dir='ltr'><strong>talis</strong></span> <span class='ocrx_word' id='word_1_197' title='bbox 633 2184 828 2265; x_wconf 89' lang='lat' dir='ltr'><strong>possit</strong></span> <span class='ocrx_word' id='word_1_198' title='bbox 872 2183 1108 2266; x_wconf 90' lang='lat' dir='ltr'><strong>imponi</strong></span> <span class='ocrx_word' id='word_1_199' title='bbox 1132 2182 1297 2248; x_wconf 89' lang='lat' dir='ltr'><strong>dicte</strong></span> <span class='ocrx_word' id='word_1_200' title='bbox 1322 2183 1643 2259; x_wconf 88' lang='lat' dir='ltr'><strong>discordie,</strong></span> <span class='ocrx_word' id='word_1_201' title='bbox 1692 2181 1796 2264; x_wconf 90' lang='lat' dir='ltr'><strong>qui</strong></span> <span class='ocrx_word' id='word_1_202' title='bbox 1823 2183 1907 2247; x_wconf 90' lang='lat' dir='ltr'><strong>sit</strong></span> <span class='ocrx_word' id='word_1_203' title='bbox 1929 2183 2124 2247; x_wconf 92' lang='lat' dir='ltr'><strong>honor</strong></span> <span class='ocrx_word' id='word_1_204' title='bbox 2154 2183 2359 2247; x_wconf 89' lang='lat' dir='ltr'><strong>noster</strong></span> <span class='ocrx_word' id='word_1_205' title='bbox 2385 2183 2448 2245; x_wconf 91' lang='lat' dir='ltr'><strong>et</strong></span> <span class='ocrx_word' id='word_1_206' title='bbox 2471 2181 2830 2262; x_wconf 79' lang='lat' dir='ltr'><strong>refoimacio</strong></span> <span class='ocrx_word' id='word_1_207' title='bbox 2860 2181 3162 2244; x_wconf 88' lang='lat' dir='ltr'><strong>dictorum</strong></span> 
     </span>
     <span class='ocr_line' id='line_1_22' title="bbox 444 2268 3163 2353; baseline -0.001 -18"><span class='ocrx_word' id='word_1_208' title='bbox 444 2271 883 2335; x_wconf 90' lang='lat' dir='ltr'><strong>communium.</strong></span> <span class='ocrx_word' id='word_1_209' title='bbox 933 2272 1014 2335; x_wconf 87' lang='lat' dir='ltr'><strong>Et</strong></span> <span class='ocrx_word' id='word_1_210' title='bbox 1050 2271 1358 2335; x_wconf 85' lang='lat' dir='ltr'><strong>scribatur</strong></span> <span class='ocrx_word' id='word_1_211' title='bbox 1380 2271 1671 2353; x_wconf 90' lang='lat' dir='ltr'><strong>predictis</strong></span> <span class='ocrx_word' id='word_1_212' title='bbox 1718 2269 1793 2334; x_wconf 90' lang='lat' dir='ltr'><strong>de</strong></span> <span class='ocrx_word' id='word_1_213' title='bbox 1827 2270 2002 2336; x_wconf 91' lang='lat' dir='ltr'><strong>None</strong></span> <span class='ocrx_word' id='word_1_214' title='bbox 2050 2273 2114 2336; x_wconf 91' lang='lat' dir='ltr'><strong>et</strong></span> <span class='ocrx_word' id='word_1_215' title='bbox 2161 2271 2348 2353; x_wconf 89' lang='lat' dir='ltr'><strong>Pag0,</strong></span> <span class='ocrx_word' id='word_1_216' title='bbox 2398 2271 2555 2352; x_wconf 91' lang='lat' dir='ltr'><strong>quod</strong></span> <span class='ocrx_word' id='word_1_217' title='bbox 2590 2287 2764 2334; x_wconf 88' lang='lat' dir='ltr'><strong>suam</strong></span> <span class='ocrx_word' id='word_1_218' title='bbox 2789 2268 3163 2333; x_wconf 89' lang='lat' dir='ltr'><strong>discordiam</strong></span> 
     </span>
     <span class='ocr_line' id='line_1_23' title="bbox 442 2355 3162 2440; baseline -0.002 -17"><span class='ocrx_word' id='word_1_219' title='bbox 442 2359 869 2423; x_wconf 89' lang='lat' dir='ltr'><strong>commisimus</strong></span> <span class='ocrx_word' id='word_1_220' title='bbox 914 2360 1251 2423; x_wconf 88' lang='lat' dir='ltr'><strong>examinari</strong></span> <span class='ocrx_word' id='word_1_221' title='bbox 1299 2358 1512 2423; x_wconf 88' lang='lat' dir='ltr'><strong>comiti</strong></span> <span class='ocrx_word' id='word_1_222' title='bbox 1560 2360 1624 2423; x_wconf 89' lang='lat' dir='ltr'><strong>et</strong></span> <span class='ocrx_word' id='word_1_223' title='bbox 1668 2359 2039 2422; x_wconf 87' lang='lat' dir='ltr'><strong>consiliariis</strong></span> <span class='ocrx_word' id='word_1_224' title='bbox 2082 2358 2290 2436; x_wconf 88' lang='lat' dir='ltr'><strong>Jadre,</strong></span> <span class='ocrx_word' id='word_1_225' title='bbox 2347 2359 2409 2421; x_wconf 88' lang='lat' dir='ltr'><strong>et</strong></span> <span class='ocrx_word' id='word_1_226' title='bbox 2447 2356 2609 2440; x_wconf 91' lang='lat' dir='ltr'><strong>quod</strong></span> <span class='ocrx_word' id='word_1_227' title='bbox 2655 2376 2841 2439; x_wconf 88' lang='lat' dir='ltr'><strong>quam</strong></span> <span class='ocrx_word' id='word_1_228' title='bbox 2890 2355 3162 2420; x_wconf 87' lang='lat' dir='ltr'><strong>velocius</strong></span> 
     </span>
     <span class='ocr_line' id='line_1_24' title="bbox 436 2443 3163 2529; baseline -0.001 -19"><span class='ocrx_word' id='word_1_229' title='bbox 436 2446 568 2511; x_wconf 91' lang='lat' dir='ltr'><strong>fieri</strong></span> <span class='ocrx_word' id='word_1_230' title='bbox 618 2448 824 2529; x_wconf 85' lang='lat' dir='ltr'><strong>potest</strong></span> <span class='ocrx_word' id='word_1_231' title='bbox 869 2448 1128 2511; x_wconf 88' lang='lat' dir='ltr'><strong>mittant</strong></span> <span class='ocrx_word' id='word_1_232' title='bbox 1174 2464 1312 2511; x_wconf 86' lang='lat' dir='ltr'><strong>suos</strong></span> <span class='ocrx_word' id='word_1_233' title='bbox 1361 2446 1615 2510; x_wconf 89' lang='lat' dir='ltr'><strong>nuncios</strong></span> <span class='ocrx_word' id='word_1_234' title='bbox 1663 2446 1791 2510; x_wconf 90' lang='lat' dir='ltr'><strong>sive</strong></span> <span class='ocrx_word' id='word_1_235' title='bbox 1841 2448 2273 2511; x_wconf 86' lang='lat' dir='ltr'><strong>ambaxatores</strong></span> <span class='ocrx_word' id='word_1_236' title='bbox 2319 2445 2474 2509; x_wconf 92' lang='lat' dir='ltr'><strong>bene</strong></span> <span class='ocrx_word' id='word_1_237' title='bbox 2505 2443 2867 2510; x_wconf 87' lang='lat' dir='ltr'><strong>informatos</strong></span> <span class='ocrx_word' id='word_1_238' title='bbox 2913 2461 3163 2508; x_wconf 90' lang='lat' dir='ltr'><strong>suorum</strong></span> 
     </span>
     <span class='ocr_line' id='line_1_25' title="bbox 444 2530 3165 2617; baseline -0.001 -20"><span class='ocrx_word' id='word_1_239' title='bbox 444 2533 675 2599; x_wconf 90' lang='lat' dir='ltr'><strong>iurium</strong></span> <span class='ocrx_word' id='word_1_240' title='bbox 724 2535 799 2598; x_wconf 90' lang='lat' dir='ltr'><strong>ad</strong></span> <span class='ocrx_word' id='word_1_241' title='bbox 840 2534 1151 2617; x_wconf 86' lang='lat' dir='ltr'><strong>predictos</strong></span> <span class='ocrx_word' id='word_1_242' title='bbox 1201 2534 1491 2599; x_wconf 90' lang='lat' dir='ltr'><strong>comitem</strong></span> <span class='ocrx_word' id='word_1_243' title='bbox 1541 2535 1604 2598; x_wconf 90' lang='lat' dir='ltr'><strong>et</strong></span> <span class='ocrx_word' id='word_1_244' title='bbox 1645 2535 2030 2600; x_wconf 87' lang='lat' dir='ltr'><strong>consiliarios</strong></span> <span class='ocrx_word' id='word_1_245' title='bbox 2074 2534 2279 2611; x_wconf 85' lang='lat' dir='ltr'><strong>Jadre,</strong></span> <span class='ocrx_word' id='word_1_246' title='bbox 2329 2532 2431 2615; x_wconf 92' lang='lat' dir='ltr'><strong>qui</strong></span> <span class='ocrx_word' id='word_1_247' title='bbox 2479 2532 2841 2597; x_wconf 90' lang='lat' dir='ltr'><strong>examinatis</strong></span> <span class='ocrx_word' id='word_1_248' title='bbox 2891 2533 3019 2595; x_wconf 90' lang='lat' dir='ltr'><strong>suis</strong></span> <span class='ocrx_word' id='word_1_249' title='bbox 3069 2530 3165 2594; x_wconf 89' lang='lat' dir='ltr'><strong>iu·</strong></span> 
     </span>
     <span class='ocr_line' id='line_1_26' title="bbox 436 2618 3166 2705; baseline -0.001 -20"><span class='ocrx_word' id='word_1_250' title='bbox 436 2622 626 2701; x_wconf 83' lang='lat' dir='ltr'><strong>ribuS,</strong></span> <span class='ocrx_word' id='word_1_251' title='bbox 674 2622 1133 2705; x_wconf 86' lang='lat' dir='ltr'><strong>alegacionibus</strong></span> <span class='ocrx_word' id='word_1_252' title='bbox 1182 2625 1245 2687; x_wconf 88' lang='lat' dir='ltr'><strong>et</strong></span> <span class='ocrx_word' id='word_1_253' title='bbox 1290 2621 1821 2705; x_wconf 82' lang='lat' dir='ltr'><strong>opposicionibuS,</strong></span> <span class='ocrx_word' id='word_1_254' title='bbox 1870 2623 2073 2688; x_wconf 83' lang='lat' dir='ltr'><strong>totum</strong></span> <span class='ocrx_word' id='word_1_255' title='bbox 2122 2622 2216 2701; x_wconf 92' lang='lat' dir='ltr'><strong>id,</strong></span> <span class='ocrx_word' id='word_1_256' title='bbox 2262 2620 2422 2704; x_wconf 90' lang='lat' dir='ltr'><strong>quod</strong></span> <span class='ocrx_word' id='word_1_257' title='bbox 2468 2621 2834 2699; x_wconf 87' lang='lat' dir='ltr'><strong>habuerint,</strong></span> <span class='ocrx_word' id='word_1_258' title='bbox 2901 2618 3166 2684; x_wconf 90' lang='lat' dir='ltr'><strong>debeant</strong></span> 
     </span>
     <span class='ocr_line' id='line_1_27' title="bbox 436 2708 3162 2794; baseline -0.002 -20"><span class='ocrx_word' id='word_1_259' title='bbox 436 2711 688 2775; x_wconf 87' lang='lat' dir='ltr'><strong>mittere</strong></span> <span class='ocrx_word' id='word_1_260' title='bbox 735 2711 1023 2790; x_wconf 90' lang='lat' dir='ltr'><strong>domini0,</strong></span> <span class='ocrx_word' id='word_1_261' title='bbox 1072 2710 1231 2794; x_wconf 91' lang='lat' dir='ltr'><strong>qnod</strong></span> <span class='ocrx_word' id='word_1_262' title='bbox 1279 2713 1494 2793; x_wconf 89' lang='lat' dir='ltr'><strong>postea</strong></span> <span class='ocrx_word' id='word_1_263' title='bbox 1557 2711 1732 2775; x_wconf 84' lang='lat' dir='ltr'><strong>dabit</strong></span> <span class='ocrx_word' id='word_1_264' title='bbox 1792 2713 1881 2777; x_wconf 85' lang='lat' dir='ltr'><strong>eis</strong></span> <span class='ocrx_word' id='word_1_265' title='bbox 1945 2710 2303 2794; x_wconf 90' lang='lat' dir='ltr'><strong>expeditum</strong></span> <span class='ocrx_word' id='word_1_266' title='bbox 2364 2710 2891 2792; x_wconf 87' lang='lat' dir='ltr'><strong>complementum</strong></span> <span class='ocrx_word' id='word_1_267' title='bbox 2933 2708 3162 2771; x_wconf 90' lang='lat' dir='ltr'><strong>iurium</strong></span> 
     </span>
     <span class='ocr_line' id='line_1_28' title="bbox 437 2792 3169 2883; baseline -0.002 -20"><span class='ocrx_word' id='word_1_268' title='bbox 437 2817 706 2878; x_wconf 88' lang='lat' dir='ltr'><strong>suorum,</strong></span> <span class='ocrx_word' id='word_1_269' title='bbox 757 2801 821 2863; x_wconf 90' lang='lat' dir='ltr'><strong>et</strong></span> <span class='ocrx_word' id='word_1_270' title='bbox 857 2798 1023 2863; x_wconf 91' lang='lat' dir='ltr'><strong>istud</strong></span> <span class='ocrx_word' id='word_1_271' title='bbox 1072 2799 1144 2862; x_wconf 88' lang='lat' dir='ltr'><strong>fit</strong></span> <span class='ocrx_word' id='word_1_272' title='bbox 1189 2817 1297 2881; x_wconf 90' lang='lat' dir='ltr'><strong>pro</strong></span> <span class='ocrx_word' id='word_1_273' title='bbox 1343 2798 1716 2863; x_wconf 89' lang='lat' dir='ltr'><strong>aleviacione</strong></span> <span class='ocrx_word' id='word_1_274' title='bbox 1764 2818 2186 2883; x_wconf 88' lang='lat' dir='ltr'><strong>expensarum,</strong></span> <span class='ocrx_word' id='word_1_275' title='bbox 2237 2816 2385 2880; x_wconf 90' lang='lat' dir='ltr'><strong>quas</strong></span> <span class='ocrx_word' id='word_1_276' title='bbox 2433 2797 2780 2861; x_wconf 83' lang='lat' dir='ltr'><strong>substinent</strong></span> <span class='ocrx_word' id='word_1_277' title='bbox 2840 2795 2961 2859; x_wconf 91' lang='lat' dir='ltr'><strong>hic.</strong></span> <span class='ocrx_word' id='word_1_278' title='bbox 3034 2792 3169 2858; x_wconf 86' lang='lat' dir='ltr'><strong>Alii</strong></span> 
     </span>
     <span class='ocr_line' id='line_1_29' title="bbox 437 2886 1724 2968; baseline 0 -19"><span class='ocrx_word' id='word_1_279' title='bbox 437 2887 509 2949; x_wconf 91' lang='lat' dir='ltr'><strong>de</strong></span> <span class='ocrx_word' id='word_1_280' title='bbox 556 2890 745 2968; x_wconf 87' lang='lat' dir='ltr'><strong>parte,</strong></span> <span class='ocrx_word' id='word_1_281' title='bbox 797 2887 894 2952; x_wconf 89' lang='lat' dir='ltr'><strong>vel</strong></span> <span class='ocrx_word' id='word_1_282' title='bbox 941 2906 1060 2951; x_wconf 93' lang='lat' dir='ltr'><strong>non</strong></span> <span class='ocrx_word' id='word_1_283' title='bbox 1112 2887 1175 2964; x_wconf 91' lang='lat' dir='ltr'><strong>O,</strong></span> <span class='ocrx_word' id='word_1_284' title='bbox 1233 2905 1350 2950; x_wconf 88' lang='lat' dir='ltr'><strong>non</strong></span> <span class='ocrx_word' id='word_1_285' title='bbox 1395 2887 1618 2951; x_wconf 87' lang='lat' dir='ltr'><strong>sinceri</strong></span> <span class='ocrx_word' id='word_1_286' title='bbox 1665 2886 1724 2949; x_wconf 90' lang='lat'><strong>3.</strong></span> 
     </span>
     <span class='ocr_line' id='line_1_30' title="bbox 522 2974 1903 3047; baseline -0.001 -12"><span class='ocrx_word' id='word_1_287' title='bbox 522 2977 702 3037; x_wconf 77' lang='lat' dir='ltr'><strong>Misti</strong></span> <span class='ocrx_word' id='word_1_288' title='bbox 738 2976 1009 3037; x_wconf 86' lang='lat' dir='ltr'><strong><em>XXVII</em></strong></span> <span class='ocrx_word' id='word_1_289' title='bbox 1048 2978 1151 3047; x_wconf 82' lang='grc'><strong>84,</strong></span> <span class='ocrx_word' id='word_1_290' title='bbox 1197 2994 1241 3037; x_wconf 85' lang='lat' dir='ltr'><em>u</em></span> <span class='ocrx_word' id='word_1_291' title='bbox 1284 2974 1624 3037; x_wconf 68' lang='lat' dir='ltr'><strong>mlelad‘kom</strong></span> <span class='ocrx_word' id='word_1_292' title='bbox 1670 2978 1903 3037; x_wconf 77' lang='lat' dir='ltr'><strong>arkivu.</strong></span> 
     </span>
    </p>
   </div>
   <div class='ocr_carea' id='block_1_5' title="bbox 648 3163 2971 3266">
    <p class='ocr_par' dir='ltr' id='par_1_6' title="bbox 648 3163 2971 3266">
     <span class='ocr_line' id='line_1_31' title="bbox 648 3163 2971 3266; baseline -0 -21"><span class='ocrx_word' id='word_1_293' title='bbox 648 3163 1328 3247; x_wconf 85' lang='lat' dir='ltr'>CCCCLXXXV.</span> <span class='ocrx_word' id='word_1_294' title='bbox 1366 3166 1574 3248; x_wconf 77' lang='lat' dir='ltr'><strong>God.</strong></span> <span class='ocrx_word' id='word_1_295' title='bbox 1612 3164 1838 3249; x_wconf 78' lang='lat'><strong>1356.</strong></span> <span class='ocrx_word' id='word_1_296' title='bbox 1893 3165 1997 3248; x_wconf 78' lang='lat'><strong>28</strong></span> <span class='ocrx_word' id='word_1_297' title='bbox 2045 3164 2414 3266; x_wconf 80' lang='lat' dir='ltr'><strong>svibnja,</strong></span> <span class='ocrx_word' id='word_1_298' title='bbox 2465 3185 2526 3244; x_wconf 91' lang='lat' dir='ltr'><strong>u</strong></span> <span class='ocrx_word' id='word_1_299' title='bbox 2578 3163 2971 3245; x_wconf 84' lang='lat' dir='ltr'><strong>Mletcih.</strong></span> 
     </span>
    </p>
   </div>
   <div class='ocr_carea' id='block_1_6' title="bbox 442 3288 3169 3457">
    <p class='ocr_par' dir='ltr' id='par_1_7' title="bbox 442 3288 3169 3457">
     <span class='ocr_line' id='line_1_32' title="bbox 444 3288 3169 3367; baseline -0.001 -17"><span class='ocrx_word' id='word_1_300' title='bbox 444 3292 789 3365; x_wconf 67' lang='lat' dir='ltr'><strong>Prodavcv&#39;u</strong></span> <span class='ocrx_word' id='word_1_301' title='bbox 834 3310 896 3352; x_wconf 85' lang='lat' dir='ltr'><strong>se</strong></span> <span class='ocrx_word' id='word_1_302' title='bbox 940 3294 1107 3366; x_wconf 75' lang='lat' dir='ltr'><strong>konji</strong></span> <span class='ocrx_word' id='word_1_303' title='bbox 1176 3293 1495 3366; x_wconf 76' lang='lat' dir='ltr'><strong>poslanika</strong></span> <span class='ocrx_word' id='word_1_304' title='bbox 1557 3294 1854 3353; x_wconf 69' lang='lat' dir='ltr'><strong>dolazecih</strong></span> <span class='ocrx_word' id='word_1_305' title='bbox 1898 3294 1955 3353; x_wconf 78' lang='lat' dir='ltr'><strong>iz</strong></span> <span class='ocrx_word' id='word_1_306' title='bbox 2013 3291 2293 3367; x_wconf 78' lang='lat' dir='ltr'><strong>Uyarske.</strong></span> <span class='ocrx_word' id='word_1_307' title='bbox 2344 3288 2721 3364; x_wconf 63' lang='lat' dir='ltr'><strong>Obavies‘cuje</strong></span> <span class='ocrx_word' id='word_1_308' title='bbox 2765 3307 2826 3350; x_wconf 83' lang='lat' dir='ltr'><strong>se</strong></span> <span class='ocrx_word' id='word_1_309' title='bbox 2861 3290 3169 3363; x_wconf 76' lang='lat' dir='ltr'><strong>pomorski</strong></span> 
     </span>
     <span class='ocr_line' id='line_1_33' title="bbox 442 3379 3166 3457; baseline -0.001 -18"><span class='ocrx_word' id='word_1_310' title='bbox 442 3381 702 3453; x_wconf 77' lang='lat' dir='ltr'><strong>kapetan</strong></span> <span class='ocrx_word' id='word_1_311' title='bbox 743 3398 775 3439; x_wconf 93' lang='lat' dir='ltr'><strong>o</strong></span> <span class='ocrx_word' id='word_1_312' title='bbox 808 3381 1111 3457; x_wconf 75' lang='lat' dir='ltr'><strong>poyibelji,</strong></span> <span class='ocrx_word' id='word_1_313' title='bbox 1159 3382 1299 3453; x_wconf 79' lang='lat' dir='ltr'><strong>koja</strong></span> <span class='ocrx_word' id='word_1_314' title='bbox 1333 3383 1524 3454; x_wconf 76' lang='lat' dir='ltr'><strong>prieti</strong></span> <span class='ocrx_word' id='word_1_315' title='bbox 1569 3382 1893 3451; x_wconf 82' lang='lat' dir='ltr'><strong>brodovom,</strong></span> <span class='ocrx_word' id='word_1_316' title='bbox 1938 3385 1991 3439; x_wconf 82' lang='lat' dir='ltr'><strong>te</strong></span> <span class='ocrx_word' id='word_1_317' title='bbox 2031 3381 2186 3439; x_wconf 75' lang='lat' dir='ltr'><strong>nelca</strong></span> <span class='ocrx_word' id='word_1_318' title='bbox 2219 3380 2369 3452; x_wconf 69' lang='lat' dir='ltr'><strong>pazt·</strong></span> <span class='ocrx_word' id='word_1_319' title='bbox 2412 3396 2498 3437; x_wconf 81' lang='lat' dir='ltr'><strong>na</strong></span> <span class='ocrx_word' id='word_1_320' title='bbox 2540 3379 2787 3452; x_wconf 79' lang='lat' dir='ltr'><strong>njihovu</strong></span> <span class='ocrx_word' id='word_1_321' title='bbox 2831 3380 3094 3447; x_wconf 75' lang='lat' dir='ltr'><strong>obranu5</strong></span> <span class='ocrx_word' id='word_1_322' title='bbox 3143 3379 3166 3436; x_wconf 80' lang='lat' dir='ltr'><strong><em>i</em></strong></span> 
     </span>
    </p>
   </div>
   <div class='ocr_carea' id='block_1_7' title="bbox 443 3466 3166 3543">
    <p class='ocr_par' dir='ltr' id='par_1_8' title="bbox 443 3466 3166 3543">
     <span class='ocr_line' id='line_1_34' title="bbox 443 3466 3166 3543; baseline -0.001 -16"><span class='ocrx_word' id='word_1_323' title='bbox 443 3468 599 3528; x_wconf 72' lang='lat' dir='ltr'><strong>nelca</strong></span> <span class='ocrx_word' id='word_1_324' title='bbox 628 3468 865 3541; x_wconf 57' lang='lat' dir='ltr'><strong>posazje</strong></span> <span class='ocrx_word' id='word_1_325' title='bbox 910 3468 1041 3527; x_wconf 83' lang='lat' dir='ltr'><strong>dvie</strong></span> <span class='ocrx_word' id='word_1_326' title='bbox 1096 3469 1278 3543; x_wconf 75' lang='lat' dir='ltr'><strong>yalije</strong></span> <span class='ocrx_word' id='word_1_327' title='bbox 1323 3487 1364 3528; x_wconf 80' lang='lat' dir='ltr'><strong><em>u</em></strong></span> <span class='ocrx_word' id='word_1_328' title='bbox 1396 3470 1734 3542; x_wconf 73' lang='lat' dir='ltr'><strong>J&#39;adransko</strong></span> <span class='ocrx_word' id='word_1_329' title='bbox 1797 3486 1954 3528; x_wconf 84' lang='lat' dir='ltr'><strong>more</strong></span> <span class='ocrx_word' id='word_1_330' title='bbox 1974 3513 1987 3537; x_wconf 91' lang='lat'><strong><em>‚</em></strong></span> <span class='ocrx_word' id='word_1_331' title='bbox 2043 3469 2124 3527; x_wconf 82' lang='lat' dir='ltr'><strong>da</strong></span> <span class='ocrx_word' id='word_1_332' title='bbox 2167 3467 2303 3527; x_wconf 63' lang='lat' dir='ltr'><strong>§tite</strong></span> <span class='ocrx_word' id='word_1_333' title='bbox 2333 3467 2459 3526; x_wconf 65' lang='lat' dir='ltr'><strong>cast</strong></span> <span class='ocrx_word' id='word_1_334' title='bbox 2505 3468 2530 3525; x_wconf 75' lang='lat' dir='ltr'><strong>i</strong></span> <span class='ocrx_word' id='word_1_335' title='bbox 2577 3467 2823 3526; x_wconf 83' lang='lat' dir='ltr'><strong>brodove</strong></span> <span class='ocrx_word' id='word_1_336' title='bbox 2867 3466 3166 3525; x_wconf 67' lang='lat' dir='ltr'><strong>mletacke.</strong></span> 
     </span>
    </p>
   </div>
   <div class='ocr_carea' id='block_1_8' title="bbox 435 3585 3173 4812">
    <p class='ocr_par' dir='ltr' id='par_1_9' title="bbox 437 3585 3169 4024">
     <span class='ocr_line' id='line_1_35' title="bbox 659 3585 3167 3672; baseline -0.001 -21"><span class='ocrx_word' id='word_1_337' title='bbox 659 3587 848 3653; x_wconf 84' lang='lat'><strong>1356.</strong></span> <span class='ocrx_word' id='word_1_338' title='bbox 898 3589 994 3652; x_wconf 92' lang='lat' dir='ltr'><strong>die</strong></span> <span class='ocrx_word' id='word_1_339' title='bbox 1020 3588 1295 3653; x_wconf 89' lang='lat' dir='ltr'><strong>XXVIII</strong></span> <span class='ocrx_word' id='word_1_340' title='bbox 1321 3589 1488 3666; x_wconf 88' lang='lat' dir='ltr'><strong>maii,</strong></span> <span class='ocrx_word' id='word_1_341' title='bbox 1538 3589 1754 3672; x_wconf 87' lang='lat' dir='ltr'><strong>capta:</strong></span> <span class='ocrx_word' id='word_1_342' title='bbox 1810 3589 1968 3670; x_wconf 90' lang='lat' dir='ltr'><strong>quod</strong></span> <span class='ocrx_word' id='word_1_343' title='bbox 2014 3587 2090 3650; x_wconf 90' lang='lat' dir='ltr'><strong>de</strong></span> <span class='ocrx_word' id='word_1_344' title='bbox 2136 3585 2310 3669; x_wconf 89' lang='lat' dir='ltr'><strong>equis</strong></span> <span class='ocrx_word' id='word_1_345' title='bbox 2357 3586 2555 3650; x_wconf 89' lang='lat' dir='ltr'><strong>nostri</strong></span> <span class='ocrx_word' id='word_1_346' title='bbox 2602 3585 2967 3664; x_wconf 79' lang='lat' dir='ltr'><strong>communiS,</strong></span> <span class='ocrx_word' id='word_1_347' title='bbox 3017 3604 3167 3666; x_wconf 87' lang='lat' dir='ltr'><strong>quos</strong></span> 
     </span>
     <span class='ocr_line' id='line_1_36' title="bbox 437 3672 3169 3759; baseline -0.002 -19"><span class='ocrx_word' id='word_1_348' title='bbox 437 3676 633 3741; x_wconf 86' lang='lat' dir='ltr'><strong>nostri</strong></span> <span class='ocrx_word' id='word_1_349' title='bbox 680 3676 1134 3755; x_wconf 88' lang='lat' dir='ltr'><strong>ambaxatores,</strong></span> <span class='ocrx_word' id='word_1_350' title='bbox 1185 3678 1289 3759; x_wconf 88' lang='lat' dir='ltr'><strong>qui</strong></span> <span class='ocrx_word' id='word_1_351' title='bbox 1337 3679 1638 3741; x_wconf 89' lang='lat' dir='ltr'><strong>venerunt</strong></span> <span class='ocrx_word' id='word_1_352' title='bbox 1683 3679 1756 3740; x_wconf 91' lang='lat' dir='ltr'><strong>de</strong></span> <span class='ocrx_word' id='word_1_353' title='bbox 1804 3674 2147 3758; x_wconf 86' lang='lat' dir='ltr'><strong>Hungaria,</strong></span> <span class='ocrx_word' id='word_1_354' title='bbox 2204 3673 2629 3756; x_wconf 90' lang='lat' dir='ltr'><strong>relinquerunt</strong></span> <span class='ocrx_word' id='word_1_355' title='bbox 2675 3675 2736 3737; x_wconf 93' lang='lat' dir='ltr'><strong>in</strong></span> <span class='ocrx_word' id='word_1_356' title='bbox 2784 3672 2979 3749; x_wconf 90' lang='lat' dir='ltr'><strong>Arbo,</strong></span> <span class='ocrx_word' id='word_1_357' title='bbox 3026 3690 3169 3754; x_wconf 89' lang='lat' dir='ltr'><strong>pos·</strong></span> 
     </span>
     <span class='ocr_line' id='line_1_37' title="bbox 438 3759 3168 3847; baseline -0.003 -18"><span class='ocrx_word' id='word_1_358' title='bbox 438 3765 568 3829; x_wconf 88' lang='lat' dir='ltr'><strong>sint</strong></span> <span class='ocrx_word' id='word_1_359' title='bbox 610 3764 793 3829; x_wconf 90' lang='lat' dir='ltr'><strong>vendi</strong></span> <span class='ocrx_word' id='word_1_360' title='bbox 832 3765 896 3828; x_wconf 91' lang='lat' dir='ltr'><strong>et</strong></span> <span class='ocrx_word' id='word_1_361' title='bbox 940 3765 1270 3829; x_wconf 87' lang='lat' dir='ltr'><strong>consentiri</strong></span> <span class='ocrx_word' id='word_1_362' title='bbox 1320 3766 1637 3847; x_wconf 86' lang='lat' dir='ltr'><strong>capitaneo</strong></span> <span class='ocrx_word' id='word_1_363' title='bbox 1684 3764 2009 3845; x_wconf 89' lang='lat' dir='ltr'><strong>pasinatici</strong></span> <span class='ocrx_word' id='word_1_364' title='bbox 2057 3762 2218 3826; x_wconf 89' lang='lat' dir='ltr'><strong>ituro</strong></span> <span class='ocrx_word' id='word_1_365' title='bbox 2264 3763 2328 3825; x_wconf 91' lang='lat' dir='ltr'><strong>et</strong></span> <span class='ocrx_word' id='word_1_366' title='bbox 2373 3759 2532 3840; x_wconf 90' lang='lat' dir='ltr'><strong>aliis,</strong></span> <span class='ocrx_word' id='word_1_367' title='bbox 2582 3761 2689 3842; x_wconf 91' lang='lat' dir='ltr'><strong>qui</strong></span> <span class='ocrx_word' id='word_1_368' title='bbox 2733 3759 2808 3823; x_wconf 91' lang='lat' dir='ltr'><strong>de</strong></span> <span class='ocrx_word' id='word_1_369' title='bbox 2855 3759 3008 3842; x_wconf 87' lang='lat' dir='ltr'><strong>ipsis</strong></span> <span class='ocrx_word' id='word_1_370' title='bbox 3039 3759 3168 3822; x_wconf 86' lang='lat' dir='ltr'><strong>vel-</strong></span> 
     </span>
     <span class='ocr_line' id='line_1_38' title="bbox 440 3845 3168 3935; baseline -0.001 -20"><span class='ocrx_word' id='word_1_371' title='bbox 440 3853 573 3917; x_wconf 91' lang='lat' dir='ltr'><strong>lent</strong></span> <span class='ocrx_word' id='word_1_372' title='bbox 618 3870 729 3935; x_wconf 91' lang='lat' dir='ltr'><strong>pro</strong></span> <span class='ocrx_word' id='word_1_373' title='bbox 777 3851 999 3934; x_wconf 91' lang='lat' dir='ltr'><strong>precio,</strong></span> <span class='ocrx_word' id='word_1_374' title='bbox 1053 3870 1171 3934; x_wconf 93' lang='lat' dir='ltr'><strong>quo</strong></span> <span class='ocrx_word' id='word_1_375' title='bbox 1236 3854 1648 3917; x_wconf 89' lang='lat' dir='ltr'><strong>constiterunt</strong></span> <span class='ocrx_word' id='word_1_376' title='bbox 1712 3850 2064 3928; x_wconf 90' lang='lat' dir='ltr'><strong>communi,</strong></span> <span class='ocrx_word' id='word_1_377' title='bbox 2129 3849 2434 3914; x_wconf 90' lang='lat' dir='ltr'><strong>mittendo</strong></span> <span class='ocrx_word' id='word_1_378' title='bbox 2494 3867 2594 3913; x_wconf 91' lang='lat' dir='ltr'><strong>eos</strong></span> <span class='ocrx_word' id='word_1_379' title='bbox 2657 3850 2979 3929; x_wconf 86' lang='lat' dir='ltr'><strong>acceptare</strong></span> <span class='ocrx_word' id='word_1_380' title='bbox 3040 3845 3168 3911; x_wconf 89' lang='lat' dir='ltr'><strong>suis</strong></span> 
     </span>
     <span class='ocr_line' id='line_1_39' title="bbox 437 3934 3167 4024; baseline -0.003 -19"><span class='ocrx_word' id='word_1_381' title='bbox 437 3941 738 4024; x_wconf 80' lang='lat' dir='ltr'><strong>expensiS,</strong></span> <span class='ocrx_word' id='word_1_382' title='bbox 789 3942 852 4003; x_wconf 91' lang='lat' dir='ltr'><strong>et</strong></span> <span class='ocrx_word' id='word_1_383' title='bbox 899 3939 1321 4021; x_wconf 89' lang='lat' dir='ltr'><strong>respondendo</strong></span> <span class='ocrx_word' id='word_1_384' title='bbox 1361 3940 1462 4004; x_wconf 91' lang='lat' dir='ltr'><strong>hic</strong></span> <span class='ocrx_word' id='word_1_385' title='bbox 1506 3959 1698 4022; x_wconf 88' lang='lat' dir='ltr'><strong>usque</strong></span> <span class='ocrx_word' id='word_1_386' title='bbox 1740 3941 1890 4004; x_wconf 88' lang='lat' dir='ltr'><strong>duos</strong></span> <span class='ocrx_word' id='word_1_387' title='bbox 1923 3938 2088 4012; x_wconf 88' lang='lat' dir='ltr'><strong>dies;</strong></span> <span class='ocrx_word' id='word_1_388' title='bbox 2137 3946 2198 4000; x_wconf 91' lang='lat' dir='ltr'><strong>et</strong></span> <span class='ocrx_word' id='word_1_389' title='bbox 2240 3937 2328 4001; x_wconf 83' lang='lat' dir='ltr'><strong>sic</strong></span> <span class='ocrx_word' id='word_1_390' title='bbox 2359 3936 2690 4001; x_wconf 85' lang='lat' dir='ltr'><strong>consulunt</strong></span> <span class='ocrx_word' id='word_1_391' title='bbox 2721 3934 3167 3999; x_wconf 87' lang='lat' dir='ltr'><strong>ambaxatores.</strong></span> 
     </span>
    </p>

    <p class='ocr_par' dir='ltr' id='par_1_10' title="bbox 435 4022 3173 4531">
     <span class='ocr_line' id='line_1_40' title="bbox 648 4022 3172 4111; baseline -0.003 -19"><span class='ocrx_word' id='word_1_392' title='bbox 648 4027 887 4111; x_wconf 86' lang='lat' dir='ltr'><strong>Capta:</strong></span> <span class='ocrx_word' id='word_1_393' title='bbox 938 4027 1120 4111; x_wconf 89' lang='lat' dir='ltr'><strong>quod,</strong></span> <span class='ocrx_word' id='word_1_394' title='bbox 1171 4030 1242 4092; x_wconf 89' lang='lat' dir='ltr'><strong>ut</strong></span> <span class='ocrx_word' id='word_1_395' title='bbox 1287 4028 1611 4092; x_wconf 87' lang='lat' dir='ltr'><strong>sinistrum</strong></span> <span class='ocrx_word' id='word_1_396' title='bbox 1661 4029 1928 4110; x_wconf 87' lang='lat' dir='ltr'><strong>nequeat</strong></span> <span class='ocrx_word' id='word_1_397' title='bbox 1970 4026 2213 4092; x_wconf 89' lang='lat' dir='ltr'><strong>evenire</strong></span> <span class='ocrx_word' id='word_1_398' title='bbox 2256 4024 2522 4106; x_wconf 87' lang='lat' dir='ltr'><strong>navigiis</strong></span> <span class='ocrx_word' id='word_1_399' title='bbox 2554 4024 2802 4100; x_wconf 79' lang='lat' dir='ltr'><strong>nostriS,</strong></span> <span class='ocrx_word' id='word_1_400' title='bbox 2852 4022 3172 4086; x_wconf 90' lang='lat' dir='ltr'><strong>notificen-</strong></span> 
     </span>
     <span class='ocr_line' id='line_1_41' title="bbox 437 4113 3171 4198; baseline -0.003 -18"><span class='ocrx_word' id='word_1_401' title='bbox 437 4117 540 4180; x_wconf 88' lang='lat' dir='ltr'><strong>tur</strong></span> <span class='ocrx_word' id='word_1_402' title='bbox 582 4117 902 4197; x_wconf 88' lang='lat' dir='ltr'><strong>capitaneo</strong></span> <span class='ocrx_word' id='word_1_403' title='bbox 953 4119 1165 4180; x_wconf 89' lang='lat' dir='ltr'><strong>nostro</strong></span> <span class='ocrx_word' id='word_1_404' title='bbox 1213 4115 1442 4198; x_wconf 86' lang='lat' dir='ltr'><strong>culphy</strong></span> <span class='ocrx_word' id='word_1_405' title='bbox 1490 4134 1675 4197; x_wconf 89' lang='lat' dir='ltr'><strong>quam</strong></span> <span class='ocrx_word' id='word_1_406' title='bbox 1730 4114 2002 4180; x_wconf 85' lang='lat' dir='ltr'><strong>velocius</strong></span> <span class='ocrx_word' id='word_1_407' title='bbox 2068 4113 2200 4177; x_wconf 91' lang='lat' dir='ltr'><strong>fieri</strong></span> <span class='ocrx_word' id='word_1_408' title='bbox 2264 4115 2468 4194; x_wconf 87' lang='lat' dir='ltr'><strong>potest</strong></span> <span class='ocrx_word' id='word_1_409' title='bbox 2529 4129 2719 4182; x_wconf 87' lang='lat' dir='ltr'><strong>nova,</strong></span> <span class='ocrx_word' id='word_1_410' title='bbox 2793 4129 2909 4192; x_wconf 92' lang='lat' dir='ltr'><strong>que</strong></span> <span class='ocrx_word' id='word_1_411' title='bbox 2976 4128 3171 4190; x_wconf 88' lang='lat' dir='ltr'><strong>nuper</strong></span> 
     </span>
     <span class='ocr_line' id='line_1_42' title="bbox 437 4197 3171 4284; baseline -0.003 -17"><span class='ocrx_word' id='word_1_412' title='bbox 437 4204 610 4268; x_wconf 87' lang='lat' dir='ltr'><strong>nobis</strong></span> <span class='ocrx_word' id='word_1_413' title='bbox 648 4203 883 4284; x_wconf 87' lang='lat' dir='ltr'><strong>scripta</strong></span> <span class='ocrx_word' id='word_1_414' title='bbox 924 4201 1176 4268; x_wconf 86' lang='lat' dir='ltr'><strong>fuerunt</strong></span> <span class='ocrx_word' id='word_1_415' title='bbox 1223 4203 1296 4267; x_wconf 90' lang='lat' dir='ltr'><strong>de</strong></span> <span class='ocrx_word' id='word_1_416' title='bbox 1345 4203 1533 4280; x_wconf 85' lang='lat' dir='ltr'><strong>Pisis,</strong></span> <span class='ocrx_word' id='word_1_417' title='bbox 1585 4201 1938 4267; x_wconf 89' lang='lat' dir='ltr'><strong>mandando</strong></span> <span class='ocrx_word' id='word_1_418' title='bbox 1987 4202 2221 4279; x_wconf 92' lang='lat' dir='ltr'><strong>eidem,</strong></span> <span class='ocrx_word' id='word_1_419' title='bbox 2293 4201 2456 4283; x_wconf 89' lang='lat' dir='ltr'><strong>quod</strong></span> <span class='ocrx_word' id='word_1_420' title='bbox 2521 4201 2744 4264; x_wconf 89' lang='lat' dir='ltr'><strong>bonam</strong></span> <span class='ocrx_word' id='word_1_421' title='bbox 2803 4199 2867 4261; x_wconf 91' lang='lat' dir='ltr'><strong>et</strong></span> <span class='ocrx_word' id='word_1_422' title='bbox 2911 4197 3171 4280; x_wconf 89' lang='lat' dir='ltr'><strong>vigilem</strong></span> 
     </span>
     <span class='ocr_line' id='line_1_43' title="bbox 436 4285 3173 4373; baseline -0.003 -18"><span class='ocrx_word' id='word_1_423' title='bbox 436 4291 782 4356; x_wconf 89' lang='lat' dir='ltr'><strong>custodiam</strong></span> <span class='ocrx_word' id='word_1_424' title='bbox 825 4290 1056 4355; x_wconf 89' lang='lat' dir='ltr'><strong>habeat</strong></span> <span class='ocrx_word' id='word_1_425' title='bbox 1102 4291 1267 4355; x_wconf 88' lang='lat' dir='ltr'><strong>circa</strong></span> <span class='ocrx_word' id='word_1_426' title='bbox 1315 4291 1582 4354; x_wconf 87' lang='lat' dir='ltr'><strong>salutem</strong></span> <span class='ocrx_word' id='word_1_427' title='bbox 1626 4290 1949 4373; x_wconf 87' lang='lat' dir='ltr'><strong>galearum</strong></span> <span class='ocrx_word' id='word_1_428' title='bbox 1998 4291 2348 4353; x_wconf 87' lang='lat' dir='ltr'><strong>nostrarum</strong></span> <span class='ocrx_word' id='word_1_429' title='bbox 2398 4290 2462 4352; x_wconf 90' lang='lat' dir='ltr'><strong>et</strong></span> <span class='ocrx_word' id='word_1_430' title='bbox 2507 4285 2844 4352; x_wconf 87' lang='lat' dir='ltr'><strong>deffensam</strong></span> <span class='ocrx_word' id='word_1_431' title='bbox 2892 4285 3173 4368; x_wconf 87' lang='lat' dir='ltr'><strong>navigio-</strong></span> 
     </span>
     <span class='ocr_line' id='line_1_44' title="bbox 436 4372 3169 4460; baseline -0.002 -17"><span class='ocrx_word' id='word_1_432' title='bbox 436 4398 571 4444; x_wconf 89' lang='lat' dir='ltr'><strong>rum</strong></span> <span class='ocrx_word' id='word_1_433' title='bbox 622 4379 993 4456; x_wconf 89' lang='lat' dir='ltr'><strong>nostrorum,</strong></span> <span class='ocrx_word' id='word_1_434' title='bbox 1043 4383 1114 4443; x_wconf 90' lang='lat' dir='ltr'><strong>ut</strong></span> <span class='ocrx_word' id='word_1_435' title='bbox 1161 4380 1487 4444; x_wconf 88' lang='lat' dir='ltr'><strong>sinistrum</strong></span> <span class='ocrx_word' id='word_1_436' title='bbox 1534 4377 1801 4459; x_wconf 89' lang='lat' dir='ltr'><strong>aliquod,</strong></span> <span class='ocrx_word' id='word_1_437' title='bbox 1856 4377 2014 4460; x_wconf 91' lang='lat' dir='ltr'><strong>quod</strong></span> <span class='ocrx_word' id='word_1_438' title='bbox 2060 4376 2258 4454; x_wconf 87' lang='lat' dir='ltr'><strong>absit,</strong></span> <span class='ocrx_word' id='word_1_439' title='bbox 2308 4376 2429 4440; x_wconf 89' lang='lat' dir='ltr'><strong>sibi</strong></span> <span class='ocrx_word' id='word_1_440' title='bbox 2478 4377 2576 4440; x_wconf 86' lang='lat' dir='ltr'><strong>vel</strong></span> <span class='ocrx_word' id='word_1_441' title='bbox 2624 4374 2889 4457; x_wconf 89' lang='lat' dir='ltr'><strong>navigiis</strong></span> <span class='ocrx_word' id='word_1_442' title='bbox 2939 4372 3169 4438; x_wconf 90' lang='lat' dir='ltr'><strong>nostris</strong></span> 
     </span>
     <span class='ocr_line' id='line_1_45' title="bbox 435 4468 905 4531; baseline -0.002 0"><span class='ocrx_word' id='word_1_443' title='bbox 435 4485 557 4531; x_wconf 92' lang='lat' dir='ltr'><strong>non</strong></span> <span class='ocrx_word' id='word_1_444' title='bbox 605 4468 905 4531; x_wconf 87' lang='lat' dir='ltr'><strong>occurrat.</strong></span> 
     </span>
    </p>

    <p class='ocr_par' dir='ltr' id='par_1_11' title="bbox 436 4550 3173 4812">
     <span class='ocr_line' id='line_1_46' title="bbox 647 4550 3172 4636; baseline -0.002 -19"><span class='ocrx_word' id='word_1_445' title='bbox 647 4555 909 4636; x_wconf 91' lang='lat' dir='ltr'><strong>Insuper</strong></span> <span class='ocrx_word' id='word_1_446' title='bbox 959 4554 1297 4632; x_wconf 87' lang='lat' dir='ltr'><strong>ordinetur,</strong></span> <span class='ocrx_word' id='word_1_447' title='bbox 1349 4556 1414 4620; x_wconf 94' lang='lat' dir='ltr'><strong>et</strong></span> <span class='ocrx_word' id='word_1_448' title='bbox 1468 4553 1556 4618; x_wconf 92' lang='lat' dir='ltr'><strong>sic</strong></span> <span class='ocrx_word' id='word_1_449' title='bbox 1606 4553 1937 4630; x_wconf 88' lang='lat' dir='ltr'><strong>scribatur,</strong></span> <span class='ocrx_word' id='word_1_450' title='bbox 1986 4570 2171 4634; x_wconf 86' lang='lat' dir='ltr'><strong>quam</strong></span> <span class='ocrx_word' id='word_1_451' title='bbox 2218 4551 2483 4617; x_wconf 87' lang='lat' dir='ltr'><strong>velocius</strong></span> <span class='ocrx_word' id='word_1_452' title='bbox 2529 4550 2656 4614; x_wconf 91' lang='lat' dir='ltr'><strong>fieri</strong></span> <span class='ocrx_word' id='word_1_453' title='bbox 2707 4551 2943 4631; x_wconf 89' lang='lat' dir='ltr'><strong>potest,</strong></span> <span class='ocrx_word' id='word_1_454' title='bbox 3012 4550 3172 4634; x_wconf 86' lang='lat' dir='ltr'><strong>quod</strong></span> 
     </span>
     <span class='ocr_line' id='line_1_47' title="bbox 436 4636 3172 4725; baseline -0.002 -20"><span class='ocrx_word' id='word_1_455' title='bbox 436 4642 542 4707; x_wconf 92' lang='lat' dir='ltr'><strong>ille</strong></span> <span class='ocrx_word' id='word_1_456' title='bbox 590 4643 708 4706; x_wconf 90' lang='lat' dir='ltr'><strong>due</strong></span> <span class='ocrx_word' id='word_1_457' title='bbox 744 4640 942 4725; x_wconf 87' lang='lat' dir='ltr'><strong>galee,</strong></span> <span class='ocrx_word' id='word_1_458' title='bbox 991 4660 1144 4724; x_wconf 89' lang='lat' dir='ltr'><strong>quas</strong></span> <span class='ocrx_word' id='word_1_459' title='bbox 1188 4642 1384 4724; x_wconf 87' lang='lat' dir='ltr'><strong>pridie</strong></span> <span class='ocrx_word' id='word_1_460' title='bbox 1441 4641 1789 4711; x_wconf 85' lang='lat' dir='ltr'><strong>ordinatum</strong></span> <span class='ocrx_word' id='word_1_461' title='bbox 1838 4641 1957 4705; x_wconf 89' lang='lat' dir='ltr'><strong>fuit</strong></span> <span class='ocrx_word' id='word_1_462' title='bbox 2002 4639 2223 4704; x_wconf 87' lang='lat' dir='ltr'><strong>debere</strong></span> <span class='ocrx_word' id='word_1_463' title='bbox 2249 4639 2453 4704; x_wconf 87' lang='lat' dir='ltr'><strong>venire</strong></span> <span class='ocrx_word' id='word_1_464' title='bbox 2499 4639 2574 4703; x_wconf 87' lang='lat' dir='ltr'><strong>ad</strong></span> <span class='ocrx_word' id='word_1_465' title='bbox 2624 4639 2829 4719; x_wconf 90' lang='lat' dir='ltr'><strong>partes</strong></span> <span class='ocrx_word' id='word_1_466' title='bbox 2855 4636 3172 4703; x_wconf 85' lang='lat' dir='ltr'><strong>Sclavonie</strong></span> 
     </span>
     <span class='ocr_line' id='line_1_48' title="bbox 447 4723 3173 4812; baseline -0.003 -18"><span class='ocrx_word' id='word_1_467' title='bbox 447 4748 555 4812; x_wconf 87' lang='lat' dir='ltr'><strong>pro</strong></span> <span class='ocrx_word' id='word_1_468' title='bbox 599 4729 967 4795; x_wconf 83' lang='lat' dir='ltr'><strong>deffensione</strong></span> <span class='ocrx_word' id='word_1_469' title='bbox 1005 4733 1319 4805; x_wconf 62' lang='lat' dir='ltr'><strong>‚terrarum</strong></span> <span class='ocrx_word' id='word_1_470' title='bbox 1371 4734 1747 4808; x_wconf 88' lang='lat' dir='ltr'><strong>nostrarum,</strong></span> <span class='ocrx_word' id='word_1_471' title='bbox 1803 4730 2052 4809; x_wconf 87' lang='lat' dir='ltr'><strong>recepto</strong></span> <span class='ocrx_word' id='word_1_472' title='bbox 2096 4728 2303 4791; x_wconf 91' lang='lat' dir='ltr'><strong>nostro</strong></span> <span class='ocrx_word' id='word_1_473' title='bbox 2367 4726 2656 4790; x_wconf 90' lang='lat' dir='ltr'><strong>mandato</strong></span> <span class='ocrx_word' id='word_1_474' title='bbox 2701 4743 2821 4789; x_wconf 93' lang='lat' dir='ltr'><strong>non</strong></span> <span class='ocrx_word' id='word_1_475' title='bbox 2869 4723 3173 4790; x_wconf 87' lang='lat' dir='ltr'><strong>obstanti-</strong></span> 
     </span>
    </p>
   </div>
  </div>
 </body>
</html>
