3620 5282
503 393 634 458 378

897 569 1212 651 nxxl.
1268 569 1472 652 eoo.
1531 569 1759 654 1396.
1813 569 1917 652 20
1966 571 2288 672 srpnja
2345 592 2404 650 u
2454 569 2847 652 metam.

503 714 794 786 Napatak
845 715 1262 785 pomors'lcomu
1323 714 1643 791 Repetam,
1709 713 2100 786 odpravljenu
2168 731 2252 772 na
2301 713 2511 787 pomo&
2556 714 2880 788 aqam-hrt).
2924 713 3128 785 kralju
3180 730 3220 770 u

1774 804 1949 861 istola.

717 902 905 967 1396.
975 904 1071 968 die
1135 905 1255 969 XX
1317 904 1474 982 iulii,
1542 905 1876 969 indictione
1936 904 2171 987 quarta.
2221 901 2546 987 Sapientes
2592 904 2854 982 consilii,
2902 905 3214 986 sapientes

503 990 802 1055 ordinum.
854 990 1075 1074 Capta:
1125 1011 1263 1057 cum
1314 994 1669 1076 capitaneus
1718 997 1924 1058 noster
1965 992 2191 1077 culpby
2259 993 2486 1057 habeat
2554 993 2616 1056 in
2665 994 2996 1066 mandatis
3053 995 3212 1074 quod

503 1078 565 1141 in
614 1098 756 1142 casu
807 1098 925 1162 quo
975 1080 1261 1144 dominus
1311 1102 1411 1145 rex
1458 1081 1781 1164 Hungarie
1823 1083 2028 1145 veniat
2075 1083 2150 1146 ad
2202 1087 2405 1163 partes
2453 1080 3040 1164 Constantinopolis,
3093 1099 3212 1144 non

502 1168 822 1230 recedendi
868 1169 1107 1245 deinde,
1158 1172 1344 1235 donec
1392 1172 1469 1234 ibi
1519 1173 1712 1234 staret
1758 1190 1897 1234 cum
1948 1188 2057 1233 suo
2105 1170 2373 1233 exercitu
2407 1169 2502 1233 vel
2540 1169 2727 1235 donec
2762 1169 3013 1234 habebit
3043 1167 3213 1232 aliud

502 1258 779 1319 nostrum
834 1258 1215 1334 mandatum,
1266 1259 1426 1341 quod
1474 1259 1592 1322 sibi
1641 1259 1965 1324 mittemus
2014 1278 2120 1341 per
2151 1258 2358 1339 galeas
2393 1261 2630 1322 nostras
2663 1258 2851 1340 viagii
2886 1256 3210 1332 Romanie,

508 1344 569 1406 et
618 1344 835 1407 leviter
882 1351 1091 1427 posset
1139 1366 1318 1410 casus
1365 1365 1701 1422 occurrere,
1750 1347 1913 1429 quod
1962 1348 2092 1427 ipse
2138 1345 2425 1410 dominus
2473 1365 2576 1409 rex
2623 1348 2775 1410 bene
2847 1344 3087 1409 veniret
3134 1347 3207 1408 ad

503 1430 644 1495 illas
691 1435 897 1514 partes
946 1432 1508 1518 Constantinopolis
1555 1439 1620 1499 et
1664 1436 1979 1506 Romania,
2029 1437 2092 1498 et
2137 1437 2332 1498 staret
2378 1434 2465 1498 ibi
2500 1453 2604 1514 per
2646 1434 2891 1517 aliquod
2941 1440 3208 1515 tempus,

506 1521 612 1583 sed
658 1521 1021 1601 provideret,
1071 1522 1229 1606 quod
1275 1542 1383 1587 sue
1431 1523 1605 1606 galee
1653 1528 1715 1587 et
1763 1524 2004 1587 unionis
2049 1523 2498 1595 disarmentur;
2551 1523 2639 1587 ita
2671 1521 2827 1604 quod
2861 1524 2960 1585 est
2995 1540 3206 1585 neces-

503 1609 736 1672 sarium
791 1610 932 1674 dare
980 1611 1094 1675 sibi
1145 1611 1439 1688 ordinem,
1492 1613 1645 1694 quod
1698 1613 1756 1675 in
1801 1613 1912 1675 hoc
1961 1630 2104 1675 casu
2149 1610 2427 1674 facturus
2477 1611 2593 1685 sit,
2645 1611 2814 1673 vadit
2844 1629 3008 1692 pars,
3043 1610 3206 1691 quod

508 1696 938 1762 committatur
984 1698 1147 1763 dicto
1193 1700 1511 1781 capitaneo
1559 1701 1768 1764 nostro
1812 1698 2059 1782 culpby,
2123 1698 2283 1782 quod
2352 1699 2409 1762 in
2479 1716 2643 1773 casu,
2692 1715 2810 1780 quo
2859 1699 3033 1781 galee
3082 1697 3210 1779 lige

506 1804 631 1863 sue,
682 1783 883 1850 silicet
929 1787 1102 1864 Rodi,
1155 1788 1291 1854 Chii
1340 1789 1404 1852 et
1452 1788 1795 1865 Metbelini,
1849 1787 1944 1851 vel
1993 1787 2186 1850 maior
2231 1805 2374 1870 pars
2439 1805 2648 1850 earum
2691 1787 3205 1862 disarmarentur,

504 1872 633 1955 ipse
681 1875 872 1938 etiam
922 1876 1158 1953 debeat,
1210 1877 1451 1959 quaudo
1498 1877 1610 1940 sibi
1664 1877 1992 1949 videbitur,
2040 1875 2314 1957 accipere
2360 1875 2674 1939 licentiam
2723 1874 3036 1938 adomino
3088 1876 3209 1937 im-

500 1964 799 2045 peratore,
850 1965 913 2026 et
960 1965 1168 2028 venire
1215 1965 1290 2027 ad
1340 1966 1685 2029 custodiam
1736 1984 1934 2039 suam,
1984 1962 2261 2028 habendo
2307 1982 2548 2045 semper
2597 1967 2866 2026 mentem
2914 1965 2989 2026 ad
3038 1982 3213 2027 secu-

505 2052 751 2114 ritatem
800 2051 1117 2132 galearum
1170 2058 1517 2117 nostrarum
1563 2053 1879 2129 Romania,
1934 2054 2017 2116 ita
2064 2053 2220 2135 quod
2268 2070 2480 2116 secure
2528 2052 2585 2116 in
2637 2050 2840 2115 reditu
2888 2070 3002 2115 suo
3041 2053 3210 2115 tran-

503 2138 626 2202 sire
673 2140 911 2220 possint
955 2140 1157 2204 locum
1205 2140 1504 2222 Galipolis
1552 2144 1680 2205 sine
1732 2141 2016 2204 molestia
2062 2141 2431 2223 aliquorum.

708 2228 965 2308 Insuper
1027 2228 1374 2293 declaretur
1437 2232 1633 2293 eidem
1696 2231 2036 2311 capitaneo,
2109 2230 2251 2310 quia
2321 2228 2698 2302 mandatum,
2773 2226 2931 2308 quod
2997 2225 3207 2304 habet,

501 2312 672 2389 dicit,
719 2318 878 2396 quod
926 2315 1149 2380 debeat
1195 2319 1423 2382 servire
1470 2318 1715 2384 domiuo
1771 2318 1901 2400 regi
1952 2337 1987 2381 a
2016 2317 2272 2400 Largiro
2310 2315 2469 2379 infra
2498 2315 2663 2379 intra
2707 2315 3021 2391 strictum,
3055 2313 3213 2397 quod

500 2402 553 2466 si
603 2407 767 2465 esset
803 2405 1211 2468 necessarium
1266 2406 1381 2486 ipsi
1430 2406 1677 2470 domino
1726 2407 1874 2486 regi,
1929 2406 2120 2487 possit
2181 2406 2303 2468 sibi
2365 2403 2593 2468 servire
2653 2421 2690 2465 a
2738 2403 2997 2486 Largiro
3046 2402 3208 2467 infra

500 2509 691 2573 usque
739 2490 1156 2557 Salonichium
1206 2494 1547 2558 secundum
1594 2494 1753 2577 quod
1805 2495 1990 2558 suerit
2034 2495 2425 2578 oportunum.

586 2599 768 2660 Misti
809 2600 1069 2665 XLIII.
1122 2605 1267 2682 143,
1316 2623 1358 2664 u
1405 2604 1557 2666 mlet.
1608 2605 1842 2666 arkivu.

850 2790 1215 2872 DXXII.
1268 2792 1475 2875 God.
1530 2792 1759 2877 1396.
1813 2793 1911 2877 22
1967 2795 2295 2895 srpnja,
2347 2815 2409 2875 u
2460 2792 2856 2875 Mletcih.

500 2933 835 3006 Republika
872 2935 1196 3008 podieljuje
1237 2955 1426 3009 pravo
1474 2939 1831 3013 mletackoqa
1870 2939 2266 3012 yradjanstva
2317 2937 2618 3010 Sandalju
2661 2936 2953 2995 veldkomu
2999 2936 3216 2994 bosan-

1603 3029 1807 3085 skomu
1855 3027 2103 3101 vojvodi.

713 3144 1118 3228 Privilegium
1167 3149 1402 3230 egregii
1447 3150 1558 3212 viri
1609 3149 1838 3213 domini
1890 3146 2137 3212 Sandali
2190 3147 2262 3210 de
2297 3145 2615 3220 Chosachi,
2663 3145 2880 3210 Rassie
2914 3146 2975 3209 et
3009 3145 3216 3210 Bosne

503 3232 716 3313 magni
769 3237 1030 3316 voyvode
1076 3234 1152 3299 de
1198 3238 1370 3301 extra
1416 3257 1555 3301 cum
1619 3238 1748 3300 suis
1813 3236 1957 3300 filiis
2022 3239 2086 3299 et
2131 3236 2477 3298 heredibus.
2542 3232 2894 3298 Anthonius
2944 3233 3216 3297 Venerio

504 3318 600 3382 dei
652 3323 858 3402 gratia
902 3322 1020 3385 dux
1067 3322 1468 3388 Venetiarum
1523 3329 1584 3387 et
1631 3332 1748 3389 cet.
1798 3325 2116 3389 Universis
2164 3329 2227 3387 et
2269 3323 2534 3405 singulis
2585 3327 2712 3385 tam
2761 3321 2983 3386 amicis
3017 3341 3216 3404 quam

504 3406 790 3471 fidelibus
837 3414 900 3474 et
946 3414 1074 3474 tam
1122 3414 1513 3494 presentibus
1563 3432 1743 3496 qnam
1797 3414 2041 3486 futuriS,
2090 3431 2338 3493 presens
2389 3410 2779 3492 privilegium
2814 3410 3213 3491 inspecturis,

501 3495 765 3558 salutem
816 3501 878 3561 et
925 3498 1163 3564 sincere
1212 3500 1556 3565 dilectionis
1604 3501 1910 3564 effectum.
1963 3501 2163 3565 Tanto
2200 3500 2519 3579 benignius
2551 3498 2786 3562 ducalis
2824 3498 3217 3576 providentia

500 3583 817 3647 consuevit
852 3605 1134 3666 personas
1183 3590 1545 3672 magnificas
1593 3589 1709 3652 sibi
1758 3590 2118 3653 amicabiles
2177 3592 2241 3652 et
2301 3588 2554 3650 devotas
2614 3585 2945 3651 honoribus
2991 3605 3216 3663 perve-

502 3670 651 3744 nire,
703 3670 1097 3756 ipsarumque
1146 3677 1327 3740 fidem
1376 3683 1441 3741 et
1485 3679 1866 3742 devotionem
1935 3678 2136 3758 dignis
2215 3675 2724 3739 retributionibus
2784 3693 3215 3756 compensare,

500 3777 571 3821 ac
617 3758 782 3840 ipsas
844 3763 1155 3827 dotalibus
1216 3765 1526 3829 favoribus
1596 3764 1957 3840 convallare,
2020 3771 2083 3827 et
2145 3764 2417 3846 ipsorum
2483 3763 2812 3845 petitiones
2882 3763 3212 3827 liberalius

500 3850 806 3924 exaudire,
859 3860 1085 3931 quanto
1133 3852 1381 3917 ducatui
1428 3857 1634 3917 nostro
1682 3854 2029 3916 devotiores
2089 3852 2202 3916 fide
2266 3857 2328 3916 et
2390 3851 2676 3932 operibus
2723 3870 2788 3914 se
2842 3852 3208 3915 ostendunt.

499 3934 912 4001 Attendentes
961 3941 1150 4020 igitur
1202 3942 1562 4025 multiplicis
1634 3940 2054 4004 benevolentia
2115 3940 2445 4021 puritatem
2508 3942 2571 4004 et
2616 3938 2957 4003 devotionis
3006 3940 3212 4021 pleni·

500 4023 795 4098 tudinem,
847 4046 1028 4109 quam
1080 4030 1361 4111 vestigius
1405 4049 1475 4093 ac
1522 4030 1882 4112 magnificus
1929 4028 2214 4091 dominus
2262 4026 2509 4091 Sandali
2545 4028 2617 4090 de
2650 4026 2969 4101 Chosachi,
3000 4027 3209 4104 mileS,

500 4111 718 4176 Rassie
768 4114 1086 4195 Bosneque
1126 4137 1382 4195 magnus
1429 4119 1717 4201 voyvoda,
1767 4137 1838 4180 ac
1886 4117 2101 4191 Budue
2149 4120 2213 4178 et
2256 4116 2443 4179 Zente
2491 4116 2790 4191 dominuS,
2841 4114 3210 4180 carissimus

501 4204 562 4261 et
602 4201 859 4265 intimus
907 4205 1147 4268 amicus
1198 4207 1390 4268 nostri
1437 4206 1712 4274 dominii,
1760 4205 1835 4267 ud
1887 4209 2091 4268 nostre
2142 4203 2583 4283 magnitudinis
2630 4203 3060 4267 excellentiam
3097 4205 3211 4268 ha-

500 4287 641 4352 bere
693 4292 993 4372 promptis
1040 4291 1361 4356 affectibus
1410 4314 1474 4357 se
1520 4294 1809 4363 ostendit,
1859 4293 1962 4375 qui
2015 4295 2074 4355 iu
2121 4293 2377 4375 agendis
2426 4311 2550 4367 nOS,
2587 4290 2881 4355 ducatum
2919 4295 3208 4355 nostrum

501 4377 565 4438 et
605 4377 950 4458 singulares
999 4399 1288 4462 personas
1336 4384 1597 4445 ducatus
1642 4381 1915 4444 eiusdem
1968 4380 2360 4464 tangentibus
2405 4383 2755 4462 promptum
2803 4383 2867 4442 et
2912 4380 3208 4443 devotum

500 4463 900 4530 laudabiliter
945 4470 1007 4530 et
1056 4468 1435 4533 incessanter
1478 4489 1542 4533 se
1590 4471 1836 4551 prebuit
1880 4472 2066 4551 atque
2113 4468 2345 4550 prebet,
2412 4466 2966 4549 supplicationibus
3031 4469 3215 4549 nobis

501 4569 612 4613 sua
657 4557 825 4633 parte
874 4559 1173 4637 porrectis
1220 4559 1554 4640 gratiosius
1618 4560 1982 4625 annuentes.
2048 4557 2353 4638 prefatum
2418 4555 2814 4639 magnificum
2884 4555 3210 4620 dominum

502 4636 747 4704 Sandali
799 4648 1147 4708 nostrorum
1197 4647 1471 4709 omnium
1522 4646 1918 4710 consiliorum
1964 4648 2027 4709 et
2073 4645 2634 4708 ordinamentorum
2690 4643 3036 4707 necessaria
3105 4663 3211 4707 so-

500 4724 823 4792 lemnitate
875 4741 1132 4798 servata.
1181 4733 1241 4797 iu
1292 4741 1575 4797 venetum
1626 4738 1687 4796 et
1751 4734 1949 4797 civem
2020 4744 2300 4797 nostium
2361 4750 2498 4797 cum
2543 4732 2669 4794 suis
2715 4730 2866 4794 filiis
2913 4734 2979 4794 et
3027 4734 3212 4795 here-

505 4812 686 4878 dibus
734 4821 1028 4897 perpetuo
1077 4822 1418 4903 recepimus
1464 4828 1645 4902 atque
1692 4822 2046 4904 recipimus,
2103 4828 2170 4887 et
2229 4825 2514 4885 venetum
2571 4821 2633 4882 et
2671 4818 2870 4882 civem
2921 4828 3212 4885 nostrum
