3620 5282
3032 339 3163 433 469
3194 421 3201 430 .

453 545 843 613 baxatoribus
889 544 1350 628 suprascriptis,
1397 545 1672 625 audiant,
1721 545 1980 612 trahant
2025 550 2088 613 et
2131 549 2430 632 senciant‚
2500 550 2803 632 quantum
2850 547 3159 631 poterunt,

457 636 529 699 de
577 634 916 700 intentione
962 634 1028 699 et
1068 633 1466 716 dispositione
1512 635 1704 717 ipsius
1751 635 1983 701 domini
2050 638 2213 721 regis
2281 639 2444 702 circa
2513 637 2749 701 factum
2815 637 3159 720 predictum

454 724 752 807 possendo
795 721 1183 805 respondere,
1231 722 1429 787 dicere
1474 725 1538 786 et
1583 720 1859 808 allegare
1904 741 1975 790 ac
2022 724 2325 790 discutere
2392 724 2629 789 factum
2696 743 2804 807 pro
2878 724 3157 809 ponendo

460 811 613 878 illud
661 811 726 874 in
772 811 978 895 aliquo
1025 809 1312 888 termino,
1358 812 1695 876 secundum
1745 813 1907 897 quod
1952 813 2107 896 ipsis
2147 812 2373 878 melius
2419 817 2481 878 et
2549 811 2769 877 utilius
2812 813 3153 896 apparebit,

454 898 544 965 ita
589 901 819 977 tamen,
869 898 1026 983 quod
1087 917 1206 963 non
1264 900 1504 982 possint
1542 899 1774 985 aliquid
1822 901 2180 968 concludere
2226 901 2323 966 vel
2369 903 2617 967 firmare
2662 901 2795 965 sine
2838 902 3159 968 voluntate

454 989 519 1053 et
577 987 1019 1052 deliberatione
1064 986 1245 1051 istius
1290 986 1546 1053 consilii.
1595 987 1687 1052 De
1733 992 1907 1072 parte
1957 988 2058 1070 78,
2109 1007 2229 1056 uon
2282 987 2379 1069 17,
2429 1008 2545 1057 nou
2592 989 2818 1055 sinceri
2872 988 2969 1054 14.

540 1095 779 1161 Secreta
826 1094 996 1159 omas.
1049 1096 1193 1175 Roq.
1243 1096 1300 1159 Ι.
1360 1098 1459 1170 71,
1506 1114 1547 1157 u
1592 1097 1746 1162 meet.
1792 1099 2029 1161 arkivu.

725 1359 1196 1446 DOXXIX.
1254 1359 1461 1445 God.
1512 1362 1748 1445 1402.
1802 1362 1855 1446 8
1907 1363 2354 1462 kolovoza,
2410 1384 2466 1445 u
2519 1360 2910 1446 Mletclh.

457 1543 765 1603 Poslanici
807 1543 1009 1617 lev-alja
1053 1542 1450 1618 napuljskoya
1492 1543 1831 1603 Ladislava
1873 1547 2005 1621 opat
2048 1542 2211 1604 trabe
2275 1543 2353 1602 od
2394 1542 2714 1618 νεραόῑϋεε,
2779 1544 2933 1605 nerea
2976 1558 3038 1603 se
3076 1544 3160 1602 iz-

443 1630 601 1710 jam',
645 1631 852 1691 mislili
896 1648 1014 1691 ona
1056 1632 1203 1690 stati
1244 1648 1329 1691 na
1361 1635 1482 1705 put
1525 1632 1774 1705 m’ihovu
1819 1631 2042 1709 lar-azia,
2111 1633 2211 1705 koj
2261 1633 2409 1691 kam·
2465 1632 2767 1706 prebrodit
2820 1648 2883 1692 sc
2928 1648 2969 1690 u
3013 1629 3161 1691 Dal·

455 1721 695 1795 maciju,
744 1720 824 1779 da
866 1722 923 1780 si
958 1720 1213 1794 prisvoji
1253 1722 1456 1780 krunu
1483 1721 1792 1801 ηραν-31η,
1841 1724 1895 1780 te
1927 1721 2024 1795 joj
2067 1739 2151 1781 na
2195 1738 2342 1781 novo
2410 1720 2569 1780 nude
2612 1736 2801 1781 saves.
2864 1719 3163 1779 Mletadko

455 1807 611 1868 viede
654 1808 857 1883 οᾱόϋα
898 1824 1091 1880 savos,
1139 1826 1179 1868 a
1224 1813 1543 1883 opetovano
1609 1808 1772 1885 kaie,
1847 1810 1931 1869 da
1976 1808 2039 1869 άε
2103 1826 2166 1869 se
2205 1809 2572 1884 pn'y'ateh'ski
2611 1808 2896 1883 ponasati
2937 1823 3010 1868 sa
3052 1824 3160 1867 na-

449 1897 762 1972 pub'skimi
802 1897 1099 1976 poleyami,
1144 1915 1287 1974 ncqo
1329 1897 1461 1977 leli,
1507 1898 1589 1961 da
1624 1898 1924 1973 poszanici
1951 1898 2219 1959 Ῑεοηαόηο
2247 1897 2400 1959 risse
2435 1898 2760 1959 razmin’cu
2783 1897 2950 1974 qledc
2978 1895 3162 1967 Krfa.

666 2034 849 2102 1402.
897 2036 1233 2100 indictione
1278 2037 1534 2111 decima,
1579 2036 1679 2101 die
1724 2036 1878 2102 VIII
1923 2037 2189 2120 augusti.
2259 2034 2581 2119 Sapientes
2649 2053 2863 2102 omues
2909 2034 3157 2101 consilii

452 2127 514 2188 et
557 2123 866 2207 sapientes
913 2123 1215 2189 ordinum.
1280 2124 1510 2208 Capta:
1582 2142 1725 2190 cum
1790 2125 2064 2191 oratores
2111 2125 2345 2190 domini
2386 2125 2555 2211 regis
2601 2125 2898 2204 Ladislai,
2946 2122 3158 2190 audita

451 2212 840 2293 responsione
886 2212 1080 2296 pridie
1125 2211 1216 2277 eis
1263 2214 1407 2278 data
1454 2211 1792 2278 secundum
1838 2212 2001 2296 quod
2047 2212 2460 2279 deliberatum
2504 2212 2708 2279 fuerat
2754 2214 2819 2278 in
2862 2211 2984 2279 isto
3015 2229 3164 2277 con-

449 2300 609 2378 silio,
653 2300 1006 2366 habuerunt
1049 2300 1252 2366 dicere
1278 2304 1344 2366 et
1389 2301 1683 2384 replicare
1732 2321 1915 2384 super
1959 2300 2124 2367 facto
2168 2303 2489 2387 galearum
2522 2320 2778 2367 suarum
2812 2302 2968 2366 bene
2999 2302 3164 2365 trac-

453 2388 781 2454 tandarum
820 2408 929 2472 per
972 2408 1085 2454 nos
1130 2389 1195 2453 in
1242 2389 1396 2455 locis
1443 2389 1670 2455 nostris
1716 2391 1782 2474 et
1826 2408 1863 2455 a
1907 2391 2134 2455 nostris
2180 2389 2398 2476 galeis
2478 2391 2637 2476 quod
2683 2389 2968 2456 dominus
3014 2407 3164 2454 suus

454 2477 767 2558 predictus
814 2477 1099 2543 dominus
1142 2496 1250 2542 rex
1294 2479 1448 2544 bene
1493 2478 1786 2560 sperabat
1829 2477 2057 2543 habere
2101 2477 2295 2544 talem
2347 2481 2410 2544 et
2471 2481 2560 2545 sic
2619 2483 2866 2563 gratam
2911 2495 3164 2561 respon-

454 2567 690 2630 sionem
738 2584 775 2630 a
823 2566 997 2631 nobis
1045 2567 1110 2631 et
1154 2569 1365 2632 nostro
1412 2566 1699 2645 dominio,
1748 2569 1813 2630 et
1857 2566 2014 2651 quod
2077 2568 2225 2632 licet
2285 2566 2443 2632 foret
2502 2569 2686 2651 grata
2753 2568 2817 2632 et
2878 2566 3151 2649 accepta,

454 2655 723 2720 multum
770 2656 980 2720 tamen
1027 2655 1292 2721 libenter
1340 2654 1530 2721 vellet
1573 2656 1795 2722 habere
1828 2656 2302 2722 declarationem
2350 2676 2386 2721 a
2420 2656 2616 2737 nobis,
2650 2658 2701 2722 si
2736 2656 3159 2740 guerrizzante

453 2743 668 2808 eodem
693 2744 911 2809 'terras
959 2743 1272 2809 Dalmatio
1311 2746 1377 2809 et
1423 2744 1817 2809 Dalmatinos
1865 2747 1928 2809 et
1975 2745 2268 2810 similiter
2316 2764 2578 2829 regnum
2651 2744 2991 2826 Hungarie,
3040 2761 3159 2828 que

451 2831 570 2896 sibi
616 2831 889 2897 indebite
933 2835 1329 2914 occupantur,
1379 2832 1539 2897 sicut
1584 2834 1718 2898 erat
1763 2832 2100 2916 dispositus
2150 2832 2369 2911 facere,
2437 2838 2649 2899 nostra
2716 2831 3059 2897 dominatio
3097 2849 3163 2896 se

451 2919 783 3001 impediret
827 2921 900 2985 de
947 2919 1135 2984 dictis
1176 2919 1378 2998 factiS,
1429 2921 1523 2986 vel
1570 2922 1743 2986 daret
1788 2922 1877 2986 eis
1923 2921 2197 3005 aliquam
2232 2921 2702 2987 subventionem
2734 2921 2834 2986 vel
2863 2919 3163 2999 favorem,

454 3010 760 3093 tangendo
807 3011 872 3073 et
914 3007 1191 3074 faciendo
1237 3011 1463 3074 iterum
1511 3011 1883 3074 mentionem
1934 3012 2007 3074 de
2055 3010 2216 3075 facto
2247 3009 2391 3093 lige,
2425 3029 2612 3093 quam
2645 3007 2970 3093 requisivit
3002 3007 3159 3072 velle

459 3097 684 3163 habere
727 3096 1048 3163 nobiscum
1096 3099 1225 3172 etc;
1281 3096 1446 3162 vadit
1492 3117 1654 3180 pars,
1698 3098 1861 3182 quod
1912 3098 2354 3182 respondeatur
2400 3098 2667 3163 eisdem:
2730 3097 2796 3161 et
2840 3097 3036 3177 primo
3083 3095 3161 3159 ad
3295 3161 3298 3165 .

454 3185 690 3251 factum
736 3184 882 3268 lige,
933 3184 1095 3268 quod
1145 3186 1430 3250 dominus
1476 3205 1624 3251 suus
1671 3187 1955 3252 dominus
2003 3206 2106 3251 rex
2175 3186 2327 3251 bene
2396 3187 2600 3251 videre
2647 3187 2713 3251 et
2757 3184 3161 3267 comprehen-

461 3274 605 3339 dere
652 3274 854 3357 potest
900 3273 1120 3338 bonam
1176 3275 1580 3339 intentionem
1644 3278 1707 3340 et
1774 3274 2262 3358 dispositionem,
2311 3292 2497 3358 quam
2544 3274 2846 3340 habemus
2892 3271 2970 3337 ad
3017 3290 3159 3336 eum

457 3365 521 3428 et
559 3364 792 3427 statum
839 3380 1039 3439 suum,
1090 3364 1154 3427 et
1198 3362 1425 3428 habere
1472 3363 1851 3428 intendimus
1899 3365 1960 3427 in
2007 3362 2306 3441 futurum,
2360 3364 2487 3442 sed,
2525 3364 2691 3428 sicut
2721 3362 3010 3438 diximuS,
3046 3379 3156 3444 per

452 3451 661 3534 plures
707 3450 996 3515 honestas
1041 3455 1107 3515 et
1151 3451 1549 3516 rationabiles
1596 3469 1815 3516 causas
1863 3469 1983 3516 non
2030 3453 2288 3535 apparet
2330 3452 2506 3518 nobis
2550 3452 2624 3516 de
2669 3447 3039 3515 attendendo
3085 3447 3164 3512 ad

457 3539 649 3622 ligam
693 3540 1053 3621 predictam,
1102 3539 1435 3604 lutanando
1481 3559 1546 3604 se
1592 3540 1671 3604 ab
1717 3540 1829 3605 illa
1873 3558 2013 3607 cum
2060 3541 2202 3605 istis
2250 3544 2314 3604 et
2357 3540 2498 3605 aliis
2546 3539 2770 3616 verbiS,
2818 3556 2936 3621 que
2983 3535 3157 3602 vide-

458 3628 710 3692 buntur.

665 3749 774 3816 Ser
816 3751 1095 3833 Donatus
1142 3750 1380 3826 Mauro,
1425 3770 1523 3816 ser
1569 3751 1913 3818 Ludovicus
1954 3754 2340 3831 Mauroceno,
2411 3770 2510 3816 ser
2576 3749 2892 3816 ,Iohannes
2954 3747 3160 3814 Mocc-

455 3842 615 3924 nig0,
665 3839 974 3923 sapientes
1019 3840 1276 3904 consilii.
1329 3837 1563 3922 Capta:
1607 3840 1686 3904 ad
1717 3841 1979 3906 alteram
2012 3844 2251 3925 partem
2284 3839 2739 3915 declarationiS,
2774 3855 2957 3922 quam
3013 3837 3173 3921 petit

453 3949 491 3995 a
539 3930 735 4006 nobiS,
784 3929 837 3992 si
884 3928 1237 4010 guerizante
1296 3928 1426 4010 ipso
1472 3929 1716 3993 domino
1764 3949 1874 3994 suo
1921 3929 2104 3994 terris
2151 3928 2470 3994 Dalmacie
2516 3929 2583 3993 et
2623 3925 2965 4009 Hungarie‚
3008 3928 3172 3993 sicut

454 4021 552 4083 est
623 4017 960 4100 dispositus
1035 4014 1255 4094 facere,
1336 4036 1446 4080 nos
1516 4016 1925 4100 impediemus
1998 4037 2108 4083 nos
2155 4019 2229 4082 de
2277 4017 2461 4082 dictis
2507 4016 2688 4082 factis
2745 4021 2860 4079 etc.
2911 4033 3166 4098 respon-

454 4108 695 4183 deatur,
744 4105 907 4190 quod
952 4105 1107 4170 satis
1155 4104 1320 4169 clare
1369 4109 1574 4170 nostro
1639 4104 1866 4171 iudicio
1937 4125 2043 4189 per
2117 4107 2574 4189 responsionem
2646 4105 2927 4168 nostram
2975 4102 3173 4187 pridie

454 4195 543 4260 eis
591 4195 804 4259 datam
849 4191 970 4276 ipsi
1016 4191 1225 4256 videre
1269 4195 1332 4256 et
1403 4192 1923 4276 comprehendere
1996 4198 2332 4278 potuerunt
2395 4196 2460 4259 et
2527 4192 2787 4278 possunt
2857 4191 3169 4258 sincerum

453 4300 729 4348 amorem
776 4284 840 4347 et
879 4278 1220 4363 perfectam
1264 4279 1750 4364 dispositionem,
1819 4301 2006 4368 quam
2079 4282 2378 4348 habemus
2452 4283 2517 4347 et
2582 4281 2809 4345 habere
2882 4279 3166 4365 dispositi

452 4390 666 4437 sumus
713 4370 790 4437 ad
835 4371 1095 4435 honores
1139 4371 1203 4433 et
1251 4369 1637 4452 beneplacita
1685 4370 1839 4436 dicti
1897 4371 2130 4437 domini
2196 4371 2383 4455 regis,
2451 4388 2593 4435 nam
2656 4370 2747 4435 eis
2791 4367 3059 4434 diximus
3106 4369 3172 4434 et

450 4459 732 4537 dicimus,
782 4456 940 4544 quod
987 4456 1249 4523 intentio
1296 4459 1361 4522 et
1404 4457 1727 4541 dispositio
1793 4460 2009 4526 nostra
2078 4462 2215 4525 erat
2260 4462 2324 4523 et
2368 4462 2486 4538 est,
2538 4457 2746 4524 videre
2794 4460 2859 4521 et
2902 4460 3170 4522 tractare

448 4567 522 4613 ac
564 4548 768 4613 videre
813 4549 875 4613 et
922 4546 1181 4612 tractari
1226 4546 1425 4611 facere
1471 4546 1679 4631 galeas
1725 4550 1789 4612 et
1837 4550 2063 4633 gentes
2112 4566 2255 4613 suas
2306 4548 2369 4612 in
2438 4545 2593 4612 locis
2662 4545 2888 4611 nostris
2939 4546 3174 4611 amica-

448 4635 659 4702 biliter
703 4639 767 4700 et
812 4635 1099 4711 fraterne,
1150 4652 1338 4718 quam
1384 4640 1665 4701 nostram
1709 4637 2182 4720 responsionem
2228 4634 2695 4701 consideramus
2744 4633 2966 4699 debere
3013 4632 3168 4698 satis

452 4723 732 4790 sufficere
792 4723 958 4789 dicto
1016 4723 1263 4789 domino
1329 4741 1463 4803 suo,
1523 4724 1668 4808 quia
1726 4725 1818 4789 ita
1883 4725 2157 4791 inveniet
2216 4744 2324 4808 per
2363 4744 2471 4790 nos
2516 4725 2651 4789 fieri
2697 4741 2807 4806 per
2852 4721 3164 4802 effectum,

450 4830 565 4878 nec
609 4811 800 4878 aliam
844 4811 1327 4879 declarationem
1375 4813 1556 4880 debet
1599 4831 1638 4878 a
1683 4814 1861 4880 nobis
1909 4814 2087 4898 velle,
2137 4813 2297 4898 quia
2342 4831 2485 4879 cum
2532 4812 2756 4878 honore
2800 4813 3036 4889 nostro,
3069 4827 3168 4877 se-
