3620 5282
508 383 546 441 2

715 554 942 638 Capta:
1008 554 1169 638 quod
1210 572 1386 619 omne
1433 554 1644 619 vinum
1690 557 1821 620 tam
1882 555 2258 636 terrigenum
2305 573 2489 638 quam
2552 556 2809 632 forense,
2865 554 3024 637 quod
3071 574 3218 619 ven-

509 646 688 711 detur
733 642 809 709 ad
858 643 1118 726 spinam,
1167 642 1388 707 debeat
1432 642 1726 722 venditor,
1766 646 2095 724 antequam
2141 642 2391 730 *vendat
2440 641 2639 724 primo
2688 642 2968 707 estimari
3015 644 3213 707 facere

508 753 617 817 per
661 732 1164 807 dominationem,
1212 731 1427 795 deinde
1473 730 1737 814 vegetim
1786 731 1931 809 vini,
1983 730 2270 795 videlicet
2300 731 2709 813 capacitatem
2755 730 2968 813 ipsine,
3006 733 3082 794 *et
3122 732 3215 795 di-

504 840 641 888 cere
700 838 809 903 pro
856 823 1085 903 quanto
1137 818 1400 884 voluerit
1445 820 1718 898 vendere,
1764 819 2064 902 possendo
2110 820 2404 897 vendere,
2455 823 2749 902 quantum
2798 819 3092 897 voluerit,
3142 820 3214 883 de

515 928 634 994 quo
673 909 814 974 vino
863 910 1135 973 solvatur
1180 907 1253 971 de
1300 907 1561 990 quinque
1608 906 1873 971 denariis
1919 906 2203 971 denarius
2250 926 2440 984 unus,
2506 910 2569 970 et
2612 907 2839 972 habeat
2886 908 3215 972 terminum

504 999 683 1064 unius
730 997 960 1061 mensis
998 997 1074 1060 ad
1121 996 1515 1073 solvendum,
1578 998 1901 1079 postquam
1964 995 2149 1060 fuerit
2193 996 2589 1073 estimatum,
2625 996 2832 1077 ,dando
2879 995 3212 1078 plezariam

502 1087 787 1152 idoneam
832 1086 904 1149 de
952 1084 1259 1149 solvendo,
1711 1154 1718 1163 ,

715 1173 944 1256 Capta:
989 1173 1148 1255 quod
1182 1191 1393 1237 carnes
1437 1172 1787 1249 castratine,
1839 1171 2194 1250 moltonine,
2235 1172 2479 1253 caprine
2503 1172 2568 1235 et
2590 1171 2863 1250 bechine,
2911 1190 3029 1254 que
3061 1171 3219 1235 occi-

504 1261 742 1342 dentur,
792 1261 1034 1327 solvant
1082 1279 1191 1344 pro
1239 1261 1512 1342 quolibet
1552 1261 1749 1344 capite
1794 1260 1999 1324 soldos
2032 1263 2155 1324 tres
2194 1277 2540 1342 parvorum.
2590 1256 2764 1337 Quod
2819 1259 2893 1323 de
2940 1258 3217 1342 quolibet

510 1369 688 1434 agno,
734 1349 838 1433 qui
885 1351 1178 1413 vendetur
1238 1348 1302 1413 in
1362 1349 1590 1426 Jadra,
1655 1349 1976 1413 solvantur
2019 1368 2078 1431 p.
2127 1346 2376 1422 XV1113
2428 1348 2585 1430 quod
2632 1347 2707 1412 de
2767 1348 3041 1429 quolibet
3081 1347 3211 1426 ede,

509 1440 613 1524 qui
663 1438 970 1504 occidetur
1015 1436 1076 1500 in
1123 1436 1334 1516 Jadra,
1388 1437 1709 1502 solvantur
1746 1456 1804 1519 p.
1848 1436 2036 1512 VIII;
2103 1434 2179 1500 de
2225 1436 2509 1500 carnibus
2556 1436 2854 1500 manzinis
2893 1455 2999 1499 seu
3048 1435 3216 1500 bovi-

508 1528 645 1607 niS,
710 1546 825 1609 que
891 1525 1244 1590 occidentur
1303 1526 1366 1590 in
1410 1525 1634 1605 Jadra,
1698 1526 2017 1588 solvantur
2080 1543 2188 1606 pro
2252 1524 2528 1606 qnalibet
2573 1524 2733 1588 libra
2780 1523 3013 1587 denarii
3061 1543 3215 1588 unus

506 1634 750 1699 parvus,
813 1612 987 1693 Quod
1053 1632 1263 1678 omnes
1316 1615 1519 1697 porci,
1578 1612 1683 1697 qui
1730 1613 2053 1677 intrabunt
2095 1612 2353 1678 Jadram
2425 1616 2555 1675 tam
2603 1631 2712 1694 pro
2760 1612 3104 1676 occidendis
3152 1611 3216 1675 in

505 1704 801 1781 beccaria,
851 1720 1034 1786 quam
1080 1721 1188 1784 pro
1236 1703 1505 1767 salandis
1553 1703 1650 1766 vel
1696 1700 2154 1765 commedendis
2192 1701 2251 1764 in
2287 1700 2483 1777 domo,
2531 1701 2845 1764 solvantur
2891 1700 3048 1764 soldi
3078 1702 3214 1765 octo

504 1810 615 1876 pro
667 1790 960 1875 quolibet.
1008 1788 1182 1869 Quod
1226 1809 1437 1855 omnes
1485 1790 1764 1868 castrati,
1815 1790 2125 1867 montorii,
2181 1807 2357 1870 capre
2413 1787 2510 1859 vel
2556 1788 2730 1853 bechi
2780 1790 2918 1866 etc.,
2961 1788 3066 1872 qui
3114 1808 3214 1853 ex-

503 1880 825 1946 trahentur
866 1878 941 1943 de
987 1878 1183 1944 Jadra
1229 1881 1292 1944 et
1337 1879 1619 1943 districtu
1665 1896 1772 1960 pro
1814 1877 2114 1960 portando
2173 1876 2295 1941 alio
2342 1895 2527 1959 quam
2573 1877 2865 1942 Venetiae
2911 1896 3020 1960 pro
3066 1896 3214 1960 quo-

503 1968 660 2034 libet
703 1967 906 2050 capite
952 1967 1193 2032 solvant
1236 1967 1439 2032 soldos
1485 1985 1590 2031 sex
1638 1984 1986 2049 parvorum.
2035 1962 2210 2043 Quod
2237 1983 2448 2028 omnes
2489 1965 2690 2044 boves,
2741 1965 2844 2049 qui
2889 1965 3213 2030 extrahen-

392 2102 396 2111 ‚
480 2060 613 2122 'tur
658 2055 733 2120 de
778 2055 971 2122 Jadra
1015 2057 1078 2120 et
1122 2053 1408 2121 districtu
1453 2073 1560 2137 pro
1608 2055 1904 2137 portando
1950 2054 2068 2118 alio
2114 2071 2297 2136 quam
2346 2053 2657 2133 Venetiae,
2714 2053 2958 2118 solvant
3004 2052 3207 2118 soldos

501 2145 588 2209 20
633 2162 743 2227 pro
785 2143 1074 2226 quolibet.
1107 2140 1280 2221 Quod
1305 2162 1412 2225 pro
1458 2144 1653 2225 porcis
1680 2146 1813 2206 tam
1839 2142 2155 2206 necatibus
2180 2160 2365 2224 quam
2398 2142 2633 2220 salatiS,
2683 2141 2786 2225 qui
2816 2141 3211 2208 extrahentur

502 2233 577 2297 de
601 2232 794 2298 Jadra
839 2249 948 2314 pro
973 2231 1308 2296 deferendis
1353 2232 1475 2295 alio
1501 2249 1690 2314 quam
1734 2230 2044 2309 Venetiae,
2080 2230 2394 2294 solvantur
2440 2230 2592 2294 soldi
2642 2229 2949 2294 sexdecim
2994 2248 3212 2312 parvo-

503 2340 669 2387 rum.
715 2318 891 2399 Quod
938 2319 1012 2383 de
1060 2320 1192 2384 toto
1239 2338 1430 2396 caseo,
1479 2319 1583 2402 qui
1629 2321 1737 2383 fiet
1777 2320 1840 2384 in
1882 2316 2074 2382 Jadra
2119 2321 2183 2382 et
2219 2317 2526 2397 districtu,
2576 2320 2639 2383 et
2684 2318 2758 2382 de
2791 2317 2918 2394 illo,
2969 2318 3073 2401 qui
3106 2337 3210 2383 ve-

500 2410 631 2474 niet
670 2411 743 2474 de
789 2409 959 2472 extra
1005 2407 1361 2472 districtum
1406 2407 1631 2486 Jadre,
1698 2410 1760 2472 et
1816 2406 2247 2490 apportabitur
2309 2406 2371 2469 in
2433 2406 2686 2470 civitate
2733 2405 2832 2471 vel
2889 2420 3073 2488 supra
3118 2406 3213 2472 di-

499 2499 783 2564 strictum
824 2496 1034 2572 Jadre,
1081 2496 1356 2560 solvatur
1402 2514 1557 2560 unus
1603 2496 1886 2560 denarius
1933 2513 2040 2576 pro
2087 2493 2367 2576 qualibet
2411 2494 2586 2559 libra.

707 2586 867 2652 Item
907 2586 1061 2670 quod
1102 2585 1173 2649 de
1217 2585 1348 2650 toto
1396 2602 1573 2650 caseo
1618 2585 1750 2649 tam
1797 2583 2103 2666 terrigeno
2149 2600 2333 2666 quam
2381 2581 2635 2661 forensi,
2700 2582 2803 2667 qui
2853 2583 3211 2648 extrahetur

501 2676 577 2741 de
622 2673 818 2740 Jadra
864 2675 928 2738 et
973 2672 1254 2738 districtu
1300 2691 1408 2756 pro
1438 2672 1738 2755 portando
1785 2672 1903 2737 alio
1941 2689 2128 2754 quam
2160 2671 2471 2748 VenetiaS,
2522 2672 2652 2736 dari
2684 2671 2904 2735 debeat
2947 2670 3212 2753 plezaria

501 2762 576 2828 de
615 2759 983 2846 reportando
1031 2762 1523 2827 contralitteram
1585 2780 1621 2826 a
1666 2761 1968 2839 domini0,
2032 2761 2332 2843 quomodo
2395 2759 2595 2825 dictus
2650 2778 2866 2825 caseus
2918 2759 3209 2825 venetias

499 2851 686 2917 fuerit
739 2851 1120 2933 apportatus.

709 2936 884 3017 Quod
928 2938 1004 3003 de
1050 2937 1199 3015 oleo,
1249 2937 1408 3021 quod
1456 2937 1718 3003 intrabit
1739 2937 2019 3016 Jadram,
2069 2936 2345 3001 solvatur
2386 2955 2543 3000 unns
2591 2935 2873 3001 denarius
2919 2955 3028 3019 pro
3061 2955 3211 3019 qua-

498 3027 655 3092 libet
697 3026 856 3091 libra
900 3025 1112 3108 ipsius,
1160 3024 1341 3105 Quod
1391 3028 1462 3091 de
1508 3029 1640 3092 toto
1687 3026 1841 3099 oleo,
1892 3025 2052 3109 quod
2092 3028 2378 3089 nascetur
2415 3026 2476 3088 in
2508 3026 2806 3090 comitatu
2838 3026 2902 3089 et
2924 3025 3210 3090 districtu

497 3115 708 3194 Jadre,
758 3114 913 3197 quod
958 3132 1074 3177 non
1122 3113 1384 3179 intrabit
1423 3114 1698 3193 Jadram,
1750 3114 2028 3179 solvatur
2059 3132 2216 3177 unus
2248 3113 2536 3177 denarius
2580 3131 2690 3195 pro
2721 3113 2996 3195 qualibet
3026 3113 3207 3177 libra.

499 3201 671 3282 Quod
718 3202 793 3267 de
842 3204 972 3266 toto
1020 3203 1189 3282 ole0,
1250 3204 1409 3286 qnod
1472 3204 1824 3267 extrahetur
1884 3201 1958 3264 de
2003 3199 2200 3266 Jadra
2246 3205 2308 3264 et
2353 3200 2642 3267 districtu
2710 3219 2819 3283 pro
2882 3201 3207 3265 deferendo

501 3291 625 3357 alio
674 3308 861 3374 quam
907 3289 1217 3368 VenetiaS,
1267 3291 1538 3355 solvatur
1586 3310 1740 3354 unus
1783 3289 1944 3354 alius
1990 3288 2275 3353 denarius
2320 3306 2428 3370 pro
2455 3288 2609 3352 libra
2634 3299 2664 3362 ;’
2698 3291 2760 3352 et
2803 3288 3041 3370 quando
3072 3307 3210 3369 por-

500 3380 738 3445 tabitur
782 3377 1089 3457 Venetiae,
1136 3378 1271 3443 dari
1312 3378 1532 3442 debeat
1577 3378 1844 3460 plezaria
1889 3376 1964 3440 de
2012 3377 2387 3458 apportando
2432 3375 2942 3454 contralitteram,
2991 3378 3061 3440 ut
3107 3396 3210 3440 su-

499 3469 708 3556 perius
754 3466 829 3530 de
879 3465 1017 3530 aliis
1064 3466 1299 3531 dictum
1347 3469 1459 3530 est.

710 3553 881 3634 Quod
925 3554 1001 3618 de
1046 3554 1324 3637 quolibet
1367 3554 1549 3617 barili
1598 3551 1855 3635 piscium
1903 3551 2241 3616 recentium
2286 3552 2606 3616 salitorum
2654 3552 2755 3615 vel
2788 3551 3097 3616 factorum
3128 3551 3206 3616 ad

500 3643 784 3710 zelatiam
830 3642 1112 3724 ponderis
1156 3642 1451 3707 librarum
1499 3644 1765 3718 centum,
1816 3640 1977 3722 quod
2003 3640 2357 3704 extrahetur
2404 3640 2478 3703 de
2501 3638 2699 3704 Jadra
2746 3659 2854 3723 pro
2899 3640 3197 3723 portando

500 3733 620 3798 alio
663 3749 850 3815 quam
896 3730 1208 3810 Venetiae,
1257 3729 1412 3794 solvi
1454 3731 1714 3795 debeant
1769 3729 1970 3812 grossi
2023 3728 2124 3804 12,
2184 3730 2248 3792 et
2293 3729 2345 3792 si
2392 3729 2559 3792 esset
2621 3728 2876 3794 minoris
2923 3729 3205 3812 ponderis

499 3822 798 3886 librarum
844 3825 1112 3899 centum,
1156 3819 1432 3883 solvatur
1472 3819 1648 3883 tanto
1693 3817 1930 3891 minus;
1979 3817 2042 3880 et
2074 3815 2126 3880 si
2153 3816 2421 3894 maioriS,
2467 3817 2643 3881 tanto
2669 3816 2806 3900 plus
2839 3836 2948 3901 per
2983 3819 3206 3882 ratam.

707 3906 881 3987 Quod
928 3925 1136 3972 omnes
1181 3907 1600 3986 mercationeS,
1649 3925 1764 3990 que
1812 3905 2208 3970 extrahentur
2248 3906 2320 3969 de
2364 3904 2579 3984 Jadra,
2647 3906 2946 3970 comitatu
2993 3909 3058 3970 et
3113 3907 3209 3971 di-

499 3995 723 4062 strictu
766 3999 897 4059 tam
943 4014 1052 4078 per
1099 3996 1362 4061 Venetos
1408 4014 1593 4077 quam
1653 4014 1759 4077 per
1818 3993 1974 4057 alios
2034 4012 2478 4076 quoscumque,
2546 3993 2788 4059 solvant
2849 4014 3036 4061 unam
3096 4014 3206 4079 pro

498 4084 864 4161 centenario,
913 4084 1101 4148 salvis
1146 4084 1243 4161 iis,
1306 4102 1421 4166 que
1464 4083 1629 4147 dicta
1690 4084 1753 4147 et
1797 4082 2152 4165 specificata
2211 4085 2356 4145 sunt
2400 4082 2678 4164 superius
2744 4085 2817 4147 de
2881 4085 3209 4148 mercatio-

500 4173 682 4238 nibus
730 4176 793 4236 et
836 4171 1037 4250 rebus,
1087 4172 1307 4255 quibus
1354 4172 1533 4237 datus
1578 4175 1673 4236 eet
1717 4173 1882 4250 ordo,
1931 4170 2198 4253 qualiter
2240 4171 2475 4236 solvere
2520 4171 2786 4236 debeant
2832 4171 2910 4236 ad
2953 4172 3206 4237 exitum.

708 4258 882 4339 Quod
931 4277 1141 4324 omnes
1189 4261 1609 4338 mercationeS,
1666 4278 1781 4343 que
1842 4261 2128 4324 recedent
2173 4260 2243 4322 de
2302 4259 2578 4324 Venetiis
2626 4262 2690 4324 et
2734 4261 3054 4325 intrabunt
3097 4261 3209 4327 Ja-

501 4351 676 4414 dram
723 4350 785 4413 et
830 4347 1201 4425 districtum,
1250 4348 1493 4413 solvant
1536 4367 1716 4414 unam
1765 4367 1872 4430 pro
1918 4347 2283 4412 centenario.

709 4434 885 4515 Quod
930 4453 1139 4500 omnes
1187 4438 1606 4517 mercationeS,
1656 4457 1771 4520 que
1818 4437 2231 4501 conducentur
2279 4435 2540 4500 Jadram
2585 4436 2648 4500 et
2692 4434 3043 4502 districtum
3092 4437 3207 4501 ali-

412 4575 413 4578 *
504 4524 665 4591 unde
712 4542 894 4607 quam
942 4525 1014 4587 de
1063 4523 1359 4602 VenetiiS,
1403 4527 1533 4589 tam
1577 4544 1686 4607 per
1728 4525 1997 4589 Venetos
2044 4542 2228 4607 quam
2276 4543 2384 4606 per
2427 4524 2583 4589 alios
2628 4543 3034 4607 quoscunque,
3083 4526 3204 4588 sol-

501 4616 651 4678 vant
695 4613 848 4676 duas
894 4630 1002 4692 pro
1048 4613 1415 4692 centenario,
1465 4614 1633 4676 salvo
1679 4632 1864 4695 quam
1912 4615 1985 4676 de
2027 4613 2423 4689 aromatibuS,
2472 4616 2625 4693 seta,
2679 4613 2776 4679 vel
2816 4613 2937 4677 alio
2983 4614 3202 4677 havere

502 4699 750 4776 subtile,
799 4699 954 4783 quod
1002 4717 1117 4763 non
1159 4700 1400 4781 possint
1441 4699 1661 4764 deferri
1708 4700 1963 4765 Jadram
2013 4700 2110 4764 vel
2152 4700 2508 4765 districtum
2554 4701 2832 4779 aliunde,
2896 4719 3078 4782 quam
3126 4700 3201 4765 de

502 4786 814 4865 Venetiis;
877 4789 941 4853 et
986 4787 1039 4852 si
1087 4787 1435 4870 portabitur
1494 4789 1735 4853 aliunde
1789 4808 1972 4871 quam
2017 4789 2090 4852 de
2140 4788 2451 4869 VenetiiS,
2519 4794 2581 4855 et
2626 4789 3089 4855 discaricabitur
3135 4788 3202 4856 in
