3620 5282
482 363 616 431 230

492 542 822 607 netiarum.
882 541 1225 625 Propterea
1284 543 1597 625 predictus
1654 542 2013 608 ambaxator
2075 543 2140 608 et
2187 541 2542 624 procurator
2603 541 2728 606 iam
2788 540 2938 605 dicti
2984 537 3221 605 domini

491 630 713 695 Karoli
763 628 927 695 dicto
975 633 1221 695 nomine
1265 632 1468 714 petiit,
1515 629 1674 713 quod
1720 630 1884 694 idem
1931 630 2218 695 dominus
2261 631 2530 695 Karolus
2575 630 2672 694 vel
2705 628 2908 693 nuntii
2945 628 3041 692 sui
3075 645 3221 711 pos-

492 718 622 782 sint
666 719 984 782 extrahere
1031 717 1106 782 de
1173 719 1451 784 Venetiis
1506 736 1703 793 arma,
1766 720 1983 802 gentes
2044 718 2390 801 armigeras
2439 720 2502 781 et
2547 717 2904 782 balistarios
2953 735 3063 799 pro
3110 736 3218 798 pe-

420 879 429 886 ,
490 806 691 870 cuniis
738 805 1151 887 prenominati
1197 806 1434 870 domini
1482 806 1721 875 Karoli‚
1769 806 1845 870 de
1891 825 2008 890 quo
2048 807 2391 889 prelibatus
2439 806 2726 870 dominus
2759 804 3044 869 dominus
3095 804 3216 869 dux

488 891 892 957 Venetiarum
942 895 1006 958 et
1051 894 1325 960 sindicus
1367 895 1826 976 suprascriptus
1873 896 2036 959 dicto
2084 895 2329 959 nomine
2361 893 2636 959 contenti
2671 893 2903 958 fuerint
2934 894 3219 975 compla-

485 999 622 1047 cere
666 981 788 1044 sibi
828 998 971 1045 cum
1017 983 1132 1046 tali
1181 983 1546 1059 conditione,
1596 981 1888 1047 videlicet
1933 983 2091 1066 quod
2125 981 2436 1047 balistarii
2481 982 2578 1046 vel
2611 981 3034 1063 cuiuscunque
3069 1000 3219 1045 con-

485 1068 740 1133 ditionis
786 1068 1086 1146 homines,
1137 1089 1285 1153 quos
1331 1070 1686 1145 extraherit,
1738 1070 1791 1133 si
1839 1074 2021 1135 erunt
2068 1070 2284 1136 Veneti
2331 1070 2427 1134 vel
2488 1069 2868 1134 habitatores
2917 1069 3217 1133 Venetia·

488 1176 651 1234 rum,
698 1156 829 1238 ipse
897 1156 1184 1223 dominus
1255 1159 1525 1223 Karolus
1595 1160 1806 1224 teneat
1868 1176 1970 1223 eos
2018 1159 2082 1223 iu
2143 1156 2455 1224 fortiliciis
2517 1157 2673 1234 suis,
2719 1161 2782 1220 et
2829 1175 2946 1221 nou
3001 1158 3219 1221 mitt-at

483 1242 653 1326 ipsos
699 1244 874 1308 extra
920 1243 996 1309 ad
1057 1263 1343 1329 campum
1405 1244 1612 1327 aliquo
1677 1244 1892 1317 modoz
1957 1247 2029 1310 de
2093 1245 2233 1310 aliis
2291 1262 2434 1310 vero
2484 1243 2862 1310 balistrariis
2913 1246 2975 1308 et
3027 1245 3213 1327 gente

481 1332 810 1415 armigera,
859 1351 976 1415 que
1033 1353 1149 1399 uon
1214 1335 1424 1399 essent
1468 1334 1691 1399 Veneti
1739 1353 1850 1399 nec
1913 1333 2296 1398 habitatores
2345 1331 2769 1408 Venetiarum,
2803 1333 2999 1413 possit
3050 1332 3218 1397 ordi·

484 1438 631 1484 nare
670 1421 733 1485 et
778 1418 1118 1503 disponere,
1168 1423 1241 1488 ut
1286 1422 1407 1486 sibi
1467 1421 1793 1504 placuerit.
1827 1424 1986 1486 Item
2035 1422 2218 1503 petiit
2271 1421 2475 1485 dictus
2521 1420 2909 1485 ambaxiator
2957 1424 3021 1484 et
3071 1439 3209 1502 pro-

486 1508 737 1572 curator
782 1508 1030 1573 nomine
1076 1509 1225 1575 dicti
1269 1509 1499 1575 domini
1546 1509 1782 1585 Karoli‚
1828 1511 1983 1593 quod
2024 1508 2217 1592 possit
2243 1509 2563 1573 extrahere
2596 1508 2671 1573 de
2704 1508 2984 1572 Venetiis
3023 1528 3210 1571 unam

487 1593 730 1678 galeam
780 1615 919 1660 cum
970 1599 1099 1662 suis
1146 1596 1540 1662 furnimentis
1603 1616 1707 1680 pro
1778 1598 2035 1679 pecunia
2081 1596 2356 1661 eiusdem
2404 1596 2634 1661 domini
2680 1595 2922 1673 Karoli‚
2972 1597 3046 1660 de
3088 1614 3211 1678 quo

489 1682 764 1764 prefatus
812 1683 1099 1749 dominus
1145 1684 1433 1750 domiuus
1495 1686 1613 1750 dux
1660 1687 1724 1750 et
1770 1687 2040 1750 sindicus
2096 1683 2505 1768 suprascripti
2556 1685 2718 1749 dicto
2764 1684 3014 1758 nomine
3066 1703 3212 1748 cou-

480 1770 636 1836 tenti
705 1770 954 1837 fuerunt
997 1773 1378 1856 complacere
1448 1773 1693 1839 domino
1760 1774 1991 1838 Karolo
2038 1773 2367 1838 antedicto.
2429 1771 2671 1838 Ultimo
2711 1772 3100 1837 ambaxiator
3147 1773 3212 1836 et

479 1857 756 1923 sindicus
802 1858 969 1924 dicto
1009 1863 1255 1926 nomine
1303 1862 1516 1943 sponte
1562 1862 1792 1927 obtulit
1838 1863 1903 1926 et
1948 1881 2055 1943 per
2109 1862 2359 1943 pactum
2407 1879 2764 1942 expressum
2811 1860 3100 1924 convenit
3147 1864 3210 1925 et

481 1944 769 2028 promisit
815 1948 878 2011 in
925 1946 1174 2032 signum
1221 1948 1456 2014 sincere
1502 1950 1566 2013 et
1608 1950 1877 2032 perfecte
1925 1949 2219 2020 amicitie,
2281 1948 2441 2031 quod
2492 1948 2691 2013 dictus
2740 1947 3021 2014 dominus
3073 1948 3201 2012 Ka-

484 2033 649 2098 rolus
717 2034 974 2099 habebit
1040 2054 1254 2102 omnes
1301 2037 1366 2101 et
1409 2037 1686 2117 singulos
1755 2037 1987 2102 amicos
2056 2034 2291 2101 ducalis
2338 2035 2597 2100 dominii
2646 2035 3049 2101 Venetiarurn
3092 2055 3203 2118 pro

484 2120 702 2186 amicis
750 2123 814 2186 et
860 2121 1145 2189 inimicos
1192 2144 1298 2207 pro
1340 2123 1628 2189 1011111313.
1679 2125 1822 2207 Ipse
1869 2126 2077 2190 autem
2123 2122 2396 2189 sindicus
2448 2122 2679 2188 domini
2713 2123 2888 2188 ducis
2935 2125 3203 2188 3130111-

484 2208 688 2274 munis
734 2210 1135 2276 Venetiarum
1183 2213 1347 2277 dicto
1398 2212 1641 2277 nomine
1688 2213 1919 2278 obtulit
1983 2215 2045 2277 et
2099 2212 2386 2294 promisit
2447 2212 2609 2277 dicto
2672 2210 3077 2277 ambaxiatori
3144 2214 3209 2276 et

484 2296 860 2378 procuratori
909 2298 1184 2364 eiusdem
1232 2300 1463 2365 domini
1514 2300 1748 2378 Karoli‚
1800 2301 1964 2385 quod
2007 2300 2513 2384 quandocumque
2560 2300 2692 2382 ipse
2738 2300 3021 2365 dominus
3075 2299 3207 2364 Ka-

487 2384 658 2449 rolus
705 2385 964 2450 haberet
1008 2406 1294 2471 guerram
1340 2390 1440 2454 vel
1487 2390 1828 2455 novitatem
1876 2408 2016 2455 cum
2064 2388 2272 2470 aliquo
2319 2386 2565 2452 domino
2597 2386 2692 2452 vel
2728 2406 2986 2470 persona
3037 2387 3202 2452 fideli

482 2471 578 2538 vel
639 2471 897 2551 infideli,
961 2473 1024 2540 in
1089 2475 1245 2540 mari
1293 2477 1355 2540 et
1400 2476 1463 2540 in
1509 2478 1694 2552 terra,
1755 2476 2021 2542 illustris
2083 2475 2368 2540 dominus
2424 2476 2709 2540 dominus
2755 2475 2879 2540 dux
2927 2478 2991 2539 et
3034 2494 3202 2541 com-

482 2578 665 2624 mune
713 2561 1108 2627 Venetiarum
1156 2565 1413 2629 mittent
1456 2567 1732 2647 expensis
1780 2565 1933 2629 dicti
1980 2564 2210 2629 domini
2260 2563 2476 2629 Karoli
2526 2562 2621 2627 illi
2655 2564 2898 2629 domino
2931 2564 3028 2628 vel
3064 2583 3201 2647 per-

479 2666 646 2728 sone,
696 2648 750 2714 si
795 2650 1098 2733 placuerit
1141 2653 1387 2719 domino
1437 2653 1664 2719 Karolo
1717 2652 2153 2736 suprascripto,
2203 2651 2416 2717 literas
2462 2651 2713 2718 ducales
2761 2653 2858 2717 vel
2903 2654 3201 2718 ambaxa-

481 2738 607 2801 tam
652 2736 728 2801 ad
769 2741 1218 2822 procurandum
1267 2742 1340 2806 de
1386 2741 1766 2824 pacificando
1815 2744 1878 2807 et
1910 2740 2324 2806 concordando
2358 2742 2561 2823 ipsum
2593 2760 2732 2805 cum
2775 2740 2882 2805 illo
2922 2741 3018 2807 vel
3051 2741 3200 2818 11113,

479 2842 619 2889 31101
669 2825 889 2907 quibus
955 2827 1185 2893 dictam
1255 2848 1543 2913 guerram
1593 2831 1690 2895 vel
1736 2831 2075 2895 novitatem
2144 2829 2420 2907 haberet,
2485 2828 2748 2894 favendo
2796 2829 2914 2894 sibi
2974 2831 3202 2913 ubique

479 2914 804 2995 tamquam
846 2915 965 2978 civi
1015 2916 1437 2982 Venetiarum.
1487 2918 1570 2982 Et
1615 2918 1891 3000 predicta
1953 2916 2165 2982 omnia
2212 2921 2272 2981 et
2320 2917 2568 3000 singula
2613 2918 3021 3001 suprascripti
3071 2921 3202 2982 sin-

481 2999 602 3064 dici
648 3003 713 3065 et
755 3005 1181 3086 procuratores
1227 3006 1546 3089 utriusque
1589 3006 1781 3088 partis
1830 3004 2177 3071 sindicariis
2225 3005 2289 3069 et
2336 3006 2774 3087 procuratoriis
2819 3006 3194 3082 0001101003,

477 3087 697 3171 quibus
744 3092 815 3154 ut
861 3109 1066 3174 supra,
1120 3094 1534 3175 promiserunt
1578 3095 1697 3159 sibi
1762 3094 2028 3158 invicem
2077 3111 2196 3157 uua
2240 3111 2384 3176 pars
2427 3093 2610 3157 alteri
2658 3094 2722 3157 et
2767 3093 2966 3158 altera
3012 3094 3197 3158 alteri

478 3195 586 3258 per
632 3177 1093 3260 stipulationem
1158 3181 1499 3246 solemnem
1557 3182 1698 3246 hinc
1761 3181 1902 3245 inde
1964 3180 2408 3246 interveniente
2458 3181 2798 3257 attendere,
2866 3182 3193 3247 observare

479 3265 542 3327 et
565 3261 900 3329 efficaciter
923 3267 1260 3350 adimplere
1287 3268 1444 3334 bona
1467 3269 1583 3333 fide
1608 3271 1739 3334 sine
1782 3269 2014 3348 fraude,
2044 3270 2194 3333 etin
2221 3268 2390 3334 nullo
2415 3268 2832 3334 contrafacere
2859 3269 2955 3334 vel
2985 3271 3195 3335 venire

479 3350 690 3433 aliqua
736 3353 973 3419 ratione
1035 3356 1129 3419 vel
1194 3374 1399 3437 causa,
1469 3358 1543 3421 de
1603 3358 1744 3441 jure
1793 3359 1889 3423 vel
1935 3358 2011 3422 de
2055 3356 2236 3436 fact0‚
2285 3358 2399 3422 sub
2449 3375 2604 3439 pena
2651 3357 2828 3439 dupli
2874 3357 3087 3422 damni
3134 3360 3198 3421 et

481 3437 777 3504 interesse
835 3442 900 3506 et
959 3442 1308 3509 refectionis
1368 3444 1733 3511 damnorum
1795 3449 1858 3510 et
1914 3445 2215 3528 expensis,
2264 3445 2490 3509 totiens
2538 3446 2915 3510 comittenda
2960 3448 3025 3510 et
3071 3445 3200 3510 exi-

475 3524 692 3608 genda,
735 3529 1014 3611 quotiens
1059 3530 1247 3596 fuerit
1305 3533 1776 3609 contrafactum,
1833 3552 1953 3617 qua
2013 3533 2217 3598 soluta
2280 3534 2378 3597 vel
2441 3551 2577 3608 non,
2627 3552 2880 3615 presens
2914 3536 3200 3598 contrac-

476 3616 578 3678 tus
638 3614 702 3679 et
765 3619 971 3683 omnia
1004 3619 1248 3702 singula
1277 3620 1341 3685 in
1375 3622 1504 3703 ipso
1538 3623 1828 3687 contenta
1872 3621 2315 3686 inviolabiliter
2353 3621 2773 3686 observentur.
2826 3622 2941 3685 Pro
2972 3622 3197 3704 quibus

478 3702 764 3769 omnibus
810 3708 874 3771 et
907 3707 1172 3790 singulis
1220 3708 1617 3774 observandis
1665 3711 1978 3792 predictus
2026 3710 2310 3773 dominus
2357 3708 2655 3773 Nicolaus
2707 3711 2957 3774 Fuscari
3001 3709 3199 3774 sindi-

477 3790 642 3855 cario
688 3794 932 3859 nomine
979 3795 1397 3878 suprascripto
1443 3796 1742 3880 obligavit
1787 3799 1994 3862 omnia
2039 3798 2198 3862 bona
2242 3796 2683 3873 Venetiarum;
2731 3798 2794 3861 et
2839 3797 3041 3861 dictus
3089 3799 3191 3862 (10·

476 3877 681 3945 0111103
747 3879 1016 3947 Johanes
1085 3884 1406 3967 episcopus
1476 3887 1891 3967 procuratorio
1964 3886 2209 3950 nomine
2284 3886 2597 3950 antedicto
2645 3886 2952 3968 obligavit
2997 3887 3207 3950 omnia

482 3966 639 4032 bona
697 3969 959 4050 predicti
1024 3970 1257 4036 Karoli.
1322 3972 1613 4038 Posterea
1674 3974 2133 4056 suprascriptus
2194 3973 2482 4037 dominus
2546 3972 2820 4039 Johanes
2886 3975 3206 4056 episcopus

477 4055 839 4121 ambaxator
887 4058 950 4122 et
983 4061 1336 4140 procurator
1365 4079 1436 4126 ac
1469 4062 1882 4143 procuratorio
1926 4061 2171 4126 nomine
2212 4060 2432 4142 prefati
2468 4061 2703 4126 domini
2737 4062 2946 4126 Karoli
2983 4063 3204 4143 sponte

479 4145 542 4206 et
588 4162 660 4207 ex
699 4148 867 4210 certa
910 4145 1202 4212 scrientia
1246 4149 1534 4231 promisit
1577 4150 1995 4231 suprascripto
2043 4149 2291 4214 domiuo
2339 4148 2599 4214 Nicolao
2646 4149 2902 4214 Fuscari
2965 4149 3203 4214 sindico

476 4232 539 4293 et
584 4230 915 4297 sindicario
962 4237 1208 4299 nomine
1271 4236 1558 4316 prelibati
1582 4236 1816 4301 domini
1841 4238 2067 4302 domini
2095 4236 2276 4301 ducis
2320 4239 2385 4301 et
2430 4238 2773 4302 communis
2801 4238 3205 4303 Venetiarum

476 4317 801 4399 stipulanti
847 4323 910 4386 et
968 4322 1308 4405 recipienti,
1357 4325 1514 4406 quod
1562 4324 1725 4390 idem
1773 4324 2061 4389 dominus
2110 4324 2377 4389 Karolus
2423 4325 2615 4407 Topia
2676 4344 2924 4406 presens
2971 4324 3206 4389 instru-

475 4405 753 4469 mentum
801 4410 866 4473 et
911 4410 1117 4475 omnia
1161 4411 1226 4476 et
1270 4412 1516 4495 singula
1563 4412 1623 4477 in
1671 4429 1741 4477 30
1806 4414 2096 4478 30013013
2156 4413 2540 4495 approbabit,
2613 4413 3012 4498 emologabit,
3058 4432 3206 4478 cou-

477 4489 753 4588 firmabit
797 4496 862 4559 et
919 4498 1253 4563 ratificabit
1313 4518 1508 4582 usque
1557 4499 1710 4565 duos
1762 4520 2003 4565 menses
2051 4500 2360 4582 proximos
2393 4504 2683 4567 venturos
2739 4521 2843 4583 per
2875 4501 3204 4583 publicum

474 4577 977 4676 instrumentum,
1024 4585 1089 4648 111
1127 4604 1245 4668 quo
1294 4588 1377 4651 sit
1442 4586 1710 4653 insertus
1781 4591 1947 4653 totus
2022 4594 2196 4654 tenor
2257 4589 2562 4671 presentis
2634 4588 3031 4654 instrumenti
3083 4591 3205 4655 sub

479 4679 651 4763 penis
696 4668 761 4732 et
802 4669 1324 4754 obbligationibus
1393 4675 1841 4757 suprascriptis.
1893 4676 2053 4741 Acta
2108 4676 2353 4740 fuerunt
2412 4678 2836 4760 suprascripta
2882 4677 3088 4741 omnia
3138 4677 3200 4741 in

476 4748 729 4817 civitate
775 4752 1173 4825 venetiarum
1217 4761 1282 4827 in
1326 4761 1531 4829 ducali
1578 4763 1809 4848 palatio
1872 4764 1936 4829 in
1984 4763 2350 4831 cancellaria
2406 4767 2752 4833 communis
2795 4764 3204 4831 venetiarum
