3620 5282
2935 373 3067 440 237

334 546 547 626 altera,
597 546 812 611 habito
858 546 921 610 et
966 547 1276 613 celebrato
1331 566 1515 630 super
1562 548 1972 631 infrascriptis
2020 548 2180 612 inter
2219 566 2283 612 se
2331 549 2653 626 tractatiS,
2723 549 2786 613 et
2828 547 3065 615 delibe—

336 635 568 699 ratione
616 633 965 717 sollempni,
1015 634 1273 701 tandem
1342 635 1417 699 ad
1481 635 1908 719 infrascriptas
1973 636 2444 717 compositiones
2491 637 2554 700 et
2598 639 2781 719 pacta
2840 639 3060 720 sponte

334 724 394 786 et
431 741 504 787 ex
553 723 727 787 certa
773 723 1031 787 scientia
1078 725 1142 787 et
1188 742 1307 787 non
1367 742 1477 806 per
1523 743 1787 789 errorem
1847 724 2227 789 concorditer
2273 727 2335 787 et
2380 725 2752 789 unanimiter
2803 725 3063 791 devene—

333 810 491 874 runt.
540 807 699 887 Quia
746 809 1036 875 videlicet
1075 810 1297 892 prefati
1342 810 1591 894 syndici
1641 812 1706 875 et
1751 816 2179 894 procuratores
2227 811 2460 875 domini
2515 811 2779 891 comitiS,
2819 813 3066 878 consili·

334 897 624 975 ariorum,
673 898 1015 962 communis
1059 900 1122 963 et
1168 899 1594 963 universitatis
1642 899 1865 979 Jadre,
1917 899 2138 982 quibus
2189 918 2377 981 supra
2441 899 2789 964 nominibus
2837 900 3067 983 promi-

334 986 546 1049 serunt
591 985 825 1050 eisdem
872 986 1138 1068 egregiis
1185 989 1249 1051 et
1295 986 1646 1069 potentibus
1717 988 1878 1052 viris
1943 987 2210 1051 dominis
2277 986 2525 1065 comiti,
2589 987 2957 1053 consiliariis
3003 991 3068 1054 ct

332 1072 748 1156 provisoribus
797 1075 1155 1138 memoratis
1218 1073 1660 1157 stipulantibus
1728 1077 1793 1138 et
1871 1073 2311 1157 recipientibus
2377 1075 2623 1139 nomine
2679 1093 2796 1157 quo
2853 1095 3059 1158 supra,

332 1159 490 1241 quod
535 1159 734 1224 omnis
784 1162 847 1224 et
893 1159 1084 1225 totius
1134 1161 1302 1241 salis,
1352 1163 1507 1243 quod
1546 1162 1766 1226 amodo
1813 1162 1939 1226 fiet
1986 1164 2048 1226 et
2109 1161 2440 1245 colligetur
2489 1163 2550 1226 in
2598 1164 2730 1227 toto
2779 1162 3066 1228 districtu

333 1247 520 1313 Jadre
567 1250 630 1312 et
676 1248 738 1312 in
781 1249 1063 1330 qualibet
1121 1251 1295 1331 parte
1358 1250 1509 1313 dicti
1573 1250 1894 1315 districtus
1973 1249 2250 1314 deductis
2317 1269 2425 1313 seu
2487 1250 2787 1314 detractis
2835 1252 3058 1316 modiis

333 1332 464 1399 XII
514 1336 684 1399 milie
727 1335 880 1398 salis
926 1334 1186 1418 predicti
1233 1336 1506 1420 quolibet
1566 1356 1756 1417 ann0,
1808 1357 1923 1419 que
2000 1340 2356 1402 remaneant
2426 1338 2485 1400 in
2533 1337 2729 1401 Jadra
2793 1357 2901 1420 pro
2945 1357 3064 1404 usu

332 1422 521 1488 Jadre
569 1425 634 1486 et
677 1422 967 1488 districtu
1011 1425 1076 1488 et
1120 1443 1245 1506 pro·
1292 1425 1714 1506 exportatione
1780 1424 1962 1489 solita
2039 1426 2170 1488 fieri
2236 1444 2343 1507 per
2392 1425 2736 1489 Morlachos
2800 1427 2863 1490 et
2911 1426 3065 1491 alios

335 1528 442 1592 per
489 1512 721 1574 terram
767 1513 1033 1589 tantum,
1083 1513 1287 1576 totum
1335 1512 1643 1576 residuum
1693 1512 1845 1576 salis
1921 1512 2311 1594 integraliter
2371 1512 2492 1594 ipsi
2537 1511 2776 1576 domini
2838 1531 3062 1593 comeS,

336 1597 668 1662 consiliarii
712 1598 778 1661 et
821 1617 1145 1663 commune
1193 1599 1469 1677 dabunt,
1537 1600 1788 1665 tradent
1850 1600 1916 1663 et
1974 1599 2384 1682 assignabunt
2445 1598 2646 1663 eidem
2708 1599 2912 1665 ducali
2959 1603 3067 1666 do-

339 1686 530 1750 minio
579 1685 679 1751 vel
724 1686 965 1750 nunciis
1010 1706 1117 1751 seu
1164 1686 1539 1752 officialibus
1581 1689 1710 1754 suis
1756 1688 1833 1752 ad
1880 1688 1997 1752 hoc
2044 1687 2375 1764 ordinatiS,
2436 1686 2725 1751 videlicet
2769 1688 2928 1769 quod
2977 1689 3062 1753 sit

340 1773 536 1838 bonus
583 1776 648 1837 et
691 1774 1148 1839 merchadante.
1202 1775 1437 1838 Verum
1485 1777 1535 1838 si
1582 1776 1740 1839 foret
1787 1775 1989 1839 minus
2037 1793 2219 1857 quam
2253 1775 2445 1838 bonus
2494 1776 2554 1837 et
2600 1775 3062 1854 merchadante‚

335 1863 481 1925 tunc
524 1861 579 1925 si
624 1860 969 1942 predictum
1016 1861 1232 1926 ducale
1285 1862 1629 1926 dominium
1678 1864 1849 1927 nolet
1894 1864 2136 1945 ipsum,
2204 1863 2533 1925 extimetur
2578 1861 2680 1939 id,
2744 1863 2903 1944 quod
2945 1865 3063 1927 erit

335 1949 526 2030 peina,
576 1952 640 2012 et
685 1967 795 2030 pro
841 1967 933 2026 eo,
984 1949 1143 2031 quod
1191 1950 1563 2014 extimatum
1627 1950 1850 2027 fuerit,
1913 1952 2234 2014 remaneat
2290 1949 2455 2013 dicto
2514 1948 2714 2013 ducali
2762 1948 3059 2031 dominio,

336 2038 399 2099 et
443 2037 605 2118 quod
645 2037 835 2100 etiam
882 2036 1088 2100 dictus
1129 2037 1225 2101 sal
1272 2040 1553 2101 tradetur
1612 2039 1675 2101 et
1737 2038 2194 2102 mensurabitur
2254 2038 2490 2101 nunciis
2537 2036 2636 2100 vel
2691 2035 3062 2101 officialibus

336 2123 484 2187 dicti
531 2122 769 2187 ducalis
812 2123 1069 2188 dominii
1131 2126 1208 2189 ad
1269 2143 1626 2189 mensuram
1692 2127 1963 2189 veterem
2030 2127 2095 2188 et
2156 2124 2403 2188 solitam
2465 2125 2809 2188 communis
2873 2124 3063 2189 Jadre

335 2211 496 2293 apud
543 2210 791 2290 salinas,
837 2210 996 2276 unde
1041 2211 1134 2276 sal
1199 2211 1562 2295 colligetur,
1630 2213 1694 2276 et
1757 2213 2133 2294 accipietur,
2202 2212 2348 2276 dum
2409 2212 2586 2275 modo
2652 2211 2785 2292 ipse
2842 2213 2935 2276 sal
2983 2214 3065 2277 sit

346 2299 544 2363 siccus
592 2301 657 2362 et
701 2297 1056 2363 saxionatus
1100 2299 1335 2375 taliter,
1384 2300 1544 2382 quod
1591 2301 1834 2383 placeat
1872 2300 2117 2363 domino
2160 2299 2373 2364 comiti
2420 2302 2482 2362 et
2528 2299 2653 2363 suis
2699 2299 3063 2365 consiliariis

343 2389 404 2450 et
453 2385 821 2451 officialibus
869 2386 945 2451 ad
994 2386 1108 2451 hoc
1154 2387 1216 2450 in
1280 2387 1474 2452 Jadra
1539 2387 1853 2470 deputatis
1915 2408 2023 2471 per
2084 2388 2362 2451 ducalem
2425 2387 2764 2451 dominium
2820 2387 3061 2451 antedi-

334 2474 524 2538 ctum.
571 2473 695 2537 Pro
742 2474 939 2555 pretio
986 2494 1128 2539 vero
1175 2476 1365 2540 totius
1415 2475 1586 2551 salis,
1636 2475 1793 2558 quod
1840 2476 2087 2540 dabitur
2131 2477 2195 2538 et
2241 2474 2657 2556 assignabitur
2688 2474 2922 2557 prefato
2950 2474 3065 2539 du—

330 2561 448 2625 cali
496 2560 763 2625 dominio
814 2561 913 2626 vel
960 2562 1204 2627 nunciis
1253 2582 1362 2626 seu
1412 2562 1779 2627 officialibus
1839 2563 1969 2628 suis
2031 2562 2109 2626 ad
2170 2562 2283 2627 hec
2345 2562 2692 2644 deputatiS,
2741 2563 2883 2646 quia
2945 2563 3058 2640 sal,

330 2651 435 2732 qui
478 2650 553 2714 fit
601 2650 667 2714 in
712 2649 997 2714 districtu
1062 2650 1289 2727 Jadre,
1337 2654 1433 2716 est
1480 2652 1554 2716 de
1609 2652 1881 2716 sortibus
1948 2651 2220 2731 duabus,
2289 2650 2421 2714 ideo
2478 2650 2766 2715 dominus
2827 2669 3055 2729 come8‚

332 2736 667 2802 consiliarii
712 2739 776 2802 et
817 2756 1136 2802 commune
1184 2758 1293 2803 seu
1342 2738 1455 2816 illi,
1508 2758 1766 2821 quorum
1820 2739 1939 2803 erit
2010 2740 2104 2803 sal
2149 2738 2480 2821 predictus,
2539 2737 2766 2801 debent
2825 2739 3052 2802 habere

333 2828 396 2889 et
443 2825 709 2906 recipere
756 2825 835 2889 ab
884 2825 1017 2908 ipso
1065 2826 1268 2890 ducali
1309 2826 1578 2890 dominio
1626 2826 1724 2891 vel
1771 2826 2010 2891 nunciis
2059 2826 2124 2890 et
2170 2824 2538 2889 officialibus
2579 2825 2706 2888 suis
2761 2843 2867 2906 pro
2911 2844 3062 2908 quo·

332 2912 489 2977 libet
534 2913 882 2977 centenario
929 2913 1275 2978 modiorum
1317 2915 1390 2979 de
1444 2913 1683 2979 meliori
1747 2917 1809 2977 et
1870 2913 2156 2996 pulcriori
2221 2915 2474 2977 ducatos
2537 2929 2762 2975 aureos
2824 2912 3058 2991 decem,

332 3000 406 3065 de
453 3000 574 3064 alio
623 3017 763 3064 vero
811 2999 958 3079 sale,
1008 3001 1113 3083 qui
1160 3021 1277 3067 non
1324 3002 1444 3065 erit
1489 3003 1619 3066 tam
1647 3002 1840 3066 bonus
1890 3003 1954 3064 et
1999 3000 2235 3083 pulcer,
2287 3000 2543 3063 ducatos
2590 3002 2729 3063 octo
2758 3002 2889 3064 auri
2919 3019 3060 3065 cum

332 3086 606 3165 dimidio,
653 3087 823 3152 salvo
870 3106 939 3152 eo
987 3089 1143 3170 quod
1190 3089 1430 3153 dictum
1477 3092 1592 3166 est,
1644 3090 1700 3152 si
1748 3090 1838 3152 sal
1890 3091 2055 3153 esset
2101 3088 2302 3152 minus
2333 3105 2517 3169 quam
2556 3087 2748 3151 bonus
2787 3090 2850 3152 et
2896 3108 3058 3153 mer—

333 3174 610 3253 catande,
660 3174 821 3257 quod
869 3177 930 3239 in
974 3176 1140 3240 dicto
1194 3195 1338 3240 casu
1386 3176 1497 3240 fiat
1562 3179 1626 3240 et
1693 3178 2006 3253 servetur,
2076 3178 2145 3240 ut
2208 3175 2485 3257 superius
2535 3177 2630 3238 est
2676 3194 3055 3258 expressum.

334 3263 569 3328 Durare
611 3266 819 3327 autem
868 3262 1093 3327 debeat
1138 3267 1201 3328 et
1246 3263 1426 3327 firma
1474 3283 1608 3328 esse
1654 3266 1904 3346 pactum
1955 3267 2017 3328 et
2072 3263 2435 3346 compositio
2481 3264 2900 3345 suprascripta
2948 3282 3055 3346 per

333 3350 486 3415 duos
526 3367 720 3414 annos
765 3352 1010 3415 tantum
1059 3354 1122 3415 et
1170 3369 1289 3416 non
1352 3352 1526 3434 pluS,
1594 3351 1882 3416 videlicet
1945 3371 2017 3415 ex
2079 3370 2239 3415 nunc
2298 3368 2491 3433 usque
2554 3349 2631 3412 ad
2676 3351 3056 3435 principium

334 3438 480 3504 salis
543 3437 687 3501 novi
748 3457 910 3502 nunc
973 3437 1038 3502 in
1102 3438 1377 3520 proximo
1446 3439 1630 3503 fiendi
1689 3445 1752 3502 et
1812 3438 2178 3520 colligendi,
2243 3442 2307 3502 et
2373 3457 2444 3503 ex
2517 3437 2658 3502 inde
2714 3458 2909 3520 usque
2979 3438 3057 3502 ad

335 3525 486 3590 duos
531 3543 724 3590 annos
777 3529 924 3590 tunc
970 3526 1244 3608 proxime
1286 3528 1595 3591 venturos,
1644 3524 1778 3605 Que
1826 3528 2030 3591 omnia
2092 3526 2509 3608 suprascripta
2556 3529 2620 3589 et
2667 3525 3062 3609 infrascripta

335 3612 751 3695 promiserunt
794 3612 955 3676 dicte
1002 3615 1209 3694 partes
1257 3613 1378 3677 sibi
1429 3614 1693 3678 invicem
1751 3634 1860 3696 per
1906 3613 2310 3694 sollempnem
2361 3613 2820 3695 stipulationem
2869 3615 3060 3679 inter-

335 3701 682 3765 venientem
720 3701 1034 3765 attendere
1084 3704 1146 3765 et
1193 3701 1635 3765 iuviolabiliter
1680 3701 2036 3779 observare,
2086 3704 2150 3766 et
2197 3701 2282 3765 eis
2330 3719 2450 3765 non
2503 3701 2910 3765 contrafacere
2963 3702 3058 3765 vel

335 3790 538 3854 venire
584 3789 700 3852 sub
746 3807 903 3870 pena
947 3787 1120 3871 dupli
1186 3789 1409 3853 valoris
1479 3789 1608 3852 eius
1666 3789 1852 3867 salis,
1898 3790 1971 3853 de
2037 3808 2153 3870 quo
2219 3789 2405 3853 fuerit
2462 3788 2938 3864 contrafactum,
2987 3806 3058 3851 ac

334 3876 445 3941 sub
489 3894 561 3941 ea
605 3895 780 3957 pena,
830 3894 1014 3958 quam
1065 3875 1380 3958 imponere
1429 3877 1739 3940 voluerint
1776 3877 2061 3940 dominus
2111 3895 2312 3941 comes
2374 3877 2439 3941 et
2501 3874 2836 3939 consiliarii
2900 3876 3050 3952 eiua,
3125 3881 3128 3886 ’

335 3965 435 4046 qui
478 3965 555 4027 ad
604 3981 852 4044 presens
898 3963 1044 4028 sunt
1087 3966 1150 4028 et
1194 3983 1302 4045 per
1350 3965 1633 4046 tempora
1677 3964 1859 4027 erunt
1903 3963 1965 4028 in
2019 3963 2212 4029 Jadra
2273 3982 2378 4045 per
2439 3961 2654 4026 ducale
2715 3960 3055 4026 dominium

337 4050 679 4115 constituti.
728 4048 846 4128 Qui
892 4050 1129 4114 domini
1177 4069 1381 4115 comes
1429 4053 1492 4115 et
1533 4051 1872 4115 consiliarii
1933 4069 2043 4133 pro
2107 4051 2527 4115 observatione
2592 4050 2868 4114 omnium
2915 4069 3056 4131 pre·

338 4139 667 4204 missorum
715 4138 957 4219 possint
982 4138 1264 4202 ordInare
1312 4140 1375 4202 et
1406 4140 1677 4203 statuere
1724 4142 1788 4203 et
1831 4158 2021 4221 penas
2047 4139 2380 4222 imponere,
2427 4141 2491 4202 et
2537 4155 2692 4219 pene
2730 4136 3058 4219 exigantur

337 4243 372 4288 a
416 4227 592 4307 parto
639 4225 1140 4303 contrafaciente,
1191 4229 1256 4289 et
1301 4225 1689 4308 applicentur
1734 4227 1900 4308 parti
1948 4226 2298 4291 observanti
2325 4225 2604 4307 quotiens
2652 4223 2715 4288 in
2761 4224 3055 4306 predictis

342 4313 404 4376 et
447 4313 726 4395 quolibet
773 4311 1190 4394 predictorum
1241 4332 1346 4394 per
1392 4313 1663 4395 aliquam
1713 4314 1988 4396 ipsarum
2037 4314 2304 4396 partium
2368 4313 2556 4376 fuerit
2603 4311 3056 4378 contrafactum

338 4418 474 4463 cum
521 4400 842 4482 utriusque
891 4402 1085 4482 partis
1133 4401 1317 4464 dictis
1362 4402 1712 4466 nominibus
1760 4401 2140 4482 obligatione
2189 4401 2505 4477 bonorum,
2580 4404 2644 4463 et
2683 4417 2840 4481 pena
2887 4418 3058 4464 com-

337 4487 523 4553 missa
568 4489 668 4552 vel
715 4506 832 4551 non
877 4489 1228 4564 commissa,
1279 4489 1483 4553 soluta
1531 4490 1627 4554 vel
1675 4506 1794 4553 non
1848 4488 2092 4564 soluta,
2149 4489 2354 4551 omnia
2407 4489 2471 4551 et
2533 4486 2778 4567 singula
2840 4506 3057 4570 supra-

339 4573 500 4639 dicta
545 4576 608 4640 in
654 4593 768 4639 sua
819 4575 1120 4640 firmitate
1168 4577 1517 4657 perdurent.
1567 4576 1799 4640 Actum
1845 4575 1909 4640 in
1961 4575 2190 4657 palatio
2239 4574 2583 4638 communis
2630 4573 2856 4651 Jadre,
2917 4593 3056 4655 pre-

337 4663 607 4728 sentibus
654 4681 753 4728 ser
794 4662 1079 4727 Johanne
1127 4663 1417 4727 Paternal
1465 4667 1529 4726 et
1576 4662 1917 4745 Gasperino
1959 4662 2236 4726 Mallaxa
2301 4661 2485 4725 sociis
2552 4660 2776 4742 prefati
2823 4660 3056 4725 domini

335 4750 570 4816 comitis
617 4750 829 4831 Jadre,
881 4751 946 4815 et
990 4749 1247 4815 Nicolao
1291 4750 1456 4815 dicto
1505 4748 1632 4815 Cho
1679 4750 1933 4814 condam
1981 4747 2256 4831 Dragani
2306 4747 2619 4829 Barberii,
2665 4746 2947 4812 omnibus
2979 4745 3053 4808 de
