3620 5282
3021 396 3151 462 337

436 565 693 631 Cruzole
736 565 1148 648 procuratoris
1196 569 1259 631 et
1304 567 1724 650 procuratorio
1770 569 2018 633 nomine
2051 569 2585 651 infrascriptorum
2632 569 2899 653 quinque
2944 570 3148 635 homi-

424 673 572 718 num
618 655 692 717 de
739 652 1016 718 Cruzola.

635 740 830 824 Super
876 741 1076 824 primo
1123 741 1393 825 capitulo
1440 741 1645 806 dictus
1691 761 1791 807 ser
1839 743 2215 809 Michaletus
2272 744 2520 808 nomine
2568 743 2719 807 dicti
2767 743 2998 808 domini
3046 763 3148 809 co-

427 827 601 893 mitis
646 827 902 895 Oruzole
949 829 1148 913 patris
1195 829 1291 893 sui
1336 832 1726 913 conqueritur
1764 832 1829 895 et
1870 833 2152 914 exponit,
2220 831 2381 914 quod
2429 830 2805 913 infrascripti
2868 831 2944 895 de
2990 829 3148 896 Cru-

427 915 562 981 zola
589 967 604 995 ,
676 916 967 982 videlicet
1028 916 1327 981 Lourinaz
1390 918 1746 997 BosinaviZ,
1813 921 2047 984 Pernoe
2112 917 2387 998 Culissa,
2467 918 2679 983 Gunoe
2744 919 3147 998 Pervoslaviz,

434 1003 676 1087 Syncho
721 1007 784 1069 et
829 1003 1055 1069 Ivanus
1103 1003 1326 1068 fratres
1370 1004 1642 1070 indebite
1690 1010 1754 1070 et
1800 1008 2029 1072 iniuste
2077 1010 2141 1073 et
2186 1010 2402 1072 contra
2446 1007 2806 1071 libertatem
2854 1010 2915 1071 et
2956 1007 3147 1072 hono-

384 1110 554 1165 ¹rem
601 1092 753 1157 dicti
800 1092 1036 1156 domini
1083 1093 1327 1158 comitis
1375 1095 1438 1158 et
1484 1094 1578 1157 sui
1621 1095 1955 1159 comitatus
2004 1095 2304 1160 violenter
2369 1094 2762 1176 expullerunt
2806 1096 2870 1159 et
2924 1094 3151 1176 spolia-

422 1182 642 1245 verunt
668 1181 869 1264 ipsum
898 1179 1216 1243 dominum
1241 1182 1531 1246 comitem
1560 1183 1636 1247 ab
1664 1181 2073 1265 infrascriptis
2107 1183 2305 1261 terris,
2335 1182 2529 1247 vineis
2555 1185 2617 1246 et
2641 1181 3149 1264 possessionibuS,

336 1274 349 1295 ¹
419 1265 494 1329 ad
527 1267 732 1351 ipsum
762 1272 825 1332 et
855 1268 1223 1332 comitatum
1269 1269 1399 1332 eius
1425 1269 1847 1348 spectantibus
1879 1271 2057 1335 iustis
2097 1271 2300 1334 titulis
2349 1272 2413 1335 et
2458 1270 2682 1349 causis,
2732 1272 2795 1334 et
2822 1271 2897 1334 de
2924 1269 3147 1352 quibus

419 1356 556 1419 erat
600 1358 664 1420 et
700 1355 818 1419 fuit
862 1356 1207 1437 antiquitus
1254 1355 1387 1438 ipse
1435 1360 1498 1420 et
1544 1357 1641 1420 sui
1699 1358 2153 1438 predecessores
2201 1359 2266 1421 in
2313 1376 2456 1422 vera
2502 1360 2567 1421 et
2611 1357 2862 1440 pacifica
2908 1375 3152 1440 posses-

420 1442 590 1506 sione
635 1445 697 1507 et
743 1445 977 1520 tenuta,
1020 1444 1082 1506 in
1132 1443 1265 1507 eius
1314 1446 1378 1507 et
1425 1462 1677 1508 suorum
1726 1447 2221 1526 predecessorum
2263 1446 2667 1526 preiudicium
2715 1447 2780 1508 et
2824 1444 3148 1509 iacturam.

632 1528 828 1612 Super
874 1531 1146 1614 presenti
1192 1531 1483 1613 capitulo,
1531 1532 1744 1596 audita
1793 1535 2186 1615 responsione
2221 1533 2372 1597 dicti
2410 1532 2688 1614 Syrachi,
2731 1533 3145 1614 procuratoris

422 1617 495 1680 ut
540 1636 745 1699 supra,
796 1620 859 1682 et
906 1617 1371 1700 respondentis,
1438 1618 1596 1702 quod
1665 1621 1923 1702 predicti
1986 1622 2251 1702 quinque
2315 1621 2479 1684 cives
2528 1619 2779 1684 Cruzole
2826 1621 3038 1684 tenent
3084 1620 3148 1683 et

419 1707 757 1785 possident*
785 1707 981 1771 dictas
1031 1707 1254 1783 terrae,
1304 1707 1720 1788 possessiones
1769 1709 1834 1772 et
1879 1707 2107 1786 vineaS,
2170 1710 2233 1772 et
2280 1709 2610 1771 tenuerunt
2656 1708 2721 1771 et
2759 1708 3152 1789 possiderunt

421 1790 538 1873 ipsi
587 1795 650 1857 et
696 1813 906 1858 eorum
954 1793 1375 1875 progenitores
1422 1793 1691 1875 antiquis
1740 1795 2123 1877 temporibus
2188 1796 2383 1873 iuste,
2447 1794 2679 1858 directe
2730 1796 2972 1858 etcum
3018 1792 3151 1875 ple-

415 1878 671 1944 nissimo
711 1882 878 1959 iure,
927 1881 1257 1945 consulunt
1303 1882 1681 1946 concorditer
1737 1884 2047 1964 sapientes
2108 1884 2404 1964 predicti,
2463 1881 2619 1963 quod
2682 1883 2994 1945 statuatur
3042 1899 3151 1963 per

416 1965 634 2031 ducale
682 1969 1025 2032 dominium
1074 1971 1282 2032 certus
1330 1969 1631 2033 terminus
1677 1988 1775 2032 ser
1822 1969 2161 2034 Michaleto
2220 1969 2486 2052 Georgio
2534 1969 2778 2032 nomine
2847 1968 3147 2051 predicto,

415 2054 573 2118 infra
619 2075 803 2137 quem
849 2058 1187 2120 terminum
1254 2056 1475 2121 debeat
1519 2059 1584 2121 et
1630 2057 1831 2140 possit
1898 2057 2192 2141 probare,
2261 2058 2526 2140 qualiter
2588 2056 2790 2121 dictus
2853 2055 3144 2119 dominus

414 2159 619 2206 comes
657 2145 793 2208 erat
838 2147 901 2207 et
945 2142 1066 2208 fuit
1112 2144 1176 2207 in
1221 2144 1437 2208 tenuta
1484 2145 1548 2208 et
1595 2144 1979 2226 possessione
2033 2146 2344 2209 dictarum
2412 2147 2756 2222 terrarum,
2818 2144 3145 2207 vinearum

421 2230 483 2293 et
526 2233 1005 2312 possessionum,
1057 2232 1127 2294 ut
1172 2233 1470 2296 asseritur
1516 2251 1624 2313 per
1663 2234 1920 2296 eundem
1972 2233 2381 2297 Michaletum
2437 2232 2711 2313 predicto
2761 2232 3030 2306 nomine,
3082 2231 3147 2294 et

414 2316 490 2379 ai
539 2316 887 2383 faciendum
934 2336 1148 2383 omnes
1195 2318 1349 2383 alias
1398 2319 1816 2402 probacioneS,
1865 2339 2017 2402 quas
2065 2320 2345 2396 voluerit,
2406 2339 2587 2401 super
2635 2338 2747 2384 sua
2793 2317 3144 2382 intencione

413 2404 706 2486 predicta.
748 2406 833 2469 Et
877 2406 1153 2489 predicta
1199 2407 1510 2471 occasione
1559 2408 1850 2471 mittatur
1897 2428 2052 2472 unus
2114 2407 2425 2472 sufficiens
2489 2407 2765 2471 notarius
2816 2403 3143 2470 Cruzolam

416 2491 494 2555 ad
542 2511 835 2574 expensas
872 2493 1066 2576 partis
1111 2493 1445 2576 perdentiS,
1496 2494 1602 2576 qui
1650 2495 1851 2576 possit
1895 2514 2118 2576 ponere
2168 2514 2388 2577 penam
2435 2496 2499 2558 et
2546 2513 2773 2576 penaS,
2826 2497 2888 2558 et
2934 2510 3143 2575 perso-

417 2598 529 2644 nas
576 2579 651 2646 ad
700 2583 1187 2661 sacramentum,
1239 2584 1304 2646 et
1349 2582 1655 2646 examinet
1703 2585 1765 2647 et
1810 2582 2022 2648 audiat
2073 2583 2402 2666 diligenter
2456 2600 2669 2647 omnes
2739 2580 3140 2663 probaciones

414 2669 478 2732 et
514 2668 667 2747 iura,
711 2688 825 2750 que
872 2669 1138 2734 voluerit
1185 2671 1548 2734 hostendere
1598 2671 1882 2734 dominus
1929 2689 2132 2735 comes
2164 2672 2495 2752 predictus
2543 2668 2657 2748 Qui
2694 2671 2965 2734 notarius
2998 2686 3140 2731 cum

410 2755 551 2834 hiis,
603 2775 720 2837 que
768 2757 1054 2820 habuerit
1101 2776 1283 2839 super
1323 2758 1481 2836 inde,
1529 2777 1713 2839 quam
1760 2758 1950 2821 cicius
1998 2759 2244 2822 comode
2306 2757 2531 2839 poterit
2577 2757 2877 2821 Venecias
2940 2772 3144 2819 rever-

414 2844 600 2908 tatur.
648 2844 731 2908 Et
776 2843 1067 2908 similiter
1114 2845 1442 2908 mandetur
1486 2845 1770 2926 partibus
1819 2845 2146 2927 predictis,
2212 2847 2283 2909 ut
2345 2847 2406 2908 in
2465 2843 2668 2908 reditu
2717 2843 2867 2907 dicti
2910 2840 3136 2906 notarii

412 2935 809 3011 compareant
853 2931 1165 3014 legittime
1212 2951 1418 2997 coram
1461 2932 1667 2996 ducali
1720 2932 1990 2996 dominio
2038 2933 2113 2997 ad
2161 2930 2623 2996 deffendendum
2687 2930 2826 2994 iura
2877 2948 3025 3008 sua,
3074 2929 3138 2992 et

411 3017 781 3082 audiendum
853 3019 1120 3084 diffinire
1181 3021 1245 3083 et
1304 3019 1638 3084 terminare
1698 3022 2051 3102 questiones
2116 3022 2180 3083 et
2241 3018 2659 3083 differrencias
2724 3017 3139 3099 supradictas

411 3104 615 3182 Terre,
667 3108 842 3171 vinee
889 3111 953 3172 et
1010 3108 1424 3190 possessiones
1487 3110 1634 3171 sunt
1693 3108 1840 3184 hee,
1902 3108 1976 3172 de
2025 3108 2249 3189 quibus
2317 3107 2518 3171 dictus
2579 3105 2865 3170 dominus
2929 3122 3142 3169 comes

413 3192 564 3256 dicit
609 3211 675 3257 se
717 3213 851 3258 esse
900 3195 1256 3277 spoliatum.
1308 3195 1520 3259 Prima
1579 3195 1640 3259 lo
1701 3198 1907 3274 terea,
1979 3196 2090 3260 che
2152 3196 2446 3260 Lovrinaz
2493 3193 2817 3258 Bosinoviz
2860 3193 2971 3257 che
3036 3192 3139 3256 sta

418 3296 668 3363 occupa,
716 3281 770 3345 si
810 3302 842 3346 e
887 3301 998 3364 per
1044 3301 1220 3346 nome
1266 3283 1452 3362 Luca,
1500 3281 1560 3348 lo
1607 3284 1751 3365 qual
1815 3303 1847 3348 e
1894 3284 1957 3347 in
2005 3283 2063 3348 le
2129 3282 2504 3366 pertinencie
2568 3282 2641 3345 de
2689 3280 2875 3346 Blata
2939 3277 3141 3362 pizola

412 3385 632 3448 aprovo
674 3368 737 3433 la
783 3369 970 3453 vigna
1014 3369 1091 3434 de
1136 3370 1327 3434 miser
1370 3371 1429 3434 lo
1476 3372 1675 3435 conte.
1722 3372 1812 3436 Lo
1859 3373 2085 3448 terren,
2134 3371 2244 3435 che
2293 3390 2400 3452 per
2449 3369 2702 3433 Pernoie
2749 3367 2994 3433 Culissa
3040 3385 3141 3431 me

410 3458 510 3518 sta
556 3473 807 3539 occupa,
849 3476 884 3522 a
930 3476 1113 3522 nome
1159 3457 1505 3537 Masliniza,
1564 3476 1787 3541 aprovo
1836 3460 1894 3524 el
1942 3476 2159 3540 campo
2206 3460 2278 3522 de
2347 3477 2455 3522 san
2503 3457 2709 3521 Zanne
2772 3454 3051 3520 andando
3100 3472 3138 3518 a

410 3542 780 3609 Lombarda.
820 3545 907 3609 Lo
953 3548 1179 3623 terren,
1229 3545 1337 3609 che
1384 3563 1493 3627 per
1541 3546 1773 3611 Gunoie
1822 3546 2250 3612 Pervosclaviz
2314 3565 2413 3610 me
2476 3548 2573 3609 sta
2619 3563 2882 3626 occupa,
2948 3561 2980 3607 e
3021 3560 3140 3624 ‚per

411 3648 590 3696 nome
639 3632 809 3698 Sline
855 3633 920 3697 in
971 3633 1029 3697 le
1078 3633 1453 3716 pertinencie
1502 3633 1576 3697 de
1624 3634 1809 3699 Blata
1856 3637 2085 3717 grande
2132 3634 2211 3698 da
2256 3651 2405 3699 cavo
2432 3633 2534 3697 del
2560 3632 2715 3697 isola
2747 3633 2823 3695 da
2852 3631 3136 3713 ponente.

411 3718 495 3782 Le
544 3720 743 3803 vigne,
794 3722 907 3785 che
950 3741 1058 3804 per
1105 3719 1286 3785 Since
1333 3740 1366 3786 e
1415 3720 1677 3786 Pervian
1725 3723 2064 3804 Bogoseniz
2118 3721 2361 3786 fradelli
2410 3740 2508 3785 me
2556 3723 2655 3785 sta
2696 3736 2925 3800 occupa
2970 3717 3037 3780 in
3078 3716 3137 3779 le

410 3807 784 3886 pertinencie
830 3807 905 3871 de
952 3808 1317 3886 Lombarda,
1367 3808 1428 3872 la
1474 3810 1584 3872 che
1634 3809 1774 3875 vien
1821 3810 1952 3874 dito
2000 3811 2146 3874 Bus,
2196 3809 2283 3873 Lo
2329 3813 2575 3885 terren,
2645 3806 2757 3871 che
2805 3823 2914 3887 per
2960 3802 3137 3868 Zorzi
3197 3833 3210 3842 κ

411 3893 708 3959 Prodaniz
754 3895 885 3961 dito
936 3896 1165 3960 Menda
1210 3915 1307 3960 me
1355 3897 1454 3960 sta
1497 3914 1749 3980 occupa,
1799 3916 1832 3962 e
1879 3917 1983 3979 per
2030 3916 2207 3962 nome
2267 3895 2541 3961 Udoviza
2604 3894 2748 3958 luca
2809 3908 3033 3975 aprovo
3074 3890 3139 3953 la

410 3980 571 4046 fossa
616 3983 716 4046 del
764 4001 1054 4048 commun
1099 3984 1163 4046 in
1201 3982 1260 4046 le
1309 3985 1688 4066 pertinencie
1732 3986 1803 4049 de
1852 3985 2106 4049 Zernoa.

622 4070 818 4153 Super
865 4071 1129 4136 secundo
1181 4070 1460 4154 capitulo
1508 4073 1902 4154 conqueritur
1948 4076 2011 4137 et
2058 4071 2311 4154 exponit
2361 4070 2565 4133 dictus
2613 4087 2713 4132 ser
2760 4065 3136 4131 Michaletus

411 4158 654 4222 nomine
703 4159 997 4241 predicte,
1047 4159 1205 4243 quod
1251 4159 1480 4224 iudices
1539 4161 1604 4225 et
1649 4161 1745 4224 illi
1790 4161 1864 4224 de
1933 4160 2186 4224 consilio
2241 4156 2497 4223 Cruzole
2563 4155 2840 4220 fecerunt
2898 4153 3136 4236 imponi

412 4243 719 4325 quandam
766 4246 1114 4325 collectam,
1151 4247 1289 4311 octo
1338 4247 1930 4330 librasgrossorum
1979 4249 2074 4313 vel
2122 4248 2299 4324 circa,
2367 4246 2428 4308 in
2474 4243 2919 4309 comunitatem
2968 4240 3134 4306 dicte

412 4335 575 4396 terre
622 4336 684 4398 et
731 4333 1072 4400 utilitatem
1119 4338 1183 4399 et
1243 4332 1516 4400 favorem
1578 4335 1881 4399 dictorum
1940 4335 2206 4418 quinque
2267 4333 2584 4397 hominum
2631 4331 2793 4395 dicte
2855 4331 3019 4394 terre
3068 4330 3132 4393 et

412 4418 544 4501 ipso
591 4421 816 4485 comite
862 4433 982 4487 non
1030 4423 1357 4487 convocato
1403 4440 1515 4486 nec
1557 4423 1873 4505 requisito,
1937 4421 2044 4486 sed
2094 4423 2306 4485 contra
2351 4422 2645 4485 honorem
2692 4420 2756 4483 et
2802 4417 3128 4483 libertates

412 4505 606 4588 ipsius
656 4509 720 4573 et
768 4509 863 4573 sui
910 4511 1263 4575 comitatus.

625 4595 820 4679 Super
866 4599 1140 4679 presenti
1186 4596 1471 4680 capitulo,
1521 4597 1730 4663 audita
1776 4595 2169 4679 responsione
2217 4595 2366 4659 dicti
2430 4592 2663 4658 Sirachi
2712 4589 3132 4675 procuratorio

412 4683 655 4747 nomine
701 4682 997 4766 predicto,
1046 4685 1150 4768 qui
1192 4685 1363 4764 dicit,
1413 4686 1572 4768 quod
1619 4685 1783 4750 dicta
1829 4684 2088 4750 collecta
2119 4683 2412 4764 imposita
2458 4682 2521 4745 et
2567 4685 2786 4745 exacta
2830 4679 2952 4745 fuit
2988 4697 3132 4777 cum

414 4768 730 4836 voluntate
778 4771 1099 4839 hominum
1145 4773 1306 4839 dicte
1352 4774 1552 4838 terre:
1601 4773 1931 4838 consulunt
1976 4771 2288 4852 sapientes
2351 4768 2652 4850 predicti,
2724 4768 2884 4849 quod
2930 4768 3131 4848 inqul-

504 4889 702 4941 srou.
733 4892 833 4940 111.
2803 4870 2891 4935 22
