3620 5282
552 402 640 470 84

956 573 1312 654 CXLVI.
1369 572 1571 654 God.
1626 571 1856 655 1366.
1911 574 2015 655 29
2066 573 2402 673 oquka,
2459 595 2516 654 u
2574 571 2862 655 Bosni.

558 717 776 777 Tvrtko
820 718 1096 776 bosanslci
1156 717 1272 774 ban
1314 717 1582 790 obvezuje
1641 734 1718 786 se,
1764 717 2054 777 mletac'ka
2111 734 2311 790 prava
2371 734 2413 775 u
2478 717 2666 789 svojoj
2729 715 2924 788 zemlji
2980 714 3188 792 ἕίὶιίιίς
3240 731 3278 771 α

548 807 712 879 ylede
778 805 1036 876 kovam'a
1082 804 1323 877 krivoya
1382 821 1567 863 novca
1627 804 2159 951 οὸξῗζῗῖῗ,αὲἶάἰέε
2214 806 2410 863 krivce
2445 805 2692 873 Ιοαεηίιί,
2755 804 2867 863 dim
2921 819 2984 863 sc
3028 820 3109 861 na
3140 818 3276 874 pre·

763 996 1001 1060 Littera
1043 994 1226 1056 banni
1278 993 1478 1057 Bosne
1542 994 1732 1059 missa
1793 994 1995 1058 ducali
2060 993 2352 1072 dominic,
2412 994 2586 1058 cuius
2632 990 3066 1074 superscriptio
3131 992 3274 1056 talis

553 1084 668 1146 est.
717 1080 972 1164 Insigni,
1031 1082 1095 1145 et
1151 1080 1417 1162 glorioso
1482 1079 1724 1145 domino
1785 1081 2032 1146 domino
2095 1081 2308 1145 Marco
2356 1080 2646 1145 Cornario
2711 1079 2808 1143 dei
2872 1079 3076 1162 gratia
3135 1080 3271 1142 duci

553 1167 974 1246 Venetiarum,
1025 1186 1094 1231 ac
1141 1166 1554 1230 laudabilibus
1603 1168 1751 1232 viris
1799 1168 2275 1232 consiliariis'et
2332 1167 2631 1232 universis
2663 1166 2900 1232 civibus
2946 1165 3020 1229 de
3069 1167 3276 1231 eadem

552 1256 822 1320 dominis
867 1257 932 1319 et
976 1255 1193 1318 amicis
1243 1256 1513 1335 ipsorum
1561 1255 1896 1335 plurimum
1946 1255 2336 1318 honorandis.

727 1342 1264 1407 Reverendissima
1347 1341 1719 1405 salutatione
1793 1342 2208 1423 laudabilique
2286 1340 2878 1405 recommendatione
2954 1341 3273 1422 premissa.

553 1428 814 1495 Noverit
858 1432 1063 1493 vestra
1127 1429 1502 1493 honorabilis
1568 1429 2030 1510 magnificentia
2087 1448 2194 1493 nos
2254 1430 2458 1493 vestre
2521 1427 2969 1511 magnitudinis
3035 1428 3275 1493 litteras

553 1516 959 1583 credentiales
1006 1516 1067 1580 in
1118 1518 1299 1581 corda
1351 1516 1636 1597 canapari
1685 1516 1893 1599 sigillo
1941 1516 2263 1599 plumbato
2313 1516 2627 1580 roboratas
2684 1534 2792 1597 per
2852 1515 3273 1579 honorabilem

551 1603 753 1669 virum
794 1605 1162 1687 magistrum
1210 1603 1618 1666 Anastaxium
1682 1604 1881 1668 vestre
1942 1604 2395 1686 magnificentie
2459 1603 2770 1666 notarium
2832 1602 3007 1666 nohis
3069 1621 3280 1667 revera

549 1692 811 1757 directas
858 1690 1023 1754 omni
1063 1708 1179 1771 quo
1227 1690 1410 1753 debet
1457 1689 1676 1754 honore
1723 1691 2112 1773 plenariaque
2162 1689 2360 1754 cordis
2412 1689 2807 1766 iocunditate,
2856 1689 2945 1753 uti
2979 1691 3279 1768 tenemur,

549 1779 869 1860 recepisse,
918 1779 1033 1842 sub
1076 1795 1330 1859 quarum
1380 1777 1734 1841 litterarum
1783 1779 2097 1842 credentia
2145 1777 2339 1858 ipsius
2397 1777 2679 1858 magistri
2725 1774 3047 1840 Anastaxii
3094 1776 3277 1853 dicta,

550 1866 614 1932 et
659 1885 768 1947 per
811 1865 1015 1947 ipsum
1065 1865 1302 1927 vestras
1348 1863 1737 1928 honorabiles
1771 1865 2114 1928 relationes
2162 1882 2267 1927 seu
2335 1863 2676 1946 legationes
2746 1861 3011 1944 perfecte
3071 1882 3283 1944 perce-

551 1953 773 2036 pimuS‚
822 1951 898 2016 ad
949 1967 1204 2032 quorum
1256 1951 1530 2014 tenorem
1573 1954 1776 2015 vestre
1821 1951 2113 2015 laudabili
2162 1951 2435 2014 amicitie
2498 1950 2772 2015 seriatim
2838 1950 3048 2014 taliter
3107 1951 3279 2014 duxi-

555 2058 693 2103 mus
741 2036 1253 2120 respondendum.
1305 2035 1476 2113 Quod
1531 2055 1639 2100 nos
1686 2039 1852 2102 omni
1896 2039 2026 2102 loco
2071 2041 2136 2102 et
2181 2040 2455 2119 tempore
2517 2037 2876 2118 opportunis
2939 2037 3014 2101 ad
3077 2038 3281 2103 omnia

555 2127 762 2191 vestra
806 2125 961 2202 iura,
1011 2123 1280 2187 iustitias
1329 2128 1391 2187 et
1437 2124 1764 2205 equitateS,
1815 2125 1978 2189 sicut
2024 2125 2442 2207 promisimuS,
2508 2124 2599 2188 ita
2660 2128 2962 2199 tenemur,
3027 2128 3087 2188 et
3150 2128 3281 2189 toto

513 2212 753 2277 cordis
799 2211 1043 2287 affectu,
1093 2210 1286 2274 labori
1334 2229 1450 2275 non
1500 2214 1825 2292 parcend0,
1901 2214 2257 2276 thesaurum
2319 2212 2648 2293 exponedO,
2706 2229 2850 2293 ymo
2919 2211 2972 2274 si
3034 2230 3281 2276 necesse

548 2298 737 2364 fuerit
783 2317 973 2380 usque
1023 2298 1098 2361 ad
1146 2299 1403 2361 mortem
1453 2298 1691 2380 corpori
1744 2318 1858 2362 non
1909 2299 2226 2380 parcendO,
2275 2302 2482 2363 vestra
2535 2297 2670 2361 iura
2726 2299 2789 2361 et
2845 2297 3135 2376 iustitiaS,
3213 2303 3283 2363 ut

549 2385 994 2468 premittimus,
1029 2383 1364 2465 adimplere
1397 2403 1707 2461 conamur,
1741 2389 1803 2448 et
1836 2387 2120 2449 volumus
2157 2387 2330 2467 plene
2366 2390 2427 2449 et
2458 2385 2715 2467 integre.
2754 2384 2942 2449 Porro
2974 2385 3050 2449 de
3079 2388 3286 2450 vestra

552 2472 777 2537 iniuria
825 2473 1073 2554 propter
1121 2470 1431 2535 falsariam
1505 2474 1818 2536 monetam
1864 2476 1927 2536 et
1976 2473 2252 2555 iniquam
2299 2473 2600 2537 actionem
2663 2490 2771 2553 per
2831 2471 3110 2536 homines
3173 2490 3281 2536 no·

551 2562 820 2624 atrorum
869 2557 1166 2623 nobilium
1216 2558 1385 2621 vobis
1435 2557 1611 2622 illata
1661 2561 1929 2623 multum
1976 2578 2406 2643 aggravamur,
2459 2563 2521 2623 et
2565 2558 2678 2622 deo
2733 2558 2850 2621 celi
2912 2560 3070 2622 teste
3129 2560 3283 2624 dici-

552 2664 690 2711 mus
751 2646 915 2710 sicut
979 2664 1084 2710 vos
1146 2645 1374 2727 proprii
1440 2647 1503 2709 in
1566 2648 1847 2728 personis
1911 2649 2370 2712 contristamur.
2437 2646 2591 2711 Cum
2653 2646 2817 2710 enim
2879 2645 2998 2727 ipsi
3047 2646 3284 2712 nobiles

553 2733 748 2799 nostri
798 2732 973 2816 regni
1021 2732 1183 2796 sicut
1232 2734 1428 2813 primo
1475 2733 1586 2797 deo
1633 2736 1697 2797 et
1737 2734 1910 2798 nobis
1956 2734 2310 2816 aliqualiter
2374 2733 2665 2810 infideleS,
2734 2751 2965 2815 nosque
3026 2735 3285 2798 misera-

553 2820 764 2886 biliter
802 2819 879 2885 de
930 2821 1138 2885 nostro
1190 2838 1374 2902 regno
1448 2839 1562 2884 nna
1625 2841 1767 2884 cum
1835 2826 2042 2885 nostra
2104 2822 2400 2903 genitrice
2464 2820 2826 2903 pepulerant
2885 2821 2950 2886 et
3010 2820 3290 2885 totaliter

551 2909 879 2973 eiecerant.
941 2908 1188 2988 Nosque
1254 2927 1359 2988 per
1422 2907 1912 2972 misericordiam
1976 2909 2412 2989 omnipotentis
2464 2908 2565 2971 'dei
2625 2909 2689 2971 et
2750 2909 3020 2990 gratiam
3084 2908 3283 2974 incliti

553 2994 845 3078 principis
890 2993 1120 3059 domiui
1173 2994 1453 3059 Lodovici
1500 2994 1597 3057 dei
1646 2997 1852 3076 gratia
1900 2996 2065 3078 regis
2111 2996 2450 3078 Hungarie,
2499 2993 2743 3058 iustitia
2788 2996 3000 3058 nostra
3043 2997 3107 3060 et
3137 2996 3285 3059 fide-

553 3081 732 3147 litate
779 3082 1148 3164 requirente,
1197 3081 1393 3146 simus
1443 3082 1663 3145 iterum
1715 3081 1775 3144 in
1825 3087 2104 3146 nostrum
2155 3100 2414 3165 regnum
2449 3081 2804 3163 aliqualiter
2844 3081 3094 3164 recepti,
3134 3081 3285 3146 licet

552 3187 669 3233 non
711 3169 777 3231 in
804 3170 952 3245 toto,
997 3185 1111 3231 non
1141 3168 1411 3231 valentes
1441 3169 1525 3231 ita
1550 3168 1753 3232 subito
1795 3169 1957 3250 ipsos
1985 3169 2215 3233 nobiles
2250 3188 2353 3250 pro
2386 3170 2594 3232 nostra
2626 3170 2689 3230 et
2719 3167 2907 3232 etiam
2942 3186 3051 3249 pro
3082 3170 3287 3233 vestra

555 3255 779 3320 iniuria
819 3253 1033 3337 punire
1066 3257 1130 3317 et
1171 3256 1564 3317 incarcerare.
1616 3256 1816 3337 Igitur
1859 3258 2125 3319 vestram
2157 3256 2731 3320 reverendissimam
2758 3254 3286 3338 magnificentiam

553 3341 940 3423 presentibus
973 3339 1353 3423 postulamus
1381 3340 1555 3404 valde
1584 3340 1910 3422 dignanter
1936 3345 2000 3406 et
2023 3341 2375 3426 diligenter,
2418 3342 2575 3423 quod
2602 3361 2911 3424 quousque
2936 3342 3129 3406 simus
3154 3344 3286 3406 sta-

554 3426 717 3492 biliti
742 3429 802 3491 et
831 3428 891 3491 in
918 3430 1123 3491 nostro
1151 3445 1336 3508 regno
1363 3427 1515 3491 bene
1541 3427 1907 3506 confirmati,
1938 3432 2209 3492 nostram
2241 3430 2619 3493 voluntatem
2648 3430 2865 3492 honam
2891 3429 3160 3511 profecto
3186 3448 3282 3494 re-

555 3515 772 3596 putare
826 3511 1078 3577 vellitis.
1154 3514 1277 3577 Nos
1327 3513 1538 3596 itaque
1584 3516 1693 3578 deo
1740 3517 2140 3596 permittente
2187 3517 2260 3580 de
2321 3515 2486 3580 omni
2551 3516 2755 3581 vestra
2814 3513 3038 3580 iniuria
3100 3535 3289 3598 parvo

552 3602 830 3682 tempore
876 3601 1215 3682 expectate,
1266 3601 1681 3665 omnimodam
1731 3602 2046 3666 iusticiam
2093 3602 2389 3667 faciemus
2438 3603 2612 3684 plene
2674 3605 2739 3667 et
2805 3603 3063 3685 integre.
3132 3603 3282 3684 Spe-

553 3687 762 3753 rantes
807 3705 845 3752 a
893 3691 1095 3752 vestra
1140 3688 1602 3771 magnificentia
1648 3689 1709 3752 in
1755 3690 2042 3769 centuplo
2077 3689 2307 3754 similia
2356 3710 2466 3754 seu
2514 3691 2746 3754 maiora
2792 3690 2967 3753 nobis
3013 3690 3283 3753 affuisse.

554 3772 798 3856 Scripta
867 3774 927 3838 in
977 3775 1180 3838 Bosna
1249 3774 1558 3838 dominica
1605 3775 1821 3839 Remis
1878 3775 2269 3841 Palamarum
2332 3794 2488 3841 anno
2549 3775 2777 3841 domini
2841 3774 3285 3841 MCCCLXVI.

554 3862 783 3927 Tuerto
832 3861 926 3925 dei
993 3863 1058 3925 et
1119 3861 1350 3925 domini
1401 3862 1592 3925 nostri
1641 3861 1930 3927 Lndovici
1976 3865 2139 3945 regis
2201 3864 2401 3946 gratia
2463 3865 2700 3929 bannus
2758 3863 2977 3945 Bosne‚
3040 3882 3111 3928 ac
3171 3865 3282 3927 do-

559 3948 730 4014 mina
774 3947 969 4013 Elena
1013 3948 1279 4031 genitrix
1328 3948 1524 4029 ipsius
1567 3949 1910 4027 carissima,
1962 3949 2152 4015 vestri
2201 3949 2403 4015 intimi
2452 3950 2658 4016 amici.

650 4037 1218 4099 Commemorialium
1279 4034 1402 4096 VII
1452 4039 1553 4107 58,
1601 4056 1641 4096 u
1683 4040 1836 4099 mlet.
1889 4041 2123 4099 arkivu.

900 4224 1311 4310 CXLVII.
1366 4225 1570 4307 God.
1628 4225 1857 4308 1366.
1912 4228 1963 4308 9
2018 4227 2380 4329 svibnja‚
2434 4250 2494 4309 u
2546 4228 2935 4310 Mletcih.

561 4367 786 4430 Nalaie
832 4385 893 4429 se
941 4369 1131 4428 Pavlu
1177 4369 1552 4428 Maur-ocean
1605 4387 1645 4428 u
1690 4371 1993 4444 Modrus'i,
2042 4372 2196 4431 nelca
2241 4372 2491 4432 unovaci
2535 4372 2608 4430 do
2675 4373 2802 4431 500
2846 4373 3101 4442 Hrvata,
3161 4373 3286 4445 koji

1208 4458 1266 4514 bi
1309 4473 1370 4515 se
1409 4457 1634 4535 poslali
1668 4459 1836 4529 proti
1881 4459 2296 4544 buntovnikom
2341 4476 2384 4517 u
2430 4460 2638 4520 Kretu.

773 4573 982 4638 Nobili
1032 4575 1159 4638 viro
1208 4574 1400 4638 Paulo
1447 4576 1810 4640 Mauroceno
1859 4577 1919 4639 in
1966 4576 2243 4658 partibus
2284 4576 2610 4641 Modrusie.
2654 4574 2766 4640 Ser
2797 4575 2973 4640 Polo!
3021 4576 3161 4642 Ello
3208 4596 3283 4640 ne

563 4655 738 4719 stado
784 4659 936 4723 dado
981 4662 1055 4723 ad
1105 4660 1400 4737 intendet,
1451 4664 1563 4727 che
1610 4663 1668 4727 lo
1716 4682 1781 4727 se
1830 4663 2003 4744 poria
2048 4682 2334 4728 recourar
2378 4665 2439 4728 in
2487 4663 2691 4746 quelle
2721 4665 2916 4745 parte,
2966 4663 3175 4727 siando
3205 4663 3284 4727 de

566 4744 849 4807 contento
908 4762 940 4807 e
998 4746 1202 4825 plaxer
1264 4748 1336 4811 de
1384 4748 1429 4811 li
1493 4750 1703 4833 signor
1747 4750 1913 4814 conti
1960 4752 2033 4815 de
2081 4748 2301 4834 Segne,
2352 4751 2596 4816 homeni
2642 4749 2864 4832 pedoni
2910 4748 3111 4817 Sclavi
3158 4751 3287 4814 fina
