3620 5282
3038 358 3167 422 383

451 548 561 593 nos
607 529 844 594 dictum
892 529 1012 592 fuit
1057 530 1165 606 eis,
1214 513 1554 592 amir‘amur
1616 530 1687 592 de
1735 531 2126 610 responsione
2183 528 2415 593 domini
2477 530 2823 611 patriarche
2870 531 2932 594 in
2987 550 3165 596 recu·

449 616 641 681 sando
689 619 763 681 de
815 615 1198 681 restituendo
1245 616 1422 681 nobis
1480 615 1803 680 Camatam
1851 635 1993 680 curn
2043 616 2170 680 illis
2218 617 2419 680 verbis
2482 619 2545 681 et
2606 618 2988 695 raciouibuS,
3053 637 3169 701 que

448 704 838 780 videbuntur,
888 708 952 768 et
998 704 1176 785 quod,
1225 703 1465 785 quando
1514 704 1713 767 dictus
1763 704 2114 786 patriarcha
2163 704 2335 769 vellit
2378 705 2551 768 nobis
2600 704 2791 769 libere
2840 706 3168 769 restituere

453 792 685 857 dictam
734 790 1076 869 Camatam,
1116 794 1301 873 prout
1347 793 1420 854 de
1464 791 1595 854 iure
1628 791 1931 872 denegare
1975 809 2093 854 non
2142 793 2341 873 potest
2372 812 2440 855 ex
2470 792 2669 855 forma
2714 792 2904 874 paciS,
2953 792 3014 855 in
3046 812 3167 874 qua

449 879 583 961 ipse
630 879 972 960 acceptavit
1017 878 1267 956 includi,
1312 881 1376 943 et
1425 878 1612 942 etiam
1663 897 1767 959 pro
1814 879 2162 943 reverencia
2208 879 2359 943 dicti
2406 880 2635 943 domiui
2687 879 2869 961 regis,
2915 883 3165 944 conten-

449 967 677 1043 tamur‚
727 967 886 1047 quod
932 965 1214 1030 dominus
1262 985 1362 1029 rex
1409 965 1720 1047 predictus
1766 985 1874 1048 pro
1921 965 2061 1029 aliis
2111 966 2482 1030 differenciis
2530 967 2934 1031 existentibus
3001 968 3162 1031 inter

444 1053 653 1135 ipsum
694 1053 1010 1117 dominum
1055 1052 1471 1135 patriarcham
1519 1055 1582 1116 et
1623 1071 1747 1124 nos,
1798 1053 2005 1117 silicet
2045 1072 2149 1135 pro
2195 1054 2356 1119 facto
2404 1052 2637 1135 regalie
2675 1054 2857 1118 solite
2905 1074 3013 1137 per
3045 1073 3155 1119 nos

444 1140 568 1204 sibi
613 1141 765 1217 dari,
814 1142 879 1204 et
924 1159 1032 1223 pro
1078 1140 1494 1222 asportatione
1540 1158 1859 1222 corporum
1911 1147 2263 1204 sanctorum
2317 1143 2697 1216 nostrorum,
2744 1160 2862 1224 que
2912 1141 3158 1225 quidem

448 1226 799 1292 diffecencie
838 1229 985 1291 sunt
1031 1230 1202 1292 extra
1249 1226 1415 1291 facta
1454 1229 1613 1291 dicte
1662 1228 1850 1309 paciS‚
1896 1228 1981 1293 sit
2020 1228 2219 1304 iudex,
2269 1230 2333 1292 et
2378 1248 2563 1311 super
2608 1229 2761 1311 ipsis
2790 1228 3167 1294 determinet

446 1316 510 1379 et
550 1317 899 1397 cognoscat,
949 1318 1130 1397 prout
1170 1333 1276 1379 seu
1321 1315 1635 1378 maiestati
1684 1315 1993 1379 videbitur
2039 1334 2174 1379 esse
2221 1316 2475 1380 iustum.
2522 1315 2628 1379 56.

657 1400 875 1484 Capita
918 1402 993 1466 de
1037 1403 1148 1466 XL
1186 1421 1283 1466 ser
1321 1402 1655 1465 Bartholus
1703 1400 1976 1480 Quirino,
2026 1423 2123 1467 ser
2165 1404 2533 1467 Laurentius
2560 1402 2951 1483 Superancio.
3004 1403 3161 1469 Cum

455 1491 765 1571 responsio
812 1489 976 1554 facta
1021 1508 1131 1572 pro
1172 1491 1347 1572 parte
1392 1489 1625 1553 domini
1690 1491 2033 1571 patriarche
2101 1490 2527 1573 Aquilegieusi
2589 1510 2773 1573 super
2833 1491 2995 1554 facto
3042 1491 3160 1556 Ca-

452 1581 620 1641 mate
667 1596 786 1641 non
836 1576 1118 1641 videatur
1163 1577 1424 1641 honesta
1470 1595 1579 1640 nec
1628 1577 2019 1641 racionabilis
2068 1577 2205 1641 istis
2252 1578 2753 1642 ambaxatoribus
2799 1578 3034 1642 domini
3065 1598 3162 1643 re-

450 1666 566 1746 gie,
615 1664 778 1729 sicut
823 1666 1225 1728 ostenderunt
1270 1683 1377 1746 per
1423 1665 1609 1728 verba
1655 1683 1784 1741 sua,
1833 1665 1896 1728 et
1942 1665 2056 1747 ipsi
2106 1666 2534 1730 ambaxatores
2596 1683 2922 1747 procurare
2987 1670 3165 1731 obtu-

449 1751 637 1816 lerint
680 1770 821 1816 cum
869 1751 1089 1816 effectu
1134 1753 1294 1834 apud
1342 1751 1660 1816 dominum
1704 1770 1937 1833 regem,
1989 1755 2058 1815 ut
2101 1753 2346 1818 omnino
2389 1752 2591 1816 dictus
2640 1752 2805 1816 locus
2846 1754 3164 1817 *restitua-

452 1839 555 1902 tur
600 1858 707 1921 per
754 1839 1067 1903 dominum
1114 1840 1529 1922 patriarcham
1580 1837 1966 1920 predictum:
2029 1840 2197 1904 vadit
2245 1858 2403 1922 pars,
2464 1839 2648 1922 quod
2692 1841 3162 1921 supersedeatur

447 1927 519 1989 de
565 1925 839 1991 faciendo
885 1926 1160 2009 aliquam
1208 1927 1658 2006 responsionem
1704 1945 1889 2008 super
1934 1927 2096 1991 dicto
2149 1927 2329 2006 facto,
2385 1927 2578 1991 donec
2644 1945 2680 1992 a
2724 1927 2968 1992 domino
3015 1946 3159 2011 rege

445 2013 773 2078 habebitur
820 2015 1134 2096 responsio
1182 2013 1526 2096 superinde.
1568 2011 1627 2076 2.

650 2101 760 2166 Ser
808 2102 1104 2166 Nicolaus
1153 2101 1400 2165 Faletro
1448 2101 1710 2183 sapiens.
1765 2101 1849 2166 Ut
1892 2103 2184 2183 appareat
2229 2121 2334 2184 per
2366 2102 2670 2177 effectum,
2717 2103 2876 2184 quod
2924 2102 2999 2166 de
3046 2101 3160 2167 do-

443 2188 608 2253 mino
657 2207 800 2272 rege
846 2189 1167 2273 Hungarie
1212 2189 1460 2285 plenam
1523 2207 1914 2253 assumamus
1961 2189 2025 2252 in
2071 2190 2239 2253 omni
2285 2208 2430 2254 casu
2478 2190 2918 2254 confidenciam
2968 2193 3157 2271 atque

440 2293 632 2358 spem,
682 2280 744 2340 et
791 2278 946 2359 quod
993 2277 1193 2341 eidem
1237 2296 1448 2340 sumus
1496 2275 1778 2358 dispositi
1825 2276 1889 2340 in
1936 2277 2219 2341 omnibus
2267 2277 2664 2359 possibilibus
2729 2278 3157 2360 complacere:

442 2365 612 2429 vadit
658 2384 821 2446 pam,
871 2365 1027 2447 quod
1074 2364 1511 2445 respondeatur
1560 2364 2068 2428 ambaxatoribus
2116 2366 2344 2428 domini
2392 2364 2592 2448 regiS‚
2653 2365 2814 2448 quod
2861 2366 3156 2430 restituta

438 2451 614 2516 nobis
661 2450 921 2516 Camata
967 2471 1075 2534 per
1121 2452 1433 2516 dominum
1482 2451 1919 2533 patriarcham,
1967 2453 2148 2534 prout
2192 2471 2263 2516 ex
2308 2452 2506 2516 forma
2551 2454 2721 2535 pacis
2768 2454 3015 2517 restitui
3046 2453 3158 2518 de-

438 2537 561 2617 bet,
608 2540 1035 2604 contentamur
1080 2540 1406 2603 restituere
1452 2539 1573 2603 sibi
1609 2538 1911 2621 regaliam
1952 2539 2205 2621 pecunie
2236 2558 2346 2621 per
2392 2559 2500 2604 nos
2530 2540 2646 2604 sibi
2672 2540 2961 2619 debende‚
3012 2557 3159 2604 con-

435 2627 719 2692 tentante
767 2627 899 2709 ipso
942 2626 1297 2710 patriarcha
1342 2627 1414 2692 de
1461 2625 1832 2691 differenciis
1865 2646 2188 2709 corporum
2222 2628 2574 2692 sanctorum
2603 2631 2956 2693 nostrorum
2990 2631 3156 2693 stare

436 2713 661 2780 iudicio
709 2716 773 2778 et
817 2715 1317 2780 determinacioni
1364 2715 1593 2779 domini
1638 2715 1821 2797 regis,
1871 2716 1944 2779 de
1990 2733 2108 2797 quo
2140 2715 2525 2793 confidimus
2575 2717 2718 2798 quia
2749 2717 2813 2779 in
2850 2717 2961 2781 hoc
2992 2716 3158 2782 dicet

438 2804 502 2867 et
546 2802 991 2868 determinabit
1034 2803 1117 2882 id,
1164 2804 1324 2885 quod
1369 2802 1557 2867 fuerit
1595 2802 1960 2866 conveniens
2008 2806 2193 2885 atque
2244 2804 2494 2867 iustum.
2544 2803 2605 2881 5,
2656 2805 2730 2867 de
2777 2821 2895 2867 non
2925 2804 2988 2879 Ο,
3034 2822 3155 2868 non

434 2891 652 2956 sinceri
702 2889 763 2954 2.

648 2977 965 3056 DominuS,
1013 2976 1367 3055 consiliarii,
1417 2978 1638 3058 capita,
1688 2980 1751 3041 et
1795 2995 1895 3041 ser
1943 2977 2166 3041 Petrus
2211 2976 2545 3042 Trevisano
2600 2978 2666 3041 et
2714 2996 2811 3041 ser
2857 2977 3154 3043 Nicolaus

436 3063 682 3128 Faletro
725 3065 1080 3129 consiliarii.
1131 3060 1362 3145 Capta:
1404 3083 1543 3128 cum
1583 3065 1743 3128 sicut
1788 3064 2115 3129 audivistis
2161 3083 2270 3146 per
2316 3064 2636 3129 dominum
2664 3112 2678 3141 ,
2729 3066 3154 3131 ambaxatores

436 3150 664 3215 domini
710 3153 869 3236 regis
917 3151 1238 3235 Hungarie
1288 3151 1751 3234 requisiverint‚
1816 3151 1976 3233 quod
2039 3151 2326 3216 dominus
2374 3151 2556 3216 Canis
2603 3152 2678 3215 de
2720 3154 2784 3217 la
2831 3151 3013 3217 Scala
3056 3154 3153 3218 in-

433 3238 717 3303 cludatur
761 3240 825 3302 in
864 3258 1012 3322 pace
1061 3239 1244 3317 facta,
1296 3239 1730 3303 hostendentes
1778 3258 1962 3320 super
2007 3239 2123 3304 hoc
2172 3240 2474 3320 recepisse
2523 3241 2880 3304 mandatum
2906 3259 3154 3322 expres-

433 3343 571 3389 sum
617 3344 656 3389 a
701 3326 949 3391 domino
994 3345 1158 3409 rege,
1207 3328 1369 3408 quod
1413 3328 1772 3391 mandatum
1827 3326 1996 3391 venit
2054 3326 2215 3391 infra
2279 3328 2618 3392 terminum
2665 3326 2846 3391 XXII
2891 3328 3150 3406 dierum,

433 3411 597 3477 infra
644 3432 795 3496 quos
842 3414 1052 3495 exequi
1100 3414 1327 3479 debent
1370 3415 1673 3496 promissa
1737 3415 1799 3477 in
1862 3432 2045 3495 pace3
2117 3417 2181 3478 et
2241 3413 2368 3495 ipse
2430 3414 2722 3479 dominus
2774 3413 2959 3479 Canis
3000 3416 3155 3480 licet

432 3500 597 3564 dicat
642 3501 850 3583 aliqua
888 3502 1074 3565 verba
1120 3500 1195 3565 de
1242 3504 1449 3579 extra,
1516 3501 1757 3565 nollens
1820 3502 2027 3566 tamen
2088 3501 2505 3565 contradicere
2562 3501 2872 3567 voluntati
2921 3503 3153 3567 domini

429 3588 613 3670 regis,
663 3588 933 3652 finaliter
979 3589 1371 3652 contentatur
1418 3591 1483 3653 et
1527 3588 1703 3653 vellit
1747 3588 1978 3653 includi
2024 3588 2088 3651 in
2135 3588 2306 3653 dicta
2355 3607 2543 3671 pace:
2595 3589 2764 3653 vadit
2795 3608 2959 3671 para,
2992 3591 3152 3672 quod
3232 3648 3238 3655 .

429 3674 885 3758 complaceatur
929 3676 1314 3757 requisicioni
1363 3676 1665 3741 dictorum
1716 3676 2208 3753 ambaxatorum‚
2262 3676 2469 3740 silicet
2518 3677 2678 3757 quod
2712 3677 2912 3740 dictus
2950 3677 3150 3740 domi-

428 3780 541 3826 nus
591 3762 775 3828 Canis
823 3763 1170 3828 includatur
1218 3782 1340 3828 uua
1386 3783 1527 3829 cum
1589 3762 1732 3827 aliis
1778 3763 1843 3826 in
1892 3781 2055 3845 pace,
2116 3764 2280 3827 sicut
2325 3765 2567 3845 petunt.
2634 3764 2739 3843 54,
2790 3765 2863 3828 de
2909 3782 3029 3829 non
3085 3765 3148 3844 6,

429 3866 549 3913 non
595 3849 818 3914 sinceri
861 3850 923 3914 5.

516 3940 696 4000 Misti
745 3940 877 3999 XX
884 3941 1065 4001 V111.
1112 3942 1216 4011 33,
1262 3960 1305 4000 u
1343 3942 1559 4001 arkivu
1601 3941 1958 4001 mletadkom.

884 4129 1058 4209 DL.
1136 4128 1343 4211 God.
1397 4129 1623 4213 1358.
1678 4130 1775 4211 18
1831 4131 2171 4232 ozujkm
2224 4152 2283 4211 u
2338 4130 2696 4212 Pazinu.

427 4252 635 4314 Albert
680 4256 825 4314 knez
865 4255 1094 4330 yoricki
1138 4256 1162 4313 i
1208 4256 1440 4314 tirolski
1486 4257 1598 4314 kao
1645 4258 1792 4316 lmen
1837 4258 2118 4329 pazinski
2156 4257 2504 4330 potvrdjzcje
2548 4258 2663 4315 mir
2708 4257 2905 4331 medju
2949 4274 3146 4332 aym-.-

848 4344 1175 4402 hrvatskim
1209 4343 1460 4416 kraljem
1500 4344 1880 4414 Ljudevitom
1920 4346 1959 4402 1
2005 4346 2029 4403 i
2073 4345 2371 4404 Mleteam'
2415 4345 2730 4404 utanacen.

632 4460 1001 4543 Exemplum
1045 4461 1400 4526 litterarum
1449 4462 1780 4527 missarum
1829 4463 2077 4527 domino
2127 4463 2279 4527 duci
2321 4484 2428 4546 per
2473 4464 2763 4528 comitem
2797 4463 2993 4528 Pisini
3040 4484 3147 4547 pro

420 4547 816 4627 aprobatione
862 4549 1051 4629 pacis.
1100 4548 1380 4614 Glorioso
1429 4549 1694 4632 principi
1756 4550 2004 4615 domino
2069 4550 2299 4615 Joanni
2353 4551 2657 4633 Delphino
2725 4552 2962 4616 excelso
3006 4552 3146 4617 duci

419 4634 827 4700 Veneciarum
871 4634 1168 4700 Albertus
1235 4635 1474 4701 Goritie
1519 4639 1582 4700 et
1625 4636 1853 4701 Tirolis
1916 4656 2122 4701 comes
2184 4639 2455 4702 salutem
2502 4642 2563 4701 et
2609 4637 2689 4701 ad
2736 4640 2967 4719 quevis
3036 4639 3146 4703 be-

416 4722 727 4804 neplacita
773 4740 838 4786 se
879 4724 1182 4805 paratum.
1234 4723 1683 4789 Ambaxatores
1730 4724 1970 4789 domini
2015 4726 2213 4790 nostri
2253 4725 2419 4809 regis
2452 4724 2799 4808 Hungarie‚
2854 4725 3146 4792 videlicet
