3620 5282
453 363 579 430 122
644 357 648 361 ’

449 540 621 604 rialis
669 540 882 604 vicarii
926 540 1254 621 generalis,
1305 540 1416 604 filii
1466 541 1775 622 quondam
1826 541 2172 605 recollende
2227 541 2523 605 memorie
2586 543 2898 624 magnifici
2950 541 3182 606 domini

450 627 671 692 Jacobi
719 629 792 691 de
840 626 1142 703 Carraria,
1194 628 1342 690 olim
1390 628 1623 691 domini
1673 628 1900 700 Padue,
1951 633 2012 692 et
2062 629 2372 710 magnifici
2419 629 2647 693 domini
2714 631 3024 710 Francisci
3087 629 3182 693 iu-

449 717 656 791 nioriS,
707 716 833 779 nati
885 717 1078 796 ipsius
1124 716 1353 779 domini
1402 718 1708 779 Francisci
1758 716 1835 780 de
1877 717 2182 794 Carraria,
2238 718 2482 780 nomine
2530 721 2592 781 et
2641 717 2769 781 vice
2818 719 3084 799 ipsorum
3122 724 3187 779 et

449 803 782 867 cuiuslibet
827 806 1196 877 eorundem,
1246 807 1307 867 el
1354 806 1552 867 dictus
1600 804 1884 867 dominus
1932 804 2206 869 ‚Jacobus
2252 804 2598 869 Turchetus
2643 805 2935 882 sindicus,
3007 807 3183 869 actor

449 895 511 954 et
584 893 935 969 procurator
998 894 1342 955 communis
1414 896 1478 956 et
1539 892 1960 956 universitatis
2024 892 2187 956 dicte
2247 893 2523 956 civitatis
2572 893 2779 956 Padue
2828 892 3072 956 nomine
3119 895 3185 956 et

451 978 580 1042 vice
626 978 776 1042 dicti
823 980 1188 1054 communiS,
1236 980 1534 1044 habentes
1581 981 1658 1042 ad
1706 980 2104 1061 infrascripta
2152 980 2334 1062 plena
2368 985 2432 1044 et
2462 980 2836 1044 sufficientia
2867 982 3181 1056 mandata,

450 1070 634 1148 prout
679 1068 932 1149 apparet
977 1068 1184 1131 tenore
1233 1067 1490 1132 duorum
1568 1066 1954 1148 publicorum
2017 1069 2592 1142 instrumentorum,
2654 1069 2837 1132 unius
2895 1069 3185 1134 videlicet

449 1152 860 1235 prefactorum
909 1155 1292 1218 dominorum
1343 1155 1537 1236 patris
1579 1159 1641 1219 et
1713 1155 1847 1228 filii,
1920 1157 2153 1236 scriptu
2223 1175 2408 1220 manu
2461 1156 2723 1219 Bandini
2794 1156 2907 1220 filii
2957 1156 3183 1238 Angeli

451 1243 673 1306 notarii
738 1242 811 1304 de
857 1243 1137 1306 Bandino
1207 1243 1282 1306 de
1327 1244 1541 1306 Brazis
1605 1242 1759 1306 civis
1832 1243 2055 1320 Padue,
2129 1244 2433 1324 imperiali
2505 1245 2874 1308 auctoritate
2938 1245 3183 1319 notarii,

451 1329 645 1410 ipsius
693 1329 1004 1411 magnifici
1052 1331 1284 1395 domini
1336 1332 1542 1395 Padue
1590 1331 1788 1394 scribe
1837 1333 1952 1395 sub
2000 1349 2156 1395 anno
2208 1333 2552 1396 nativitatis
2586 1332 2815 1397 domini
2851 1332 3183 1396 millesimo

454 1419 884 1481 trecentesimo
930 1419 1351 1500 octuagesimo
1399 1418 1619 1501 prime,
1669 1419 2002 1482 indictione
2050 1422 2287 1500 quarta,
2337 1421 2436 1483 die
2486 1421 2636 1482 iovis
2683 1420 2921 1482 decima
2966 1422 3183 1483 octava

451 1505 682 1568 mensis
729 1505 965 1587 apriliS,
1015 1507 1078 1569 et
1122 1506 1398 1582 alteriuS,
1447 1507 1686 1570 scilicet
1732 1506 2081 1570 communis
2136 1509 2340 1571 Padue
2383 1508 2595 1588 scripti
2640 1526 2826 1571 manu
2881 1507 3181 1572 Johannis

450 1594 524 1656 de
573 1593 932 1657 Bassanello
992 1594 1104 1657 filii
1154 1614 1251 1658 ser
1318 1594 1573 1658 Rolandi
1635 1596 1787 1657 civis
1851 1595 2077 1670 Padue,
2145 1595 2450 1675 imperiali
2497 1595 2867 1659 auctoritate
2934 1595 3179 1670 notarii,

448 1681 561 1744 sub
609 1699 766 1744 anno
814 1681 1161 1746 nativitatis
1210 1681 1441 1745 domini
1494 1682 1828 1746 millesimo
1876 1684 2310 1746 trecentesimo
2357 1685 2776 1764 octuagesimo
2826 1682 3041 1764 primo,
3093 1683 3184 1746 in-

448 1769 713 1833 dictione
761 1772 998 1850 quarta,
1052 1770 1146 1832 die
1194 1770 1396 1832 sabati
1447 1771 1739 1833 vicesimo
1799 1770 2028 1833 mensis
2094 1771 2330 1852 aprilis,
2396 1789 2654 1852 quorum
2722 1776 2961 1834 tenores
3030 1769 3184 1834 infe-

450 1858 578 1919 rius
626 1862 770 1920 sunt
815 1857 1108 1940 descripti
1157 1857 1341 1921 dictis
1391 1859 1745 1921 nominibus
1792 1878 1862 1920 ex
1913 1878 2030 1922 una
2098 1859 2221 1921 alia
2268 1862 2477 1939 parte3
2551 1861 2616 1921 et
2684 1858 3054 1922 venerabilis
3120 1861 3185 1920 et

450 1945 741 2026 egregius
790 1949 854 2008 et
893 1946 1377 2025 circumspectus
1428 1945 1537 2009 viri
1594 1946 1845 2015 domini,
1896 1945 2202 2027 Georgius
2267 1949 2338 2009 de
2385 1946 2591 2010 Tortis
2654 1946 2729 2009 de
2778 1946 2972 2027 Papia
3035 1947 3184 2008 iuris

454 2033 772 2113 utriusque
818 2033 1074 2114 perituS,
1125 2031 1393 2097 decanus
1444 2033 1696 2097 ecclesie
1746 2034 2228 2117 AquilegiensiS,
2278 2033 2639 2097 Fredericus
2687 2035 2759 2097 de
2794 2034 3186 2115 Savorgnano

451 2121 632 2184 miles
681 2123 745 2183 et
793 2120 1083 2184 Nicolaus
1124 2121 1368 2184 Zerbini
1417 2123 1492 2185 de
1543 2122 1749 2195 Utin0,
1793 2122 2010 2204 judici,
2062 2127 2324 2195 actoreS,
2383 2125 2827 2201 procuratores,
2894 2123 3188 2185 ambaxa-

448 2209 614 2271 tores
662 2214 724 2271 et
773 2208 976 2272 nuncii
1025 2208 1321 2289 speciales
1388 2210 1619 2291 egregii
1686 2212 1748 2272 et
1810 2210 2177 2273 venerabilis
2241 2208 2355 2273 viri
2424 2210 2655 2273 domini
2705 2209 3017 2272 Frederici
3086 2228 3187 2274 co-

448 2296 621 2358 mitis
669 2295 745 2359 de
795 2296 1096 2373 PorciliiS,
1149 2296 1576 2378 Aquilegiensi
1634 2298 1776 2361 sede
1843 2300 2117 2372 vacante,
2191 2297 2555 2361 vicedomini
2622 2297 2927 2378 generalis
2990 2297 3187 2379 patrie

449 2384 590 2447 Fori
638 2384 768 2447 iulii
820 2401 890 2447 ac
937 2384 1322 2448 dominorum
1374 2432 1597 2448 .....
1649 2385 1912 2461 consilii,
1965 2386 2358 2466 parlamenti,
2413 2386 2811 2466 prelatorum,
2867 2385 3186 2461 nobilium,

447 2471 972 2535 communitatum
1020 2475 1084 2535 et
1130 2473 1383 2552 capituli
1436 2473 1625 2554 ipsius
1658 2473 1870 2552 patrie,
1906 2474 2153 2536 nomine
2187 2475 2250 2536 et
2285 2475 2413 2536 vice
2447 2474 2857 2553 predictorum
2891 2474 3187 2536 babentes

452 2558 529 2622 ad
578 2558 975 2640 infrascripta
1021 2558 1204 2641 plena
1252 2565 1314 2622 et
1361 2559 1730 2624 sufficientia
1784 2559 2096 2637 mandata,
2150 2565 2216 2624 ut
2265 2565 2523 2643 apparet
2566 2580 2635 2624 ex
2686 2561 2882 2624 forma
2929 2561 3185 2624 duorum

452 2647 838 2729 publicorum
871 2647 1426 2711 instrumentorum
1457 2650 1853 2731 scriptorum,
1902 2649 2084 2713 unius
2119 2649 2410 2712 videlicet
2442 2667 2627 2712 manu
2663 2649 2961 2713 Anthonii
2996 2668 3187 2730 quon-

449 2735 579 2799 dam
631 2734 876 2799 Nicolai
921 2734 1069 2800 olim
1118 2755 1217 2798 ser
1262 2736 1630 2802 Guarnerini
1679 2739 1753 2801 de
1798 2737 2219 2819 Sonunbergo,
2270 2738 2498 2819 publici
2551 2737 2860 2819 imperiali
2921 2737 3186 2800 auctori-

449 2824 576 2887 tate
624 2824 846 2886 notarii
894 2826 957 2886 et
998 2822 1222 2887 iudicis
1270 2824 1583 2900 ordinarii,
1632 2840 1745 2888 nec
1803 2844 1922 2888 non
1987 2828 2050 2888 et
2112 2825 2549 2907 patriarchalis
2612 2826 2780 2907 curie
2842 2824 3188 2906 spiritualis

448 2911 923 2993 acquilegiensis
972 2910 1253 2975 officialis
1311 2914 1374 2975 et
1418 2912 1633 2990 scribe,
1682 2913 1799 2976 sub
1863 2931 2021 2976 anno
2067 2912 2369 2975 dominice
2441 2912 2790 2975 nativitatis
2857 2911 3190 2975 millesimo

448 2999 882 3063 trecentesimo
929 2999 1351 3082 octuagesimo
1401 3000 1616 3081 primo,
1662 3001 1997 3064 indictione
2041 3003 2281 3082 quarta,
2332 3001 2430 3064 die
2476 3019 2634 3064 nona
2677 3000 2907 3063 mensis
2950 3000 3187 3079 apriliS,

449 3089 507 3149 et
582 3086 840 3150 alterius
891 3106 1074 3149 mann
1138 3087 1438 3150 ,Iohannis
1501 3089 1805 3167 quondam
1854 3088 2199 3155 Lancelloti
2260 3087 2333 3151 de
2383 3087 2675 3163 Cacanea,
2747 3088 3185 3169 aquilegiensis

452 3173 711 3251 diocesis
757 3173 986 3251 clerici,
1037 3174 1343 3256 imperiali
1376 3177 1744 3239 auctoritate
1781 3175 1999 3239 notarii
2029 3178 2091 3239 et
2140 3175 2358 3238 notarii
2395 3175 2649 3256 capituli
2688 3174 3187 3257 Acquilegiensis

448 3262 561 3324 sub
628 3279 785 3324 anno
849 3261 1200 3326 nativitatis
1257 3263 1488 3326 domini
1560 3264 1893 3327 millesimo
1965 3263 2398 3326 trecentesimo
2468 3263 2890 3345 octuagesimo
2961 3262 3186 3343 prime,

450 3347 783 3412 indictione
831 3353 1068 3429 quarta,
1117 3350 1216 3412 die
1264 3350 1583 3413 undecimo
1635 3351 1861 3414 mensis
1910 3351 2201 3425 ianuarii,
2251 3351 2458 3428 sigillo
2503 3351 2650 3414 dicti
2708 3350 3182 3432 acquilegiensis

456 3432 707 3516 capituli
757 3436 1015 3518 sigillati
1065 3438 1122 3498 in
1173 3439 1436 3518 pedenti,
1487 3457 1744 3519 quorum
1798 3441 2039 3501 tenores
2104 3439 2358 3502 inferius
2418 3440 2564 3501 sunt
2633 3437 2869 3514 inserti,
2931 3457 2998 3501 ex
3065 3456 3183 3502 una

451 3523 576 3586 alia
619 3526 810 3603 parte.
866 3525 945 3586 Et
989 3524 1377 3588 honorabiles
1422 3530 1482 3587 et
1532 3527 1764 3607 egregii
1817 3526 1927 3590 viri
1982 3526 2211 3589 domini
2262 3525 2587 3590 Zacharias
2648 3524 3012 3597 Centareno,
3074 3525 3186 3589 Jo-

451 3610 686 3673 hannes
735 3610 1083 3675 Gradenico
1132 3615 1195 3676 et
1241 3613 1509 3676 Michael
1557 3615 1924 3677 Mauroceno
1971 3618 2333 3695 procurator
2380 3613 2635 3677 ecclesie
2700 3616 2901 3677 sancti
2968 3614 3184 3690 Marci,

452 3699 616 3761 cives
659 3699 1062 3776 venetiarum,
1104 3701 1342 3772 sindici,
1393 3704 1837 3783 procuratores,
1888 3706 2149 3776 act-eree,
2198 3702 2647 3765 ambaxiatores
2697 3703 2761 3765 et
2802 3701 3006 3765 nuncii
3051 3721 3188 3781 spe-

453 3787 642 3849 ciales
693 3786 957 3850 illustris
1017 3790 1082 3850 et
1141 3788 1455 3870 magnifici
1519 3790 1750 3853 domini
1816 3789 2048 3852 domini
2114 3789 2360 3852 Andre-e
2420 3789 2765 3852 Contereno
2829 3788 2926 3851 dei
2989 3789 3189 3869 gratia

448 3875 617 3938 ducis
661 3874 1059 3938 Venetiarum
1110 3878 1225 3939 etc.
1275 3880 1485 3939 etc...
1526 3925 1538 3939 .
1586 3878 1980 3940 consiliorum
2055 3878 2187 3940 eius
2252 3879 2315 3939 et
2382 3876 2727 3940 communis
2788 3876 3183 3942 venetiarum

447 3962 694 4026 nomine
749 3966 813 4026 et
860 3962 988 4026 vice
1034 3964 1435 4044 prefatorum,
1491 3963 1754 4027 illustris
1804 3968 1869 4027 et
1915 3965 2227 4047 magnifici
2263 3964 2498 4028 domini
2545 3963 2738 4042 ducis,
2787 3964 3183 4027 consiliorum

448 4052 512 4112 et
547 4051 890 4114 communis
920 4051 1339 4129 Venetiarum,
1391 4052 1688 4114 habentes
1722 4053 1796 4114 ad
1836 4051 2229 4134 infrascripta
2263 4052 2511 4133 plenum
2560 4053 2623 4115 et
2668 4052 2984 4116 sufficiens
3017 4070 3188 4112 man-

448 4139 680 4208 datum,
731 4143 799 4199 ut
840 4140 1017 4220 patet
1063 4139 1310 4220 publico
1356 4139 1771 4202 instrumento
1820 4142 2047 4220 scripto
2096 4159 2280 4203 manu
2342 4140 2639 4203 Leonardi
2702 4140 2775 4202 de
2824 4137 3187 4202 Anzollellis

448 4225 523 4286 de
571 4225 848 4289 Venetiis
911 4227 1155 4303 notarii,
1206 4227 1318 4289 sub
1368 4246 1523 4291 anno
1587 4227 1819 4290 domini
1869 4227 2200 4290 millesimo
2270 4227 2706 4291 trecentesimo
2770 4226 3186 4308 octuagesimo

451 4311 668 4388 primo,
716 4312 1049 4379 indictione
1097 4315 1332 4395 quarta,
1384 4314 1481 4377 die
1528 4315 1740 4396 quinto
1775 4315 2006 4377 mensis
2055 4315 2289 4396 aprilis„
2339 4316 2513 4378 cuins
2572 4317 2748 4377 tenor
2790 4313 3049 4377 inferius
3094 4316 3189 4376 est

449 4397 718 4460 insertus
786 4400 970 4465 dictis
1041 4402 1395 4465 nominibus
1457 4421 1526 4465 ex
1595 4422 1715 4464 una
1777 4402 1974 4466 altera
2036 4405 2228 4482 parte.
2289 4402 2385 4466 Ad
2444 4401 2901 4484 infrascriptam
2947 4419 3183 4482 pacem,

449 4484 950 4565 transactionem,
1001 4490 1528 4571 compositionem,
1579 4490 2032 4563 conventioneS,
2081 4491 2143 4552 et
2186 4493 2368 4572 pacta
2425 4491 2800 4554 solemnibus
2834 4489 3185 4569 stipulatio·

452 4569 629 4632 nibus
676 4571 818 4636 hinc
868 4577 1004 4639 inde
1053 4579 1267 4641 mutuo
1309 4583 1371 4639 et
1420 4576 1694 4640 vicissim
1742 4577 2145 4658 interpositis,
2194 4578 2566 4641 concedente
2613 4577 2857 4639 domino
2894 4577 3183 4655 perpetuo

450 4657 798 4737 duraturae,
858 4667 1264 4742 pervenerunt
1311 4667 1375 4728 et
1421 4666 1769 4745 pervenisse
1819 4666 2003 4728 dictis
2049 4666 2402 4728 nominibus
2450 4667 2512 4727 et
2558 4664 2835 4746 quolibet
2879 4662 3182 4725 dictorum

452 4743 764 4808 nominum
813 4749 1058 4830 singula
1102 4750 1362 4832 singulis
1409 4752 1743 4816 reffereudo
1789 4752 2163 4816 confitentur
2209 4752 2273 4816 in
2320 4752 2518 4817 forma
2566 4749 2990 4832 infrascripta:
