3620 5282
2916 352 3065 417 ·161

365 529 509 594 liter
553 528 921 602 immiscere,
967 529 1404 595 deliberatione
1447 529 1769 612 prehabita
1813 529 2306 594 deliberaverunt
2350 529 2413 593 et
2458 529 2852 594 decreverunt
2883 547 3074 594 unum

369 617 673 682 dictorum
719 618 972 683 ecclesie
1019 622 1082 683 et
1125 617 1321 700 patrie
1369 618 1529 683 inter
1571 618 1724 681 alios
1772 617 2067 682 officiales
2116 616 2478 681 ordinandos
2528 615 2774 699 eligere,
2847 618 3073 682 consti-

371 707 541 771 tuere
610 708 675 770 et
733 706 933 771 facere
1003 706 1448 770 vicedominum
1518 707 1886 789 generalem.
1955 706 2035 769 Et
2095 705 2412 770 attendens
2485 704 2685 786 ipsum
2732 705 3076 787 capitulum

371 794 825 871 strenuitatem,
894 795 1261 860 industriam
1324 797 1386 860 et
1444 795 1816 876 probitatem
1879 793 2189 876 magnifici
2252 797 2315 858 et
2374 795 2606 877 egregii
2677 793 2791 858 viri
2836 792 3071 859 domini

374 882 644 946 Federici
689 881 934 947 comitis
978 882 1054 946 de
1100 882 1413 961 Porcileis,
1458 902 1564 965 per
1602 884 1773 947 cuius
1821 882 2110 947 virtutem
2173 883 2236 946 et
2299 881 2807 965 circumspectam
2873 879 3079 965 provi-

372 969 642 1034 dentiam
711 990 781 1035 ac
851 970 1215 1035 industriam
1287 973 1350 1036 et
1409 971 1744 1053 potentiam
1817 972 2014 1051 ipsum
2082 971 2421 1053 capitulum
2470 972 2680 1053 sperat
2726 970 2973 1034 indubie
3021 971 3083 1033 et

374 1062 580 1140 sperat
625 1077 697 1122 ex
742 1060 927 1129 certo,
972 1058 1308 1141 predictam
1354 1059 1676 1124 ecclesiam
1721 1058 2226 1142 Aquilegiensem
2284 1061 2348 1122 et
2398 1059 2752 1123 iamdictam
2816 1059 3084 1141 patriam

378 1147 659 1211 Foriiulii
707 1146 1116 1223 laudabiliter,
1168 1147 1422 1223 utiliter,
1472 1147 1736 1212 feliciter
1781 1152 1846 1212 et
1890 1166 2029 1212 cum
2081 1147 2346 1228 profesto
2387 1148 2450 1212 et
2483 1146 2781 1211 felicitate
2821 1150 2882 1211 et
2913 1146 3086 1230 pacis

375 1234 752 1300 incremento
818 1237 882 1299 in
943 1236 1380 1317 temporalibus
1441 1254 1616 1319 posse
1663 1238 1724 1300 et
1764 1236 1984 1300 debere
2029 1235 2376 1318 gubernari,
2443 1236 2576 1317 regi
2642 1236 2706 1299 et
2760 1232 3082 1313 defensari,

375 1320 578 1405 ipsum
626 1323 982 1388 iamdictum
1030 1325 1366 1406 capitulum
1414 1324 1694 1389 eumdem
1741 1323 2055 1388 dominum
2102 1324 2486 1387 Fredericum
2517 1341 2695 1387 suum
2728 1325 2792 1387 et
2827 1322 3084 1387 ecclesie
3144 1358 3151 1364 -

377 1410 837 1494 Aquilegiensis
883 1415 946 1476 et
983 1413 1172 1476 totius
1217 1414 1411 1494 patrie
1458 1412 1736 1477 Foriiulii
1779 1412 1945 1489 fecit,
1992 1412 2311 1489 ordinavit,
2382 1412 2702 1476 constituit
2746 1413 2808 1475 et
2854 1411 3086 1477 creavit

379 1515 453 1563 ac
497 1518 604 1581 per
649 1501 868 1564 seriem
915 1501 1217 1582 presentis
1263 1500 1492 1582 publici
1545 1500 1941 1564 instrumenti
2000 1499 2170 1576 facit,
2232 1500 2552 1564 constituit
2615 1502 2677 1563 et
2736 1498 2980 1564 ordinat
3024 1501 3089 1564 et

381 1590 552 1651 creat
597 1587 1043 1653 vicedominum
1091 1587 1440 1672 generalem
1484 1607 1623 1653 cuin
1672 1589 1851 1669 plena
1898 1593 1961 1652 et
2004 1588 2199 1653 libera
2260 1590 2323 1653 et
2383 1587 2655 1671 generali
2722 1587 3088 1652 auctoritate

381 1676 445 1740 et
490 1677 791 1757 potestate
838 1677 1035 1741 dictas
1082 1677 1402 1741 ecclesiam
1450 1675 1947 1759 Aquilegiensem
1994 1678 2059 1739 et
2104 1677 2361 1757 patriam
2411 1675 2689 1740 Foriiulii
2736 1678 2801 1740 et
2860 1695 3092 1759 queque

381 1763 516 1828 loca
559 1763 722 1829 dicte
761 1765 1014 1830 ecclesie
1060 1763 1336 1830 subiecta
1381 1769 1443 1829 et
1489 1766 1564 1829 ad
1606 1766 1883 1829 eamdem
1934 1764 2274 1847 spectantia
2317 1764 2713 1846 quovismodo
2751 1764 2814 1827 in
2856 1766 3092 1846 tempo-

383 1851 619 1917 ralibus
682 1854 1051 1935 generaliter
1113 1854 1378 1936 regendi,
1442 1853 1819 1936 gubernandi
1888 1856 1951 1916 et
2015 1852 2367 1917 defendendi
2437 1850 2975 1934 preordinandique
3029 1853 3093 1916 et

382 1940 739 2022 disponendi
786 1942 849 2005 in
895 1941 1338 2023 temporalibus
1378 1942 1439 2005 in
1483 1942 1616 2023 ipsa
1643 1942 1848 2024 patria
1891 1942 1956 2004 et
1999 1942 2186 2019 extra,
2238 1944 2418 2023 prout
2469 1943 2533 2005 et
2577 1941 3091 2023 quemadmodum

380 2027 500 2110 ipsi
571 2028 806 2093 domini
865 2030 1144 2108 decanuS,
1215 2029 1489 2094 canonici
1536 2031 1601 2094 et
1643 2029 1982 2110 capitulum
2029 2048 2138 2111 per
2197 2048 2260 2093 se
2328 2028 2492 2110 ipsos
2554 2034 2616 2093 et
2676 2046 3090 2111 quoscumque

384 2117 537 2182 alios
602 2136 809 2182 eorum
873 2116 1165 2183 officiales
1225 2117 1303 2182 ad
1369 2117 1669 2201 premissa
1730 2120 1794 2181 et
1857 2117 2293 2200 premissarum
2341 2116 2655 2200 quodlibet
2708 2116 2985 2181 facienda
3031 2116 3095 2180 et

384 2206 719 2271 exercenda
765 2223 872 2270 seu
917 2205 1258 2271 faciendum
1307 2207 1371 2271 et
1414 2207 1814 2271 exercendum
1860 2204 2233 2269 sufficienter
2278 2207 2342 2269 et
2385 2205 2667 2289 legitime
2727 2223 2865 2268 cum
2925 2202 3095 2268 omni

384 2293 536 2372 iure,
603 2294 1041 2373 observatione,
1115 2295 1481 2359 constitutos
1526 2298 1589 2358 et
1649 2294 1960 2358 ordinatos
2013 2292 2211 2357 facere
2264 2296 2326 2356 et
2386 2311 2663 2357 exercere
2724 2295 2973 2376 possent
3030 2291 3095 2356 in

383 2382 701 2464 premissis
732 2382 1014 2447 omnibus
1057 2383 1121 2447 et
1166 2383 1429 2466 singulis
1475 2384 1539 2448 et
1582 2382 1743 2448 circa
1788 2382 2087 2464 premissa
2131 2381 2336 2447 omnia
2380 2389 2442 2445 et
2486 2381 2749 2463 singula,
2812 2380 3100 2445 commit-

384 2473 523 2535 tens
591 2471 797 2553 ipsum
864 2470 1205 2553 capitulum
1272 2471 1438 2535 dicto
1507 2472 1755 2536 domino
1802 2469 2089 2534 Federico
2150 2487 2360 2534 eorum
2421 2464 2796 2534 iioedomino
2860 2471 3096 2551 sponte,

386 2558 578 2624 libere
625 2559 690 2623 et
733 2578 803 2622 ex
852 2562 1020 2624 certa
1064 2559 1337 2638 scientia,
1376 2558 1546 2623 dicta
1607 2557 2003 2641 patriarchali
2063 2559 2204 2623 sede
2263 2561 2540 2635 vacante,
2602 2557 2875 2640 plenarie
2934 2557 3097 2622 vices

387 2665 548 2724 suas,
618 2649 810 2713 donec
876 2665 977 2712 eas
1022 2649 1254 2712 dictum
1315 2647 1656 2730 capitulum
1720 2649 1792 2713 ad
1856 2666 1919 2712 se
1980 2647 2217 2713 duxerit
2283 2646 2669 2712 revocandas,
2733 2648 2826 2712 De
2875 2646 3098 2731 quibus

388 2736 671 2801 omnibus
717 2737 781 2800 et
826 2734 1087 2818 singulis
1133 2737 1566 2818 suprascriptis
1605 2737 1841 2802 dictum
1889 2735 2226 2819 capitulum
2290 2733 2607 2801 mandavit
2669 2753 2774 2816 per
2834 2753 2932 2799 me
2991 2734 3100 2799 Jo-

386 2824 652 2890 hannem
704 2824 1008 2890 notarium
1056 2822 1518 2907 infrascriptum
1585 2844 1773 2890 unum
1842 2827 1905 2890 et
1962 2824 2138 2907 plura
2196 2825 2259 2888 in
2317 2823 2755 2907 premissorum
2821 2823 3101 2888 testimo-

388 2912 559 2977 nium
607 2911 830 2976 debere
874 2911 1090 2978 confici
1137 2912 1385 2994 publica
1432 2911 1863 2990 instrumenta,
1913 2919 1976 2977 et
2021 2913 2097 2976 ad
2143 2911 2393 2977 maioris
2439 2910 2673 2976 roboris
2735 2910 3100 2976 firmitatem

391 3000 599 3083 ipsum
642 3001 982 3082 capitulum
1035 2999 1346 3065 mandavit
1392 3006 1454 3065 et
1497 2998 1643 3065 fecit
1688 3019 1934 3082 presens
1999 2999 2316 3083 publicum
2370 2999 2840 3064 instrumentum
2903 2997 3099 3082 sigilli

393 3087 735 3154 munimine
797 3089 1090 3154 roborari.
1155 3087 1237 3152 Et
1296 3107 1407 3173 ego
1480 3086 1792 3154 Johannes
1853 3090 2159 3172 quondam
2217 3087 2556 3153 Lancelloti
2619 3087 2694 3152 de
2763 3085 3099 3167 Ouccanea,

382 3175 853 3260 ‘Aquilegiensis
922 3176 1182 3242 diocesis
1244 3176 1524 3254 clericus,
1586 3177 1890 3259 imperiali
1953 3175 2321 3242 auctoritate
2382 3176 2655 3241 notarius
2715 3179 2778 3239 et
2823 3176 3101 3241 notarius

392 3264 649 3347 capituli
693 3264 1170 3350 Aquilegiensis,
1220 3265 1509 3347 predictis
1556 3265 1839 3330 omnibus
1868 3264 2139 3344 interfui,
2187 3266 2251 3330 et
2279 3265 2531 3348 rogatus
2562 3262 2829 3329 scribere
2860 3262 3100 3347 scripsi,

393 3371 720 3435 meumque
765 3354 1127 3438 consignum
1173 3356 1533 3420 consuetum
1579 3354 1831 3436 apposui
1878 3355 1941 3418 in
1998 3353 2181 3419 fidem
2228 3354 2291 3418 et
2352 3350 2780 3419 testimonium
2824 3353 3103 3418 omnium

393 3444 855 3524 premissorum.

604 3530 689 3595 Et
733 3532 806 3595 de
850 3529 1142 3612 predictis
1188 3530 1470 3595 omnibus
1514 3531 1720 3613 partes
1764 3546 1976 3594 omnes
2038 3528 2314 3611 superius
2374 3529 2684 3595 nominate
2741 3533 3108 3614 rogaverunt

396 3636 504 3701 per
548 3636 661 3683 nos
689 3619 975 3683 notarios
1019 3618 1440 3700 infrascriptos
1487 3627 1551 3683 et
1585 3617 1924 3701 quemlibet
1967 3618 2245 3683 nostrum
2292 3617 2426 3683 fieri
2474 3619 2537 3683 et
2604 3616 2818 3683 confici
2886 3619 3105 3684 debere

395 3705 573 3789 plura
619 3706 864 3789 publica
909 3706 1315 3771 instrumenta
1360 3708 1539 3772 unius
1584 3709 1649 3771 et
1691 3705 1965 3770 eiusdem
1999 3705 2374 3771 continentie
2419 3706 2484 3770 et
2521 3706 2750 3771 tenoris
2780 3707 2846 3776 et
2875 3707 3107 3791 absque

398 3794 528 3858 ulla
572 3793 910 3860 variatione
957 3793 1301 3859 substantie
1346 3794 1636 3859 videlicet
1680 3813 1789 3877 per
1833 3794 2167 3859 discretum
2204 3794 2405 3859 virum
2447 3792 2792 3860 Jobannem
2830 3793 3109 3858 Ravaisii

395 3883 707 3949 notarium
753 3884 818 3948 et
861 3880 1084 3965 prefati
1131 3882 1393 3947 illustris
1438 3883 1750 3966 magnifici
1796 3883 2028 3948 domini
2059 3881 2303 3947 comitis
2335 3882 2754 3961 secretarium,
2802 3901 2907 3964 per
2946 3883 3108 3947 Bon·

395 3972 717 4037 iohannem
767 3972 839 4036 de
887 3970 1222 4036 Bressariis
1269 3973 1572 4036 notarium
1619 3989 1854 4037 camere
1888 3971 2273 4035 dominorum
2305 3971 2734 4035 advocatorum
2766 3971 3107 4035 communis

396 4059 800 4126 Veneciarum
847 4062 911 4124 et
953 4059 1388 4124 cancellarium
1413 4060 1715 4124 dictorum
1750 4060 2135 4124 dominorum
2169 4060 2659 4124 ambariatorum
2682 4057 3106 4140 Veneciarum,

396 4167 505 4231 per
548 4146 935 4213 Anthonium
984 4149 1057 4213 de
1090 4145 1416 4213 Credentia
1462 4149 1762 4212 notarium
1812 4151 1875 4212 et
1919 4146 2150 4212 domini
2192 4146 2387 4223 duciS,
2434 4145 2675 4212 consilii
2720 4149 2784 4211 et
2834 4164 3109 4213 commu-

397 4237 494 4302 nis
538 4237 736 4302 Janue
784 4237 1234 4308 cancellarium.
1279 4255 1387 4319 per
1431 4232 1775 4301 Bandinum
1823 4238 2021 4302 filium
2064 4235 2287 4320 Angeli
2334 4235 2410 4300 de
2456 4235 2732 4300 Baudino
2775 4235 2847 4299 de
2893 4235 3108 4302 Brazis

398 4327 708 4390 notarium
755 4328 817 4388 et
863 4325 1095 4390 domini
1141 4325 1347 4390 Padue
1395 4325 1683 4404 scribam,
1727 4344 1838 4407 per
1885 4322 2222 4388 Antonium
2292 4325 2596 4407 quondam
2660 4322 2901 4389 Nicolai
2960 4324 3108 4391 olim

396 4432 499 4479 ser
569 4413 935 4480 Guarnerini
1007 4415 1082 4478 de
1151 4414 1568 4498 Sonumbergo
1639 4413 1965 4491 notarium,
2028 4413 2456 4495 patriarchalis
2525 4413 2691 4477 curie
2768 4412 3109 4495 spiritualis

395 4501 854 4586 Aquilegiensis
899 4502 1166 4567 scribam
1213 4504 1274 4567 et
1318 4501 1622 4566 dictorum
1671 4501 2057 4567 dominorum
2117 4501 2607 4566 ambaxiatorum
2652 4501 3111 4586 aquilegiensis

397 4593 707 4693 notarium
753 4592 817 4655 et
863 4610 961 4692 me
1008 4590 1351 4656 Galvanum
1398 4591 1702 4656 notarium
1737 4589 2190 4671 infrascriptum
2238 4590 2303 4653 in
2347 4589 2531 4656 fidem
2571 4591 2635 4654 et
2680 4590 3109 4658 testimonium

399 4697 672 4745 omnium
718 4696 1176 4761 premissorum.

485 4800 665 4850 srou.
711 4799 796 4849 IV.
2615 4786 2688 4849 11
