3620 5282
459 344 548 410 30

458 520 828 603 apostolicas
872 519 1117 583 litteras
1164 518 1543 583 confirmare.
1610 517 1904 584 Ceterum
1971 519 2150 583 illam
2214 517 2593 584 clausulam:
2641 521 2703 584 et
2749 537 2781 583 e
2829 519 3045 585 contra
3094 537 3207 584 nos

457 608 599 685 dux,
645 614 710 671 et
774 625 1100 671 commune
1146 609 1285 683 etc.,
1335 627 1452 690 que
1498 606 1849 671 continetur
1893 607 1957 670 in
1998 626 2150 690 pace
2199 611 2263 671 et
2309 608 2586 690 loquitur
2630 608 2703 671 de
2762 607 2925 671 facto
2984 607 3197 671 subdi-

461 698 664 760 torum
713 699 1058 758 nostrorum
1105 696 1482 757 venientium
1528 695 1604 758 ad
1646 698 1844 758 terras
1893 696 1957 758 et
2002 695 2135 759 loca
2179 700 2402 771 vestra,
2453 694 2683 758 vellitis
2725 695 2817 757 ita
2880 694 3196 759 sufficien-

459 785 554 846 ter
600 782 958 863 exprimere,
1015 781 1179 845 sicut
1245 782 1604 863 exprimitur
1662 784 1783 845 ista
1847 782 2154 847 clausula:
2220 792 2497 863 preterea
2560 781 2845 862 promisit
2909 782 3195 846 dominus

460 889 564 934 rex
612 868 885 951 prefatus
933 870 1071 944 etc.,
1133 888 1249 951 que
1314 868 1604 932 similiter
1664 870 2016 934 continetur
2075 872 2138 933 in
2199 889 2363 949 pace,
2430 873 2492 933 et
2562 869 2832 952 loquitur
2889 870 2964 932 de
3029 868 3194 933 facto

458 958 848 1021 subditorum
895 959 1240 1020 nostrorum
1284 958 1664 1021 venientium
1711 961 1786 1021 ad
1830 968 2024 1023 terras
2073 967 2135 1022 et
2176 958 2310 1022 loca
2356 963 2582 1031 vestra,
2641 959 2704 1021 et
2764 959 2919 1022 hanc
2967 958 3194 1021 dictio-

459 1065 599 1109 nem
662 1065 695 1108 e
755 1045 969 1108 contra
1026 1043 1257 1108 vellitis
1324 1047 1563 1109 mutare
1610 1045 1670 1109 in
1724 1065 1755 1110 e
1802 1064 2091 1110 converso
2142 1046 2236 1109 vel
2288 1047 2415 1108 vice
2465 1063 2658 1122 versa,
2730 1050 2839 1109 aut
2887 1046 2948 1108 in
2999 1045 3191 1109 aliam

459 1132 581 1196 hiis
629 1131 1016 1196 consimilem
1064 1132 1497 1210 addictionem,
1548 1136 1726 1214 prout
1772 1134 2017 1197 refferet
2065 1134 2406 1197 Damianus
2453 1132 2698 1197 Andree
2765 1134 3056 1209 notarius,
3121 1138 3194 1196 ut

461 1238 668 1301 supra,
707 1220 813 1302 qui
857 1218 932 1282 de
974 1218 1096 1283 hiis
1157 1222 1221 1284 et
1264 1218 1403 1284 aliis
1453 1220 1682 1284 nostris
1747 1220 2194 1285 intentionibus
2241 1220 2412 1286 vobis
2470 1219 2847 1303 explicandis
2909 1222 3194 1283 teneatur

460 1307 705 1390 plenius
762 1305 1115 1370 informare.
1182 1310 1343 1372 Data
1390 1308 1743 1390 Vissegradi
1808 1308 2029 1372 ultimo
2096 1307 2195 1372 die
2257 1310 2486 1373 mensis
2549 1309 2722 1371 iunii.
2788 1308 2870 1371 Et
2928 1307 3196 1372 iuferius

464 1394 726 1477 legitur:
777 1393 1115 1483 Lodovicus
1162 1394 1258 1459 dei
1306 1396 1512 1478 gratia
1561 1415 1666 1459 rex
1711 1396 2051 1478 Hungarie.

554 1480 1123 1546 Commemorialium
1180 1486 1284 1546 VI.
1336 1489 1437 1556 91,
1479 1504 1520 1544 u
1565 1487 1719 1547 mlet.
1769 1488 2002 1546 arkivu.

923 1673 1095 1754 ΙΝ.
1149 1652 1366 1756 flod-⁸
1411 1673 1642 1757 1360.
1700 1674 1793 1756 21
1848 1676 2174 1777 srpnja‚
2228 1696 2289 1756 u
2341 1674 2732 1756 Mletcih.

460 1797 724 1861 Izabran
771 1800 950 1860 odbor
995 1800 1071 1859 od
1109 1804 1224 1872 pet,
1287 1800 1367 1859 da
1423 1801 1605 1860 izvidi
1649 1803 1672 1859 i
1707 1802 1957 1876 predloy
2001 1803 2244 1875 postam·
2290 1821 2331 1861 u
2376 1803 2465 1861 §to
2509 1818 2570 1861 se
2628 1803 2737 1861 tic‘e
2804 1799 3197 1880 zasuinjenih

733 1888 1053 1961 poslanika
1098 1889 1122 1945 i
1155 1888 1477 1961 poslam'ca
1522 1890 1724 1962 kralja
1770 1891 2105 1966 vyarskoya
2150 1892 2174 1949 i
2219 1890 2537 1963 bibeinika
2584 1890 2911 1950 Damiana.

678 2008 863 2073 1360.
915 2009 1014 2073 die
1062 2008 1136 2071 21
1187 2008 1351 2091 julii.
1401 2008 1727 2086 Dominus,
1775 2010 2113 2074 consiliarii
2161 2010 2226 2073 et
2256 2011 2481 2092 capita.
2527 2008 2762 2090 Capta:
2810 2009 2967 2093 quod
3005 2028 3188 2090 super

457 2097 707 2175 litteris,
756 2115 870 2179 que
920 2098 1217 2160 venerunt
1263 2096 1340 2159 ab
1390 2097 1894 2161 ambaxatoribus
1937 2099 2164 2162 nostris
2211 2098 2538 2162 carceratis
2588 2116 2695 2179 per
2730 2095 3059 2161 Seuchinm
3113 2095 3192 2161 de

460 2183 740 2250 Ostroviz
787 2183 1104 2247 subditum
1153 2183 1384 2247 domini
1429 2184 1600 2247 ducis
1648 2182 1925 2261 Austrie,
1975 2187 2039 2248 et
2076 2204 2262 2267 super
2296 2186 2523 2249 litteris
2550 2204 2744 2266 nuper
2775 2185 2950 2248 uobis
2981 2183 3194 2248 missis

457 2290 500 2336 a
539 2272 789 2336 domino
856 2290 998 2354 rege
1047 2270 1368 2355 Hungarie
1432 2275 1496 2335 et
1556 2291 1593 2335 a
1641 2272 1939 2337 Damiano
2002 2274 2238 2338 notario
2294 2277 2498 2337 nostro
2559 2272 2871 2355 eligantur
2924 2271 3193 2355 quinque

459 2360 764 2424 solemnes
812 2361 1138 2441 sapientes,
1187 2360 1293 2439 qui
1342 2359 1680 2442 diligenter
1727 2359 2183 2424 examinentet
2226 2362 2375 2424 dent
2419 2360 2595 2424 nobis
2626 2379 2822 2423 suum
2865 2360 3191 2424 consilium

459 2448 522 2512 in
573 2446 822 2529 scriptis
869 2447 943 2510 de
992 2446 1130 2524 hiis,
1180 2465 1296 2529 que
1345 2446 1703 2511 viderentur
1748 2448 1837 2512 eis
1890 2448 2263 2530 providenda
2308 2466 2492 2529 super
2532 2467 2741 2511 earum
2812 2448 3190 2511 continentia

458 2537 521 2599 et
565 2533 911 2617 spectanti-a
951 2536 1028 2598 ad
1075 2552 1147 2597 ea
1217 2551 1322 2614 pro
1369 2535 1585 2599 honori
1633 2536 1697 2599 et
1742 2537 1901 2600 bono
1944 2537 2173 2612 nostro,
2234 2554 2374 2599 cum
2437 2553 2700 2617 quorum
2760 2535 3018 2599 consilio
3084 2553 3185 2598 ve·

458 2623 664 2688 niatur
707 2622 845 2698 huc,
894 2622 957 2686 et
996 2622 1124 2702 fiet,
1172 2621 1332 2686 sicut
1371 2621 1678 2688 videbitur
1703 2627 1821 2688 etc.
1871 2623 2070 2688 Electi
2119 2624 2459 2706 sapientes:
2508 2623 2619 2689 Ser
2652 2622 2945 2688 Nicolaus
2980 2622 3182 2688 Justi·

462 2710 644 2775 niano
690 2710 944 2774 condam
1010 2728 1108 2775 ser
1165 2708 1381 2788 Marci,
1448 2730 1547 2774 ser
1592 2710 1890 2776 Nicolaus
1946 2711 2266 2776 Trivisano
2327 2731 2377 2776 S.
2440 2711 2689 2794 Angeli,
2753 2729 2852 2774 ser
2913 2711 3185 2776 Jacobus

459 2799 767 2882 Delphino
827 2818 878 2864 s.
941 2796 1265 2878 Canciaui,
1334 2818 1431 2863 ser
1495 2798 1843 2881 Stephanus
1900 2799 2207 2883 Belegno,
2269 2818 2368 2864 ser
2427 2800 2707 2863 Andreas
2768 2798 3041 2877 Quirino,
3104 2798 3187 2861 28

341 2893 350 2900 “
458 2886 824 2952 novembris.

544 2977 725 3037 Misce·
773 2977 1010 3036 XXIX
1071 2974 1176 3056 76,
1222 2995 1264 3036 u
1300 2977 1458 3037 mlet.
1499 2978 1715 3037 arkivu

866 3167 1082 3249 LVI.
1138 3165 1346 3249 God.
1401 3165 1631 3249 1360.
1685 3168 1737 3248 9
1793 3165 2245 3265 kolovoza,
2295 3186 2356 3246 u
2409 3164 2799 3248 Mletclh.

569 3308 882 3386 Odqovara
925 3325 986 3368 se
1032 3326 1115 3367 na
1159 3309 1329 3382 njeke
1374 3309 1636 3383 zahtJ'eve
1667 3309 1995 3382 poszam'ka
2039 3310 2342 3382 kapetana
2383 3310 2716 3384 uyarskoya
2761 3325 2803 3368 u
2850 3308 3080 3382 Feltru.

679 3410 868 3475 1360.
939 3410 1269 3475 indictione
1338 3410 1512 3486 XIII,
1574 3412 1671 3475 die
1738 3430 1897 3476 nono
1950 3410 2181 3476 mensis
2250 3412 2521 3494 augusti.
2586 3410 2986 3492 Infraecripta
3042 3413 3191 3474 sunt

463 3499 738 3580 capitula
780 3499 1135 3581 presentata
1195 3498 1399 3562 ducali
1460 3498 1729 3563 dominio
1789 3518 1899 3581 per
1956 3498 2298 3563 Antonium
2362 3499 2436 3562 de
2500 3496 2830 3562 Cuinirano
2894 3496 3187 3562 ambaxa-

460 3590 656 3651 torem
702 3584 946 3652 Nicolai
992 3585 1266 3650 Tomasii
1314 3586 1617 3668 capitanei
1665 3587 1863 3652 Feltri
1923 3588 1987 3651 et
2034 3586 2280 3650 Belluni
2336 3604 2442 3667 pro
2505 3585 2751 3650 domiuo
2815 3603 2961 3668 rege
3007 3584 3186 3649 Hun-

457 3675 649 3758 garie,
698 3692 810 3737 nec
849 3689 965 3737 non
1003 3672 1466 3739 ambaxatorem
1497 3674 1899 3739 comunitatis
1929 3674 2202 3737 civitatis
2236 3673 2450 3737 Feltri.
2503 3673 2732 3746 Primo,
2783 3673 2940 3754 quod
2998 3672 3188 3737 muda

458 3763 533 3827 de
595 3761 846 3841 Querro,
911 3759 1016 3824 ubi
1078 3760 1418 3827 solvuntur
1464 3762 1620 3827 libre
1686 3761 1956 3845 quinque
2014 3779 2337 3842 parvorum
2402 3780 2508 3842 pro
2569 3760 2848 3842 quolibet
2913 3760 3185 3842 plaustro

458 3851 606 3928 vini,
655 3869 772 3933 que
818 3847 1057 3913 solebat
1102 3868 1235 3914 esse
1283 3850 1357 3913 de
1403 3849 1614 3913 solidis
1655 3850 1723 3925 L,
1772 3849 2100 3912 reducatur
2146 3849 2221 3913 ad
2268 3847 2464 3913 dictos
2511 3850 2739 3912 solidos
2767 3847 2833 3912 L.
2884 3846 3180 3927 Secunde,

457 3940 616 4022 quod
666 3937 773 4003 ubi
818 3937 1141 4002 solvuntur
1186 3938 1385 4020 grossi
1429 3937 1470 3999 2
1502 3955 1610 4019 pro
1634 3937 1824 4002 stario
1851 3936 2001 4001 salis
2048 3935 2314 4000 Tarvisii
2360 3936 2661 4000 conducto
2711 3936 3010 4015 Feltrum,
3065 3955 3183 4001 non

457 4027 792 4111 graventur
832 4024 1120 4106 ampliuS,
1167 4024 1314 4107 quia
1365 4026 1463 4089 est
1518 4044 1675 4090 nova
1736 4024 2069 4105 impositio.
2132 4024 2342 4088 Tertio
2406 4026 2478 4088 de
2538 4023 2879 4088 confinibus
2950 4025 3182 4088 canalis

457 4113 656 4179 sancti
706 4112 972 4178 Victoris
1015 4115 1083 4176 et
1128 4112 1199 4176 de
1246 4109 1500 4190 Querro,
1548 4112 1711 4194 quod
1754 4111 2063 4194 eligantur
2111 4114 2229 4176 duo
2276 4110 2373 4175 vel
2422 4132 2579 4176 unus
2647 4129 2757 4194 pro
2820 4115 3014 4193 parte,
3079 4109 3184 4194 qui

458 4203 533 4266 de
578 4202 711 4265 iure
756 4201 1128 4284 cognoscant
1172 4201 1403 4264 dictam
1448 4200 1833 4283 questionem
1887 4199 1982 4263 vel
2029 4198 2104 4263 de
2153 4199 2284 4264 iure
2331 4204 2394 4263 et
2439 4201 2513 4264 de
2561 4198 2741 4278 facto,
2813 4218 2887 4262 ne
2933 4197 3183 4281 aliquod

457 4287 819 4352 scandalum
865 4287 1119 4352 oriatur.

667 4374 971 4439 Dominus
1035 4373 1368 4440 consiliarii
1432 4375 1635 4456 capita
1701 4376 1766 4439 et
1822 4374 2131 4457 sapientes
2195 4373 2533 4440 Tervisani.
2584 4372 2814 4455 Capta:
2864 4372 3026 4454 quod
3088 4391 3183 4438 re-

459 4460 832 4541 spondeatur
907 4464 984 4526 ad
1062 4461 1337 4545 capitula
1407 4462 1824 4527 ambaxatoris
1900 4463 2205 4545 capitanei
2281 4462 2478 4526 Feltri
2560 4481 2665 4542 pro
2727 4459 2975 4525 domino
3045 4478 3184 4542 rege

457 4546 814 4626 Hungarie,
879 4550 944 4613 et
995 4550 1191 4630 primo
1237 4549 1314 4614 ad
1359 4548 1596 4614 factum
1660 4550 1990 4615 confinium
2058 4550 2225 4614 cluse
2285 4548 2501 4628 Querri
2572 4549 2635 4612 et
2701 4548 2935 4612 canalis
2981 4546 3184 4610 sancti

462 4631 775 4712 Victoris,
844 4636 1007 4718 quod
1075 4655 1288 4701 sumus
1356 4636 1629 4702 contenti
1697 4641 1762 4702 et
1821 4638 2026 4720 placet
2092 4637 2269 4702 nobis
2337 4656 2446 4719 pro
2518 4635 2828 4700 cessandis
2896 4632 3183 4699 omnibus

459 4718 767 4785 scandalis
812 4723 875 4787 et
919 4722 1246 4801 erroribus,
1307 4724 1468 4807 quod
1527 4725 1727 4806 primo
1775 4726 1841 4790 et
1884 4727 2027 4790 ante
2074 4725 2281 4790 omnia
2326 4723 2700 4788 reducantur
2745 4720 2997 4788 termini
3044 4720 3183 4786 novi
