3620 5282
456 350 543 416 44

457 527 659 594 dictus
706 547 810 594 rex
857 530 1061 594 subito
1104 531 1168 594 et
1222 529 1533 613 inopinate
1580 529 1749 596 venit
1791 529 1870 594 ad
1915 532 2120 612 partes
2162 529 2485 607 Foroiulii,
2535 530 2610 593 ad
2653 547 2833 612 quem
2881 527 3163 593 misimus

453 616 690 700 aliquos
736 618 970 683 nobiles
1017 619 1179 684 cives
1229 621 1463 684 nostros
1510 618 1591 682 ad¹
1632 619 2053 684 honorandum
2102 621 2167 683 et
2211 618 2587 682 visitandum
2633 635 2806 682 suam
2873 618 3159 681 maiesta-

454 707 599 769 tem.
650 705 825 770 Nunc
865 724 1006 771 vero
1050 706 1374 771 scribimus
1421 707 1495 784 ei,
1545 706 1700 789 quod
1750 708 1948 771 dictus
1998 726 2099 770 rex
2148 706 2402 771 recessit
2425 705 2498 769 de
2524 705 2850 784 Foroiulio,
2894 708 2958 769 et
2988 704 3161 769 vadit

455 792 533 857 ad
576 794 740 858 viam
786 811 979 872 suam,
1029 795 1104 858 ad
1151 813 1338 877 quam
1383 795 1812 859 ambaxatores
1860 797 2116 872 nostros,
2166 795 2390 859 electos
2452 814 2559 877 per
2620 812 2729 858 nos
2789 795 2933 858 ante
2979 811 3157 857 suum

456 881 785 947 adventum
832 883 908 946 ad
953 883 1155 964 partes
1204 881 1515 962 Foroiulii,
1564 882 2016 948 deliberavinus
2063 885 2314 947 mictere
2357 901 2464 964 pro
2510 883 2828 946 tractando
2870 881 3148 946 acconcio

455 987 593 1034 cum
634 988 703 1035 eo
748 970 877 1034 sine
922 970 1146 1035 lesione
1193 971 1473 1050 alicuiuS‚
1529 975 1597 1036 ut
1641 971 1877 1035 dictum
1923 973 2051 1047 est;
2119 991 2237 1053 que
2285 971 2563 1035 volumus
2610 989 2715 1052 per
2760 970 2997 1034 dictum
3044 987 3151 1032 no-

457 1060 655 1121 strum
701 1058 1151 1140 procuratorem
1199 1060 1414 1141 exponi
1449 1062 1512 1123 et
1552 1058 1866 1123 informari
1913 1058 2225 1125 dominum
2274 1058 2691 1123 Tutellensem
2738 1061 2801 1122 et
2846 1057 3157 1122 dominum

457 1142 697 1227 Gogum
747 1148 814 1210 et
863 1147 1018 1211 alios
1064 1149 1135 1211 de
1181 1147 1352 1211 curia
1398 1149 1470 1212 de
1519 1147 1775 1212 veritate
1822 1147 2115 1228 predicta,
2165 1148 2326 1212 sicut
2365 1146 2420 1210 ei
2467 1146 2773 1211 videbitur
2802 1164 2910 1229 pro
2941 1146 3163 1210 honore

460 1237 685 1298 nostro.
733 1234 813 1298 Et
853 1234 1012 1317 quod
1053 1236 1253 1299 dictus
1302 1238 1653 1317 procurator
1700 1235 1875 1299 nobis
1923 1236 2159 1301 solicite
2203 1234 2503 1300 rescribat
2547 1235 2832 1318 quicquid
2879 1231 3167 1297 habuerit

458 1323 522 1387 et
560 1322 823 1387 senserit
861 1326 995 1387 tam
1039 1341 1076 1387 a
1123 1323 1410 1406 predictis
1458 1323 1718 1388 dominis
1747 1323 2155 1388 cardinalibus
2199 1342 2381 1406 quam
2415 1323 2492 1387 ab
2525 1323 2685 1401 aliis,
2735 1340 2853 1387 non
2887 1319 3164 1386 babendo

458 1411 806 1493 respectum
850 1411 925 1475 ad
972 1429 1283 1494 expensas.
1332 1410 1416 1477 Et
1459 1411 1747 1475 similiter
1794 1411 2100 1477 scribatur
2144 1411 2377 1476 consuli
2423 1413 2631 1477 nostro
2675 1410 2918 1494 Apulie,
2967 1413 3037 1473 ut
3069 1409 3160 1473 in·

465 1497 765 1563 formatus
812 1498 896 1564 sit
942 1500 1015 1564 de
1060 1501 1320 1565 veritate
1368 1499 1661 1583 predicta.

546 1588 704 1650 ὅθεν.
751 1607 906 1650 com.
951 1595 1137 1667 νομαί.
1184 1591 1280 1651 lib.
1327 1591 1401 1650 A.
1449 1593 1552 1662 93,
1597 1609 1640 1650 u
1686 1592 1904 1651 arkivu
1945 1591 2299 1651 mletackom.

801 1779 1080 1860 LXII.
1151 1780 1357 1861 God.
1412 1781 1632 1863 1347.
1688 1782 1789 1863 10
1844 1782 2271 1884 prosince,
2324 1803 2384 1862 u
2440 1780 2828 1863 Mletcih.

1028 1906 1310 1966 Nareaba
1353 1926 1385 1967 0
1430 1908 1682 1968 odzazku
1727 1910 2049 1982 poslanika
2092 1910 2130 1967 k
2174 1926 2341 1982 ηραν.
2387 1907 2607 1980 krazju.

679 2024 863 2090 1347.
910 2026 1006 2091 die
1055 2026 1114 2091 X
1160 2028 1520 2107 decembriS,
1566 2031 1779 2112 capta.
1829 2029 1988 2112 quod
2044 2029 2487 2107 ambaxatoreS,
2535 2027 2639 2111 qui
2684 2028 2908 2093 debent
2952 2028 3042 2093 ire
3088 2026 3165 2092 ad

460 2113 783 2180 dominum
837 2133 1044 2199 regem
1083 2116 1423 2218 Hungarie,
1468 2120 1792 2182 teneantur
1856 2120 1970 2184 sub
2035 2137 2189 2218 pena
2246 2117 2548 2182 librarum
2600 2114 2800 2182 CCCC
2844 2117 3166 2181 recessisse

464 2203 538 2268 de
581 2202 863 2267 Veneciis
910 2204 974 2268 et
1011 2206 1180 2287 sequi
1216 2204 1379 2269 viam
1427 2224 1600 2270 suam
1646 2206 1745 2270 die
1792 2205 2078 2270 mercurii
2124 2206 2433 2290 proximo,
2483 2206 2807 2288 antequam
2873 2223 3171 2289 campana

470 2289 845 2371 officialium,
886 2312 1002 2375 que
1049 2294 1226 2357 sonat
1271 2293 1346 2357 de
1391 2311 1589 2372 mane,
1639 2296 1856 2370 cesset,
1905 2313 2044 2358 cum
2089 2294 2390 2372 habetur,
2438 2292 2599 2376 quod
2646 2312 2750 2357 rex
2795 2293 3049 2358 recessit
3093 2292 3168 2357 de

461 2379 738 2454 Verona;
796 2378 1233 2462 intelligentie,
1278 2381 1437 2464 quod
1497 2382 1788 2461 nuncius,
1840 2384 2064 2447 missus
2124 2382 2467 2458 Veronam,
2516 2382 2751 2446 venerit
2811 2381 2886 2445 ad
2933 2380 3167 2446 dictum

466 2468 819 2545 terminum,
862 2468 927 2532 et
969 2469 1126 2551 quod
1173 2468 1455 2533 dominus
1515 2488 1622 2534 rex
1668 2471 1751 2535 sit
1808 2471 2167 2549 contentus,
2230 2470 2390 2551 quod
2451 2469 2876 2533 ambaxatores
2925 2469 3168 2547 vadant,

462 2558 787 2620 teneantur
834 2556 1256 2622 ambaxatores
1304 2558 1584 2623 recedere
1631 2559 1868 2629 statim,
1929 2576 2067 2623 cum
2133 2558 2387 2623 nuncius
2454 2558 2704 2622 venerit.
2772 2555 2877 2636 40,
2925 2556 3000 2621 de
3049 2575 3168 2622 non

469 2647 570 2725 ll,
612 2663 733 2709 non
774 2645 992 2711 sinceri
1035 2648 1095 2710 2.

675 2732 899 2816 Capta:
942 2736 1083 2817 quia
1127 2734 1451 2799 consilium
1489 2752 1608 2800 non
1654 2737 1750 2800 est
1785 2736 1937 2800 bene
1962 2734 2411 2800 asemblatum:
2462 2733 2632 2799 vadit
2659 2752 2819 2817 pars,
2867 2733 3026 2818 quod
3059 2750 3167 2816 pro

462 2821 864 2886 examinando
910 2825 973 2885 et
1016 2823 1216 2888 dando
1263 2823 1543 2888 ordinem
1604 2825 1664 2887 in
1726 2824 2153 2889 commissione
2212 2823 2680 2888 ambaxatorum
2741 2822 3043 2888 iturorum
3090 2820 3169 2885 ad

464 2909 782 3062 dominuug
828 2927 1038 2994 regem
1080 2911 1400 2995 Hungarie
1446 2913 1690 3026 vocetur
1732 2911 1898 2977 istud
1945 2911 2270 2977 consilium
2316 2912 2429 2976 sub
2479 2929 2632 2992 pena
2678 2910 3010 2977 solidorum
3053 2897 3172 2974 XX

462 3016 598 3062 cras
644 3016 751 3080 pos
826 3016 1070 3064 nonam.

552 3088 708 3172 Scor.
753 3107 908 3149 cons.
953 3096 1139 3167 νομαί.
1186 3092 1260 3151 A.
1310 3095 1411 3162 94,
1457 3112 1500 3151 u
1545 3094 1761 3152 arkivu
1803 3092 2162 3152 mletackom.

792 3280 1117 3363 LXIII.
1171 3282 1375 3365 God.
1430 3283 1650 3366 1347.
1705 3286 1794 3366 11
1848 3284 2277 3384 prosince,
2326 3304 2386 3363 u
2440 3280 2829 3363 Mletcih.

1081 3407 1348 3471 Odzazak
1380 3411 1705 3485 poslanika
1751 3412 1788 3470 k
1819 3429 1986 3485 ηραν.
2035 3411 2238 3484 manu
2281 3409 2578 3483 odyodjen.

682 3528 867 3594 1347.
914 3529 1013 3594 die
1060 3530 1149 3594 XI
1194 3531 1556 3609 decembriS,
1605 3534 1820 3614 capta:
1869 3549 2007 3595 cum
2041 3530 2462 3596 affectavimus
2494 3529 2807 3606 hactenus,
2855 3529 3014 3611 quod
3038 3547 3171 3594 am-

466 3617 690 3683 baxata
734 3619 943 3683 nostra
990 3619 1226 3685 solicite
1274 3621 1459 3685 vadat
1501 3621 1579 3684 ad
1626 3621 1941 3686 dominum
1992 3638 2200 3703 regem
2239 3619 2574 3701 Hungarie,
2623 3619 2958 3699 sperantes,
3008 3618 3170 3702 quod

470 3707 637 3773 dicta
682 3709 1006 3772 ambaxata
1051 3707 1334 3773 effectum
1380 3712 1445 3773 et
1488 3709 1753 3773 fructum
1802 3707 2108 3773 concordii
2152 3709 2465 3789 reportare
2512 3706 2779 3785 deberet,
2829 3707 2892 3770 et
2925 3726 3034 3789 per
3077 3725 3174 3773 re-

468 3794 763 3860 lationem
810 3793 1007 3862 Marci
1058 3796 1227 3861 Bono
1272 3798 1493 3861 notarii
1534 3797 1729 3861 nostri
1777 3796 2099 3861 manifeste
2153 3795 2361 3879 colligi
2409 3795 2636 3878 possit,
2678 3796 2838 3878 quod
2886 3794 3174 3861 euntibus

470 3883 703 3948 nostris
766 3883 1260 3950 ambaxatoribus
1311 3885 1659 3950 Ariminum
1684 3935 1699 3963 ,
1765 3885 1928 3949 sicut
1985 3884 2086 3949 bic
2147 3886 2243 3950 est
2303 3885 2587 3966 captum,
2652 3901 2769 3949 non
2835 3884 3177 3950 invenirent

467 3971 704 4037 dictum
751 3990 999 4055 regem3
1046 3974 1109 4037 et
1152 3972 1317 4050 dato,
1366 3974 1524 4056 quod
1570 3974 1771 4056 ipsum
1803 3973 1890 4038 ibi
1913 3972 2279 4048 invenirent,
2330 3971 2518 4037 nichil
2564 3991 2702 4038 cum
2751 3990 2821 4037 eo
2869 3974 2942 4037 de
2988 3971 3172 4039 factis

468 4059 695 4125 nostris
741 4060 938 4125 facere
1007 4061 1105 4125 vel
1169 4061 1457 4145 perficere
1519 4063 1767 4144 possent
1827 4063 2075 4145 propter
2132 4061 2408 4126 subitum
2454 4062 2608 4138 iter,
2670 4060 2746 4126 ad
2793 4080 2972 4145 quem
3010 4061 3174 4127 idem

468 4167 573 4212 rex
620 4148 862 4214 videtur
907 4149 1266 4233 disposituS,
1317 4154 1381 4215 et
1425 4150 1614 4215 etiam
1664 4152 1913 4232 possent
1957 4150 2187 4234 requiri
2230 4150 2304 4215 de
2342 4149 2541 4214 eundo
2587 4148 2917 4232 Aquilam,
2967 4151 3030 4215 et
3074 4169 3171 4216 se-

472 4235 707 4320 quendo
753 4237 988 4302 dictum
1025 4256 1256 4321 regem,
1300 4239 1457 4322 quod
1498 4242 1662 4304 esset
1706 4242 1877 4303 extra
1921 4242 2195 4303 nostram
2242 4238 2648 4304 intentionem
2695 4237 2813 4303 isto
2860 4239 3172 4320 tempore;

470 4327 792 4408 propterea
829 4326 997 4390 vadit
1040 4345 1204 4409 pars,
1253 4328 1405 4409 quod
1453 4346 1561 4408 pro
1605 4345 1764 4392 nunc
1825 4325 2264 4409 suspendeatur
2312 4326 2385 4392 de
2447 4325 2753 4391 mictendo
2811 4325 2890 4390 ad
2936 4326 3176 4393 dictum

466 4430 674 4497 regem
720 4413 1155 4479 ambaxatam.'
1183 4413 1285 4478 61.

683 4501 793 4567 Ser
838 4502 1189 4568 Bernardus
1235 4501 1620 4568 Justinianus
1665 4501 2091 4568 consiliarius:
2156 4500 2325 4581 Quod
2388 4502 2510 4568 ista
2569 4504 2781 4569 nostra
2849 4501 3177 4569 ambaxata

471 4590 598 4655 iam
644 4590 977 4672 publicata,
1024 4594 1088 4655 et
1130 4590 1206 4655 de
1252 4609 1370 4674 qua
1415 4591 1560 4656 data
1613 4592 1710 4655 est
1751 4591 1929 4656 tanta
1993 4592 2249 4657 intentio
2309 4590 2555 4656 domino
2618 4591 2787 4675 regi,
2851 4590 3064 4656 statim
3112 4591 3173 4655 in

473 4679 629 4743 bona
669 4678 875 4761 gratia
917 4678 1208 4761 procedat
1252 4679 1318 4743 et
1362 4677 1547 4743 vadat
1591 4697 1732 4745 cum
1778 4696 1870 4758 eo,
1919 4680 2076 4763 quod
2125 4679 2249 4744 iam
2308 4678 2705 4744 commissum
2753 4679 2879 4757 est,
2928 4680 2992 4743 et
3035 4696 3176 4742 cum

482 4783 553 4831 eo
601 4763 811 4847 etiam,
852 4766 1013 4850 quod
1056 4766 1200 4832 huic
1245 4766 1501 4833 consilio
1547 4766 1859 4833 videretur
1904 4768 1975 4832 de
2021 4785 2174 4832 novo
2219 4767 2754 4845 committendum,
2797 4765 2989 4831 eundo
3022 4766 3181 4852 Ary-
