3620 5282
732 555 864 637 Ego
912 553 1199 618 Marinus
1247 555 1614 618 Mauroceno
1664 571 1847 616 manu
1895 570 2033 616 mea
2079 551 2318 635 scripsi.

731 641 865 724 Ego
912 641 1182 707 Jacobns
1232 641 1482 705 Barocci
1530 659 1717 704 manu
1770 658 1908 703 mea
1957 639 2195 722 scripsi.

731 729 864 811 Ego
912 730 1224 793 Rubertus
1269 727 1586 809 Theupulo
1636 746 1820 791 manu
1872 745 2006 792 mea
2051 727 2293 809 scripsi.

730 816 864 899 Ego
913 816 1182 881 Jacobus
1229 815 1474 879 Pollani
1514 833 1699 878 manu
1747 834 1888 880 mea
1934 814 2171 897 scripsi.

731 905 862 987 Ego
901 904 1122 968 Petrus
1169 904 1429 967 ducatus
1478 904 1881 967 Venetiarum
1945 903 2148 967 scriba
2193 905 2265 967 de
2331 904 2620 967 mandato
2683 902 2985 966 dictorum
3051 894 3251 962 domi-

528 1010 746 1056 norum
795 992 1030 1057 dictum
1064 992 1388 1056 consilium
1437 991 1793 1055 cancellari.

610 1083 825 1141 Maius
871 1084 1197 1142 consilium.
1244 1081 1694 1141 Luna-Zaneta
1741 1082 1842 1140 list
1890 1084 1991 1151 49,
2039 1099 2081 1141 u
2130 1082 2474 1140 „detaffkom
2521 1082 2755 1140 arkivu.

909 1271 1089 1352 LX.
1171 1270 1376 1354 God.
1433 1270 1657 1354 1283.
1721 1270 1823 1354 25
1879 1271 2324 1370 kolovoza‚
2379 1293 2439 1352 u
2494 1269 2884 1353 Mletcih.

624 1398 805 1459 Gledc
854 1396 1057 1457 Omissa
1098 1398 1373 1471 predam
1418 1414 1525 1456 sva
1569 1399 1725 1456 vlast
1768 1398 2042 1469 mamma,
2090 1398 2451 1456 molbenomu
2493 1398 2710 1455 iviecvae
2757 1396 2832 1455 od
2875 1396 3170 1455 detrdeset.

736 1518 853 1583 Die
902 1518 1201 1601 vigesima
1246 1519 1461 1601 quinta
1506 1519 1774 1601 augusti,
1826 1521 2007 1601 capta
2053 1518 2172 1582 fuit
2216 1538 2378 1602 pars,
2427 1519 2587 1601 quod
2634 1518 2812 1595 illud,
2862 1517 3023 1599 quod
3056 1518 3256 1581 domi-

529 1626 651 1671 nus
697 1608 816 1671 dux
864 1609 928 1670 et
974 1607 1307 1671 consiliarii
1354 1625 1491 1671 cum
1541 1607 1794 1671 consilio
1867 1610 2222 1689 rogatorum
2272 1610 2336 1670 et
2382 1606 2793 1690 quadraginta
2838 1604 3259 1669 ordinaverint

533 1697 598 1760 et
643 1694 902 1759 fecerint
947 1696 1322 1777 superfacto
1371 1694 1644 1772 Almisii‚
1695 1697 1758 1759 et
1803 1714 1985 1777 super
2034 1694 2172 1770 hiis,
2222 1714 2338 1777 que
2382 1695 2458 1757 ad
2506 1695 2640 1777 ipsa
2700 1694 2864 1758 facta
2927 1692 3254 1775 pertine-nt,

529 1783 614 1848 sit
663 1785 933 1860 firmum,
982 1784 1149 1848 sicut
1194 1782 1245 1847 si
1293 1781 1526 1846 factum
1577 1784 1740 1846 esset
1786 1782 1854 1845 in
1897 1783 2116 1846 maiori
2165 1783 2442 1847 consilio.

738 1870 869 1952 Ego
917 1869 1211 1935 Nicolaus
1258 1870 1603 1934 Arimundo
1649 1890 1836 1935 manu
1883 1889 2020 1935 mea
2065 1869 2305 1952 scripsi.

735 1957 869 2039 Ego
916 1957 1280 2022 Franciscus
1327 1957 1609 2022 Dandulo
1657 1976 1843 2022 manu
1898 1977 2034 2021 mea
2082 1959 2328 2039 scripsi.

736 2046 868 2127 Ego
908 2044 1187 2109 Marinus
1238 2045 1507 2109 Falletro
1552 2063 1739 2109 manu
1782 2065 1919 2111 mea
1965 2045 2204 2125 scripsi.

735 2133 871 2216 Ego
910 2132 1214 2197 Henricus
1264 2133 1528 2197 Michael
1580 2152 1763 2198 manu
1815 2153 1952 2197 mea
1997 2133 2236 2215 scripsi.

737 2220 871 2304 Ego
916 2220 1150 2285 Tantus
1211 2220 1617 2286 cancellarius
1665 2223 1740 2286 de
1806 2222 2095 2285 mandato
2164 2221 2644 2304 prescriptorum
2711 2224 3008 2304 quattuor
3057 2222 3252 2286 domi-

529 2326 746 2373 norum
794 2308 1145 2373 cancellavi.

615 2399 831 2457 Maius
874 2400 1205 2459 consilium.
1254 2398 1703 2458 Luna-Zaneta
1747 2400 1849 2459 list
1896 2401 1997 2469 62,
2044 2418 2086 2459 u
2129 2401 2470 2460 ”delabkom
2518 2401 2748 2460 arkivu.

898 2587 1133 2674 LXI.
1207 2587 1410 2671 God.
1470 2587 1685 2672 1283.
1745 2588 1849 2672 28
1885 2588 2336 2689 kolovozra
2390 2611 2450 2671 u
2496 2587 2892 2671 Mletcih.

537 2715 819 2789 Izrucm‘e
863 2732 925 2774 sc
957 2715 1149 2788 jedna
1203 2716 1396 2790 yalija
1438 2715 1779 2775 Zadranom
1828 2717 1956 2789 pod
2013 2718 2260 2789 m‘ckimi
2304 2718 2504 2789 uvjcti.
2577 2715 2801 2789 GaliJ'a,
2862 2715 3262 2789 opredieljena
3335 2685 3342 2690 ἢ

855 2819 930 2863 za
975 2804 1205 2863 obranu
1251 2801 1470 2873 omisa,
1518 2805 1671 2864 nelca
1702 2804 1916 2864 odvede
1960 2805 2333 2878 zadarskoya
2368 2806 2555 2865 lencm
2601 2823 2642 2862 u
2690 2804 2913 2862 Zadar.

740 2921 856 2986 Die
904 2923 1206 3006 vigesima
1252 2926 1468 2989 octava
1515 2925 1781 3007 augusti,
1831 2927 2015 3008 capta
2076 2924 2194 2989 fuit
2256 2943 2432 3005 pars:
2481 2925 2639 3005 quod
2704 2923 2885 2987 detur
2944 2923 3258 2987 communi

535 3012 600 3073 et
643 3009 996 3075 hominibus
1035 3011 1223 3077 Jadre
1270 3030 1394 3076 una
1437 3012 1513 3075 de
1560 3012 1782 3094 galleis
1846 3013 2194 3076 communis
2259 3013 2656 3076 Venetiarnm
2727 3030 2865 3076 cum
2933 3011 3056 3074 ista
3117 3028 3260 3075 con-

533 3097 819 3176 dictione,
869 3099 1028 3179 quod
1077 3101 1209 3181 ipsa
1253 3100 1457 3181 gallea
1500 3101 1722 3164 debeat
1766 3101 2073 3177 extimari,
2109 3102 2174 3164 et
2205 3102 2504 3182 quantum
2544 3099 2734 3163 fuerit
2765 3099 3081 3177 extimata,
3115 3100 3257 3163 tan-

531 3185 670 3246 tum
723 3185 841 3266 ipsi
884 3185 1162 3249 homines
1226 3190 1289 3248 et
1353 3205 1676 3251 commune
1736 3187 1925 3253 Jadre
1987 3187 2251 3252 debeant
2313 3186 2651 3270 expendere
2718 3206 2826 3269 pro
2875 3187 3012 3269 ipsa
3057 3187 3261 3268 gallea

530 3273 832 3335 armanda
883 3273 1201 3336 occasione
1250 3291 1482 3352 eorum,
1533 3293 1649 3356 que
1697 3277 2097 3340 occurrerunt
2143 3276 2217 3339 de
2263 3274 2555 3340 Almisio.

738 3359 870 3442 Ego
918 3359 1184 3423 Thomas
1233 3359 1461 3424 Viadro
1509 3380 1693 3425 manu
1741 3381 1882 3426 mea
1923 3362 2161 3445 scripsi.

740 3446 867 3528 Ego
909 3446 1180 3511 Jacobus
1231 3447 1485 3512 Barocci
1534 3467 1720 3513 manu
1769 3469 1908 3514 mea
1956 3449 2193 3532 scripsi.

738 3532 869 3614 Ego
915 3533 1231 3597 Rubertus
1277 3535 1596 3617 Theupulo
1646 3555 1831 3601 manu
1877 3556 2015 3602 mea
2060 3539 2298 3620 scripsi.

741 3622 872 3703 Ego
918 3620 1189 3687 Jacobus
1230 3621 1468 3686 Pollani
1517 3641 1704 3687 manu
1752 3643 1888 3688 mea
1938 3625 2175 3707 scripsi.

739 3708 869 3791 Ego
916 3708 1137 3772 Petrus
1185 3708 1445 3774 ducatus
1494 3710 1892 3775 Venetiarum
1940 3711 2162 3788 scriba,
2210 3712 2286 3776 de
2355 3712 2647 3776 mandato
2694 3712 3003 3777 dictorum
3057 3710 3261 3774 domi-

530 3813 747 3860 norum
796 3796 1026 3859 dictum
1076 3797 1401 3861 consilium
1447 3798 1803 3862 cancellavi.

740 3885 918 3947 Item.
968 3884 1120 3948 Cum
1170 3887 1490 3948 occasione
1535 3887 1925 3967 negotiorum
1975 3886 2224 3951 Almisii
2281 3887 2366 3951 sit
2410 3887 2663 3968 captum
2707 3887 3035 3951 consilium
3078 3904 3255 3966 roga-

531 3971 731 4034 torum
780 3972 846 4034 et
889 3972 1316 4053 quadraginta,
1366 3973 1521 4054 quod
1571 3991 1693 4037 una
1738 3974 1921 4056 galea
1967 3975 2188 4038 debeat
2228 3975 2480 4051 armari,
2537 3992 2679 4038 cum
2727 3993 2846 4059 qua
2891 3992 3098 4037 comes
3145 3972 3256 4037 Ja-

527 4056 635 4121 dre
684 4058 907 4123 debeat
952 4057 1043 4122 ire
1089 4059 1370 4131 Jadram,
1421 4060 1585 4124 sicut
1630 4060 1816 4124 citius
1860 4063 2079 4143 potest,
2128 4065 2308 4143 capta
2372 4061 2492 4126 fuit
2537 4079 2681 4140 pars
2730 4063 2793 4126 in
2840 4060 3054 4125 maiori
3108 4078 3254 4124 con-

531 4144 693 4220 silio,
742 4146 900 4226 quod
949 4146 1117 4210 dicta
1162 4145 1368 4229 gallea
1417 4147 1642 4211 debeat
1686 4148 1917 4212 armari
1965 4167 2072 4229 pro
2117 4149 2435 4213 mensibus
2483 4148 2706 4215 tribus.

738 4232 872 4315 Ego
914 4234 999 4297 M.
1052 4232 1273 4315 Pagini
1321 4253 1509 4299 manu
1556 4254 1695 4300 mea
1745 4237 1985 4317 scripsi.

740 4318 869 4400 Ego
917 4320 986 4383 P.
1034 4320 1297 4401 Baseglo
1353 4340 1536 4386 manu
1585 4341 1724 4387 mea
1772 4323 2014 4405 scripsi.

740 4404 870 4486 Ego
918 4406 1281 4471 Gusmerius
1330 4410 1405 4471 de
1447 4409 1734 4474 Madonio
1781 4411 2042 4474 ducatus
2101 4411 2499 4474 Venetiarum
2565 4410 2772 4475 scriba
2817 4412 2892 4477 de
2960 4410 3254 4476 mandato

532 4488 833 4555 dictorum
880 4494 1265 4559 dominorum
1316 4497 1807 4579 suprascriptum
1859 4496 2183 4561 consilium
2234 4497 2590 4561 cancellavi.

617 4578 829 4639 Maius
872 4585 1198 4644 consilium.
1246 4586 1704 4647 Luna-Zaneta
1749 4588 1853 4646 list
1897 4589 1998 4655 63,
2047 4604 2089 4645 u
2135 4589 2353 4647 arkivu
2396 4588 2760 4647 mletaekom.
