3620 5282
408 354 533 420 164

612 528 843 593 Actum
891 528 955 592 in
1001 528 1206 594 ducali
1253 527 1494 612 palacio
1542 529 1887 594 communis
1933 529 2361 607 veneciarum,
2411 547 2571 594 anno
2603 548 2639 593 a
2672 528 2998 595 nativitate
3029 529 3134 594 do-

403 616 555 681 mini
603 616 938 682 millesimo
986 618 1421 682 trecentesimo
1470 617 1941 701 quadragesimo
1988 634 2161 692 nono,
2209 616 2308 681 die
2333 616 2857 700 vigesimoquarto
2902 617 3133 682 mensis

406 704 800 788 septembris,
841 707 1101 770 secunde
1133 704 1504 782 indictioniS,
1548 705 1936 788 presentibus
1962 705 2231 787 providis
2269 707 2335 770 et
2380 706 2664 770 discretis
2713 706 2859 769 viris
2886 725 2981 769 ser
3015 706 3134 769 Be-

404 791 696 858 nentendi
740 795 813 857 de
859 793 1258 875 Ravagnanis
1307 795 1565 857 ducatus
1632 793 2038 857 Veneciarnm
2106 794 2641 870 vicecancellario,
2697 792 3015 874 Raphaino
3062 793 3136 857 de

409 880 740 960 CaresiniS,
789 880 1116 946 Nicholcto
1163 879 1259 945 del
1308 880 1606 946 Chamino
1654 882 1892 946 notario
1941 880 2092 944 dicti
2138 880 2420 959 ducatuS,
2470 884 2533 946 et
2578 883 2718 946 aliis
2764 882 2851 945 ibi
2887 899 3137 964 presen-

402 969 680 1033 sentibus
723 968 800 1032 ad
848 969 963 1033 hoc
1008 969 1273 1033 testibus
1321 970 1555 1033 vocatis
1605 969 1956 1051 specialiter
2005 971 2069 1032 et
2110 971 2363 1051 rogatis,

608 1056 676 1121 L.
728 1057 790 1122 S.
833 1058 964 1140 Ego
1027 1054 1382 1121 Bonifacius
1448 1058 1519 1121 de
1570 1056 1816 1121 Mutina
1879 1057 2192 1139 imperiali
2260 1057 2636 1122 authoritate
2701 1058 2977 1122 notarius
3022 1078 3137 1142 pu-

397 1143 618 1223 blicuS,
669 1148 734 1209 et
776 1145 1036 1212 ducatus
1085 1144 1488 1209 Venetiarum
1538 1145 1758 1223 scriba,
1807 1144 2106 1227 predictis
2160 1144 2434 1225 interfui,
2501 1148 2562 1210 et
2605 1164 2678 1210 ea
2725 1148 2797 1210 de
2846 1147 3136 1211 mandato

396 1232 596 1297 incliti
643 1232 876 1298 domini
920 1232 1090 1297 ducis
1133 1232 1373 1315 scripsi.
1423 1246 1431 1251 ’

611 1319 797 1399 Nota,
847 1321 1001 1404 qnod
1054 1320 1188 1403 ipsa
1234 1321 1330 1385 die
1377 1319 1580 1385 factus
1646 1319 1766 1385 fuit
1825 1319 2118 1385 similiter
2175 1319 2549 1399 sindicatuS,
2615 1323 2679 1385 et
2739 1321 2801 1385 in
2850 1321 3128 1404 personis

400 1408 813 1491 predictorum
863 1408 1161 1474 nobilium
1204 1428 1314 1492 per
1362 1411 1564 1472 totum
1613 1408 1888 1473 eiusdem
1937 1409 2348 1485 continentie,
2419 1409 2597 1473 cuins
2666 1412 2762 1473 est
2820 1410 3133 1491 predictus

394 1493 758 1576 sindicatuS,
806 1500 1014 1579 preter
1060 1514 1249 1580 quam
1297 1495 1359 1559 in
1408 1496 1611 1573 titulo,
1651 1497 1714 1560 in
1762 1516 1879 1579 quo
1921 1496 2154 1560 dictum
2207 1497 2356 1560 fuit:
2409 1496 2699 1561 Andreas
2725 1497 3008 1562 Dandulo
3034 1498 3130 1561 dei

395 1585 599 1667 gratia
644 1583 768 1649 dux
816 1585 1214 1650 Venetiarum
1257 1586 1374 1649 etc.

479 1675 829 1736 Sindicatus
873 1676 928 1735 1.
978 1677 1077 1747 57,
1124 1693 1167 1734 u
1212 1676 1429 1734 arkivu
1471 1675 1830 1734 mletackom.

628 1845 1086 1930 CCXXXI.
1161 1846 1368 1929 God.
1423 1847 1654 1929 1349.
1707 1847 1809 1929 lo
1866 1847 2321 1948 listopada,
2379 1870 2435 1929 ιι
2487 1847 2883 1931 Mletcih.

403 1955 609 2016 Uslied
647 1958 854 2033 yla-sa,
902 1957 983 2015 da
1026 1955 1229 2029 posast
1274 1958 1463 2029 bJ'csni
1508 1974 1550 2014 u
1604 1956 1928 2031 Uyarskoj,
1973 1958 2245 2029 ncprima
2290 1975 2351 2015 sc
2393 1957 2649 2030 predloy,
2693 1958 2848 2015 nelca
2892 1974 2955 2016 se
2989 1957 3125 2030 pisse

676 2045 1085 2117 postumium,
1149 2044 1229 2102 da
1265 2045 1378 2117 jim
1423 2061 1486 2103 sc
1536 2044 1670 2116 daje
1716 2045 1972 2115 sloboda,
2009 2046 2182 2118 proci
2226 2045 2456 2119 napred
2499 2046 2570 2103 ili
2612 2046 2849 2104 sustati.

609 2147 793 2212 1349.
843 2147 941 2211 die
988 2147 1048 2211 X
1098 2147 1393 2212 octubris,
1439 2145 1594 2211 Cum
1640 2146 1986 2211 habeantur
2032 2166 2187 2212 nova
2231 2147 2385 2212 satis
2447 2150 2638 2225 certa,
2688 2148 2845 2230 quod
2891 2148 3123 2211 morta-

390 2235 537 2301 litas
585 2236 856 2300 maxima
919 2237 981 2299 et
1022 2235 1287 2299 orrenda
1353 2237 1450 2299 est
1509 2235 1571 2299 in
1635 2235 1916 2316 partibus
1963 2235 2321 2318 Hungarie,
2392 2237 2548 2319 quod
2612 2237 2663 2300 si
2711 2236 2801 2300 ita
2846 2237 2960 2313 est,
3009 2253 3125 2299 non

388 2326 553 2389 esset
580 2325 828 2399 ‚bonum
877 2342 1173 2406 exponere
1217 2325 1390 2386 tanto
1436 2323 1710 2405 periculo
1758 2342 2050 2405 personas
2089 2326 2440 2389 nostrornm
2473 2325 2973 2389 ambaxatorum:
3024 2341 3129 2387 va-

389 2413 483 2477 dit
527 2430 690 2494 pars,
740 2411 902 2494 qnod
951 2411 1167 2476 statim
1215 2410 1524 2475 scribatur
1570 2411 1678 2485 eiS,
1728 2411 1889 2493 quod
1936 2411 1991 2474 si
2038 2410 2369 2475 habuerint
2412 2432 2624 2477 verum
2691 2431 2823 2475 esse
2863 2413 2935 2475 de
2983 2428 3128 2494 epy-

389 2500 583 2564 dimia
630 2499 1000 2584 supradicta,
1050 2499 1112 2562 in
1156 2499 1317 2562 dicto
1365 2516 1510 2562 casu
1577 2497 2000 2580 relinquamus
2060 2498 2123 2563 in
2173 2499 2467 2563 libertate
2510 2518 2624 2563 sua
2668 2501 2851 2563 eundi
2900 2502 2965 2563 et
3007 2518 3125 2562 non

393 2589 578 2653 eundi
628 2589 703 2652 ad
755 2587 1069 2652 dominum
1119 2605 1348 2670 regem,
1396 2586 1559 2650 sicut
1597 2586 1686 2651 eis
1735 2586 1832 2651 vel
1878 2586 2096 2651 maiori
2161 2588 2323 2668 parti
2389 2605 2599 2652 eorum
2650 2587 2976 2652 videbitur.
3049 2587 3128 2650 Et

389 2679 441 2741 si
488 2676 954 2741 terminaverint
1000 2678 1074 2739 de
1121 2693 1240 2738 non
1290 2675 1507 2752 eunde,
1559 2674 1851 2739 velociter
1914 2675 2087 2740 nobis
2149 2675 2525 2750 rescribant,
2575 2678 2852 2739 nostrum
2900 2693 3120 2757 expec-

387 2764 575 2828 tando
624 2763 1007 2828 mandatum.
1056 2764 1137 2827 Et
1177 2763 1612 2827 nichilominus
1662 2763 1982 2827 notificent
2027 2762 2272 2827 domino
2317 2762 2448 2845 regi
2504 2781 2612 2845 per
2657 2765 2844 2827 verba
2903 2781 3122 2826 conve-

389 2852 622 2917 nientia
667 2871 940 2928 causam,
983 2870 1170 2933 quare
1219 2870 1337 2915 non
1371 2852 1601 2916 vadunt
1648 2850 1726 2915 ad
1773 2870 2022 2933 presens
2067 2850 2144 2916 ad
2191 2870 2368 2915 suam
2420 2853 2834 2916 maiestatem.
2892 2850 2997 2929 29,
3046 2850 3123 2914 de

389 2959 504 3005 non
555 2941 660 3018 40,
709 2958 827 3005 non
876 2940 1099 3004 sinceri
1149 2940 1208 3003 2.

473 3031 653 3090 Misce·
701 3027 903 3090 XXV.
954 3033 1053 3098 57,
1099 3048 1142 3088 u
1189 3030 1405 3088 arkivu
1448 3029 1808 3089 mletackom.

618 3216 1123 3300 CCXXXII.
1178 3211 1385 3300 Godss
1440 3218 1669 3300 1349.
1724 3219 1822 3299 19
1877 3217 2335 3318 listopada,
2388 3239 2449 3299 u
2501 3218 2892 3300 Mletcih.

387 3328 730 3402 Primbcm,
777 3327 857 3385 da
901 3343 963 3386 se
1009 3344 1117 3385 ono
1163 3325 1279 3384 §cst
1325 3326 1574 3386 Paz'ana
1620 3327 2022 3385 utamnicem'h
2067 3329 2225 3384 stam·
2268 3345 2351 3385 na
2398 3329 2586 3396 mulce,
2634 3330 2787 3387 nelca
2833 3329 2969 3387 tako
3000 3329 3120 3388 οόἱ-

893 3416 1025 3487 ἐπῄει
1071 3414 1382 3472 uzrocnike
1425 3415 1665 3489 izyreda
1711 3415 1990 3488 ucim'ena
2033 3416 2192 3487 proti
2237 3415 2614 3488 Rabljanom.

604 3516 787 3580 1349.
836 3516 935 3581 die
982 3516 1137 3580 XIX
1184 3516 1747 3598 octubri8„capta:
1798 3517 1944 3599 quia
1984 3517 2196 3581 nostra
2230 3518 2488 3582 interest
2521 3536 2629 3601 pro
2663 3521 3121 3585 conservatione

388 3606 633 3671 honoris
680 3606 744 3669 et
789 3603 952 3672 fame
998 3605 1207 3668 nostre
1255 3624 1439 3687 super
1483 3624 1732 3670 excessu
1777 3605 2108 3669 commisso
2177 3624 2281 3687 per
2330 3606 2639 3688 Pagenses
2703 3609 2917 3672 contra
2982 3609 3119 3672 illos

386 3693 460 3758 de
510 3694 678 3757 Arbo
725 3692 948 3770 facere,
997 3693 1156 3775 quod
1202 3692 1450 3757 iusticia
1492 3693 1720 3776 exigit:
1771 3693 1942 3758 vadit
2009 3712 2170 3774 pare,
2220 3696 2290 3757 ut
2348 3694 2563 3758 haberi
2626 3695 2825 3776 possit
2885 3695 3121 3778 plenior

386 3780 742 3846 informatio
790 3781 863 3845 de
909 3780 1049 3857 hiis,
1101 3779 1204 3863 qui
1251 3779 1502 3845 fuerunt
1547 3781 1891 3864 culpabiles
1941 3780 2002 3844 in
2048 3780 2289 3860 delicte,
2339 3782 2499 3864 quod
2548 3782 2660 3847 fiat
2681 3783 2986 3866 colegium
3021 3804 3118 3849 se-

381 3870 651 3935 cundum
701 3888 901 3945 usum,
952 3869 1107 3951 quod
1154 3887 1262 3950 per
1302 3868 1601 3933 maiorem
1647 3873 1887 3952 partem
1934 3869 2166 3933 habeat
2208 3869 2570 3934 libertatem
2618 3872 3007 3936 examinandi
3055 3875 3119 3936 et

385 3957 806 4023 tormentandi
852 3955 991 4022 illos
1041 3974 1146 4020 sex
1196 3956 1502 4040 Pagenses
1549 3959 1894 4021 carceratos
1942 3957 2043 4022 hic
2106 3975 2214 4039 pro
2281 3958 2532 4023 scienda
2592 3959 2852 4023 veritate
2899 3961 2977 4022 ab
3026 3959 3114 4022 eis

383 4045 459 4111 de
506 4046 644 4124 hiis,
693 4044 797 4129 qui
844 4043 1307 4127 principaliores
1358 4048 1422 4109 et
1469 4046 1668 4128 magis
1703 4044 2045 4128 culpabiles
2078 4044 2327 4109 fuerunt
2367 4048 2497 4111 tam
2545 4045 2607 4109 in
2641 4046 3109 4128 congregatione

382 4152 570 4216 quam
620 4135 683 4198 in
728 4132 1063 4196 homicidio
1109 4134 1495 4215 perpetrato;
1546 4134 1610 4197 et
1655 4151 1798 4197 cum
1847 4151 1937 4211 ee,
2003 4133 2167 4216 quod
2228 4134 2593 4212 habuerint,
2650 4135 2927 4197 venietur
2973 4132 3107 4210 huc,

382 4224 445 4284 et
491 4222 618 4300 fiet,
666 4221 829 4286 sicut
875 4220 1200 4285 videbitur.
1248 4221 1353 4298 41,
1404 4239 1523 4285 non
1570 4220 1676 4299 30,
1726 4240 1845 4287 non
1884 4220 2106 4286 sinceri
2155 4222 2215 4286 6.

470 4311 650 4370 Misti
698 4306 1024 4389 XXV'58,
1060 4329 1103 4370 u
1147 4311 1485 4372 mletackom
1533 4314 1764 4371 ark‘ivu.

596 4464 1145 4547 CCXXXIII.
1203 4466 1409 4548 God.
1446 4466 1677 4549 1349.
1734 4467 1839 4550 26
1885 4466 2339 4567 listopada,
2394 4489 2453 4547 u
2507 4464 2902 4547 Mletcih.

727 4576 1019 4648 Neprima
1056 4593 1135 4645 sc,
1179 4576 1258 4634 da
1303 4592 1364 4634 sc
1399 4576 1599 4649 povisi
1643 4576 1768 4635 cast
1813 4576 2074 4650 njekojih
2113 4575 2400 4650 yradskih
2439 4575 2770 4634 nacclnika.

601 4679 787 4743 1549.
834 4678 933 4743 die
977 4679 1191 4744 XXVI
1236 4678 1530 4743 octubris
1580 4678 1735 4743 Cum
1782 4698 1892 4761 per
1938 4677 2038 4742 dei
2083 4677 2350 4761 gratiam
2397 4677 2597 4742 multa
2625 4677 2931 4761 regimina
2969 4697 3109 4761 pro-

381 4768 605 4834 cedant
646 4786 685 4832 a
730 4767 937 4832 nostro
984 4767 1273 4847 dominio,
1314 4766 1380 4830 in
1424 4766 1644 4849 quibus
1695 4769 1844 4832 sunt
1886 4785 2070 4848 quam
2103 4765 2369 4848 plurima
2416 4785 2537 4831 non
2584 4765 2788 4832 minus
2836 4768 3099 4833 honora-
