3620 5282
3076 308 3203 377 197

474 505 655 571 quam
717 487 1047 552 habuimus
1109 489 1172 552 et
1223 487 1557 566 habemuS,
1625 488 1689 552 et
1749 485 2136 552 ostendimus
2195 505 2304 570 per
2365 485 2650 551 effectum
2693 484 2758 550 in
2821 484 3201 551 confectione

472 576 879 657 treuguarum
927 575 1089 659 regis
1136 577 1454 657 Hungarie
1501 575 1580 639 ad
1628 575 2155 640 conservationem
2202 576 2264 638 et
2311 574 2538 638 bonum
2609 592 2824 653 suum,
2887 576 2950 638 et
2995 574 3201 657 requi-

471 664 654 728 rendo
700 682 860 741 eum,
910 663 1068 745 quod
1115 663 1177 726 in
1226 664 1345 727 hiis
1395 662 1618 728 nostris
1680 663 1860 728 factis
1923 663 2076 728 velit
2139 662 2214 725 de
2276 662 2631 725 hominibus
2695 662 2825 726 suis
2891 661 3056 744 aptis
3121 660 3199 725 ad

473 750 888 833 navigandum
927 751 1177 816 mittere
1224 751 1287 814 iu
1333 770 1516 832 quam
1564 752 1781 815 maiori
1830 749 2175 833 quantitate
2225 751 2453 830 poterit
2499 749 2577 812 ad
2629 750 2907 814 nostrum
2956 748 3198 813 soldum

473 840 536 902 et
576 857 891 920 expensas,
941 857 1082 902 cum
1130 838 1257 902 illis
1306 838 1528 915 verbiS,
1577 859 1692 921 que
1737 838 2108 903 videbuntur
2154 837 2433 902 decentia
2481 856 2665 919 super
2709 837 2842 901 hoc.

683 927 1002 991 Scribatur
1049 927 1236 991 etiam
1285 926 1499 991 comiti
1548 929 1612 990 et
1658 924 2054 991 universitati
2115 925 2438 990 hominum
2488 924 2742 989 Curzole
2804 923 2880 989 de
2944 923 3203 1006 antiqua

475 1012 907 1091 iurisdictione,
957 1032 1144 1096 quam
1192 1017 1470 1078 nostrum
1518 1033 1841 1078 commune
1884 1013 2103 1078 habuit
2150 1013 2210 1076 in
2258 1013 2463 1077 insula
2511 1014 2678 1093 ipsa,
2736 1012 2801 1076 et
2847 1012 2921 1076 de
2970 1011 3200 1076 securi-

474 1104 604 1166 tate
651 1105 715 1165 et
758 1101 916 1166 bono
965 1103 1155 1177 statu,
1205 1121 1386 1184 quem
1430 1101 1793 1184 ipsainsula
1836 1103 1900 1165 et
1944 1099 2227 1165 homines
2260 1100 2390 1164 eius
2424 1101 2771 1164 habuerunt
2816 1098 2930 1165 sub
2979 1098 3202 1163 umbra

473 1191 536 1253 et
579 1190 956 1273 protectione
999 1189 1433 1254 dominationis
1481 1193 1689 1254 nostre
1736 1189 1897 1254 sicut
1942 1188 2131 1252 ceteri
2181 1188 2374 1252 nostri
2421 1187 2633 1252 fideles
2667 1188 2998 1270 postquam
3051 1187 3203 1251 sunt

474 1277 548 1341 ad
599 1278 871 1360 regimen
922 1279 1268 1342 nostrorum
1315 1277 1565 1355 civium,
1629 1281 1692 1342 et
1745 1276 1905 1359 quod
1968 1277 2294 1359 propterea
2351 1275 2610 1358 dignum
2671 1274 3081 1353 extimamuS,
3129 1275 3203 1338 ut

474 1364 536 1427 in
583 1364 1149 1448 opportunitatibus
1196 1365 1445 1441 nostrie,
1496 1365 1762 1429 maxime
1808 1384 1925 1447 que
1972 1365 2254 1445 spectant
2300 1363 2491 1427 etiam
2540 1363 2617 1426 ad
2660 1362 2929 1426 salutem
2977 1362 3041 1425 et
3094 1361 3206 1426 bo·
3305 1418 3322 1429 ,

475 1471 620 1516 num
669 1471 870 1530 suum,
920 1452 1309 1535 participent.
1358 1454 1438 1516 Et
1482 1455 1807 1535 propterea
1855 1451 2226 1517 notifficetur
2274 1450 2362 1515 eis
2410 1450 2484 1514 de
2550 1451 2794 1515 armata
2858 1448 3050 1514 missa
3095 1468 3207 1531 per

477 1559 603 1617 nos,
648 1543 712 1604 et
758 1559 944 1622 quam
992 1541 1241 1605 mittere
1270 1539 1669 1617 intendimus,
1720 1542 1784 1605 et
1818 1540 2210 1622 requirantur
2235 1538 2437 1604 verbis
2486 1540 2549 1602 et
2595 1537 2795 1602 modis
2822 1536 3202 1614 decentibuS,

475 1627 633 1710 quod
683 1628 844 1692 sicut
886 1630 1073 1692 ceteri
1124 1628 1320 1691 nostri
1368 1628 1577 1691 fideles
1602 1627 1880 1692 fecerunt
1925 1629 1989 1690 et
2035 1627 2288 1704 faciunt,
2334 1626 2422 1690 sic
2470 1628 2533 1689 et
2579 1626 2699 1707 ipsi
2744 1624 2945 1689 facere
2992 1623 3206 1708 dispo-

475 1717 716 1792 nantur,
765 1716 1055 1780 videlicet
1100 1717 1259 1799 qnod
1307 1715 1470 1779 inter
1515 1735 1581 1780 se
1630 1714 1914 1780 ordinent
1958 1718 2021 1778 et
2068 1714 2331 1792 faciant,
2382 1714 2543 1795 quod
2605 1712 2941 1777 habeamus
2989 1711 3064 1776 de
3112 1712 3206 1777 in-

474 1802 611 1868 sula
656 1802 931 1885 predicta
973 1822 1163 1887 usque
1210 1804 1285 1867 ad
1324 1804 1574 1867 centum
1622 1802 1900 1867 homines
1960 1802 2036 1867 ad
2096 1802 2304 1865 minus
2346 1800 2611 1865 furnitos
2677 1802 2740 1864 et
2800 1801 3048 1883 paratos
3095 1816 3205 1882 pro

476 1890 710 1955 duobus
759 1891 1074 1956 mensibus
1123 1910 1233 1974 pro
1282 1890 1479 1956 eundo
1528 1909 1669 1955 cum
1714 1891 1988 1972 presenti
2030 1889 2275 1954 armata
2307 1891 2536 1953 nostra.
2587 1888 2668 1952 Et
2714 1887 2767 1952 si
2816 1886 2975 1951 forte
3022 1904 3208 1971 agra-

476 1980 647 2043 varet
693 1998 793 2043 eos
842 1978 1089 2043 soldum
1137 1983 1201 2043 et
1248 1998 1545 2060 expensas
1595 1980 1778 2061 ipsas,
1842 1978 2070 2042 erimus
2132 1975 2442 2053 contenti,
2493 1975 2654 2059 quod
2723 1992 3050 2040 commune
3097 1992 3204 2038 no-

476 2069 675 2130 strum
725 2067 1054 2149 participet
1101 2067 1164 2129 in
1213 2067 1411 2131 dictas
1458 2085 1750 2149 expensas
1800 2067 1861 2129 in
1909 2085 1980 2130 ea
2027 2066 2203 2148 parte
2250 2067 2314 2128 et
2363 2064 2523 2127 sicut
2569 2064 2655 2127 eis
2690 2062 2964 2128 extiterit
3002 2060 3206 2144 magis

474 2157 742 2237 gratum.
790 2154 874 2217 Et
916 2154 1223 2218 scribatur
1268 2155 1562 2237 potestati
1597 2155 1791 2218 Lesne
1838 2154 1910 2217 de
1944 2153 2076 2232 hoc,
2125 2151 2286 2234 quod
2333 2151 2660 2215 scribimus
2709 2149 3090 2228 Curcolanis,
3142 2151 3207 2214 et

479 2243 640 2323 quod
691 2242 876 2307 vadat
923 2261 1025 2306 seu
1076 2243 1294 2305 mittat
1340 2243 1415 2305 ad
1451 2241 1894 2324 procurandam
1939 2259 2076 2305 cum
2126 2240 2233 2317 ei8‚
2284 2238 2443 2322 quod
2469 2237 2884 2322 adimpleatur
2929 2238 3209 2302 nostrum

477 2331 835 2393 mandatum
887 2331 950 2393 et
994 2330 1255 2393 intentio
1303 2330 1678 2412 supradicta.

685 2419 991 2481 Potestati
1041 2420 1247 2481 autem
1302 2417 1519 2497 Lesne‚
1569 2416 1876 2482 iudicibus
1916 2417 1979 2481 et
2031 2414 2395 2480 comunibus
2455 2414 2803 2479 insularum
2850 2411 2998 2477 dicti
3047 2410 3211 2494 regi-

476 2504 662 2569 minis
711 2506 1018 2569 scribatur
1062 2507 1135 2570 de
1182 2505 1451 2588 presenti
1495 2508 1735 2570 armata
1783 2505 2018 2581 nostra,
2070 2505 2130 2567 et
2179 2504 2252 2566 de
2302 2520 2371 2567 eo
2419 2502 2579 2584 quod
2627 2501 2910 2566 fecerunt
2957 2502 3021 2564 et
3058 2498 3208 2563 faci-

475 2594 588 2659 unt
634 2594 823 2658 ceteri
871 2592 1067 2658 nostri
1114 2591 1327 2658 fideles
1377 2594 1439 2656 in
1485 2592 1930 2658 contribuendo
1978 2591 2053 2656 de
2100 2590 2451 2656 hominibus
2516 2590 2678 2667 suiS,
2746 2591 2812 2655 et
2858 2589 3020 2671 quod
3066 2605 3211 2652 cum

477 2680 914 2759 intelleximuS,
963 2681 1124 2764 quod
1174 2681 1527 2756 infirmitaS‚
1574 2701 1682 2764 per
1729 2699 1916 2763 quam
1961 2699 2027 2745 se
2074 2682 2442 2743 excusarunt
2488 2677 2705 2760 pridie,
2755 2678 2852 2742 est
2898 2674 3099 2741 solum
3147 2675 3212 2738 in

475 2786 598 2832 una
645 2769 991 2832 insularum
1042 2789 1088 2833 s.
1140 2789 1222 2832 m.
1275 2769 1546 2852 (lacuna)
1595 2771 1658 2833 et
1704 2769 1766 2832 in
1829 2768 1969 2833 aliis
2018 2767 2253 2831 duabus
2316 2765 2507 2830 nichil
2564 2767 2660 2829 est
2704 2764 2779 2829 de
2821 2762 3212 2846 ‚infirmitate

478 2856 771 2938 predicta,
823 2857 911 2920 ita
958 2857 1121 2938 quod
1173 2857 1325 2921 bene
1372 2876 1590 2939 parare
1644 2856 1933 2938 poterant
1980 2857 2044 2919 et
2104 2855 2391 2936 poterunt
2451 2871 2776 2917 numerum
2839 2851 3044 2934 gentis
3092 2850 3213 2913 sibi

476 2944 787 3026 imposito,
836 2943 1101 3009 debeant
1149 2945 1315 3009 omni
1365 2945 1681 3009 occasione
1729 2945 1969 3008 remota
2001 2943 2298 3023 deputare
2345 2943 2409 3004 et
2455 2941 2728 3003 invenire
2753 2939 2828 3003 de
2854 2937 3208 3002 hominibus

479 3033 630 3110 suiS,
679 3031 784 3114 qui
834 3031 963 3095 sint
1009 3032 1386 3097 sufficientes
1435 3034 1498 3096 et
1529 3033 1660 3114 apti
1687 3029 1752 3110 C,
1804 3033 1876 3095 ut
1907 3030 2023 3096 sibi
2074 3028 2435 3111 scripsimus
2481 3028 2656 3105 aliaS,
2703 3045 2812 3110 pro
2837 3025 3034 3090 eundo
3068 3043 3212 3089 cum

475 3122 720 3183 armata
764 3122 991 3198 nostra,
1043 3120 1320 3184 faciendo
1368 3119 1528 3201 quod
1576 3119 1702 3183 sint
1744 3118 1944 3201 parati
1991 3118 2122 3182 sine
2188 3115 2337 3182 fallo
2402 3134 2590 3197 usque
2637 3116 2713 3179 ad
2755 3114 2889 3179 dies
2935 3112 3214 3178 XXVIII

477 3206 779 3289 presentis
828 3208 1076 3279 mensis
1133 3272 1140 3281 ,

687 3293 992 3377 Raguseis
1041 3314 1181 3360 vero
1230 3295 1542 3359 scribatur
1587 3293 2139 3360 recommendando
2201 3292 2567 3357 fidelitatem
2627 3308 2840 3355 eorum
2890 3290 2964 3354 de
3012 3288 3210 3372 galea,

482 3400 665 3463 quam
717 3383 1038 3458 miserunt,
1088 3386 1151 3448 et
1198 3383 1565 3448 notificando
1611 3383 1699 3446 eis
1762 3383 1838 3445 de
1900 3383 2144 3446 armata
2190 3383 2399 3444 nostra
2463 3379 2754 3462 presenti,
2799 3379 2864 3443 et
2909 3378 3212 3460 quantum

478 3469 567 3533 sit
612 3470 957 3534 necessaria
1004 3473 1209 3535 nostre
1252 3470 1695 3535 conservationi
1741 3471 1806 3534 et
1852 3488 1979 3546 sue,
2029 3472 2093 3534 et
2140 3467 2299 3550 quod
2335 3487 2477 3532 cum
2510 3484 2827 3548 speremus
2873 3482 2980 3548 per
3005 3481 3214 3528 acces·

476 3576 615 3621 sum
664 3558 1137 3623 ambaxatorum
1183 3562 1540 3622 nostrorum
1588 3559 1664 3621 ad
1715 3576 1924 3639 regem
1971 3557 2162 3621 Raxie
2209 3574 2342 3620 esse
2392 3573 2502 3618 seu
2551 3554 2687 3635 poni
2738 3552 2962 3618 debere
3009 3551 3101 3615 sic
3148 3552 3214 3614 in

478 3643 704 3727 quiete,
757 3647 915 3728 quod
962 3645 1424 3710 racionabiliter
1470 3647 1543 3710 de
1590 3647 1762 3709 statu
1810 3663 1920 3709 suo
1967 3663 2083 3708 non
2131 3644 2423 3725 poterunt
2486 3641 2801 3720 dubitare,
2868 3639 3108 3716 vellint‚
3159 3638 3214 3701 si

475 3732 611 3795 sine
658 3732 987 3797 manifesto
1034 3752 1245 3797 eorum
1298 3733 1570 3814 periculo
1616 3734 1730 3796 hoc
1773 3733 1907 3796 fieri
1937 3731 2183 3814 poterit,
2234 3748 2424 3794 unam
2472 3729 2658 3793 aliam
2699 3727 2945 3810 galeam
2993 3742 3212 3809 parare

477 3821 543 3884 et
593 3838 834 3884 armare
881 3821 956 3883 de
1002 3821 1352 3885 hominibus
1403 3820 1531 3884 suis
1580 3822 1655 3884 ad
1684 3821 1964 3886 nostrum
2006 3818 2246 3883 soldum
2296 3820 2358 3882 et
2405 3816 2702 3899 expensis,
2751 3816 2840 3878 ita
2885 3812 3047 3895 quod
3073 3829 3212 3876 eam

476 3908 762 3989 paratam
810 3907 1152 3972 habeamus
1191 3910 1267 3972 ad
1314 3908 1561 3991 longius
1626 3927 1734 3989 per
1798 3910 1998 3972 totum
2061 3908 2410 3988 presentem
2477 3921 2752 3968 mensem
2818 3899 2894 3965 ad
2943 3901 3214 3964 eundum

475 4014 617 4058 cum
665 3994 905 4078 reliqua
954 3997 1166 4060 nostra
1212 3998 1457 4060 armata
1503 3997 1905 4077 procuratura
1949 3993 2276 4059 fideliciter
2319 3992 2552 4057 bonum
2601 3990 2881 4055 nostrum
2915 3989 2980 4052 et
3010 4006 3215 4051 suum.

479 4083 561 4146 Et
607 4083 914 4147 scribatur
948 4084 1179 4162 comiti,
1238 4084 1397 4165 quod
1447 4083 1519 4146 de
1569 4082 1771 4146 insula
1839 4081 2155 4165 Auguste,
2221 4100 2338 4163 que
2400 4078 2759 4143 immediate
2821 4075 3094 4159 pertinet
3138 4076 3214 4138 ad

482 4170 761 4235 nostrum
810 4189 1156 4250 commune,
1205 4170 1391 4235 faciat
1426 4170 1627 4253 parari
1661 4169 2055 4253 quamplures
2104 4169 2379 4234 homines
2425 4165 2652 4249 poterit
2703 4183 2812 4248 pro
2860 4165 3071 4228 nostra
3118 4181 3216 4227 ar-

482 4260 652 4323 mata
699 4258 960 4341 prefata.

690 4346 776 4411 Ut
823 4349 1031 4411 autem
1081 4347 1358 4429 predicta
1405 4346 1612 4409 omnia
1659 4347 1722 4410 et
1786 4344 2033 4427 singula
2095 4342 2315 4408 melius
2363 4345 2428 4407 et
2473 4340 2742 4406 velocius
2801 4338 2878 4404 ad
2921 4338 3214 4404 effectum

473 4434 778 4499 ducantur
825 4434 1162 4498 secundum
1208 4433 1612 4498 intentionem
1661 4437 1970 4511 nostram,
2020 4433 2085 4496 et
2142 4450 2250 4514 pro
2312 4428 2723 4512 recuperando
2769 4426 3050 4492 homines
3098 4443 3212 4509 pro

476 4523 613 4604 ipsa
659 4523 903 4586 armata
966 4525 1177 4585 nostra
1235 4524 1366 4586 tam
1431 4539 1466 4584 a
1511 4539 1678 4584 remo
1738 4540 1924 4603 quam
1996 4520 2072 4584 de
2119 4518 2270 4600 pede
2317 4518 2381 4581 in
2425 4516 2594 4581 omni
2649 4516 2853 4597 parte,
2905 4513 3211 4590 dominuS,

476 4609 837 4689 consiliarii,
890 4609 1101 4691 capita
1149 4611 1213 4673 et
1257 4610 1567 4690 sapientes
1615 4607 1886 4672 habeant
1948 4606 2305 4670 libertatem
2352 4601 2948 4678 mittendifnuncios
2995 4601 3059 4665 et
3103 4599 3213 4663 lit-

477 4700 666 4777 teraS,
718 4702 782 4762 et
831 4695 1286 4761 determinandi
1334 4696 1409 4761 de
1455 4695 1652 4774 soldo,
1700 4696 1767 4759 et
1809 4693 1937 4758 alia
1983 4693 2191 4758 omnia
2234 4693 2298 4758 et
2344 4691 2591 4775 singula
2649 4688 2908 4755 faciendi
2953 4704 3063 4771 pro
3109 4705 3211 4751 ex-
