3620 5282
513 310 645 382 394

717 493 799 559 Et
843 493 1135 558 similiter
1187 491 1497 558 scribatur
1542 493 1790 558 domino
1825 493 2180 576 imperatori
2215 493 2640 559 Romanorum
2672 512 2743 559 ac
2772 492 3037 558 ducibus
3076 489 3271 557 Aus-

510 582 627 646 trie
677 583 734 645 in
787 581 896 644 illa
945 580 1163 654 forma,
1216 601 1334 664 que
1385 582 1703 662 pertinens
1752 582 2064 645 videbitur
2110 586 2173 646 et
2218 583 2497 647 honesta.

597 689 836 748 Secreta
885 687 1058 749 Cous.
1106 689 1251 764 Roq.
1306 690 1380 752 R.
1432 692 1578 767 134,
1627 708 1667 748 u
1715 691 1870 752 mlet.
1917 692 2153 751 arkivu.

819 877 1175 959 DXLII.
1232 877 1437 960 God.
1492 880 1721 963 1396.
1778 880 1875 962 21
1929 880 2362 982 prosimu,
2415 901 2475 961 u
2529 880 2919 962 Mletcih.

510 1020 801 1079 Mletcani
842 1022 1207 1096 odyovaraju
1252 1024 1622 1094 poslane‘lrom
1667 1041 1815 1081 cara
1859 1024 2158 1095 rimskoya
2217 1021 2573 1082 venceslava
2612 1040 2697 1083 na
2728 1024 2987 1097 piluma,
3031 1023 3260 1083 ,enada

1087 1111 1131 1168 li
1173 1111 1269 1170 §ta
1315 1128 1347 1168 o
1387 1112 1628 1169 sudbini
1673 1112 1874 1183 kral-ja
1920 1111 2252 1185 uyarskoqa
2299 1110 2650 1185 Siqmunda.

729 1225 911 1292 1396.
963 1228 1297 1293 indictione
1348 1230 1422 1305 V,
1473 1229 1572 1293 die
1619 1231 1691 1293 21
1749 1230 2115 1294 decembris.
2162 1228 2270 1294 Ser
2317 1231 2667 1295 Leonardus
2715 1229 3003 1294 Dandulo
3053 1230 3257 1294 miles

512 1318 889 1394 procurator,
942 1335 1040 1380 ser
1091 1317 1436 1381 Pantbaleo
1484 1318 1686 1382 Barbo
1736 1317 1936 1392 mileS,
2009 1337 2108 1382 ser
2188 1318 2409 1382 Petrus
2459 1319 2660 1402 Aymo
2711 1320 2914 1396 miles,
2979 1338 3079 1383 ser
3129 1317 3255 1383 Jo-

511 1402 743 1465 hannes
790 1404 1139 1469 Barbadico
1182 1405 1382 1482 mileS,
1433 1425 1533 1469 ser
1579 1405 1845 1470 Michael
1910 1405 2099 1470 Steno
2156 1411 2530 1486 procurator,
2592 1408 2902 1487 sapientes
2965 1406 3253 1470 consilii.

519 1487 748 1570 Capta:
800 1492 959 1573 quod
1010 1494 1451 1575 respondeatur
1497 1494 2018 1559 ambasiatoribus
2065 1493 2446 1558 serenissimi
2516 1495 2749 1558 domini
2809 1495 3254 1558 Romanorum

506 1581 570 1640 et
620 1577 916 1643 Bohemie
965 1582 1128 1662 regis
1176 1584 1292 1646 eto.

724 1666 813 1729 Ad
867 1669 1200 1749 septimum
1256 1669 1594 1751 capitulum
1642 1668 1874 1733 faciens
1924 1668 2316 1746 mentionem,
2389 1668 2441 1733 si
2512 1668 2747 1751 aliquid
2812 1669 3125 1733 sentimus
3170 1669 3254 1734 de

511 1752 907 1818 serenissimo
947 1755 1197 1820 domino
1248 1775 1391 1839 rege
1439 1757 1793 1838 Hungai·ie;
1845 1760 1909 1820 et
1955 1758 2007 1820 si
2054 1759 2428 1820 sentiremus
2475 1776 2616 1820 eum
2665 1756 2726 1820 in
2775 1756 3085 1840 aliquibus
3134 1777 3254 1820 ne-

512 1843 913 1906 cessitatibus
966 1843 1057 1907 vel
1104 1847 1432 1927 augustiis,
1483 1847 1640 1927 quod
1687 1845 2119 1926 provideamus
2167 1844 2285 1909 sibi
2333 1846 2408 1908 de
2455 1842 2728 1908 remedio
2796 1848 2935 1921 etc„
2983 1863 3251 1926 respon-

509 1928 769 1992 deatur:
821 1932 981 2012 quod
1031 1931 1208 2006 illud,
1258 1933 1414 2015 quod
1464 1931 1764 1996 sentimus
1799 1936 1863 1995 et
1908 1931 2207 1995 habemus
2274 1932 2348 1995 de
2415 1933 2548 2014 ipso
2618 1930 2863 1995 domino
2922 1950 3067 2014 rege
3120 1933 3250 2014 ipsi

509 2018 786 2079 sentiunt
847 2025 907 2079 et-
954 2020 1184 2082 habent
1234 2026 1300 2084 ut
1347 2039 1453 2084 nos
1499 2021 1575 2083 de
1624 2020 1876 2083 sinistro
1923 2021 1987 2082 et
2030 2018 2260 2084 infelici
2305 2038 2449 2083 casu
2498 2020 2628 2083 eius
2653 2022 2717 2083 et
2762 2020 2859 2083 sui
2917 2020 3249 2085 esercitus.

509 2102 701 2168 Novit
746 2105 918 2181 douS,
968 2125 1147 2189 quem
1199 2108 1286 2171 nil
1332 2107 1503 2184 latet,
1555 2126 1661 2170 nos
1704 2108 2087 2189 portavimus
2135 2109 2200 2169 et
2270 2110 2582 2189 portamus
2657 2106 2832 2169 illam
2903 2107 3247 2172 cordialem

508 2190 961 2273 displicentiam
1023 2197 1086 2258 et
1132 2196 1495 2276 passionem,
1544 2214 1726 2276 quam
1781 2197 2018 2276 portare
2054 2213 2377 2275 possumus
2411 2197 2538 2258 tam
2573 2196 2826 2277 propter
2857 2193 3248 2277 singularem

507 2279 852 2358 caritatem,
886 2299 1004 2363 qua
1037 2283 1346 2346 coniuncti
1395 2302 1609 2346 sumus
1656 2301 1883 2353 secum,
1929 2300 2112 2363 quam
2161 2287 2409 2364 propter
2454 2283 2698 2358 damna,
2778 2301 2898 2365 que
2958 2302 3031 2346 ex
3092 2301 3249 2347 casu

507 2365 616 2429 illo
650 2372 978 2448 sequentur
1009 2388 1198 2451 regno
1230 2388 1341 2435 suo
1411 2373 1474 2433 et
1548 2372 1661 2434 toti
1742 2369 2201 2443 christianitati,
2252 2389 2360 2451 pro
2405 2369 2578 2434 cuius
2639 2372 2810 2451 regni
2860 2372 3249 2434 conservati-

507 2470 641 2528 one,
693 2456 853 2535 regis
901 2457 964 2519 et
1009 2474 1224 2521 corone
1271 2456 1586 2539 Hungarie
1633 2475 1726 2534 ea,
1774 2476 1893 2539 que
1969 2456 2195 2538 elapsis
2267 2458 2647 2538 temporibus
2715 2457 2996 2537 fecimus,
3085 2459 3248 2523 certi

507 2542 822 2606 reddimur
898 2542 1025 2607 sore
1087 2545 1174 2610 iia
1222 2545 1467 2626 publica
1515 2547 1627 2609 toti
1679 2545 1925 2619 mundo,
1975 2544 2134 2626 quod
2181 2545 2347 2608 circa
2390 2563 2600 2608 eorum
2652 2545 3073 2609 narrationem
3124 2565 3247 2611 non

506 2627 886 2695 intendimus
933 2630 1244 2699 laborare:
1287 2637 1360 2697 et
1406 2632 1491 2696 ita
1539 2631 1613 2696 ad
1660 2651 1909 2715 presens
1956 2632 2329 2697 facimus‘et
2371 2652 2587 2698 sumus
2619 2632 2903 2716 dispositi
2937 2632 3148 2699 facere
3180 2635 3244 2700 iu

506 2716 783 2781 futurum
835 2720 896 2781 in
920 2720 1035 2797 his,
1072 2740 1188 2804 que
1234 2720 1684 2786 rationabiliter
1733 2720 1864 2786 fieri
1915 2723 2169 2804 possunt
2215 2722 2389 2803 parte
2440 2722 2671 2785 nostra.
2733 2718 2838 2799 99,
2887 2722 2962 2785 de
3009 2740 3133 2786 non
3181 2723 3245 2801 2,

507 2823 622 2868 non
672 2805 895 2871 sinceri
950 2808 1010 2873 2.
1680 2840 1687 2845 ·

594 2912 836 2974 Secreta
885 2913 1059 2975 Cous.
1105 2916 1252 2992 Roy.
1299 2917 1374 2977 R.
1426 2919 1572 2989 135,
1623 2935 1665 2976 u
1710 2917 1866 2977 mlet.
1917 2918 2152 2976 arkivu.

799 3123 959 3204 DX
974 3124 1200 3206 LIII.
1257 3126 1460 3209 God.
1522 3125 1749 3208 1396.
1802 3124 1897 3206 27
1951 3124 2377 3226 prosince,
2433 3130 2492 3205 u
2546 3123 2938 3208 Mletolb.

1059 3275 1222 3360 Sabe
1266 3306 1327 3347 se
1371 3289 1649 3360 poslanik
1694 3305 1777 3345 na
1822 3290 2016 3345 susret
2076 3285 2408 3357 aqam-hro.
2454 3279 2683 3358 kralju.

728 3405 890 3468 1396
955 3407 1286 3470 indictione
1330 3407 1404 3479 V,
1456 3406 1552 3469 die
1602 3405 1681 3467 27
1732 3404 2100 3469 decembris.
2174 3401 2287 3468 Ser
2353 3403 2691 3468 Panthaleo
2760 3403 2964 3467 Barbo
3033 3402 3244 3483 mileS,

507 3511 605 3556 ser
653 3493 872 3556 Petrus
919 3495 1121 3577 Aymo
1173 3494 1369 3567 miles,
1419 3493 1727 3575 sapientes
1774 3491 2039 3555 consilii.
2088 3490 2245 3570 Quia
2293 3511 2401 3573 per
2449 3493 2635 3555 istam
2702 3492 2903 3555 navim
2954 3487 3243 3555 Santucii

506 3580 582 3643 de
632 3580 989 3658 Benedicto‚
1027 3584 1128 3665 qui
1177 3582 1308 3646 heri
1359 3582 1657 3646 Venetias
1700 3580 2022 3661 applicuit,
2087 3598 2335 3642 sensum
2400 3581 2516 3655 est,
2586 3580 2746 3661 quod
2797 3596 2915 3643 una
2950 3578 3239 3660 griparia

509 3669 581 3733 de
628 3667 947 3741 Mothono,
999 3690 1116 3752 que
1161 3673 1295 3733 erat
1334 3671 1397 3733 in
1444 3670 1731 3732 Parentio
1790 3686 1897 3730 seu
1945 3668 2223 3731 homines
2273 3667 2465 3748 ipsius
2513 3666 2879 3740 referebant,
2928 3666 3089 3748 quod
3133 3665 3246 3730 die

508 3759 679 3820 sexto
728 3758 959 3821 mensis
1011 3758 1310 3838 presentis
1358 3758 1789 3839 applicuerunt
1841 3754 2201 3818 Mothonum
2250 3761 2514 3835 quatuor
2546 3753 2739 3837 galee,
2782 3770 2905 3816 una
2933 3754 3010 3816 de
3039 3752 3248 3819 Jadra

508 3847 573 3908 et
620 3845 747 3907 tres
788 3849 1009 3917 nostre,
1062 3866 1245 3927 super
1293 3847 1515 3926 quibus
1561 3847 1695 3907 erat
1740 3843 2171 3905 serenissimus
2220 3842 2503 3906 dominus
2551 3860 2655 3904 rex
2725 3840 3044 3923 Hungarie
3092 3860 3247 3907 cum

510 3932 803 3996 comitiva
852 3952 994 4005 sua:
1044 3937 1106 3996 et
1158 3937 1377 3996 bonum
1429 3932 1514 3995 sit
1559 3934 1786 3995 sentire
1840 3930 2165 3992 veritatem
2213 3933 2471 3993 istorum
2522 3946 2812 3992 novorum
2847 3933 2914 3993 et
2944 3927 3251 3993 similiter

509 4019 734 4084 habere
785 4020 1277 4083 informationem
1327 4020 1401 4083 de
1448 4020 1647 4095 modo,
1693 4037 1873 4100 quem
1925 4017 2198 4080 servabit
2229 4017 2359 4097 ipse
2391 4017 2675 4081 domiuus
2711 4035 2812 4079 rex
2844 4017 2908 4079 in
2932 4014 3248 4081 descensu

509 4125 639 4179 suo,
693 4110 755 4170 et
803 4109 874 4171 de
923 4108 1361 4172 deliberatione
1410 4107 1503 4170 sui
1552 4124 1845 4170 ascensus
1894 4104 1970 4166 ad
2018 4108 2223 4186 partes
2277 4102 2625 4187 Hungarie:
2674 4104 2845 4167 vadit
2876 4121 3038 4185 para,
3073 4104 3247 4185 quod

509 4214 615 4274 per
660 4214 844 4258 unum
897 4215 967 4258 ex
1019 4197 1203 4278 lignis
1253 4197 1481 4258 nostris
1529 4195 1749 4275 riperie
1784 4191 1967 4256 Istrie
2018 4192 2115 4255 vel
2165 4190 2440 4256 Marchie
2490 4192 2642 4255 bene
2692 4192 2752 4255 in
2804 4195 3036 4273 puncto
3069 4194 3142 4255 et
3173 4193 3242 4255 in

509 4282 719 4346 ordine
766 4286 1014 4347 tantum
1065 4287 1291 4365 prest0,
1341 4284 1642 4362 quantum
1687 4300 1820 4343 esse
1866 4280 2114 4360 poterit,
2168 4280 2460 4343 mittatur
2506 4297 2659 4342 unus
2711 4284 2919 4341 noster
2968 4279 3241 4343 nuncius

509 4370 585 4433 ad
635 4375 1053 4451 exequendum
1106 4370 1413 4453 predicta:
1456 4371 1550 4432 cui
1600 4368 2054 4443 committatur,
2105 4368 2265 4449 qnod
2341 4385 2474 4430 cum
2548 4364 2712 4428 dicto
2776 4365 2943 4449 ligno
2990 4364 3080 4428 ire
3131 4367 3244 4430 de·

509 4459 654 4521 beat
700 4458 939 4522 solicite
981 4464 1042 4521 et
1088 4464 1292 4538 presto
1341 4476 1535 4538 usque
1584 4455 1659 4518 ad
1712 4457 1923 4538 partes
1971 4455 2249 4537 Ragusii,
2301 4455 2497 4518 eundo
2544 4472 2650 4535 per
2678 4453 2968 4532 ripariam
3000 4452 3246 4517 deloco

508 4547 585 4610 ad
634 4545 861 4618 locum,
912 4547 1345 4629 investigando
1386 4547 1450 4608 et
1496 4545 1822 4607 senciendo
1870 4544 1931 4605 in
1980 4543 2147 4606 omni
2191 4547 2363 4623 parte
2411 4543 2485 4604 de
2533 4543 2660 4621 ipso
2708 4542 2956 4604 domiuo
2982 4557 3151 4621 rege,
3181 4544 3249 4605 et

511 4635 611 4695 ubi
660 4638 772 4705 est,
821 4637 932 4697 aut
980 4634 1039 4697 in
1084 4652 1204 4715 quo
1255 4633 1387 4696 loco
1435 4631 1838 4694 descenderit.
1933 4630 2014 4692 Et
2058 4630 2110 4692 si
2160 4650 2195 4693 a
2241 4630 2517 4712 Ragusio
2562 4629 2721 4691 citra
2771 4629 2830 4691 in
2882 4628 2984 4692 via
3032 4627 3133 4691 vel
3183 4627 3249 4691 in

512 4721 715 4804 aliquo
762 4718 913 4798 loco,
964 4721 1029 4784 in
1076 4739 1193 4803 quo
1242 4721 1660 4797 descenderet,
1707 4718 1983 4782 inveniet
2029 4717 2234 4800 ipsum
2282 4718 2595 4782 dominum
2633 4733 2868 4799 regem,
2902 4718 3036 4779 tum
3070 4733 3249 4781 com-
