<?xml version="1.0" encoding="UTF-8"?>
<!DOCTYPE html PUBLIC "-//W3C//DTD XHTML 1.0 Transitional//EN"
    "http://www.w3.org/TR/xhtml1/DTD/xhtml1-transitional.dtd">
<html xmlns="http://www.w3.org/1999/xhtml" xml:lang="en" lang="en">
 <head>
  <title>
</title>
<meta http-equiv="Content-Type" content="text/html;charset=utf-8" />
  <meta name='ocr-system' content='tesseract 3.04.00' />
  <meta name='ocr-capabilities' content='ocr_page ocr_carea ocr_par ocr_line ocrx_word'/>
</head>
<body>
  <div class='ocr_page' id='page_1' title='image "./monumentaspecta02umjegoog_0612.png"; bbox 0 0 3620 5282; ppageno 0'>
   <div class='ocr_carea' id='block_1_1' title="bbox 524 398 611 467">
    <p class='ocr_par' dir='ltr' id='par_1_1' title="bbox 524 398 611 467">
     <span class='ocr_line' id='line_1_1' title="bbox 524 398 611 467; baseline 0 -2"><span class='ocrx_word' id='word_1_1' title='bbox 524 398 611 467; x_wconf 82' lang='lat'><strong>60</strong></span> 
     </span>
    </p>
   </div>
   <div class='ocr_carea' id='block_1_2' title="bbox 522 572 3257 2839">
    <p class='ocr_par' dir='ltr' id='par_1_2' title="bbox 524 572 3257 1009">
     <span class='ocr_line' id='line_1_2' title="bbox 524 572 3257 660; baseline -0.002 -17"><span class='ocrx_word' id='word_1_2' title='bbox 524 580 702 644; x_wconf 89' lang='lat' dir='ltr'><strong>tuum</strong></span> <span class='ocrx_word' id='word_1_3' title='bbox 751 595 945 660; x_wconf 87' lang='lat' dir='ltr'><strong>supra·</strong></span> <span class='ocrx_word' id='word_1_4' title='bbox 983 574 1239 653; x_wconf 87' lang='lat' dir='ltr'><strong>dictum,</strong></span> <span class='ocrx_word' id='word_1_5' title='bbox 1290 592 1478 657; x_wconf 89' lang='lat' dir='ltr'><strong>qnare</strong></span> <span class='ocrx_word' id='word_1_6' title='bbox 1526 574 1860 639; x_wconf 86' lang='lat' dir='ltr'><strong>verisimile</strong></span> <span class='ocrx_word' id='word_1_7' title='bbox 1908 575 2023 651; x_wconf 90' lang='lat' dir='ltr'><strong>est,</strong></span> <span class='ocrx_word' id='word_1_8' title='bbox 2071 573 2227 656; x_wconf 89' lang='lat' dir='ltr'><strong>quod</strong></span> <span class='ocrx_word' id='word_1_9' title='bbox 2274 572 2508 638; x_wconf 88' lang='lat' dir='ltr'><strong>dictam</strong></span> <span class='ocrx_word' id='word_1_10' title='bbox 2579 572 2896 637; x_wconf 77' lang='lat' dir='ltr'>licentiam</span> <span class='ocrx_word' id='word_1_11' title='bbox 2959 572 3056 636; x_wconf 89' lang='lat' dir='ltr'><strong>vel</strong></span> <span class='ocrx_word' id='word_1_12' title='bbox 3117 591 3257 654; x_wconf 84' lang='lat' dir='ltr'><strong>pro-</strong></span> 
     </span>
     <span class='ocr_line' id='line_1_3' title="bbox 525 660 3252 744; baseline -0.002 -15"><span class='ocrx_word' id='word_1_13' title='bbox 525 666 882 730; x_wconf 83' lang='lat' dir='ltr'>missionem</span> <span class='ocrx_word' id='word_1_14' title='bbox 946 683 1066 728; x_wconf 91' lang='lat' dir='ltr'><strong>non</strong></span> <span class='ocrx_word' id='word_1_15' title='bbox 1120 663 1429 739; x_wconf 80' lang='lat' dir='ltr'><strong>fecissent,</strong></span> <span class='ocrx_word' id='word_1_16' title='bbox 1490 663 1544 727; x_wconf 93' lang='lat' dir='ltr'><strong>si</strong></span> <span class='ocrx_word' id='word_1_17' title='bbox 1608 663 1946 726; x_wconf 87' lang='lat' dir='ltr'><strong>sensissent</strong></span> <span class='ocrx_word' id='word_1_18' title='bbox 2008 662 2523 744; x_wconf 71' lang='lat' dir='ltr'><strong>impedimentum</strong></span> <span class='ocrx_word' id='word_1_19' title='bbox 2594 660 2839 742; x_wconf 85' lang='lat' dir='ltr'><strong>aliquod</strong></span> <span class='ocrx_word' id='word_1_20' title='bbox 2889 660 3252 724; x_wconf 87' lang='lat' dir='ltr'><strong>affuturum.</strong></span> 
     </span>
     <span class='ocr_line' id='line_1_4' title="bbox 524 747 3256 835; baseline -0.001 -20"><span class='ocrx_word' id='word_1_21' title='bbox 524 752 756 817; x_wconf 88' lang='lat' dir='ltr'><strong>Verum</strong></span> <span class='ocrx_word' id='word_1_22' title='bbox 802 753 854 816; x_wconf 90' lang='lat' dir='ltr'><strong>si</strong></span> <span class='ocrx_word' id='word_1_23' title='bbox 902 751 1180 835; x_wconf 88' lang='lat' dir='ltr'><strong>predicta</strong></span> <span class='ocrx_word' id='word_1_24' title='bbox 1224 750 1500 814; x_wconf 87' lang='lat' dir='ltr'><strong>obtinere</strong></span> <span class='ocrx_word' id='word_1_25' title='bbox 1550 769 1666 814; x_wconf 92' lang='lat' dir='ltr'><strong>non</strong></span> <span class='ocrx_word' id='word_1_26' title='bbox 1715 769 1942 832; x_wconf 87' lang='lat' dir='ltr'><strong>posses,</strong></span> <span class='ocrx_word' id='word_1_27' title='bbox 1994 753 2174 833; x_wconf 90' lang='lat' dir='ltr'><strong>prout</strong></span> <span class='ocrx_word' id='word_1_28' title='bbox 2220 768 2409 831; x_wconf 90' lang='lat' dir='ltr'><strong>supra</strong></span> <span class='ocrx_word' id='word_1_29' title='bbox 2449 749 2682 813; x_wconf 91' lang='lat' dir='ltr'><strong>dictum</strong></span> <span class='ocrx_word' id='word_1_30' title='bbox 2717 748 2832 824; x_wconf 80' lang='lat' dir='ltr'><strong>est,</strong></span> <span class='ocrx_word' id='word_1_31' title='bbox 2882 748 3095 812; x_wconf 89' lang='lat' dir='ltr'><strong>redeas</strong></span> <span class='ocrx_word' id='word_1_32' title='bbox 3130 747 3256 811; x_wconf 89' lang='lat' dir='ltr'><strong>Ve-</strong></span> 
     </span>
     <span class='ocr_line' id='line_1_5' title="bbox 524 834 3249 919; baseline -0.001 -16"><span class='ocrx_word' id='word_1_33' title='bbox 524 840 725 904; x_wconf 88' lang='lat' dir='ltr'><strong>netias</strong></span> <span class='ocrx_word' id='word_1_34' title='bbox 773 841 903 904; x_wconf 90' lang='lat' dir='ltr'><strong>sine</strong></span> <span class='ocrx_word' id='word_1_35' title='bbox 950 839 1074 903; x_wconf 87' lang='lat' dir='ltr'><strong>alia</strong></span> <span class='ocrx_word' id='word_1_36' title='bbox 1120 837 1438 914; x_wconf 88' lang='lat' dir='ltr'><strong>dilatione,</strong></span> <span class='ocrx_word' id='word_1_37' title='bbox 1491 855 1608 901; x_wconf 91' lang='lat' dir='ltr'><strong>non</strong></span> <span class='ocrx_word' id='word_1_38' title='bbox 1648 836 2028 907; x_wconf 84' lang='lat' dir='ltr'><strong>extendendo</strong></span> <span class='ocrx_word' id='word_1_39' title='bbox 2072 857 2179 902; x_wconf 89' lang='lat' dir='ltr'><strong>seu</strong></span> <span class='ocrx_word' id='word_1_40' title='bbox 2223 835 2586 919; x_wconf 86' lang='lat' dir='ltr'><strong>ellargando</strong></span> <span class='ocrx_word' id='word_1_41' title='bbox 2635 840 2694 897; x_wconf 87' lang='lat' dir='ltr'><strong>te</strong></span> <span class='ocrx_word' id='word_1_42' title='bbox 2738 837 2816 899; x_wconf 89' lang='lat' dir='ltr'><strong>ad</strong></span> <span class='ocrx_word' id='word_1_43' title='bbox 2880 834 3003 899; x_wconf 87' lang='lat' dir='ltr'><strong>alia·</strong></span> <span class='ocrx_word' id='word_1_44' title='bbox 3063 854 3249 918; x_wconf 89' lang='lat' dir='ltr'><strong>quam</strong></span> 
     </span>
     <span class='ocr_line' id='line_1_6' title="bbox 525 923 2488 1009; baseline -0.002 -19"><span class='ocrx_word' id='word_1_45' title='bbox 525 927 602 990; x_wconf 88' lang='lat' dir='ltr'><strong>ad</strong></span> <span class='ocrx_word' id='word_1_46' title='bbox 651 946 740 1003; x_wconf 85' lang='lat' dir='ltr'><strong>ea,</strong></span> <span class='ocrx_word' id='word_1_47' title='bbox 790 946 905 1009; x_wconf 89' lang='lat' dir='ltr'><strong>que</strong></span> <span class='ocrx_word' id='word_1_48' title='bbox 954 945 1142 1008; x_wconf 90' lang='lat' dir='ltr'><strong>supra</strong></span> <span class='ocrx_word' id='word_1_49' title='bbox 1185 926 1355 989; x_wconf 90' lang='lat' dir='ltr'><strong>dicta</strong></span> <span class='ocrx_word' id='word_1_50' title='bbox 1401 927 1545 988; x_wconf 87' lang='lat' dir='ltr'><strong>sunt</strong></span> <span class='ocrx_word' id='word_1_51' title='bbox 1593 943 1732 990; x_wconf 92' lang='lat' dir='ltr'><strong>cum</strong></span> <span class='ocrx_word' id='word_1_52' title='bbox 1784 926 2050 989; x_wconf 88' lang='lat' dir='ltr'><strong>denariis</strong></span> <span class='ocrx_word' id='word_1_53' title='bbox 2100 923 2488 1006; x_wconf 90' lang='lat' dir='ltr'><strong>supradictis.</strong></span> 
     </span>
    </p>

    <p class='ocr_par' dir='ltr' id='par_1_3' title="bbox 524 1011 3254 1429">
     <span class='ocr_line' id='line_1_7' title="bbox 738 1011 3252 1095; baseline -0.002 -17"><span class='ocrx_word' id='word_1_54' title='bbox 738 1014 1112 1079; x_wconf 85' lang='lat' dir='ltr'><strong>Mandamus</strong></span> <span class='ocrx_word' id='word_1_55' title='bbox 1158 1016 1366 1079; x_wconf 91' lang='lat' dir='ltr'><strong>autem</strong></span> <span class='ocrx_word' id='word_1_56' title='bbox 1413 1012 1735 1095; x_wconf 89' lang='lat' dir='ltr'><strong>capitaneo</strong></span> <span class='ocrx_word' id='word_1_57' title='bbox 1800 1013 2020 1095; x_wconf 89' lang='lat' dir='ltr'><strong>riperie</strong></span> <span class='ocrx_word' id='word_1_58' title='bbox 2079 1012 2261 1076; x_wconf 89' lang='lat' dir='ltr'><strong>Istrie</strong></span> <span class='ocrx_word' id='word_1_59' title='bbox 2325 1031 2430 1093; x_wconf 92' lang='lat' dir='ltr'><strong>per</strong></span> <span class='ocrx_word' id='word_1_60' title='bbox 2476 1011 2721 1075; x_wconf 88' lang='lat' dir='ltr'><strong>litteras</strong></span> <span class='ocrx_word' id='word_1_61' title='bbox 2770 1012 3031 1087; x_wconf 87' lang='lat' dir='ltr'><strong>nostras,</strong></span> <span class='ocrx_word' id='word_1_62' title='bbox 3096 1028 3252 1092; x_wconf 89' lang='lat' dir='ltr'><strong>quas</strong></span> 
     </span>
     <span class='ocr_line' id='line_1_8' title="bbox 526 1097 3254 1184; baseline -0.002 -19"><span class='ocrx_word' id='word_1_63' title='bbox 526 1120 713 1184; x_wconf 88' lang='lat' dir='ltr'><strong>penes</strong></span> <span class='ocrx_word' id='word_1_64' title='bbox 761 1104 824 1166; x_wconf 90' lang='lat' dir='ltr'><strong>te</strong></span> <span class='ocrx_word' id='word_1_65' title='bbox 872 1101 1084 1178; x_wconf 82' lang='lat' dir='ltr'><strong>habea,</strong></span> <span class='ocrx_word' id='word_1_66' title='bbox 1131 1102 1290 1183; x_wconf 91' lang='lat' dir='ltr'><strong>quod</strong></span> <span class='ocrx_word' id='word_1_67' title='bbox 1339 1104 1506 1163; x_wconf 83' lang='lat' dir='ltr'><strong>te.et</strong></span> <span class='ocrx_word' id='word_1_68' title='bbox 1553 1100 1790 1164; x_wconf 88' lang='lat' dir='ltr'><strong>nobiles</strong></span> <span class='ocrx_word' id='word_1_69' title='bbox 1849 1100 2155 1181; x_wconf 88' lang='lat' dir='ltr'><strong>predictos</strong></span> <span class='ocrx_word' id='word_1_70' title='bbox 2203 1102 2275 1162; x_wconf 87' lang='lat' dir='ltr'><strong>ad</strong></span> <span class='ocrx_word' id='word_1_71' title='bbox 2337 1100 2541 1180; x_wconf 88' lang='lat' dir='ltr'><strong>partes</strong></span> <span class='ocrx_word' id='word_1_72' title='bbox 2600 1098 2823 1181; x_wconf 82' lang='lat' dir='ltr'><strong>Segnia</strong></span> <span class='ocrx_word' id='word_1_73' title='bbox 2883 1117 3022 1161; x_wconf 91' lang='lat' dir='ltr'><strong>cum</strong></span> <span class='ocrx_word' id='word_1_74' title='bbox 3085 1097 3254 1160; x_wconf 89' lang='lat' dir='ltr'><strong>dicto</strong></span> 
     </span>
     <span class='ocr_line' id='line_1_9' title="bbox 525 1184 3254 1271; baseline -0.002 -19"><span class='ocrx_word' id='word_1_75' title='bbox 525 1188 694 1271; x_wconf 87' lang='lat' dir='ltr'><strong>ligno</strong></span> <span class='ocrx_word' id='word_1_76' title='bbox 740 1189 1057 1265; x_wconf 83' lang='lat' dir='ltr'><strong>conducat,</strong></span> <span class='ocrx_word' id='word_1_77' title='bbox 1104 1195 1166 1252; x_wconf 92' lang='lat' dir='ltr'><strong>et</strong></span> <span class='ocrx_word' id='word_1_78' title='bbox 1208 1190 1270 1252; x_wconf 87' lang='lat' dir='ltr'><strong>te</strong></span> <span class='ocrx_word' id='word_1_79' title='bbox 1317 1187 1572 1251; x_wconf 88' lang='lat' dir='ltr'><strong>reducat</strong></span> <span class='ocrx_word' id='word_1_80' title='bbox 1616 1186 1676 1250; x_wconf 91' lang='lat' dir='ltr'><strong>in</strong></span> <span class='ocrx_word' id='word_1_81' title='bbox 1726 1187 1977 1252; x_wconf 90' lang='lat' dir='ltr'><strong>Istriam</strong></span> <span class='ocrx_word' id='word_1_82' title='bbox 2028 1186 2123 1250; x_wconf 82' lang='lat' dir='ltr'><strong>vel</strong></span> <span class='ocrx_word' id='word_1_83' title='bbox 2173 1204 2364 1268; x_wconf 90' lang='lat' dir='ltr'><strong>usque</strong></span> <span class='ocrx_word' id='word_1_84' title='bbox 2424 1187 2499 1249; x_wconf 91' lang='lat' dir='ltr'><strong>ad</strong></span> <span class='ocrx_word' id='word_1_85' title='bbox 2548 1185 2864 1268; x_wconf 79' lang='lat' dir='ltr'><strong>CaprolaS,</strong></span> <span class='ocrx_word' id='word_1_86' title='bbox 2933 1184 2987 1248; x_wconf 90' lang='lat' dir='ltr'><strong>si</strong></span> <span class='ocrx_word' id='word_1_87' title='bbox 3033 1184 3094 1247; x_wconf 91' lang='lat' dir='ltr'><strong>in</strong></span> <span class='ocrx_word' id='word_1_88' title='bbox 3155 1202 3254 1247; x_wconf 90' lang='lat' dir='ltr'><strong>re-</strong></span> 
     </span>
     <span class='ocr_line' id='line_1_10' title="bbox 529 1272 3254 1359; baseline -0.003 -18"><span class='ocrx_word' id='word_1_89' title='bbox 529 1294 703 1341; x_wconf 84' lang='lat' dir='ltr'><strong>cessu</strong></span> <span class='ocrx_word' id='word_1_90' title='bbox 751 1294 862 1340; x_wconf 89' lang='lat' dir='ltr'><strong>suo</strong></span> <span class='ocrx_word' id='word_1_91' title='bbox 909 1277 983 1339; x_wconf 91' lang='lat' dir='ltr'><strong>de</strong></span> <span class='ocrx_word' id='word_1_92' title='bbox 1026 1274 1252 1359; x_wconf 88' lang='lat' dir='ltr'><strong>Segnia</strong></span> <span class='ocrx_word' id='word_1_93' title='bbox 1297 1274 1487 1340; x_wconf 90' lang='lat' dir='ltr'><strong>fueris</strong></span> <span class='ocrx_word' id='word_1_94' title='bbox 1530 1276 1868 1356; x_wconf 84' lang='lat' dir='ltr'><strong>expeditus.</strong></span> <span class='ocrx_word' id='word_1_95' title='bbox 1946 1276 2106 1338; x_wconf 87' lang='lat' dir='ltr'><strong>Data</strong></span> <span class='ocrx_word' id='word_1_96' title='bbox 2152 1273 2251 1338; x_wconf 90' lang='lat' dir='ltr'><strong>die</strong></span> <span class='ocrx_word' id='word_1_97' title='bbox 2297 1272 2514 1336; x_wconf 90' lang='lat' dir='ltr'>XXIII</span> <span class='ocrx_word' id='word_1_98' title='bbox 2560 1272 2927 1350; x_wconf 77' lang='lat' dir='ltr'><strong>decembriS,</strong></span> <span class='ocrx_word' id='word_1_99' title='bbox 2989 1272 3254 1335; x_wconf 81' lang='lat' dir='ltr'><strong>secunde</strong></span> 
     </span>
     <span class='ocr_line' id='line_1_11' title="bbox 524 1362 890 1429; baseline -0.008 -3"><span class='ocrx_word' id='word_1_100' title='bbox 524 1362 890 1429; x_wconf 81' lang='lat' dir='ltr'><strong>indictionis.</strong></span> 
     </span>
    </p>

    <p class='ocr_par' dir='ltr' id='par_1_4' title="bbox 522 1445 3252 1881">
     <span class='ocr_line' id='line_1_12' title="bbox 735 1445 3250 1534; baseline -0.003 -19"><span class='ocrx_word' id='word_1_101' title='bbox 735 1449 1082 1515; x_wconf 86' lang='lat' dir='ltr'><strong>Comitibus</strong></span> <span class='ocrx_word' id='word_1_102' title='bbox 1128 1448 1340 1534; x_wconf 88' lang='lat' dir='ltr'><strong>Vegle.</strong></span> <span class='ocrx_word' id='word_1_103' title='bbox 1386 1447 1539 1513; x_wconf 87' lang='lat' dir='ltr'><strong>Cum</strong></span> <span class='ocrx_word' id='word_1_104' title='bbox 1588 1448 1910 1530; x_wconf 88' lang='lat' dir='ltr'><strong>providum</strong></span> <span class='ocrx_word' id='word_1_105' title='bbox 1967 1448 2169 1512; x_wconf 90' lang='lat' dir='ltr'><strong>virum</strong></span> <span class='ocrx_word' id='word_1_106' title='bbox 2217 1446 2744 1512; x_wconf 91' lang='lat' dir='ltr'><strong>Zambernardum</strong></span> <span class='ocrx_word' id='word_1_107' title='bbox 2811 1445 3120 1510; x_wconf 86' lang='lat' dir='ltr'><strong>notarium</strong></span> <span class='ocrx_word' id='word_1_108' title='bbox 3182 1447 3250 1510; x_wconf 90' lang='lat' dir='ltr'><strong>et</strong></span> 
     </span>
     <span class='ocr_line' id='line_1_13' title="bbox 525 1532 3252 1617; baseline -0.003 -15"><span class='ocrx_word' id='word_1_109' title='bbox 525 1535 771 1602; x_wconf 89' lang='lat' dir='ltr'><strong>fidelem</strong></span> <span class='ocrx_word' id='word_1_110' title='bbox 815 1539 1093 1602; x_wconf 87' lang='lat' dir='ltr'><strong>nostrum</strong></span> <span class='ocrx_word' id='word_1_111' title='bbox 1156 1540 1231 1602; x_wconf 90' lang='lat' dir='ltr'><strong>de</strong></span> <span class='ocrx_word' id='word_1_112' title='bbox 1292 1536 1505 1600; x_wconf 87' lang='lat' dir='ltr'><strong>nostra</strong></span> <span class='ocrx_word' id='word_1_113' title='bbox 1564 1535 1902 1599; x_wconf 90' lang='lat' dir='ltr'><strong>intentione</strong></span> <span class='ocrx_word' id='word_1_114' title='bbox 1965 1535 2208 1617; x_wconf 86' lang='lat' dir='ltr'><strong>plenius</strong></span> <span class='ocrx_word' id='word_1_115' title='bbox 2269 1534 2666 1599; x_wconf 89' lang='lat' dir='ltr'><strong>informatum</strong></span> <span class='ocrx_word' id='word_1_116' title='bbox 2712 1532 2787 1598; x_wconf 89' lang='lat' dir='ltr'><strong>ad</strong></span> <span class='ocrx_word' id='word_1_117' title='bbox 2850 1551 2958 1598; x_wconf 86' lang='lat' dir='ltr'><strong>vos</strong></span> <span class='ocrx_word' id='word_1_118' title='bbox 2999 1551 3252 1615; x_wconf 90' lang='lat' dir='ltr'><strong>presen-</strong></span> 
     </span>
     <span class='ocr_line' id='line_1_14' title="bbox 527 1618 3247 1704; baseline -0.002 -18"><span class='ocrx_word' id='word_1_119' title='bbox 527 1625 758 1693; x_wconf 83' lang='lat' dir='ltr'><strong>tialiter</strong></span> <span class='ocrx_word' id='word_1_120' title='bbox 797 1625 1319 1701; x_wconf 75' lang='lat' dir='ltr'><strong>transmittamus,</strong></span> <span class='ocrx_word' id='word_1_121' title='bbox 1367 1623 1706 1687; x_wconf 82' lang='lat' dir='ltr'><strong>amicitiam</strong></span> <span class='ocrx_word' id='word_1_122' title='bbox 1757 1625 2022 1686; x_wconf 87' lang='lat' dir='ltr'><strong>vestram</strong></span> <span class='ocrx_word' id='word_1_123' title='bbox 2057 1640 2365 1703; x_wconf 88' lang='lat' dir='ltr'><strong>rogamus,</strong></span> <span class='ocrx_word' id='word_1_124' title='bbox 2415 1624 2716 1704; x_wconf 89' lang='lat' dir='ltr'><strong>quatenus</strong></span> <span class='ocrx_word' id='word_1_125' title='bbox 2750 1620 2944 1685; x_wconf 88' lang='lat' dir='ltr'><strong>eidem</strong></span> <span class='ocrx_word' id='word_1_126' title='bbox 2995 1621 3056 1683; x_wconf 91' lang='lat' dir='ltr'><strong>in</strong></span> <span class='ocrx_word' id='word_1_127' title='bbox 3104 1618 3247 1694; x_wconf 82' lang='lat' dir='ltr'><strong>hiis,</strong></span> 
     </span>
     <span class='ocr_line' id='line_1_15' title="bbox 522 1707 3250 1796; baseline -0.003 -20"><span class='ocrx_word' id='word_1_128' title='bbox 522 1731 639 1794; x_wconf 91' lang='lat' dir='ltr'><strong>que</strong></span> <span class='ocrx_word' id='word_1_129' title='bbox 690 1731 797 1795; x_wconf 86' lang='lat' dir='ltr'><strong>pro</strong></span> <span class='ocrx_word' id='word_1_130' title='bbox 842 1715 1016 1796; x_wconf 88' lang='lat' dir='ltr'><strong>parte</strong></span> <span class='ocrx_word' id='word_1_131' title='bbox 1063 1715 1271 1777; x_wconf 89' lang='lat' dir='ltr'><strong>nostra</strong></span> <span class='ocrx_word' id='word_1_132' title='bbox 1317 1709 1492 1775; x_wconf 86' lang='lat' dir='ltr'><strong>vobis</strong></span> <span class='ocrx_word' id='word_1_133' title='bbox 1538 1709 1782 1785; x_wconf 86' lang='lat' dir='ltr'><strong>dixerit,</strong></span> <span class='ocrx_word' id='word_1_134' title='bbox 1832 1710 2014 1774; x_wconf 89' lang='lat' dir='ltr'><strong>fidem</strong></span> <span class='ocrx_word' id='word_1_135' title='bbox 2062 1710 2305 1792; x_wconf 89' lang='lat' dir='ltr'><strong>placeat</strong></span> <span class='ocrx_word' id='word_1_136' title='bbox 2350 1709 2665 1774; x_wconf 84' lang='lat' dir='ltr'><strong>credulam</strong></span> <span class='ocrx_word' id='word_1_137' title='bbox 2714 1708 3022 1772; x_wconf 87' lang='lat' dir='ltr'><strong>adhibere.</strong></span> <span class='ocrx_word' id='word_1_138' title='bbox 3086 1707 3250 1770; x_wconf 84' lang='lat' dir='ltr'><strong>Data</strong></span> 
     </span>
     <span class='ocr_line' id='line_1_16' title="bbox 526 1803 840 1881; baseline 0.003 -18"><span class='ocrx_word' id='word_1_139' title='bbox 526 1803 593 1863; x_wconf 91' lang='lat' dir='ltr'><strong>ut</strong></span> <span class='ocrx_word' id='word_1_140' title='bbox 638 1819 840 1881; x_wconf 90' lang='lat' dir='ltr'><strong>supra.</strong></span> 
     </span>
    </p>

    <p class='ocr_par' dir='ltr' id='par_1_5' title="bbox 524 1882 3251 2574">
     <span class='ocr_line' id='line_1_17' title="bbox 737 1882 3249 1969; baseline -0.003 -18"><span class='ocrx_word' id='word_1_141' title='bbox 737 1885 1070 1969; x_wconf 87' lang='lat' dir='ltr'><strong>Capitaneo</strong></span> <span class='ocrx_word' id='word_1_142' title='bbox 1133 1887 1355 1969; x_wconf 88' lang='lat' dir='ltr'><strong>riperie</strong></span> <span class='ocrx_word' id='word_1_143' title='bbox 1414 1884 1616 1949; x_wconf 87' lang='lat' dir='ltr'><strong>Istrie.</strong></span> <span class='ocrx_word' id='word_1_144' title='bbox 1683 1884 1837 1949; x_wconf 87' lang='lat' dir='ltr'><strong>Cum</strong></span> <span class='ocrx_word' id='word_1_145' title='bbox 1904 1886 2105 1948; x_wconf 91' lang='lat' dir='ltr'><strong>virum</strong></span> <span class='ocrx_word' id='word_1_146' title='bbox 2168 1883 2487 1967; x_wconf 89' lang='lat' dir='ltr'><strong>providum</strong></span> <span class='ocrx_word' id='word_1_147' title='bbox 2551 1882 3072 1949; x_wconf 86' lang='lat' dir='ltr'><strong>Zambernardum</strong></span> <span class='ocrx_word' id='word_1_148' title='bbox 3139 1899 3249 1943; x_wconf 91' lang='lat' dir='ltr'><strong>no-</strong></span> 
     </span>
     <span class='ocr_line' id='line_1_18' title="bbox 529 1967 3249 2051; baseline -0.003 -14"><span class='ocrx_word' id='word_1_149' title='bbox 529 1975 756 2038; x_wconf 90' lang='lat' dir='ltr'><strong>tarium</strong></span> <span class='ocrx_word' id='word_1_150' title='bbox 805 1976 869 2039; x_wconf 90' lang='lat' dir='ltr'><strong>et</strong></span> <span class='ocrx_word' id='word_1_151' title='bbox 914 1975 1157 2039; x_wconf 87' lang='lat' dir='ltr'><strong>fidelem</strong></span> <span class='ocrx_word' id='word_1_152' title='bbox 1211 1978 1485 2038; x_wconf 85' lang='lat' dir='ltr'><strong>nostrum</strong></span> <span class='ocrx_word' id='word_1_153' title='bbox 1550 1973 1623 2036; x_wconf 90' lang='lat' dir='ltr'><strong>ad</strong></span> <span class='ocrx_word' id='word_1_154' title='bbox 1689 1972 1851 2037; x_wconf 84' lang='lat' dir='ltr'><strong>filios</strong></span> <span class='ocrx_word' id='word_1_155' title='bbox 1913 1974 2166 2037; x_wconf 90' lang='lat' dir='ltr'><strong>condam</strong></span> <span class='ocrx_word' id='word_1_156' title='bbox 2231 1972 2479 2036; x_wconf 89' lang='lat' dir='ltr'><strong>comitis</strong></span> <span class='ocrx_word' id='word_1_157' title='bbox 2541 1970 2816 2037; x_wconf 88' lang='lat' dir='ltr'><strong>Bartholi</strong></span> <span class='ocrx_word' id='word_1_158' title='bbox 2881 1970 2955 2033; x_wconf 89' lang='lat' dir='ltr'><strong>de</strong></span> <span class='ocrx_word' id='word_1_159' title='bbox 3022 1967 3249 2051; x_wconf 80' lang='lat' dir='ltr'><strong>Segnia</strong></span> 
     </span>
     <span class='ocr_line' id='line_1_19' title="bbox 525 2057 3251 2144; baseline -0.003 -19"><span class='ocrx_word' id='word_1_160' title='bbox 525 2061 983 2144; x_wconf 83' lang='lat' dir='ltr'><strong>presentialiter</strong></span> <span class='ocrx_word' id='word_1_161' title='bbox 1027 2061 1531 2126; x_wconf 88' lang='lat' dir='ltr'><strong>transmittamus</strong></span> <span class='ocrx_word' id='word_1_162' title='bbox 1575 2079 1715 2124; x_wconf 91' lang='lat' dir='ltr'><strong>cum</strong></span> <span class='ocrx_word' id='word_1_163' title='bbox 1762 2059 1951 2124; x_wconf 89' lang='lat' dir='ltr'><strong>certis</strong></span> <span class='ocrx_word' id='word_1_164' title='bbox 1999 2059 2305 2123; x_wconf 88' lang='lat' dir='ltr'><strong>nobilibus</strong></span> <span class='ocrx_word' id='word_1_165' title='bbox 2355 2059 2572 2123; x_wconf 89' lang='lat' dir='ltr'><strong>deinde</strong></span> <span class='ocrx_word' id='word_1_166' title='bbox 2619 2077 2729 2143; x_wconf 88' lang='lat' dir='ltr'><strong>pro</strong></span> <span class='ocrx_word' id='word_1_167' title='bbox 2770 2057 3081 2140; x_wconf 83' lang='lat' dir='ltr'><strong>aliquibus</strong></span> <span class='ocrx_word' id='word_1_168' title='bbox 3142 2075 3251 2118; x_wconf 92' lang='lat' dir='ltr'><strong>ar-</strong></span> 
     </span>
     <span class='ocr_line' id='line_1_20' title="bbox 524 2147 3249 2230; baseline -0.002 -19"><span class='ocrx_word' id='word_1_169' title='bbox 524 2147 662 2211; x_wconf 90' lang='lat' dir='ltr'><strong>duis</strong></span> <span class='ocrx_word' id='word_1_170' title='bbox 710 2148 905 2213; x_wconf 83' lang='lat' dir='ltr'><strong>nostri</strong></span> <span class='ocrx_word' id='word_1_171' title='bbox 953 2149 1295 2213; x_wconf 90' lang='lat' dir='ltr'><strong>communis</strong></span> <span class='ocrx_word' id='word_1_172' title='bbox 1341 2147 1573 2211; x_wconf 90' lang='lat' dir='ltr'><strong>ibidem</strong></span> <span class='ocrx_word' id='word_1_173' title='bbox 1644 2147 2029 2230; x_wconf 85' lang='lat' dir='ltr'><strong>peragendis,</strong></span> <span class='ocrx_word' id='word_1_174' title='bbox 2102 2149 2465 2212; x_wconf 87' lang='lat' dir='ltr'><strong>mandamus</strong></span> <span class='ocrx_word' id='word_1_175' title='bbox 2510 2147 2700 2223; x_wconf 89' lang='lat' dir='ltr'><strong>vobis,</strong></span> <span class='ocrx_word' id='word_1_176' title='bbox 2748 2148 3047 2227; x_wconf 87' lang='lat' dir='ltr'><strong>quatenus</strong></span> <span class='ocrx_word' id='word_1_177' title='bbox 3100 2163 3249 2207; x_wconf 89' lang='lat' dir='ltr'><strong>eun-</strong></span> 
     </span>
     <span class='ocr_line' id='line_1_21' title="bbox 525 2230 3248 2317; baseline -0.002 -19"><span class='ocrx_word' id='word_1_178' title='bbox 525 2236 662 2299; x_wconf 91' lang='lat' dir='ltr'><strong>dem</strong></span> <span class='ocrx_word' id='word_1_179' title='bbox 711 2237 776 2301; x_wconf 85' lang='lat' dir='ltr'><strong>et</strong></span> <span class='ocrx_word' id='word_1_180' title='bbox 818 2235 1016 2301; x_wconf 90' lang='lat' dir='ltr'><strong>dictos</strong></span> <span class='ocrx_word' id='word_1_181' title='bbox 1073 2236 1308 2300; x_wconf 89' lang='lat' dir='ltr'><strong>nobiles</strong></span> <span class='ocrx_word' id='word_1_182' title='bbox 1370 2253 1509 2299; x_wconf 91' lang='lat' dir='ltr'><strong>cum</strong></span> <span class='ocrx_word' id='word_1_183' title='bbox 1577 2235 1864 2299; x_wconf 85' lang='lat' dir='ltr'><strong>comitiva</strong></span> <span class='ocrx_word' id='word_1_184' title='bbox 1931 2254 2045 2299; x_wconf 87' lang='lat' dir='ltr'><strong>sua</strong></span> <span class='ocrx_word' id='word_1_185' title='bbox 2103 2253 2245 2298; x_wconf 89' lang='lat' dir='ltr'><strong>cum</strong></span> <span class='ocrx_word' id='word_1_186' title='bbox 2312 2234 2484 2317; x_wconf 90' lang='lat' dir='ltr'><strong>ligno</strong></span> <span class='ocrx_word' id='word_1_187' title='bbox 2547 2234 2719 2299; x_wconf 88' lang='lat' dir='ltr'><strong>vobis</strong></span> <span class='ocrx_word' id='word_1_188' title='bbox 2778 2233 3107 2297; x_wconf 88' lang='lat' dir='ltr'><strong>commisso</strong></span> <span class='ocrx_word' id='word_1_189' title='bbox 3168 2230 3248 2293; x_wconf 90' lang='lat' dir='ltr'><strong>ad</strong></span> 
     </span>
     <span class='ocr_line' id='line_1_22' title="bbox 527 2318 3249 2407; baseline -0.003 -20"><span class='ocrx_word' id='word_1_190' title='bbox 527 2324 733 2404; x_wconf 84' lang='lat' dir='ltr'><strong>partes</strong></span> <span class='ocrx_word' id='word_1_191' title='bbox 781 2322 1006 2407; x_wconf 84' lang='lat' dir='ltr'><strong>Segnia</strong></span> <span class='ocrx_word' id='word_1_192' title='bbox 1053 2322 1426 2400; x_wconf 89' lang='lat' dir='ltr'><strong>conducatis,</strong></span> <span class='ocrx_word' id='word_1_193' title='bbox 1474 2325 1539 2387; x_wconf 91' lang='lat' dir='ltr'><strong>et</strong></span> <span class='ocrx_word' id='word_1_194' title='bbox 1589 2340 1750 2398; x_wconf 92' lang='lat' dir='ltr'><strong>eum,</strong></span> <span class='ocrx_word' id='word_1_195' title='bbox 1796 2323 1850 2386; x_wconf 87' lang='lat' dir='ltr'><strong>si</strong></span> <span class='ocrx_word' id='word_1_196' title='bbox 1899 2322 1959 2385; x_wconf 95' lang='lat' dir='ltr'><strong>in</strong></span> <span class='ocrx_word' id='word_1_197' title='bbox 2007 2337 2249 2386; x_wconf 84' lang='lat' dir='ltr'><strong>recessu</strong></span> <span class='ocrx_word' id='word_1_198' title='bbox 2300 2324 2499 2387; x_wconf 89' lang='lat' dir='ltr'><strong>vestro</strong></span> <span class='ocrx_word' id='word_1_199' title='bbox 2531 2323 2604 2386; x_wconf 91' lang='lat' dir='ltr'><strong>de</strong></span> <span class='ocrx_word' id='word_1_200' title='bbox 2635 2320 2859 2403; x_wconf 84' lang='lat' dir='ltr'><strong>Segnia</strong></span> <span class='ocrx_word' id='word_1_201' title='bbox 2903 2318 3093 2383; x_wconf 88' lang='lat' dir='ltr'><strong>fuerit</strong></span> <span class='ocrx_word' id='word_1_202' title='bbox 3144 2336 3249 2380; x_wconf 82' lang='lat' dir='ltr'><strong>ex·-</strong></span> 
     </span>
     <span class='ocr_line' id='line_1_23' title="bbox 526 2405 3250 2493; baseline -0.002 -20"><span class='ocrx_word' id='word_1_203' title='bbox 526 2408 793 2491; x_wconf 86' lang='lat' dir='ltr'><strong>peditus,</strong></span> <span class='ocrx_word' id='word_1_204' title='bbox 842 2410 1148 2476; x_wconf 89' lang='lat' dir='ltr'><strong>reducatis</strong></span> <span class='ocrx_word' id='word_1_205' title='bbox 1192 2411 1255 2475; x_wconf 90' lang='lat' dir='ltr'><strong>in</strong></span> <span class='ocrx_word' id='word_1_206' title='bbox 1297 2408 1547 2474; x_wconf 89' lang='lat' dir='ltr'><strong>Istriam</strong></span> <span class='ocrx_word' id='word_1_207' title='bbox 1593 2409 1688 2475; x_wconf 88' lang='lat' dir='ltr'><strong>vel</strong></span> <span class='ocrx_word' id='word_1_208' title='bbox 1737 2428 1929 2493; x_wconf 88' lang='lat' dir='ltr'><strong>usque</strong></span> <span class='ocrx_word' id='word_1_209' title='bbox 1972 2409 2049 2472; x_wconf 90' lang='lat' dir='ltr'><strong>ad</strong></span> <span class='ocrx_word' id='word_1_210' title='bbox 2120 2408 2432 2491; x_wconf 85' lang='lat' dir='ltr'><strong>Caprolas.</strong></span> <span class='ocrx_word' id='word_1_211' title='bbox 2491 2410 2655 2474; x_wconf 89' lang='lat' dir='ltr'><strong>Data</strong></span> <span class='ocrx_word' id='word_1_212' title='bbox 2714 2408 2813 2472; x_wconf 90' lang='lat' dir='ltr'><strong>die</strong></span> <span class='ocrx_word' id='word_1_213' title='bbox 2869 2406 3082 2471; x_wconf 89' lang='lat' dir='ltr'>XXIII</span> <span class='ocrx_word' id='word_1_214' title='bbox 3143 2405 3250 2468; x_wconf 88' lang='lat' dir='ltr'><strong>de-</strong></span> 
     </span>
     <span class='ocr_line' id='line_1_24' title="bbox 526 2495 1548 2574; baseline -0.003 -14"><span class='ocrx_word' id='word_1_215' title='bbox 526 2495 815 2574; x_wconf 86' lang='lat' dir='ltr'><strong>cembris,</strong></span> <span class='ocrx_word' id='word_1_216' title='bbox 866 2499 1131 2563; x_wconf 89' lang='lat' dir='ltr'><strong>secunde</strong></span> <span class='ocrx_word' id='word_1_217' title='bbox 1177 2496 1548 2562; x_wconf 87' lang='lat' dir='ltr'><strong>indictionis.</strong></span> 
     </span>
    </p>

    <p class='ocr_par' dir='ltr' id='par_1_6' title="bbox 524 2580 3252 2839">
     <span class='ocr_line' id='line_1_25' title="bbox 733 2580 3250 2668; baseline -0.002 -20"><span class='ocrx_word' id='word_1_218' title='bbox 733 2584 972 2650; x_wconf 86' lang='lat' dir='ltr'><strong>Littera</strong></span> <span class='ocrx_word' id='word_1_219' title='bbox 1019 2585 1233 2668; x_wconf 90' lang='lat' dir='ltr'><strong>aperta</strong></span> <span class='ocrx_word' id='word_1_220' title='bbox 1272 2602 1382 2667; x_wconf 89' lang='lat' dir='ltr'><strong>pro</strong></span> <span class='ocrx_word' id='word_1_221' title='bbox 1428 2583 1901 2650; x_wconf 88' lang='lat' dir='ltr'><strong>Zambernardo.</strong></span> <span class='ocrx_word' id='word_1_222' title='bbox 1952 2583 2321 2649; x_wconf 87' lang='lat' dir='ltr'><strong>Laurentius</strong></span> <span class='ocrx_word' id='word_1_223' title='bbox 2353 2582 2518 2649; x_wconf 86' lang='lat' dir='ltr'><strong>Celsi</strong></span> <span class='ocrx_word' id='word_1_224' title='bbox 2565 2580 2662 2646; x_wconf 89' lang='lat' dir='ltr'><strong>dei</strong></span> <span class='ocrx_word' id='word_1_225' title='bbox 2709 2582 2914 2664; x_wconf 84' lang='lat' dir='ltr'><strong>gratia</strong></span> <span class='ocrx_word' id='word_1_226' title='bbox 2958 2580 3079 2645; x_wconf 85' lang='lat' dir='ltr'><strong>dux</strong></span> <span class='ocrx_word' id='word_1_227' title='bbox 3128 2580 3250 2644; x_wconf 85' lang='lat' dir='ltr'><strong>Ve-</strong></span> 
     </span>
     <span class='ocr_line' id='line_1_26' title="bbox 524 2667 3251 2754; baseline -0.001 -20"><span class='ocrx_word' id='word_1_228' title='bbox 524 2670 833 2736; x_wconf 87' lang='lat' dir='ltr'><strong>netiarum</strong></span> <span class='ocrx_word' id='word_1_229' title='bbox 880 2674 995 2737; x_wconf 88' lang='lat' dir='ltr'><strong>etc.</strong></span> <span class='ocrx_word' id='word_1_230' title='bbox 1045 2672 1364 2739; x_wconf 88' lang='lat' dir='ltr'><strong>Universis</strong></span> <span class='ocrx_word' id='word_1_231' title='bbox 1413 2676 1477 2735; x_wconf 91' lang='lat' dir='ltr'><strong>et</strong></span> <span class='ocrx_word' id='word_1_232' title='bbox 1523 2670 1785 2754; x_wconf 87' lang='lat' dir='ltr'><strong>singulis</strong></span> <span class='ocrx_word' id='word_1_233' title='bbox 1833 2675 2150 2754; x_wconf 86' lang='lat' dir='ltr'><strong>presentes</strong></span> <span class='ocrx_word' id='word_1_234' title='bbox 2196 2672 2445 2736; x_wconf 82' lang='lat' dir='ltr'><strong>litteras</strong></span> <span class='ocrx_word' id='word_1_235' title='bbox 2492 2669 2862 2752; x_wconf 89' lang='lat' dir='ltr'><strong>inspecturis</strong></span> <span class='ocrx_word' id='word_1_236' title='bbox 2893 2669 3111 2734; x_wconf 87' lang='lat' dir='ltr'><strong>amicis</strong></span> <span class='ocrx_word' id='word_1_237' title='bbox 3157 2667 3251 2731; x_wconf 91' lang='lat' dir='ltr'><strong>di-</strong></span> 
     </span>
     <span class='ocr_line' id='line_1_27' title="bbox 524 2757 3252 2839; baseline -0.001 -18"><span class='ocrx_word' id='word_1_238' title='bbox 524 2757 703 2823; x_wconf 86' lang='lat' dir='ltr'><strong>lectis</strong></span> <span class='ocrx_word' id='word_1_239' title='bbox 750 2760 1020 2825; x_wconf 89' lang='lat' dir='ltr'><strong>salutem</strong></span> <span class='ocrx_word' id='word_1_240' title='bbox 1066 2763 1130 2823; x_wconf 92' lang='lat' dir='ltr'><strong>et</strong></span> <span class='ocrx_word' id='word_1_241' title='bbox 1174 2759 1568 2825; x_wconf 88' lang='lat' dir='ltr'><strong>dilectionem</strong></span> <span class='ocrx_word' id='word_1_242' title='bbox 1610 2759 1912 2824; x_wconf 88' lang='lat' dir='ltr'><strong>sinceram</strong></span> <span class='ocrx_word' id='word_1_243' title='bbox 1993 2758 2146 2823; x_wconf 90' lang='lat' dir='ltr'><strong>Cum</strong></span> <span class='ocrx_word' id='word_1_244' title='bbox 2211 2760 2410 2823; x_wconf 88' lang='lat' dir='ltr'><strong>virum</strong></span> <span class='ocrx_word' id='word_1_245' title='bbox 2474 2757 2794 2839; x_wconf 88' lang='lat' dir='ltr'><strong>providum</strong></span> <span class='ocrx_word' id='word_1_246' title='bbox 2842 2757 3252 2822; x_wconf 86' lang='lat' dir='ltr'><strong>Zambernar-</strong></span> 
     </span>
    </p>
   </div>
   <div class='ocr_carea' id='block_1_3' title="bbox 383 2843 3251 2932">
    <p class='ocr_par' dir='ltr' id='par_1_7' title="bbox 383 2843 3251 2932">
     <span class='ocr_line' id='line_1_28' title="bbox 383 2843 3251 2932; baseline -0.001 -23"><span class='ocrx_word' id='word_1_247' title='bbox 383 2887 438 2932; x_wconf 56' lang='lat'><strong>,²</strong></span> <span class='ocrx_word' id='word_1_248' title='bbox 525 2846 673 2911; x_wconf 91' lang='lat' dir='ltr'><strong>dum</strong></span> <span class='ocrx_word' id='word_1_249' title='bbox 728 2848 1029 2912; x_wconf 85' lang='lat' dir='ltr'><strong>notarium</strong></span> <span class='ocrx_word' id='word_1_250' title='bbox 1077 2848 1142 2912; x_wconf 91' lang='lat' dir='ltr'><strong>et</strong></span> <span class='ocrx_word' id='word_1_251' title='bbox 1187 2848 1431 2912; x_wconf 91' lang='lat' dir='ltr'><strong>fidelem</strong></span> <span class='ocrx_word' id='word_1_252' title='bbox 1483 2849 1758 2912; x_wconf 82' lang='lat' dir='ltr'><strong>nostrum</strong></span> <span class='ocrx_word' id='word_1_253' title='bbox 1803 2848 1879 2911; x_wconf 89' lang='lat' dir='ltr'><strong>ad</strong></span> <span class='ocrx_word' id='word_1_254' title='bbox 1930 2850 2137 2929; x_wconf 90' lang='lat' dir='ltr'><strong>partes</strong></span> <span class='ocrx_word' id='word_1_255' title='bbox 2183 2847 2425 2929; x_wconf 80' lang='lat' dir='ltr'><strong>Segnia,</strong></span> <span class='ocrx_word' id='word_1_256' title='bbox 2476 2846 2763 2909; x_wconf 82' lang='lat' dir='ltr'><strong>Modruse</strong></span> <span class='ocrx_word' id='word_1_257' title='bbox 2807 2847 2872 2909; x_wconf 90' lang='lat' dir='ltr'><strong>et</strong></span> <span class='ocrx_word' id='word_1_258' title='bbox 2928 2843 3251 2909; x_wconf 85' lang='lat' dir='ltr'><strong>Sclavonie</strong></span> 
     </span>
    </p>
   </div>
   <div class='ocr_carea' id='block_1_4' title="bbox 523 2931 3249 3279">
    <p class='ocr_par' dir='ltr' id='par_1_8' title="bbox 523 2931 3249 3279">
     <span class='ocr_line' id='line_1_29' title="bbox 525 2931 3249 3016; baseline -0.001 -18"><span class='ocrx_word' id='word_1_259' title='bbox 525 2934 984 3015; x_wconf 85' lang='lat' dir='ltr'><strong>presentialiter</strong></span> <span class='ocrx_word' id='word_1_260' title='bbox 1045 2934 1546 3000; x_wconf 83' lang='lat' dir='ltr'><strong>transmittamus</strong></span> <span class='ocrx_word' id='word_1_261' title='bbox 1619 2953 1728 3016; x_wconf 92' lang='lat' dir='ltr'><strong>pro</strong></span> <span class='ocrx_word' id='word_1_262' title='bbox 1787 2934 2100 3016; x_wconf 89' lang='lat' dir='ltr'><strong>aliquibus</strong></span> <span class='ocrx_word' id='word_1_263' title='bbox 2171 2933 2362 2998; x_wconf 89' lang='lat' dir='ltr'><strong>nostri</strong></span> <span class='ocrx_word' id='word_1_264' title='bbox 2424 2933 2766 2998; x_wconf 88' lang='lat' dir='ltr'><strong>communis</strong></span> <span class='ocrx_word' id='word_1_265' title='bbox 2828 2931 3057 2996; x_wconf 89' lang='lat' dir='ltr'><strong>ibidem</strong></span> <span class='ocrx_word' id='word_1_266' title='bbox 3113 2950 3249 3012; x_wconf 91' lang='lat' dir='ltr'><strong>per-</strong></span> 
     </span>
     <span class='ocr_line' id='line_1_30' title="bbox 523 3019 3247 3104; baseline -0.001 -21"><span class='ocrx_word' id='word_1_267' title='bbox 523 3021 800 3103; x_wconf 85' lang='lat' dir='ltr'><strong>agendis,</strong></span> <span class='ocrx_word' id='word_1_268' title='bbox 849 3022 1192 3088; x_wconf 87' lang='lat' dir='ltr'><strong>amicitiam</strong></span> <span class='ocrx_word' id='word_1_269' title='bbox 1241 3024 1509 3087; x_wconf 89' lang='lat' dir='ltr'><strong>vestram</strong></span> <span class='ocrx_word' id='word_1_270' title='bbox 1559 3040 1868 3104; x_wconf 86' lang='lat' dir='ltr'><strong>rogamus,</strong></span> <span class='ocrx_word' id='word_1_271' title='bbox 1911 3023 2212 3104; x_wconf 88' lang='lat' dir='ltr'><strong>quatenus</strong></span> <span class='ocrx_word' id='word_1_272' title='bbox 2261 3022 2461 3102; x_wconf 91' lang='lat' dir='ltr'><strong>ipsum</strong></span> <span class='ocrx_word' id='word_1_273' title='bbox 2509 3020 2723 3096; x_wconf 90' lang='lat' dir='ltr'><strong>eundo,</strong></span> <span class='ocrx_word' id='word_1_274' title='bbox 2768 3020 2988 3084; x_wconf 91' lang='lat' dir='ltr'><strong>stando</strong></span> <span class='ocrx_word' id='word_1_275' title='bbox 3030 3019 3104 3082; x_wconf 92' lang='lat' dir='ltr'><strong>ed</strong></span> <span class='ocrx_word' id='word_1_276' title='bbox 3151 3038 3247 3081; x_wconf 93' lang='lat' dir='ltr'><strong>re-</strong></span> 
     </span>
     <span class='ocr_line' id='line_1_31' title="bbox 525 3104 3249 3190; baseline -0 -20"><span class='ocrx_word' id='word_1_277' title='bbox 525 3107 769 3173; x_wconf 91' lang='lat' dir='ltr'><strong>deundo</strong></span> <span class='ocrx_word' id='word_1_278' title='bbox 829 3129 969 3174; x_wconf 88' lang='lat' dir='ltr'><strong>cum</strong></span> <span class='ocrx_word' id='word_1_279' title='bbox 1036 3112 1240 3186; x_wconf 88' lang='lat' dir='ltr'><strong>rebus,</strong></span> <span class='ocrx_word' id='word_1_280' title='bbox 1303 3109 1555 3174; x_wconf 90' lang='lat' dir='ltr'><strong>famulis</strong></span> <span class='ocrx_word' id='word_1_281' title='bbox 1614 3111 1676 3172; x_wconf 89' lang='lat' dir='ltr'><strong>et</strong></span> <span class='ocrx_word' id='word_1_282' title='bbox 1736 3107 1995 3174; x_wconf 87' lang='lat' dir='ltr'><strong>arnesiis</strong></span> <span class='ocrx_word' id='word_1_283' title='bbox 2058 3107 2187 3172; x_wconf 89' lang='lat' dir='ltr'><strong>suis</strong></span> <span class='ocrx_word' id='word_1_284' title='bbox 2248 3109 2474 3173; x_wconf 84' lang='lat' dir='ltr'><strong>habere</strong></span> <span class='ocrx_word' id='word_1_285' title='bbox 2520 3107 2765 3190; x_wconf 88' lang='lat' dir='ltr'><strong>placeat</strong></span> <span class='ocrx_word' id='word_1_286' title='bbox 2822 3104 3249 3170; x_wconf 86' lang='lat' dir='ltr'><strong>favorabiliter</strong></span> 
     </span>
     <span class='ocr_line' id='line_1_32' title="bbox 527 3196 2963 3279; baseline 0 -23"><span class='ocrx_word' id='word_1_287' title='bbox 527 3196 993 3261; x_wconf 88' lang='lat' dir='ltr'><strong>recommissum</strong></span> <span class='ocrx_word' id='word_1_288' title='bbox 1045 3201 1228 3279; x_wconf 91' lang='lat' dir='ltr'><strong>prout</strong></span> <span class='ocrx_word' id='word_1_289' title='bbox 1271 3196 1347 3260; x_wconf 92' lang='lat' dir='ltr'><strong>de</strong></span> <span class='ocrx_word' id='word_1_290' title='bbox 1394 3199 1599 3261; x_wconf 85' lang='lat' dir='ltr'><strong>vestra</strong></span> <span class='ocrx_word' id='word_1_291' title='bbox 1644 3196 1999 3261; x_wconf 90' lang='lat' dir='ltr'><strong>sinceritate</strong></span> <span class='ocrx_word' id='word_1_292' title='bbox 2046 3215 2389 3277; x_wconf 88' lang='lat' dir='ltr'><strong>speramus.</strong></span> <span class='ocrx_word' id='word_1_293' title='bbox 2438 3196 2603 3259; x_wconf 90' lang='lat' dir='ltr'><strong>Data</strong></span> <span class='ocrx_word' id='word_1_294' title='bbox 2650 3197 2719 3257; x_wconf 89' lang='lat' dir='ltr'><strong>ut</strong></span> <span class='ocrx_word' id='word_1_295' title='bbox 2761 3212 2963 3277; x_wconf 87' lang='lat' dir='ltr'><strong>supra.</strong></span> 
     </span>
    </p>
   </div>
   <div class='ocr_carea' id='block_1_5' title="bbox 610 3300 1532 3377">
    <p class='ocr_par' dir='ltr' id='par_1_9' title="bbox 610 3300 1532 3377">
     <span class='ocr_line' id='line_1_33' title="bbox 610 3300 1532 3377; baseline 0.003 -17"><span class='ocrx_word' id='word_1_296' title='bbox 610 3300 850 3361; x_wconf 73' lang='lat' dir='ltr'><strong>Secreta</strong></span> <span class='ocrx_word' id='word_1_297' title='bbox 897 3305 1131 3362; x_wconf 78' lang='lat' dir='ltr'><strong>consilii</strong></span> <span class='ocrx_word' id='word_1_298' title='bbox 1176 3308 1532 3377; x_wconf 71' lang='lat' dir='ltr'><strong>royalorum.</strong></span> 
     </span>
    </p>
   </div>
   <div class='ocr_carea' id='block_1_6' title="bbox 901 3525 2870 3628">
    <p class='ocr_par' dir='ltr' id='par_1_10' title="bbox 901 3525 2870 3628">
     <span class='ocr_line' id='line_1_34' title="bbox 901 3525 2870 3628; baseline -0.001 -21"><span class='ocrx_word' id='word_1_299' title='bbox 901 3525 1199 3609; x_wconf 79' lang='lat' dir='ltr'><strong>cvm.</strong></span> <span class='ocrx_word' id='word_1_300' title='bbox 1256 3528 1461 3609; x_wconf 67' lang='lat' dir='ltr'><strong>flod,</strong></span> <span class='ocrx_word' id='word_1_301' title='bbox 1519 3529 1748 3610; x_wconf 78' lang='lat'><strong>1364.</strong></span> <span class='ocrx_word' id='word_1_302' title='bbox 1802 3528 1905 3610; x_wconf 78' lang='lat'><strong>22</strong></span> <span class='ocrx_word' id='word_1_303' title='bbox 1960 3525 2315 3628; x_wconf 74' lang='lat' dir='ltr'><strong>siecnja,</strong></span> <span class='ocrx_word' id='word_1_304' title='bbox 2368 3550 2428 3609; x_wconf 89' lang='lat' dir='ltr'><strong>u</strong></span> <span class='ocrx_word' id='word_1_305' title='bbox 2483 3526 2870 3608; x_wconf 79' lang='lat' dir='ltr'><strong>Mletcih.</strong></span> 
     </span>
    </p>
   </div>
   <div class='ocr_carea' id='block_1_7' title="bbox 527 3653 3254 3830">
    <p class='ocr_par' dir='ltr' id='par_1_11' title="bbox 527 3653 3254 3830">
     <span class='ocr_line' id='line_1_35' title="bbox 527 3653 3254 3743; baseline -0.001 -18"><span class='ocrx_word' id='word_1_306' title='bbox 527 3653 701 3738; x_wconf 75' lang='lat' dir='ltr'><strong>Sabju</strong></span> <span class='ocrx_word' id='word_1_307' title='bbox 740 3684 801 3725; x_wconf 83' lang='lat' dir='ltr'><strong>se</strong></span> <span class='ocrx_word' id='word_1_308' title='bbox 848 3686 890 3726; x_wconf 82' lang='lat' dir='ltr'><em>u</em></span> <span class='ocrx_word' id='word_1_309' title='bbox 934 3668 1078 3740; x_wconf 73' lang='lat' dir='ltr'><strong>Senj</strong></span> <span class='ocrx_word' id='word_1_310' title='bbox 1122 3671 1291 3726; x_wconf 65' lang='grc' dir='ltr'><strong>ηουσέ</strong></span> <span class='ocrx_word' id='word_1_311' title='bbox 1332 3685 1407 3728; x_wconf 78' lang='lat' dir='ltr'><strong>za</strong></span> <span class='ocrx_word' id='word_1_312' title='bbox 1455 3668 1825 3743; x_wconf 56' lang='lat' dir='ltr'><strong>Gamalam»,</strong></span> <span class='ocrx_word' id='word_1_313' title='bbox 1873 3671 2024 3743; x_wconf 77' lang='lat' dir='ltr'><strong>koya</strong></span> <span class='ocrx_word' id='word_1_314' title='bbox 2064 3688 2136 3728; x_wconf 81' lang='lat' dir='ltr'><strong>sa</strong></span> <span class='ocrx_word' id='word_1_315' title='bbox 2173 3671 2435 3743; x_wconf 75' lang='lat' dir='ltr'><strong>petdcset</strong></span> <span class='ocrx_word' id='word_1_316' title='bbox 2481 3670 2744 3741; x_wconf 76' lang='lat' dir='ltr'><strong>druqova</strong></span> <span class='ocrx_word' id='word_1_317' title='bbox 2788 3667 3031 3740; x_wconf 73' lang='lat' dir='ltr'><strong>primila</strong></span> <span class='ocrx_word' id='word_1_318' title='bbox 3088 3667 3254 3736; x_wconf 66' lang='lat' dir='ltr'><strong>biase</strong></span> 
     </span>
     <span class='ocr_line' id='line_1_36' title="bbox 1128 3756 2640 3830; baseline 0.001 -17"><span class='ocrx_word' id='word_1_319' title='bbox 1128 3756 1439 3829; x_wconf 74' lang='lat' dir='ltr'><strong>repubeika</strong></span> <span class='ocrx_word' id='word_1_320' title='bbox 1483 3775 1524 3814; x_wconf 79' lang='lat' dir='ltr'><strong>u</strong></span> <span class='ocrx_word' id='word_1_321' title='bbox 1568 3757 1775 3815; x_wconf 67' lang='lat' dir='ltr'><strong>sluibu</strong></span> <span class='ocrx_word' id='word_1_322' title='bbox 1804 3759 1973 3830; x_wconf 72' lang='lat' dir='ltr'><strong>proti</strong></span> <span class='ocrx_word' id='word_1_323' title='bbox 2003 3758 2406 3825; x_wconf 61' lang='lat' dir='ltr'><strong>iznevierenoi</strong></span> <span class='ocrx_word' id='word_1_324' title='bbox 2451 3757 2640 3815; x_wconf 74' lang='lat' dir='ltr'><strong>Kreti.</strong></span> 
     </span>
    </p>
   </div>
   <div class='ocr_carea' id='block_1_8' title="bbox 524 3869 3259 4745">
    <p class='ocr_par' dir='ltr' id='par_1_12' title="bbox 524 3869 3259 4745">
     <span class='ocr_line' id='line_1_37' title="bbox 743 3869 3248 3957; baseline -0.001 -19"><span class='ocrx_word' id='word_1_325' title='bbox 743 3875 1154 3940; x_wconf 76' lang='lat' dir='ltr'><strong>prudentibus</strong></span> <span class='ocrx_word' id='word_1_326' title='bbox 1202 3876 1351 3940; x_wconf 85' lang='lat' dir='ltr'><strong>viris</strong></span> <span class='ocrx_word' id='word_1_327' title='bbox 1398 3877 1604 3942; x_wconf 85' lang='lat' dir='ltr'><strong>Marco</strong></span> <span class='ocrx_word' id='word_1_328' title='bbox 1656 3876 1876 3941; x_wconf 89' lang='lat' dir='ltr'><strong>Sclavo</strong></span> <span class='ocrx_word' id='word_1_329' title='bbox 1923 3878 1988 3942; x_wconf 90' lang='lat' dir='ltr'><strong>et</strong></span> <span class='ocrx_word' id='word_1_330' title='bbox 2033 3869 2401 3942; x_wconf 80' lang='lat' dir='ltr'><strong>Francischo</strong></span> <span class='ocrx_word' id='word_1_331' title='bbox 2436 3877 2722 3942; x_wconf 85' lang='lat' dir='ltr'><strong>Lachetis</strong></span> <span class='ocrx_word' id='word_1_332' title='bbox 2769 3876 2927 3957; x_wconf 89' lang='lat' dir='ltr'><strong>apud</strong></span> <span class='ocrx_word' id='word_1_333' title='bbox 2975 3874 3248 3939; x_wconf 89' lang='lat' dir='ltr'><strong>Seniam.</strong></span> 
     </span>
     <span class='ocr_line' id='line_1_38' title="bbox 525 3959 3252 4046; baseline -0.001 -19"><span class='ocrx_word' id='word_1_334' title='bbox 525 3963 844 4028; x_wconf 81' lang='lat' dir='ltr'><strong>Mittimus</strong></span> <span class='ocrx_word' id='word_1_335' title='bbox 894 3962 1065 4027; x_wconf 87' lang='lat' dir='ltr'><strong>vobis</strong></span> <span class='ocrx_word' id='word_1_336' title='bbox 1113 3982 1222 4045; x_wconf 87' lang='lat' dir='ltr'><strong>per</strong></span> <span class='ocrx_word' id='word_1_337' title='bbox 1256 3962 1761 4046; x_wconf 76' lang='lat' dir='ltr'><strong>christophorum</strong></span> <span class='ocrx_word' id='word_1_338' title='bbox 1794 3964 1966 4029; x_wconf 87' lang='lat' dir='ltr'><strong>Ricio</strong></span> <span class='ocrx_word' id='word_1_339' title='bbox 1997 3964 2249 4030; x_wconf 90' lang='lat' dir='ltr'><strong>latorem</strong></span> <span class='ocrx_word' id='word_1_340' title='bbox 2286 3965 2664 4046; x_wconf 88' lang='lat' dir='ltr'><strong>presentium</strong></span> <span class='ocrx_word' id='word_1_341' title='bbox 2698 3963 2956 4027; x_wconf 89' lang='lat' dir='ltr'><strong>ducatos</strong></span> <span class='ocrx_word' id='word_1_342' title='bbox 2999 3959 3252 4026; x_wconf 85' lang='lat' dir='ltr'><strong>CCCCL</strong></span> 
     </span>
     <span class='ocr_line' id='line_1_39' title="bbox 527 4050 3245 4134; baseline -0.001 -20"><span class='ocrx_word' id='word_1_343' title='bbox 527 4051 685 4126; x_wconf 89' lang='lat' dir='ltr'><strong>auri,</strong></span> <span class='ocrx_word' id='word_1_344' title='bbox 729 4070 879 4132; x_wconf 91' lang='lat' dir='ltr'><strong>quos</strong></span> <span class='ocrx_word' id='word_1_345' title='bbox 922 4051 1206 4117; x_wconf 82' lang='lat' dir='ltr'><strong>volumus</strong></span> <span class='ocrx_word' id='word_1_346' title='bbox 1253 4052 1410 4133; x_wconf 88' lang='lat' dir='ltr'><strong>quod</strong></span> <span class='ocrx_word' id='word_1_347' title='bbox 1462 4051 1759 4116; x_wconf 83' lang='lat' dir='ltr'><strong>mutuatis</strong></span> <span class='ocrx_word' id='word_1_348' title='bbox 1791 4052 2227 4125; x_wconf 82' lang='lat' dir='ltr'><strong>Gothomcher,</strong></span> <span class='ocrx_word' id='word_1_349' title='bbox 2275 4071 2455 4134; x_wconf 89' lang='lat' dir='ltr'><strong>quem</strong></span> <span class='ocrx_word' id='word_1_350' title='bbox 2492 4050 2827 4133; x_wconf 88' lang='lat' dir='ltr'><strong>accipimus</strong></span> <span class='ocrx_word' id='word_1_351' title='bbox 2859 4051 2933 4113; x_wconf 90' lang='lat' dir='ltr'><strong>ad</strong></span> <span class='ocrx_word' id='word_1_352' title='bbox 2968 4052 3245 4113; x_wconf 90' lang='lat' dir='ltr'><strong>nostrum</strong></span> 
     </span>
     <span class='ocr_line' id='line_1_40' title="bbox 524 4135 3254 4221; baseline -0.001 -21"><span class='ocrx_word' id='word_1_353' title='bbox 524 4137 854 4203; x_wconf 83' lang='lat' dir='ltr'><strong>servitium</strong></span> <span class='ocrx_word' id='word_1_354' title='bbox 904 4157 1043 4203; x_wconf 90' lang='lat' dir='ltr'><strong>cum</strong></span> <span class='ocrx_word' id='word_1_355' title='bbox 1092 4139 1141 4202; x_wconf 94' lang='lat' dir='ltr'><strong>L</strong></span> <span class='ocrx_word' id='word_1_356' title='bbox 1187 4139 1480 4212; x_wconf 84' lang='lat' dir='ltr'><strong>barbutia,</strong></span> <span class='ocrx_word' id='word_1_357' title='bbox 1524 4138 1599 4201; x_wconf 91' lang='lat' dir='ltr'><strong>de</strong></span> <span class='ocrx_word' id='word_1_358' title='bbox 1645 4139 1866 4221; x_wconf 91' lang='lat' dir='ltr'><strong>quibus</strong></span> <span class='ocrx_word' id='word_1_359' title='bbox 1914 4139 2161 4221; x_wconf 90' lang='lat' dir='ltr'><strong>quidem</strong></span> <span class='ocrx_word' id='word_1_360' title='bbox 2202 4138 2475 4204; x_wconf 88' lang='lat' dir='ltr'><strong>denariis</strong></span> <span class='ocrx_word' id='word_1_361' title='bbox 2527 4141 2590 4202; x_wconf 84' lang='lat' dir='ltr'><strong>et</strong></span> <span class='ocrx_word' id='word_1_362' title='bbox 2635 4139 2823 4201; x_wconf 89' lang='lat' dir='ltr'><strong>etiam</strong></span> <span class='ocrx_word' id='word_1_363' title='bbox 2886 4138 2958 4200; x_wconf 90' lang='lat' dir='ltr'><strong>de</strong></span> <span class='ocrx_word' id='word_1_364' title='bbox 3013 4135 3254 4199; x_wconf 89' lang='lat' dir='ltr'><strong>ducatis</strong></span> 
     </span>
     <span class='ocr_line' id='line_1_41' title="bbox 529 4224 3250 4307; baseline -0 -21"><span class='ocrx_word' id='word_1_365' title='bbox 529 4224 597 4299; x_wconf 91' lang='lat' dir='ltr'><strong>L,</strong></span> <span class='ocrx_word' id='word_1_366' title='bbox 645 4244 796 4306; x_wconf 87' lang='lat' dir='ltr'><strong>quos</strong></span> <span class='ocrx_word' id='word_1_367' title='bbox 843 4227 945 4290; x_wconf 88' lang='lat' dir='ltr'><strong>hic</strong></span> <span class='ocrx_word' id='word_1_368' title='bbox 986 4226 1222 4290; x_wconf 87' lang='lat' dir='ltr'><strong>habent</strong></span> <span class='ocrx_word' id='word_1_369' title='bbox 1262 4226 1477 4290; x_wconf 89' lang='lat' dir='ltr'><strong>mutuo</strong></span> <span class='ocrx_word' id='word_1_370' title='bbox 1526 4243 1637 4290; x_wconf 90' lang='lat' dir='ltr'><strong>nec</strong></span> <span class='ocrx_word' id='word_1_371' title='bbox 1682 4244 1798 4289; x_wconf 91' lang='lat' dir='ltr'><strong>non</strong></span> <span class='ocrx_word' id='word_1_372' title='bbox 1849 4227 1922 4290; x_wconf 91' lang='lat' dir='ltr'><strong>de</strong></span> <span class='ocrx_word' id='word_1_373' title='bbox 1973 4226 2024 4288; x_wconf 91' lang='lat' dir='ltr'><strong>V</strong></span> <span class='ocrx_word' id='word_1_374' title='bbox 2071 4228 2317 4291; x_wconf 90' lang='lat' dir='ltr'><strong>centum</strong></span> <span class='ocrx_word' id='word_1_375' title='bbox 2367 4227 2608 4291; x_wconf 88' lang='lat' dir='ltr'><strong>ducatis</strong></span> <span class='ocrx_word' id='word_1_376' title='bbox 2656 4242 2763 4306; x_wconf 92' lang='lat' dir='ltr'><strong>pro</strong></span> <span class='ocrx_word' id='word_1_377' title='bbox 2812 4242 2985 4307; x_wconf 89' lang='lat' dir='ltr'><strong>pena,</strong></span> <span class='ocrx_word' id='word_1_378' title='bbox 3030 4225 3084 4287; x_wconf 90' lang='lat' dir='ltr'><strong>si</strong></span> <span class='ocrx_word' id='word_1_379' title='bbox 3132 4240 3250 4285; x_wconf 90' lang='lat' dir='ltr'><strong>non</strong></span> 
     </span>
     <span class='ocr_line' id='line_1_42' title="bbox 524 4309 3253 4395; baseline 0.001 -25"><span class='ocrx_word' id='word_1_380' title='bbox 524 4310 881 4378; x_wconf 90' lang='lat' dir='ltr'><strong>observaret</strong></span> <span class='ocrx_word' id='word_1_381' title='bbox 929 4313 1106 4378; x_wconf 85' lang='lat' dir='ltr'><strong>nobis</strong></span> <span class='ocrx_word' id='word_1_382' title='bbox 1154 4313 1470 4394; x_wconf 86' lang='lat' dir='ltr'><strong>promissa,</strong></span> <span class='ocrx_word' id='word_1_383' title='bbox 1519 4314 1792 4394; x_wconf 88' lang='lat' dir='ltr'><strong>accipere</strong></span> <span class='ocrx_word' id='word_1_384' title='bbox 1840 4312 2118 4378; x_wconf 86' lang='lat' dir='ltr'><strong>debeatis</strong></span> <span class='ocrx_word' id='word_1_385' title='bbox 2165 4314 2384 4378; x_wconf 89' lang='lat' dir='ltr'><strong>bonam</strong></span> <span class='ocrx_word' id='word_1_386' title='bbox 2435 4316 2499 4377; x_wconf 90' lang='lat' dir='ltr'><strong>et</strong></span> <span class='ocrx_word' id='word_1_387' title='bbox 2548 4314 2845 4395; x_wconf 83' lang='lat' dir='ltr'><strong>ydoneam</strong></span> <span class='ocrx_word' id='word_1_388' title='bbox 2905 4309 3253 4393; x_wconf 86' lang='lat' dir='ltr'><strong>plezariam,</strong></span> 
     </span>
     <span class='ocr_line' id='line_1_43' title="bbox 531 4394 3255 4483; baseline 0.001 -27"><span class='ocrx_word' id='word_1_389' title='bbox 531 4394 810 4462; x_wconf 85' lang='lat' dir='ltr'><strong>faciendo</strong></span> <span class='ocrx_word' id='word_1_390' title='bbox 853 4399 930 4463; x_wconf 91' lang='lat' dir='ltr'><strong>de</strong></span> <span class='ocrx_word' id='word_1_391' title='bbox 975 4400 1090 4465; x_wconf 92' lang='lat' dir='ltr'><strong>hoc</strong></span> <span class='ocrx_word' id='word_1_392' title='bbox 1136 4400 1573 4465; x_wconf 87' lang='lat' dir='ltr'><strong>conscientiam</strong></span> <span class='ocrx_word' id='word_1_393' title='bbox 1623 4401 1955 4465; x_wconf 91' lang='lat' dir='ltr'><strong>comitibus</strong></span> <span class='ocrx_word' id='word_1_394' title='bbox 2025 4400 2270 4483; x_wconf 85' lang='lat' dir='ltr'><strong>Segnie,</strong></span> <span class='ocrx_word' id='word_1_395' title='bbox 2339 4403 2403 4464; x_wconf 90' lang='lat' dir='ltr'><strong>et</strong></span> <span class='ocrx_word' id='word_1_396' title='bbox 2463 4399 2842 4482; x_wconf 85' lang='lat' dir='ltr'><strong>procurando</strong></span> <span class='ocrx_word' id='word_1_397' title='bbox 2905 4397 3068 4480; x_wconf 89' lang='lat' dir='ltr'><strong>apud</strong></span> <span class='ocrx_word' id='word_1_398' title='bbox 3132 4414 3255 4470; x_wconf 78' lang='lat' dir='ltr'><strong>e08,</strong></span> 
     </span>
     <span class='ocr_line' id='line_1_44' title="bbox 529 4482 3258 4570; baseline 0 -26"><span class='ocrx_word' id='word_1_399' title='bbox 529 4482 694 4562; x_wconf 90' lang='lat' dir='ltr'><strong>quod</strong></span> <span class='ocrx_word' id='word_1_400' title='bbox 744 4484 803 4546; x_wconf 91' lang='lat' dir='ltr'><strong>in</strong></span> <span class='ocrx_word' id='word_1_401' title='bbox 847 4504 1013 4562; x_wconf 90' lang='lat' dir='ltr'><strong>casu,</strong></span> <span class='ocrx_word' id='word_1_402' title='bbox 1061 4506 1179 4569; x_wconf 91' lang='lat' dir='ltr'><strong>quo</strong></span> <span class='ocrx_word' id='word_1_403' title='bbox 1226 4489 1393 4552; x_wconf 85' lang='lat' dir='ltr'><strong>esset</strong></span> <span class='ocrx_word' id='word_1_404' title='bbox 1437 4505 1609 4570; x_wconf 89' lang='lat' dir='ltr'><strong>opus,</strong></span> <span class='ocrx_word' id='word_1_405' title='bbox 1660 4486 1973 4553; x_wconf 88' lang='lat' dir='ltr'><strong>valeamus</strong></span> <span class='ocrx_word' id='word_1_406' title='bbox 2018 4491 2230 4553; x_wconf 89' lang='lat' dir='ltr'><strong>contra</strong></span> <span class='ocrx_word' id='word_1_407' title='bbox 2276 4488 2523 4569; x_wconf 84' lang='lat' dir='ltr'><strong>plezios,</strong></span> <span class='ocrx_word' id='word_1_408' title='bbox 2596 4505 2745 4569; x_wconf 89' lang='lat' dir='ltr'><strong>quos</strong></span> <span class='ocrx_word' id='word_1_409' title='bbox 2798 4484 3134 4566; x_wconf 74' lang='lat' dir='ltr'><strong>accipietiS,</strong></span> <span class='ocrx_word' id='word_1_410' title='bbox 3181 4483 3258 4545; x_wconf 89' lang='lat' dir='ltr'><strong>de</strong></span> 
     </span>
     <span class='ocr_line' id='line_1_45' title="bbox 531 4568 3258 4657; baseline 0 -26"><span class='ocrx_word' id='word_1_411' title='bbox 531 4568 646 4632; x_wconf 89' lang='lat' dir='ltr'><strong>hoc</strong></span> <span class='ocrx_word' id='word_1_412' title='bbox 691 4573 1011 4648; x_wconf 86' lang='lat' dir='ltr'><strong>procedere</strong></span> <span class='ocrx_word' id='word_1_413' title='bbox 1060 4575 1125 4637; x_wconf 88' lang='lat' dir='ltr'><strong>et</strong></span> <span class='ocrx_word' id='word_1_414' title='bbox 1169 4593 1350 4656; x_wconf 87' lang='lat' dir='ltr'><strong>agere</strong></span> <span class='ocrx_word' id='word_1_415' title='bbox 1392 4576 1523 4640; x_wconf 90' lang='lat' dir='ltr'><strong>iura</strong></span> <span class='ocrx_word' id='word_1_416' title='bbox 1578 4579 1808 4650; x_wconf 85' lang='lat' dir='ltr'><strong>nostra,</strong></span> <span class='ocrx_word' id='word_1_417' title='bbox 1876 4576 2211 4640; x_wconf 88' lang='lat' dir='ltr'><strong>scribentes</strong></span> <span class='ocrx_word' id='word_1_418' title='bbox 2276 4575 2447 4639; x_wconf 91' lang='lat' dir='ltr'><strong>nobis</strong></span> <span class='ocrx_word' id='word_1_419' title='bbox 2508 4573 2796 4657; x_wconf 90' lang='lat' dir='ltr'><strong>quicquid</strong></span> <span class='ocrx_word' id='word_1_420' title='bbox 2859 4570 3132 4635; x_wconf 85' lang='lat' dir='ltr'><strong>feceritis</strong></span> <span class='ocrx_word' id='word_1_421' title='bbox 3196 4570 3258 4633; x_wconf 90' lang='lat' dir='ltr'><strong>in</strong></span> 
     </span>
     <span class='ocr_line' id='line_1_46' title="bbox 528 4655 3259 4745; baseline 0.001 -29"><span class='ocrx_word' id='word_1_422' title='bbox 528 4655 852 4735; x_wconf 88' lang='lat' dir='ltr'><strong>premissis</strong></span> <span class='ocrx_word' id='word_1_423' title='bbox 899 4677 1082 4739; x_wconf 90' lang='lat' dir='ltr'><strong>quam</strong></span> <span class='ocrx_word' id='word_1_424' title='bbox 1124 4660 1309 4725; x_wconf 88' lang='lat' dir='ltr'><strong>citius</strong></span> <span class='ocrx_word' id='word_1_425' title='bbox 1355 4680 1491 4725; x_wconf 90' lang='lat' dir='ltr'><strong>esse</strong></span> <span class='ocrx_word' id='word_1_426' title='bbox 1538 4665 1760 4745; x_wconf 90' lang='lat' dir='ltr'><strong>potest.</strong></span> <span class='ocrx_word' id='word_1_427' title='bbox 1812 4663 1975 4728; x_wconf 88' lang='lat' dir='ltr'><strong>Data</strong></span> <span class='ocrx_word' id='word_1_428' title='bbox 2019 4662 2202 4727; x_wconf 92' lang='lat' dir='ltr'>XXII</span> <span class='ocrx_word' id='word_1_429' title='bbox 2250 4663 2530 4741; x_wconf 87' lang='lat' dir='ltr'><strong>ianuarii,</strong></span> <span class='ocrx_word' id='word_1_430' title='bbox 2575 4660 2838 4727; x_wconf 86' lang='lat' dir='ltr'><strong>secunde</strong></span> <span class='ocrx_word' id='word_1_431' title='bbox 2882 4656 3259 4724; x_wconf 80' lang='lat' dir='ltr'><strong>indictionis,</strong></span> 
     </span>
    </p>
   </div>
   <div class='ocr_carea' id='block_1_9' title="bbox 621 4758 1533 4843">
    <p class='ocr_par' dir='ltr' id='par_1_13' title="bbox 621 4758 1533 4843">
     <span class='ocr_line' id='line_1_47' title="bbox 621 4758 1533 4843; baseline 0.01 -23"><span class='ocrx_word' id='word_1_432' title='bbox 621 4758 860 4821; x_wconf 72' lang='lat' dir='ltr'><strong>Secreta</strong></span> <span class='ocrx_word' id='word_1_433' title='bbox 899 4765 1136 4824; x_wconf 75' lang='lat' dir='ltr'><strong>consilii</strong></span> <span class='ocrx_word' id='word_1_434' title='bbox 1177 4771 1533 4843; x_wconf 70' lang='lat' dir='ltr'><strong>royatorum.</strong></span> 
     </span>
    </p>
   </div>
  </div>
 </body>
</html>
