3620 5282
551 297 683 364 324

549 494 686 541 eam
731 476 899 560 prius
944 476 1178 555 fecerit,
1227 477 1388 542 sicut
1433 477 1621 542 refert
1666 476 1859 541 nobili
1899 476 2031 542 viro
2078 475 2319 542 Marino
2362 476 2438 540 de
2472 473 2719 558 Caboga
2749 468 3090 536 honorabili
3122 467 3243 532 civi

550 568 615 630 et
659 563 878 630 factori
923 565 1256 650 Ragusino‚
1304 567 1448 630 istic
1492 565 1654 629 idem
1721 564 2018 641 VenetiiS‚
2089 569 2157 628 ut
2218 566 2432 640 nostis
2504 569 2649 628 tunc
2716 565 2777 625 et
2846 577 3004 624 nunc
3050 557 3244 622 etiam

553 652 858 732 existenti,
908 653 1318 719 venerabilem
1364 653 1563 718 virum
1612 655 1925 718 dominum
1977 653 2348 717 Michaelem
2417 652 2747 727 Dominici‚
2818 647 3247 731 presbyterum

552 742 929 824 Ragusinum
971 742 1356 824 capellanum
1406 761 1603 816 suum,
1677 743 2048 806 exebitorem
2123 741 2365 805 scilicet
2430 743 2670 815 harum,
2743 739 2904 802 istuc
2961 736 3118 798 idem
3167 731 3248 795 ad

550 847 656 893 vos
701 830 898 894 mittit
944 830 1293 912 specialiter
1338 833 1724 912 exequutum.
1820 830 2020 913 Igitur
2064 829 2270 912 ipsum
2316 829 2435 911 ipsi
2482 826 2843 893 excellentie
2906 824 3105 887 vestre
3152 840 3250 884 re-

553 918 1006 991 comendamus,
1051 920 1289 983 attente
1337 918 1717 1000 requirentes
1752 919 2051 995 eamdem,
2099 936 2236 981 eum
2273 918 2334 982 in
2377 917 2493 981 sibi
2530 915 2876 980 commissis
2911 932 3015 995 per
3044 913 3250 992 ipsum

550 1003 924 1071 fraternitati
973 1009 1172 1071 vestre
1237 1009 1545 1071 oretemus
1607 1005 1995 1089 expediendis
2061 1008 2250 1070 nostri
2319 1004 2807 1070 consideratione
2871 1017 3254 1065 recommen-

550 1093 764 1157 datum
810 1095 1035 1160 habere
1081 1101 1145 1158 et
1191 1095 1477 1178 dirigere,
1526 1099 1589 1158 et
1636 1095 1753 1159 sibi
1803 1097 2053 1158 demum
2099 1093 2518 1159 favorabiliter
2564 1093 2852 1157 assistere
2908 1085 3246 1172 dignemini

548 1181 614 1244 in
659 1182 910 1260 eisdem,
958 1185 1120 1249 sicut
1167 1183 1326 1267 quod
1376 1186 1581 1248 vestro
1628 1183 1934 1247 mediante
1981 1182 2190 1246 favore
2236 1181 2422 1246 finem
2472 1182 2687 1246 exinde
2738 1179 2996 1244 celerem
3045 1179 3107 1239 et
3141 1192 3253 1256 op·

552 1271 774 1349 tatum,
821 1272 982 1336 sicut
1047 1273 1120 1336 de
1184 1272 1352 1336 dicta
1412 1272 1797 1335 fraternitate
1850 1271 2055 1335 vestra
2117 1270 2500 1344 confidimuS,
2564 1269 2847 1350 consequi
2914 1265 3251 1341 valeamuS,

551 1356 794 1423 factura
840 1360 1014 1424 nobis
1060 1361 1125 1425 in
1173 1379 1242 1424 eo
1290 1360 1797 1442 complacentiam
1845 1359 2171 1441 specialem
2220 1358 2684 1423 adscribendam
2733 1357 2895 1420 inter
2963 1349 3256 1434 specialia

552 1444 935 1528 beneplacita
978 1452 1211 1524 nostra,
1261 1451 1324 1512 et
1371 1449 1619 1512 tandem
1668 1447 1799 1512 vice
1851 1467 2025 1512 versa
2070 1448 2241 1512 vobis
2292 1453 2353 1510 et
2399 1447 2622 1511 vestris
2670 1446 2730 1508 in
2766 1443 3054 1508 omnibus
3082 1439 3254 1503 vobis

553 1536 748 1617 gratis
794 1535 1061 1600 libenter
1125 1540 1187 1600 et
1256 1537 1446 1601 libere
1517 1535 1984 1618 rependendam,
2055 1541 2235 1617 prout
2304 1536 2469 1600 idem
2534 1534 2818 1597 dominus
2869 1528 3134 1594 Michael
3185 1528 3258 1591 de

552 1623 835 1688 omnibus
880 1624 1306 1689 excellentiam
1355 1623 1711 1688 informabit
1787 1625 2089 1699 eamdem,
2161 1623 2259 1686 cui
2329 1642 2443 1706 que
2511 1624 2675 1686 circa
2744 1622 2856 1684 hec
2933 1617 3157 1682 referet
3202 1617 3258 1681 ei

554 1711 694 1776 viva
735 1730 879 1777 voce
925 1713 1238 1796 nostrique
1286 1714 1417 1777 vice
1465 1713 1779 1776 credulam
1829 1713 2010 1776 fidem
2085 1712 2325 1795 placeat
2390 1712 2698 1776 adhibere.
2795 1710 2955 1772 Data
3006 1707 3067 1769 in
3115 1706 3261 1771 aula

552 1802 768 1866 nostra
814 1799 1097 1865 Suthisce
1145 1801 1243 1864 die
1292 1804 1560 1865 secunda
1606 1803 1837 1863 mensis
1880 1800 2193 1876 februarii,
2238 1817 2397 1864 anno
2446 1795 3116 1863 MCCCLXXXXIIII.

764 1888 1111 1971 Stephanus
1159 1889 1470 1953 Dabissha
1514 1889 1608 1952 dei
1659 1891 1863 1971 gratia
1910 1889 2146 1968 Rascie,
2197 1889 2395 1952 Bosne
2459 1887 2893 1967 Maritimeque
2954 1888 3072 1947 etc.
3141 1900 3267 1945 rex.

770 1975 859 2060 (A
904 1981 1137 2061 tergo):
1184 1977 1714 2042 Excellentissimo
1762 1976 1941 2041 fratri
1989 1980 2199 2041 nostro
2247 1977 2573 2041 carissimo
2636 1974 2883 2039 domino
2948 1972 3264 2035 Anthonio

556 2064 827 2130 Venerio
867 2066 963 2130 dei
1009 2066 1211 2149 gratia
1250 2066 1389 2130 duci
1431 2065 1853 2129 Venetiarum.

560 2249 563 2254 1
643 2172 1212 2236 Commemorialium
1271 2171 1456 2235 VIII.
1508 2177 1652 2242 189,
1698 2193 1739 2233 u
1784 2174 1942 2235 mlet.
1991 2174 2224 2235 arkivu.

1007 2380 1442 2466 CCCCLX.
1499 2384 1720 2466 1394.
1773 2384 1822 2466 3
1879 2380 2233 2485 venatis,
2284 2404 2343 2463 u
2396 2379 2785 2464 Mletclh.

554 2521 868 2603 Odqovara
911 2542 973 2588 se
1009 2527 1335 2601 poslam'ku
1376 2528 1709 2603 yospodara
1773 2528 2160 2678 glcgnskoqa,
2223 2529 2321 2601 koj
2377 2527 2626 2600 nudjas‘e
2690 2525 3056 2585 Mletcanom
3110 2525 3264 2599 yrad

738 2629 739 2632 ’
1820 2619 1895 2677 ka
1941 2636 2032 2678 ar.

862 2682 883 2713 Ι

592 2792 593 2797 ,
758 2735 960 2805 1393.
1008 2736 1338 2802 indictione
1382 2740 1666 2815 secunda,
1718 2737 1817 2802 die
1863 2740 1903 2801 3
1951 2736 2267 2820 februarii.
2317 2736 2643 2818 Sapientes
2678 2737 2981 2801 ordinum.
3032 2735 3259 2817 Capta:

552 2842 692 2889 cum
740 2826 862 2890 iam
910 2826 1127 2890 multis
1168 2825 1385 2891 diebus
1432 2829 1846 2910 comparuerit
1877 2829 1954 2890 ad
1986 2827 2360 2909 presentiam
2388 2825 2650 2889 dominii
2685 2827 3053 2890 reverendus
3086 2832 3264 2905 pater

551 2913 830 2983 dominus
898 2914 1219 2996 episcopus
1290 2914 1677 2980 Scutarensis
1753 2919 2070 2997 tamquam
2157 2916 2531 2979 ambasiator
2636 2913 2868 2977 domini
2944 2914 3261 2995 Dulcigni‚

552 3000 811 3067 offerens
856 3001 1001 3067 dare
1046 3002 1222 3067 nobis
1269 3003 1512 3067 nomine
1558 3002 1709 3068 dicti
1756 3003 1990 3067 domini
2037 3002 2239 3067 locum
2285 3002 2530 3068 Scutari
2601 3006 2662 3065 et
2721 3002 2930 3084 aliqua
2973 3000 3094 3065 alia
3143 3019 3262 3064 sua

551 3090 687 3155 loca
739 3089 909 3163 infra=
941 3092 1189 3169 terram,
1239 3089 1585 3156 volentibus
1629 3092 1803 3155 nobis
1852 3091 2167 3173 providere
2214 3090 2288 3155 de
2353 3110 2422 3154 eo
2491 3090 2834 3154 secundum
2906 3091 3065 3172 quod
3136 3089 3263 3153 erit

556 3178 928 3245 rationabile
973 3183 1160 3263 atque
1206 3179 1460 3257 iustum,
1494 3198 1563 3244 ac
1610 3179 1922 3262 requirens
1955 3181 2273 3261 superinde
2299 3183 2565 3243 nostram
2595 3180 3040 3260 resposionem3
3090 3178 3265 3243 vadit

555 3285 723 3349 pars,
772 3266 1179 3346 considerato,
1222 3266 1381 3350 quod
1428 3266 1596 3333 dicta
1619 3268 1750 3333 loca
1793 3286 1911 3333 non
1963 3267 2089 3331 sint
2131 3268 2207 3331 ad
2241 3268 2562 3345 marinam,
2609 3283 2750 3347 ymo
2784 3268 2957 3331 valde
2993 3270 3260 3341 remota,

557 3356 624 3419 et
668 3354 869 3421 forent
911 3355 1141 3438 pocius⁴
1172 3360 1462 3420 damnosa
1506 3355 1683 3420 nobis
1714 3374 1905 3438 quam
1937 3357 2153 3429 utilia;
2201 3355 2581 3419 considerato
2612 3355 2822 3429 etiam,
2858 3355 3016 3437 quod
3048 3354 3258 3418 dictus

555 3441 729 3507 locus
779 3443 1024 3509 Scutari
1071 3443 1527 3526 presentialiter
1573 3447 1671 3509 est
1718 3445 1780 3508 in
1829 3444 2115 3509 manibus
2161 3442 2564 3519 Turchorum‚
2612 3442 2703 3507 ita
2744 3444 2902 3526 quod
2937 3443 3100 3508 male
3125 3444 3264 3507 sine

552 3530 841 3596 scandalo
891 3531 1223 3596 intromitti
1271 3536 1493 3613 posset.
1541 3534 1604 3596 et
1642 3533 2107 3615 quampluribus
2153 3532 2291 3597 aliis
2338 3532 2696 3608 rationibus,
2743 3531 2904 3613 quod
2937 3552 3077 3597 curn
3112 3532 3261 3596 istis

554 3621 617 3683 et
655 3617 797 3683 aliis
843 3618 1101 3683 utilibus
1149 3622 1212 3684 et
1258 3620 1432 3685 bonis
1479 3620 1681 3685 verbis
1729 3625 1791 3685 et
1838 3622 2199 3698 rationibu8‚
2241 3640 2357 3703 que
2405 3619 2674 3683 dominio
2706 3619 3094 3697 videbuntur,
3139 3620 3256 3685 fiat

553 3707 867 3790 responsio
915 3706 1033 3790 ipsi
1082 3707 1327 3772 domino
1353 3706 1651 3792 episcopo,
1676 3708 2007 3774 lutanando
2055 3728 2119 3774 se
2166 3727 2202 3772 a
2234 3707 2394 3773 facto
2426 3726 2534 3790 pro
2567 3708 2840 3773 utilitate
2871 3710 3252 3790 agendorum

551 3798 926 3861 nostrorum.
1019 3795 1112 3860 De
1154 3798 1330 3879 parte
1373 3808 1582 3863 omnes
1622 3796 1750 3875 alii,
1798 3797 1874 3862 de
1919 3816 2036 3861 non
2084 3797 2142 3870 6,
2188 3815 2303 3861 non
2353 3794 2578 3860 sinceri
2623 3795 2680 3856 2.
3187 3804 3192 3809 ·

637 3904 874 3965 Secreta
921 3902 1095 3965 Gens.
1145 3902 1297 3980 [ἐσμ.
1343 3904 1420 3967 R.
1472 3908 1573 3979 91,
1617 3924 1661 3964 u
1703 3906 1859 3966 ποῖοί.
1907 3907 2144 3967 arkivu.

808 4109 1292 4194 CCCCLXI.
1347 4112 1552 4195 God.
1606 4113 1837 4197 1394.
1886 4115 1982 4198 27
2036 4112 2395 4217 trenaee,
2448 4138 2509 4198 u
2563 4115 2946 4198 Mletclh.

544 4218 838 4320 Mietcani
879 4256 1040 4331 §aljrc
1071 4259 1398 4331 poslanika
1440 4258 1819 4320 hrvatskomu
1864 4261 2025 4322 bonu
2068 4261 2271 4321 Ivanu
2315 4279 2387 4321 sa
2425 4262 2763 4335 zahto‘evom,
2810 4261 2964 4320 nelca
3011 4279 3095 4319 na
3124 4262 3242 4321 slo-

548 4347 700 4415 bodu
735 4347 911 4420 pasti
950 4346 1262 4418 francezke
1303 4347 1598 4420 podanike
1642 4350 1971 4423 zarobljene
2027 4350 2103 4408 od
2152 4348 2436 4409 Omisana
2496 4368 2579 4409 na
2622 4364 2789 4409 mom
2851 4366 2890 4408 a
2950 4367 3034 4407 na
3077 4350 3241 4412 mlet.

1342 4436 1545 4506 brodu,
1588 4438 1852 4497 dolazece
1895 4441 1953 4498 is
1995 4439 2182 4498 svetih
2225 4440 2452 4499 miesta.

755 4552 939 4619 1393.
990 4555 1322 4621 indictione
1367 4554 1654 4637 secunda,
1701 4558 1796 4621 die
1837 4557 2080 4624 XXVII
2125 4558 2440 4624 februarii.
2511 4557 2832 4641 Sapientes
2878 4558 3125 4624 consilii
3170 4566 3239 4624 et

543 4637 848 4722 sapientes
892 4643 1175 4708 ordinum
1221 4648 1468 4727 excepto
1514 4663 1614 4709 ser
1660 4645 2094 4713 Bartholomeo
2141 4648 2323 4714 Nani.
2371 4647 2589 4730 Capta:
2636 4646 2780 4729 quia
2826 4647 3226 4713 venientibus

541 4727 850 4811 aliquibus
870 4816 885 4845 -„
918 4731 1228 4797 nobilibus
1293 4732 1665 4817 francigenis
1732 4737 1795 4800 et
1855 4734 2179 4820 flamengis
2253 4754 2394 4801 cum
2453 4755 2575 4801 una
2655 4739 2867 4800 nostra
2951 4736 3229 4819 griparia

504 4936 541 4963 X
