3620 5282
3032 344 3158 411 169

785 521 1194 607 CCXLII.
1257 524 1465 608 God.
1519 524 1751 609 1350.
1806 524 1858 606 8
1912 523 2253 626 oZujRa,
2308 545 2369 605 u
2423 522 2812 606 Mletcih.

422 651 568 710 Piso
621 667 683 711 se
727 652 930 725 kralju
976 653 1337 727 uyarskomu
1379 653 1520 710 radi
1565 652 1767 722 ἔΙοοᾱα,
1815 654 1943 725 koje
1989 653 2217 726 nJeyovi
2259 652 2590 726 podloinici
2649 667 2871 711 nanose
2916 654 3153 710 stanov·

1329 742 1526 799 nihom
1561 741 1930 815 primorskih
1971 741 2253 815 yradova.

641 876 827 940 1350.
875 875 1210 942 indictione
1258 877 1375 956 111,
1423 878 1523 943 die
1571 878 1610 942 8
1659 878 1900 957 marcii,
1945 879 2162 960 capta:
2212 878 2356 961 quia
2402 896 2508 959 per
2533 876 2932 958 quamplures
2978 875 3154 940 litte-

422 982 518 1029 ras
566 965 869 1030 comitum
917 967 1270 1030 nostrorum
1319 966 1596 1044 Sibinici,
1641 965 1832 1031 Jadre
1894 966 1959 1029 et
2002 962 2177 1031 None
2239 965 2607 1040 habuimuS,
2660 964 2819 1046 quod
2865 964 3151 1047 Hungari

423 1051 720 1117 derobant
765 1052 1213 1118 et,molestant
1261 1054 1474 1119 fideles
1522 1057 1764 1119 nostros
1812 1053 2133 1118 Sclavenie
2180 1054 2395 1117 contra
2444 1052 2707 1116 formam
2742 1054 3148 1135 treuguarum

422 1139 774 1204 habitarum
823 1158 964 1204 cum
1006 1141 1254 1205 domino
1300 1160 1445 1225 rege
1495 1142 1836 1225 Hungarie,
1885 1144 1950 1205 et
1994 1159 2104 1224 pro
2151 1142 2373 1206 honore
2440 1142 2649 1205 nostro
2712 1139 2862 1204 facit
2924 1157 3148 1222 procu-

422 1245 555 1291 rare
603 1228 1114 1311 indempnitatem
1163 1229 1435 1312 ipsorum
1486 1234 1833 1295 nostrorum
1882 1228 2176 1307 fidelium,
2234 1227 2564 1293 consulunt
2610 1227 2940 1309 sapientes,
2991 1228 3151 1309 quod

424 1315 728 1380 scribatur
776 1316 894 1398 ipsi
938 1316 1182 1382 domino
1229 1318 1379 1401 regi,
1428 1319 1671 1382 domiue
1720 1319 1929 1401 regine
1988 1316 2174 1381 matri
2237 1336 2342 1381 sue
2406 1336 2477 1380 ac
2523 1316 2771 1379 domiuo
2819 1315 2958 1379 duci
3009 1312 3158 1378 Ste-

421 1402 558 1468 fano
620 1403 696 1467 de
749 1403 1216 1485 predacionibus
1277 1407 1342 1469 et
1403 1404 1746 1483 molestiis,
1796 1425 1912 1487 que
1972 1404 2130 1469 fiunt
2190 1423 2297 1487 per
2363 1402 2770 1469 castellanum
2825 1408 2891 1467 et
2937 1405 3156 1486 gentes

424 1509 567 1555 suas
607 1492 812 1556 Tinini
860 1493 924 1555 et
982 1491 1326 1558 Ostrovicie
1387 1493 1672 1559 fidelibus
1727 1494 1958 1557 nostris
2008 1492 2331 1558 Sclavonie
2399 1495 2613 1556 contra
2672 1490 2936 1556 formam
2983 1494 3153 1554 treu-

424 1597 705 1661 guarum,
747 1579 1113 1662 requirendo
1176 1581 1307 1645 tam
1375 1581 1865 1646 satisfactionem
1932 1579 2240 1645 dictorum
2301 1580 2699 1656 damnorum,
2753 1597 2940 1661 quam
2989 1579 3151 1661 quod

426 1669 671 1731 cessent
717 1665 778 1731 in
825 1669 1144 1750 posterum
1190 1687 1226 1733 a
1272 1669 1648 1734 novitatibus
1701 1670 1888 1751 ipsis3
1955 1671 2018 1733 et
2059 1669 2293 1733 interea
2356 1667 2661 1731 scribatur
2708 1667 2922 1731 comiti
2979 1665 3154 1730 Sibe-

429 1753 575 1830 nici,
626 1754 786 1837 quod
834 1755 1069 1819 scribat
1112 1756 1444 1821 castelanis
1494 1757 1785 1839 predictis
1835 1759 1897 1819 et
1944 1756 2103 1834 aliis,
2153 1757 2254 1839 qui
2280 1755 2518 1819 faciunt
2543 1755 2849 1819 novitates
2883 1753 3150 1832 easdem,

426 1842 696 1924 qualiter
743 1861 956 1906 sumus
1004 1844 1065 1906 in
1114 1845 1378 1927 treugua
1422 1863 1562 1909 cum
1609 1845 1744 1927 ipso
1791 1844 2037 1909 domino
2082 1862 2258 1927 rege,
2307 1844 2373 1907 et
2418 1842 2832 1925 procurandO,
2882 1841 3041 1924 quod
3094 1842 3151 1905 ei

434 1929 706 1994 satisfiat
750 1930 824 1994 de
868 1931 1112 1995 damnis
1159 1950 1268 2014 per
1313 1932 1479 2015 ipsos
1524 1932 1742 2011 illatis,
1790 1935 1854 1996 et
1901 1933 2057 2014 quod
2107 1950 2172 1998 se
2214 1930 2528 1997 abstineat
2550 1930 2615 1994 in
2648 1931 2948 2008 futurum,
2999 1930 3157 1994 alio·

426 2016 574 2100 quin
623 2020 890 2100 exponat
934 2018 1065 2102 ipse
1111 2038 1335 2099 comeS,
1377 2021 1537 2103 quod
1585 2040 1767 2102 super
1808 2020 1922 2084 hoc
1968 2018 2379 2084 scriberemus
2425 2018 2671 2083 litteras
2718 2019 2959 2082 nostras
3004 2036 3156 2100 que-

429 2105 787 2170 rimoniales
834 2105 1078 2171 domino
1122 2106 1255 2190 regi
1295 2107 1573 2190 predicto
1617 2127 1757 2173 cum
1804 2107 1946 2172 aliis
1995 2107 2219 2187 verbis,
2267 2125 2383 2191 que
2429 2106 2718 2186 domino,
2783 2104 3155 2169 consiliariis

425 2196 488 2258 et
533 2193 840 2275 capitibus
890 2193 1280 2260 videbuntur.
1328 2196 1422 2259 De
1469 2214 1589 2261 non
1647 2198 1696 2273 1,
1743 2214 1862 2260 non
1909 2196 2133 2260 sinceri
2190 2200 2241 2259 1.

511 2281 687 2344 Misti
734 2282 978 2345 XXVI.
1028 2287 1084 2355 5,
1128 2304 1169 2345 u
1215 2286 1431 2346 arkivu
1475 2287 1832 2347 mletad‘kom.

739 2470 1196 2555 CCXLIII.
1246 2473 1452 2559 flod.
1507 2475 1740 2560 1350.
1795 2477 1898 2557 14
1934 2474 2275 2577 (maij
2329 2496 2390 2556 u
2445 2473 2837 2557 Mletcih.

427 2600 655 2673 Kralju
699 2601 1021 2671 srbskomu,
1067 2601 1225 2661 nelca
1268 2600 1482 2673 mlvii,
1529 2603 1611 2662 da
1649 2619 1712 2663 se
1756 2602 2111 2662 nadoknade
2172 2603 2316 2663 stete
2366 2600 2783 2675 podloinikom
2826 2599 3156 2660 mletac'kim

428 2690 701 2762 ucinjene
715 2709 735 2760 ‚·
774 2691 1183 2762 pomorskomu
1229 2692 1395 2763 pako
1441 2692 1745 2764 kapetanu
1763 2736 1777 2761 ,
1826 2692 1905 2750 da
1944 2692 2248 2765 proyanja
2292 2692 2317 2749 i
2362 2691 2519 2749 ulovi
2576 2691 2865 2764 qusarske
2912 2689 3156 2747 brodovc

520 2779 577 2836 iz
619 2776 866 2847 Solaria,
914 2779 937 2835 i
977 2778 1057 2836 da
1102 2779 1375 2852 zahtjeva
1423 2779 1499 2838 od
1541 2781 1897 2854 solunskoya
1942 2781 2132 2840 kneza
2175 2780 2358 2838 Petra
2408 2778 2699 2837 naknadu
2753 2795 2828 2838 za
2868 2776 3063 2836 skode.

642 2897 823 2961 1350.
873 2897 968 2961 die
1016 2897 1166 2961 XIV
1228 2898 1463 2977 marcii,
1529 2902 1743 2982 capta:
1793 2900 1872 2964 ad
1930 2898 2163 2964 factum
2227 2897 2593 2962 damnorum
2657 2896 2976 2962 illatorum
3047 2915 3155 2978 per

428 2984 570 3050 illos
617 2987 689 3049 de
737 2982 1095 3068 Compagna
1143 2988 1208 3050 et
1253 2987 1636 3052 Albanenses
1684 2988 1910 3053 nostris
1959 2986 2243 3052 fidelibus
2293 2985 2589 3064 Phetelei,
2636 2985 3014 3049 rescribatur
3063 2983 3152 3048 eis

426 3086 527 3149 (sc.
576 3077 772 3135 baiulo
819 3080 876 3135 et
919 3076 1280 3136 consiliariis
1325 3078 1759 3152 Niyropontis),
1807 3074 1966 3158 quod
2029 3093 2363 3158 gravamur
2424 3076 2486 3137 et
2548 3072 2872 3137 turbamus
2920 3072 2995 3136 de
3046 3074 3154 3137 da-

430 3160 593 3225 mnis
640 3161 980 3244 premissis,
1030 3162 1095 3226 et
1138 3163 1383 3246 placeat
1429 3162 1604 3227 nobis
1651 3162 1956 3246 provisi0,
2014 3181 2198 3245 quam
2260 3162 2540 3226 fecerunt
2601 3161 2664 3225 in
2720 3160 3026 3226 mittendo
3076 3159 3154 3224 ad

430 3246 567 3313 illos
615 3249 689 3313 de
738 3246 1099 3332 Compagna
1148 3254 1211 3314 et
1256 3250 1331 3314 ad
1381 3250 1556 3315 illum
1607 3251 1892 3334 Prealipo
1934 3269 2044 3333 pro
2091 3250 2510 3315 satisfactione
2556 3251 2619 3313 et
2664 3250 2922 3313 emenda
2956 3248 3156 3314 dicto-

422 3355 557 3399 rum
605 3338 1008 3415 damnorum,
1064 3339 1128 3403 et
1173 3338 1332 3421 quod
1376 3355 1485 3420 pro
1546 3341 1722 3421 parte
1784 3341 1996 3403 nostra
2058 3338 2426 3415 scribimus,
2477 3338 2542 3401 et
2586 3335 2676 3400 sic
2722 3335 2850 3415 fiat,
2907 3336 3153 3402 litteras

423 3424 960 3510 nostrasdomino
1008 3461 1088 3472 -—
1138 3463 1217 3472 —
1269 3427 1402 3508 regi
1448 3426 1629 3491 Rasie
1677 3445 1785 3508 pro
1835 3427 2257 3491 satisfactione
2304 3425 2610 3489 dictorum
2657 3426 3042 3502 damnorum,
3093 3427 3157 3488 et

425 3512 718 3577 utillum
768 3512 1054 3596 Prealipo
1116 3513 1437 3578 subditum
1500 3533 1678 3578 suum
1728 3514 2003 3597 corrigat
2063 3516 2127 3578 et
2180 3513 2511 3578 admoneat
2572 3513 2818 3589 taliter,
2883 3513 3044 3595 quod
3089 3511 3154 3575 in

423 3603 733 3680 posterum
783 3618 902 3664 non
945 3603 1264 3683 presumat
1309 3600 1702 3666 damnificare
1750 3604 2059 3667 nostrates
2105 3602 2202 3666 vel
2267 3601 2559 3666 adherere
2606 3600 3149 3665 damnificantibus

423 3705 543 3838 gos,
596 3688 655 3751 in
698 3707 778 3838 {a
823 3688 1040 3768 forma,
1089 3708 1274 3772 quam
1321 3708 1430 3773 pro
1479 3689 1705 3754 honore
1750 3692 1815 3755 et
1875 3690 2032 3754 bono
2094 3688 2243 3754 facti
2309 3688 2778 3773 cognoverimus
2840 3686 3142 3771 expedire.

478 3794 650 3839 mnes
740 3794 772 3840 e
820 3779 1013 3859 parte.

632 3861 863 3946 Capta:
912 3864 991 3927 ad
1033 3864 1094 3928 id
1142 3883 1304 3943 vere,
1355 3864 1514 3947 quod
1553 3864 1830 3930 scribunt
1894 3867 1967 3929 de
2030 3866 2145 3929 don
2211 3865 2394 3930 Petro
2441 3863 2686 3929 domino
2732 3862 2995 3940 Solone,
3045 3863 3149 3945 qui

428 3947 697 4015 indebite
745 3954 915 4016 tenet
957 3954 1339 4016 carceratum
1366 3951 1841 4038 ,Christoforum
1892 3955 1965 4016 de
2012 3953 2220 4017 Medio
2266 3953 2460 4017 civem
2510 3954 2824 4028 nostrum,
2873 3953 2938 4015 et
2971 3952 3156 4015 ⁴tenet

422 4036 593 4118 ligna
636 4040 699 4102 et
744 4039 994 4123 navigia
1040 4039 1103 4104 in
1151 4059 1417 4118 cursum,
1466 4042 1939 4123 respondeatur,
1988 4041 2144 4124 quod
2199 4040 2498 4105 habentes
2564 4058 2784 4123 grave,
2834 4039 2993 4121 qnod
3041 4058 3150 4121 per

425 4125 626 4205 ipsum
673 4125 909 4190 factum
957 4128 1054 4191 est
1092 4130 1155 4191 et
1197 4127 1286 4206 fit,
1337 4128 1764 4193 commisimus
1812 4131 1876 4193 et
1923 4128 2013 4193 sic
2058 4128 2511 4204 committatur,
2578 4128 2895 4209 capitaneo
2942 4129 3152 4190 nostro

423 4214 582 4290 culfi,
632 4213 787 4295 quod
837 4215 1000 4279 sicut
1036 4216 1101 4279 et
1145 4216 1386 4297 quando
1432 4216 1552 4280 sibi
1598 4216 1828 4280 abilius
1875 4216 2184 4281 videbitur
2231 4234 2371 4281 cum
2404 4215 2739 4280 securitate
2764 4214 3155 4298 navigiorum

424 4304 769 4365 nostrorum
819 4304 884 4366 et
927 4304 1205 4368 custodie
1238 4303 1357 4368 sibi
1399 4305 1747 4380 commisse,
1785 4304 2007 4369 debeat
2051 4306 2140 4369 ire
2187 4306 2250 4368 et
2273 4321 2599 4387 procurare
2631 4301 2706 4367 de
2738 4303 3150 4386 persequendo

424 4388 489 4450 et
529 4387 811 4453 habendo
859 4388 1030 4454 dicta
1075 4391 1324 4473 navigia
1370 4393 1436 4455 et
1474 4391 1647 4474 ligna
1689 4397 1752 4456 et
1800 4410 2111 4475 personas,
2163 4410 2281 4474 que
2329 4390 2655 4474 piraticam
2719 4391 3041 4468 exercent,
3088 4390 3153 4453 et

423 4474 497 4540 de
542 4475 694 4558 ipsis
741 4476 940 4541 facere
987 4479 1321 4543 secundum
1369 4478 1809 4543 continentiam
1857 4479 2307 4544 commissionis
2356 4498 2500 4556 sue3
2550 4481 2613 4543 et
2658 4479 2818 4560 quod
2863 4477 2969 4541 det
3014 4495 3156 4558 ope-

424 4581 556 4627 ram
604 4563 678 4628 de
727 4563 1033 4647 loquendo
1080 4564 1245 4631 dicto
1290 4566 1409 4630 don
1456 4567 1641 4631 Petro
1690 4567 1788 4631 vel
1835 4565 2139 4631 mittendo
2206 4567 2498 4631 nuncium
2563 4564 2833 4646 aliquem
2884 4564 2962 4627 ad
3010 4583 3153 4628 eum

428 4668 537 4732 pro
580 4653 757 4733 parte
796 4655 1030 4730 nostra,
1079 4656 1145 4718 et
1188 4654 1567 4736 procurando
1632 4654 1990 4738 libertatem
2038 4654 2191 4718 dicti
2253 4654 2448 4718 nostri
2513 4652 2665 4717 civis
2712 4655 2775 4716 et
2826 4651 3150 4715 emendam

424 4756 499 4803 ac
544 4738 1035 4806 satisfactionem
1079 4741 1445 4807 damnorum
1491 4745 1558 4807 et
1602 4742 1998 4820 offensarum,
2048 4760 2165 4825 que
2210 4759 2319 4824 per
2369 4741 2574 4823 ipsum
2612 4739 2877 4803 fuissent
2922 4733 3151 4800 nostris
