3620 5282
491 279 625 348 470

488 459 769 615 ῧιιιᾱυπί
815 456 976 613 ᾳξὲᾶ
1021 458 1153 543 ipse
1199 457 1383 523 debet
1425 456 1581 522 bene
1628 456 2028 537 considerare,
2073 454 2269 525 aliam
2313 455 2431 525 sibi
2464 455 2665 525 facere
2702 473 2827 525 non
2858 473 3210 544 possemus.

350 584 353 589 -
549 569 583 615 e
629 566 739 632 par
771 568 803 613 e
940 595 954 610 .
1008 618 1011 623 ,
1053 595 1055 598 <

695 655 807 721 Ser
851 652 1225 718 Rambertus
1272 651 1528 733 Quirino
1573 654 1820 736 sapiens
1854 654 2119 734 consilii,
2152 674 2250 722 ser
2275 649 2633 733 Leonardns
2669 653 2920 719 Victuri
2951 655 3204 737 sapiens

489 744 791 811 ordinum.
840 742 939 806 Ad
970 740 1231 807 alteram
1274 744 1518 824 partem
1553 741 2007 821 declarationiS,
2041 762 2229 829 quam
2261 746 2501 826 petunt,
2536 742 3001 826 respondeatur,
3035 742 3201 826 quod

488 833 774 899 dominus
820 849 925 895 rex
971 848 1079 913 per
1127 829 1599 910 responsionem,
1649 848 1835 914 quam
1885 833 2081 914 pridie
2143 832 2232 898 eis
2296 831 2595 908 dedimus,
2660 831 2830 896 clare
2876 830 3085 896 videre
3135 835 3200 895 et

488 919 997 1003 comprehendere
1041 917 1277 1001 poterit
1324 917 1548 983 bonam
1596 920 2007 985 intentionem
2054 922 2118 986 et
2148 919 2637 1005 dispositionem,
2672 937 2859 1003 quam
2896 920 3201 985 habemus

490 1013 553 1076 et
598 1008 825 1073 habere
865 1006 1245 1071 intendimus
1292 1025 1504 1071 versus
1551 1026 1715 1085 eum,
1768 1010 1833 1075 et
1897 1008 2013 1072 illa
2081 1009 2241 1074 satis
2287 1008 2571 1074 sufficere
2630 1007 2750 1072 sibi
2803 1007 3009 1083 debet,
3052 1008 3200 1090 quia

491 1098 679 1163 aliam
721 1094 1196 1160 declarationem
1244 1094 1376 1159 sine
1421 1096 1688 1159 maximo
1737 1096 2074 1178 preiudicio
2123 1099 2187 1163 et
2234 1097 2455 1163 damno
2502 1097 2713 1161 nostro
2746 1113 2818 1159 ac
2848 1099 3199 1161 nostrorum

491 1186 608 1251 sibi
637 1184 699 1248 iu
729 1185 995 1265 presenti
1044 1182 1246 1248 facere
1294 1200 1410 1247 non
1440 1200 1774 1265 possemuS,
1802 1203 1942 1250 cum
1968 1187 2133 1251 cives
2158 1187 2224 1251 et
2269 1188 2643 1251 mercatores
2689 1183 2886 1248 nostri
2930 1185 3201 1249 habeant

494 1274 568 1338 de
615 1270 1096 1354 mercationibus
1142 1273 1209 1336 et
1250 1270 1392 1335 aliis
1453 1271 1635 1336 rebus
1706 1273 1909 1339 multa
1953 1292 2132 1359 agere
2199 1276 2264 1339 et
2324 1273 2525 1339 facere
2572 1274 2635 1338 in
2695 1273 2981 1355 partibus
3027 1272 3190 1346 illis;

490 1360 709 1427 civitas
755 1361 945 1424 etiam
994 1360 1203 1424 nostra
1245 1357 1403 1424 vivit
1443 1360 1504 1423 iu
1552 1359 1708 1424 bona
1754 1364 1933 1444 parte
1979 1362 2055 1426 de
2100 1362 2249 1429 locis
2288 1360 2436 1438 illis,
2485 1364 2550 1426 et
2593 1361 2792 1426 multa
2836 1361 2959 1425 alia
3002 1361 3197 1426 inter-

487 1450 747 1516 veniunt
792 1449 954 1513 inter
1000 1447 1143 1512 illos
1190 1449 1255 1512 et
1300 1450 1561 1527 nostros,
1608 1448 1766 1514 unde
1813 1467 2109 1533 rogamus
2155 1452 2357 1533 ipsum
2405 1451 2723 1515 dominum
2773 1467 3002 1533 regem,
3049 1468 3196 1532 qua-

490 1541 672 1604 tenus
721 1536 797 1601 de
842 1536 1238 1619 responsione
1283 1539 1493 1601 nostra
1538 1536 1816 1620 predicta
1860 1538 2106 1621 placeat
2148 1557 2465 1605 remanere
2502 1538 2880 1604 contentum.

694 1643 779 1709 Et
824 1663 896 1708 ex
943 1661 1103 1708 nunc
1149 1643 1234 1708 sit
1277 1642 1550 1724 captum,
1595 1645 1777 1726 quod,
1826 1648 2008 1728 capta
2051 1645 2322 1729 presenti
2385 1646 2579 1729 parte,
2640 1661 2749 1727 pro
2796 1642 2875 1707 bo
2892 1662 2967 1707 no
3007 1661 3184 1727 agen·

493 1735 710 1798 dorum
756 1734 1102 1797 nostrorum
1153 1729 1489 1816 collegium
1537 1732 1787 1815 domini,
1837 1733 2342 1808 consiliariorum,
2415 1733 2692 1818 capitum
2738 1734 2803 1796 et
2846 1733 3193 1814 sapientum

491 1820 815 1905 utriusque
863 1838 1082 1886 manus
1126 1818 1351 1885 habeat
1388 1818 1743 1885 libertatem
1792 1841 1900 1903 per
1945 1841 2128 1888 unam
2178 1822 2466 1888 barcham
2512 1821 2667 1886 bene
2695 1822 3004 1885 armatam
3045 1821 3196 1884 scri-

491 1908 678 1974 bendi
725 1908 1046 1991 capitaneo
1093 1910 1302 1973 nostro
1348 1907 1577 1993 culphy
1651 1911 1715 1975 et
1779 1908 1920 1975 aliis
1990 1911 2220 1976 nostris
2267 1910 2440 1986 locis,
2480 1930 2598 1994 que
2642 1909 3024 1984 viderentur,
3063 1914 3186 1972 ter-

490 1998 691 2063 minos
738 2001 805 2063 et
848 1997 1232 2062 conditiones
1277 1995 1657 2079 agendorum
1706 1997 2148 2080 predictorum,
2221 2000 2291 2064 nt
2360 1999 2490 2064 sint
2557 1999 2630 2062 de
2673 1997 2961 2063 omnibus
3007 1994 3189 2061 infor-

486 2086 664 2159 mati,
710 2088 776 2150 et
821 2087 1061 2169 possint
1105 2085 1334 2151 habere
1377 2082 1555 2152 illam
1601 2086 2033 2168 provisionem,
2067 2106 2185 2171 que
2226 2087 2346 2153 erit
2382 2086 2557 2153 utilis
2589 2089 2666 2152 et·
2688 2086 2850 2152 bona
2882 2103 2992 2170 pro
3024 2088 3184 2150 statu

483 2177 715 2240 nostro.
764 2174 856 2239 De
904 2177 1078 2259 parte
1123 2173 1229 2238 38.

456 2347 460 2351 <
696 2296 808 2364 Ser
854 2297 1329 2362 Bartholomeus
1377 2295 1736 2374 contareno,
1786 2317 1887 2363 ser
1932 2298 2254 2364 Barbonus
2300 2299 2692 2383 Mani-oceno,
2742 2299 3050 2380 sapientes
3094 2316 3192 2363 or-

487 2380 1228 2468 dinum:“respondeatur
1274 2385 1797 2451 ambaxiatoribus
1846 2388 2282 2471 suprascriptis
2329 2388 2391 2453 in
2439 2388 2558 2453 hac
2595 2387 2821 2465 forma,
2888 2386 3186 2461 videlicet,

486 2476 645 2559 quod
695 2472 890 2556 pridie
936 2474 1338 2556 intelligendo
1384 2491 1499 2538 sna
1547 2474 1834 2538 benivola
1878 2477 2063 2541 verba
2109 2478 2174 2540 et
2216 2476 2379 2541 latas
2418 2476 2755 2541 oblationes
2789 2476 2965 2540 uobis
2996 2475 3186 2539 factas

490 2584 600 2649 per
648 2564 817 2647 ipsos
865 2580 970 2645 pro
1017 2565 1190 2645 parte
1237 2563 1619 2627 serenissimi
1667 2562 1899 2629 domini
1949 2563 2043 2628 sui
2090 2581 2201 2628 nos
2231 2565 2654 2649 cognoscimus
2693 2564 2903 2629 omnia
2932 2582 3003 2628 ex
3035 2564 3189 2628 bona

486 2653 551 2717 et
594 2653 834 2717 sincera
879 2651 1202 2717 affectione
1249 2651 1594 2734 procedere,
1640 2670 1827 2734 quam
1900 2651 2031 2734 ipse
2100 2652 2386 2719 dominus
2435 2673 2541 2719 rex
2586 2653 2776 2718 habet
2835 2654 3045 2717 nostro
3085 2651 3186 2717 do-

486 2742 700 2815 minio,
749 2743 1000 2824 propter
1042 2740 1199 2824 quod
1249 2739 1414 2804 ultra
1458 2757 1729 2806 amorem
1779 2740 2108 2825 antiquum
2154 2741 2439 2808 habitum
2500 2742 2661 2807 inter
2719 2742 3181 2812 serenissimum

487 2830 806 2894 dominum
853 2848 1061 2912 regem
1111 2827 1456 2910 predictum
1504 2830 2046 2913 progenitoresque
2093 2849 2237 2896 suos
2289 2833 2353 2895 et
2399 2833 2677 2896 nostrum
2725 2829 3068 2894 dominium
3112 2829 3180 2894 de

485 2937 642 2983 novo
689 2918 831 3000 plus
877 2917 1156 3001 cogimur
1201 2918 1278 2981 ad
1325 2916 1705 2999 diligendum
1759 2918 1984 3001 ipsum,
2058 2918 2219 2984 unde
2278 2918 2690 3002 disposuimus
2758 2918 2973 3001 galeas
3046 2936 3181 2982 suas

487 3007 758 3071 tractare
805 3005 869 3070 et
913 3005 1167 3070 tractari
1212 3006 1411 3070 facere
1454 3004 1868 3070 amicabiliter
1913 3007 1977 3070 et
2040 3005 2328 3084 fraterne,
2398 3008 2491 3071 uti
2561 3024 2901 3089 speramus.
2948 3006 3108 3090 quod
3150 3024 3187 3070 a

489 3095 617 3159 suis
665 3094 838 3158 etin
884 3094 1070 3159 terris
1116 3096 1180 3158 et
1223 3093 1379 3158 locis
1425 3093 1619 3177 ipsius
1667 3093 1900 3158 domini
1943 3095 2109 3176 regis
2155 3095 2595 3161 tractabuntur
2638 3094 2817 3178 galee
2845 3095 2911 3159 et
2940 3093 3181 3177 navigia

487 3185 702 3249 nostra
747 3200 821 3247 ac
868 3186 1233 3247 mercatores
1280 3200 1419 3246 cum
1467 3181 1948 3250 mercationibus
2016 3184 2181 3263 suis3
2251 3184 2356 3248 sed
2425 3183 2767 3261 clarificati,
2816 3183 2974 3266 quod
3022 3182 3179 3247 idem

487 3269 693 3336 dictus
739 3289 846 3335 rex
893 3269 1159 3335 intendit
1206 3271 1521 3353 guerizare
1569 3270 1783 3336 contra
1828 3285 2086 3354 regnum
2150 3272 2466 3355 Hungarie
2527 3272 2591 3336 et
2633 3270 3049 3350 Dalmatinos,
3096 3271 3182 3335 eis

490 3356 776 3436 dicimuS,
826 3360 979 3441 quod
1029 3358 1246 3423 multis
1314 3358 1716 3424 consideratis
1786 3377 1902 3423 non
1947 3358 2186 3424 videtur
2232 3360 2409 3424 nobis
2457 3359 2679 3425 debere
2722 3359 2834 3424 isti
2878 3359 2994 3424 tali
3040 3358 3188 3442 peti·

486 3447 647 3512 cioni
694 3447 875 3511 aliter
906 3448 1305 3531 respondere,
1354 3446 1474 3510 nisi
1518 3448 1679 3529 quod
1727 3447 1856 3530 ipse
1904 3447 2185 3512 dominus
2252 3467 2355 3513 rex
2400 3448 2476 3512 de
2545 3448 2945 3532 responsione
2993 3448 3190 3529 pridie

486 3533 576 3599 eis
623 3535 789 3601 facta
835 3534 1019 3599 debet
1065 3552 1197 3599 esse
1247 3536 1592 3613 contentae,
1638 3536 1782 3618 quia
1828 3553 1917 3611 ea,
1966 3553 2083 3618 que
2128 3535 2395 3601 diximus
2459 3555 2612 3620 puro
2680 3536 2863 3600 corde
2936 3539 3000 3601 et
3044 3555 3184 3600 cum

483 3624 690 3689 animo
735 3621 1176 3688 inviolabiliter
1221 3623 1621 3701 observandi3
1669 3623 2090 3707 subiungendo
2137 3626 2523 3708 responsioni
2555 3624 2720 3701 hinc,
2757 3625 2922 3708 quod
2968 3628 3181 3689 nostra

482 3712 827 3778 dominatio
874 3730 993 3776 non
1040 3713 1139 3775 est
1182 3709 1486 3792 disposita
1529 3729 1593 3775 se
1624 3711 1943 3792 impedire,
1988 3711 2107 3775 nisi
2158 3712 2232 3777 de
2276 3712 2457 3778 factis
2489 3713 2892 3797 tangentibus
2938 3716 3003 3777 et
3046 3731 3186 3777 con-

481 3800 876 3868 cernentibus
924 3802 1157 3864 statum
1193 3806 1511 3884 rostrum,
1560 3801 1625 3865 et
1671 3798 1830 3865 velle
1876 3800 2078 3865 vivere
2148 3799 2398 3883 pacifice
2466 3804 2532 3867 et
2599 3802 2824 3884 quiete,
2874 3803 2950 3865 ut
2993 3800 3184 3865 nostri

482 3891 674 3955 moris
721 3890 837 3966 est,
886 3906 1026 3952 cum
1069 3887 1417 3952 volentibus
1463 3887 1665 3953 facere
1711 3889 1800 3952 sic
1846 3888 2193 3953 nobiscnm.

690 3994 989 4077 Departe
1034 3992 1096 4073 3,
1144 4011 1265 4058 uon
1311 3991 1373 4070 5,
1421 4011 1540 4058 non
1573 3995 1796 4059 sinceri
1849 3995 1949 4061 11.

689 4099 1012 4183 Sapientes
1062 4116 1272 4163 omnes
1320 4099 1558 4165 consilii
1607 4102 1671 4166 et
1717 4101 2031 4185 sapientes
2078 4102 2379 4168 ordinum.
2442 4101 2676 4186 Capta:
2747 4102 3036 4168 ultimate
3089 4100 3188 4166 di-

480 4191 656 4258 catur
700 4190 809 4264 eis,
844 4188 1001 4269 quod
1039 4205 1148 4252 nos
1181 4187 1529 4253 audivimus
1562 4187 1690 4267 illa,
1725 4192 1799 4255 ad
1831 4209 1946 4274 que
1978 4192 2534 4256 condescenderunt
2564 4209 2706 4257 cum
2740 4191 3186 4257 tractatoribus

480 4279 599 4346 sibi
642 4277 955 4360 deputatis
993 4295 1102 4358 pro
1149 4275 1330 4341 factis
1380 4274 1676 4362 Corphoy,
1728 4277 1804 4343 ad
1854 4298 1969 4362 que
2016 4280 2179 4344 male
2229 4282 2439 4362 posset
2499 4279 2589 4344 eis
2668 4281 2812 4344 dare
2869 4279 3188 4361 responsio

476 4371 541 4432 et
586 4365 911 4447 expeditio,
954 4369 1017 4427 et
1064 4364 1224 4447 quod
1275 4367 1597 4448 propterea
1642 4366 1841 4431 velint
1887 4367 2366 4433 condescendere
2412 4367 2490 4433 ad
2538 4387 2670 4434 rem
2719 4368 2949 4432 iustam
2995 4368 3060 4430 et
3089 4385 3183 4431 ra-

479 4453 864 4530 tionabilem,
912 4452 982 4517 ut
1028 4452 1225 4534 possit
1271 4454 1412 4535 poni
1461 4453 1653 4518 bonus
1705 4453 1845 4519 finis
1891 4454 2055 4521 dicto
2086 4457 2271 4529 facto,
2299 4455 2441 4540 quia
2472 4456 2561 4520 ita
2592 4454 2701 4521 fiet
2725 4458 2900 4538 parte
2945 4456 3188 4530 nostra:

478 4545 545 4608 et
589 4546 656 4605 nt
703 4540 869 4606 istud
919 4540 1048 4605 fieri
1100 4542 1310 4623 possit,
1361 4541 1693 4623 collegium
1744 4543 1972 4608 habeat
2015 4545 2373 4611 libertatem
2422 4544 2604 4610 dandi
2653 4544 2983 4609 arbitrium
3026 4544 3186 4606 trac-

472 4629 776 4693 tatoribus
822 4628 897 4692 de
943 4629 1482 4697 condescendendo
1528 4630 1605 4694 ad
1653 4635 1896 4712 partein
1957 4633 2033 4697 ad
2080 4633 2317 4714 partem
2363 4651 2555 4715 usque
2604 4633 2683 4695 ad
2730 4650 3039 4698 summam
3069 4628 3192 4696 XX

474 4715 678 4780 millia
723 4716 1083 4782 ducatorum
1139 4719 1202 4781 in
1249 4718 1453 4784 totum
1531 4736 1641 4802 pro
1706 4718 1989 4786 habendo
2046 4719 2307 4788 liberam
2373 4712 2642 4786 insulam
2714 4720 3060 4806 predictam
3105 4719 3184 4786 ab
