3620 5282
507 316 636 381 332

509 514 681 577 trum
731 515 1020 578 honorem
1068 514 1132 578 et
1174 515 1387 580 contra
1454 514 1881 581 iuramentum
1927 520 1990 580 et
2026 513 2489 598 promissionem
2553 511 2731 576 nobis
2776 509 3024 585 factam,
3056 525 3228 572 com-

512 620 717 678 parere
766 601 989 665 debeat
1034 621 1239 667 coram
1286 605 1492 667 nostro
1543 605 1818 669 dominio
1864 624 2053 687 usque
2098 606 2224 668 tres
2264 620 2507 667 menses
2537 604 2686 665 tunc
2719 597 3024 681 proximos
3054 616 3091 661 a
3121 596 3222 660 die

506 691 667 752 dicte
715 691 877 753 cride
918 690 995 752 ad
1046 690 1397 755 faciendum
1447 712 1621 757 suam
1669 691 2073 758 difensionem
2145 692 2219 756 de
2291 692 2408 768 his,
2482 707 2599 771 que
2668 686 3015 752 obiciuntur
3074 685 3217 763 sibi,

506 777 776 859 alioquin
823 778 1032 859 elapso
1080 779 1240 842 dicto
1290 783 1554 844 termino
1600 782 1661 844 et
1707 800 1776 844 eo
1828 800 1947 845 non
1993 783 2385 863 comparente
2433 778 2790 859 procedetur
2832 776 3043 838 contra
3075 792 3219 836 eum

506 867 840 929 secundum
888 867 1047 949 quod
1096 868 1329 931 iustum
1377 872 1439 931 et
1486 870 1848 933 conveniens
1896 869 2258 952 apparebit;
2298 866 2666 931 notificando
2717 863 2897 928 nobis
2929 880 3035 945 per
3068 880 3212 925 suas

506 953 719 1017 literas
766 955 925 1017 diem
976 954 1481 1037 proclamationis
1528 957 1817 1038 predicte,
1870 962 1937 1021 ut
1999 961 2072 1021 de
2130 956 2240 1020 illa
2309 955 2799 1020 informationem
2846 951 3210 1016 habeamus,

507 1041 733 1105 Verum
784 1042 927 1124 quia
975 1062 1256 1107 recusare
1307 1047 1513 1124 posset
1580 1045 1785 1109 venire
1856 1051 2103 1128 propter
2172 1044 2380 1109 debita
2442 1061 2554 1106 sua
2614 1043 2678 1106 et
2737 1040 2879 1122 quia
2923 1041 3025 1103 est
3070 1037 3213 1101 aliis

499 1129 835 1212 obligatuS,
886 1131 996 1194 fiat
1042 1150 1162 1195 una
1206 1132 1389 1196 litera
1435 1133 1588 1197 salvi
1639 1133 1976 1198 conductus
2024 1138 2087 1198 et
2149 1131 2522 1196 affidationis
2588 1129 2950 1193 auctoritate
3027 1125 3213 1194 istius

502 1217 744 1281 consilii
794 1238 904 1301 per
952 1239 1140 1283 unum
1191 1240 1465 1284 mensem
1511 1241 1547 1284 a
1593 1221 1711 1297 die,
1778 1241 1899 1304 qua
1968 1222 2261 1285 Venetias
2324 1218 2711 1302 applicuerit,
2760 1235 2874 1298 que
2920 1214 3216 1278 mittatur

500 1307 575 1369 ad
627 1325 843 1370 manus
888 1307 1036 1371 dicti
1092 1308 1304 1381 baiuli,
1354 1316 1418 1374 et
1462 1310 1820 1374 comitiatur
1866 1310 2088 1386 eidem,
2139 1309 2295 1392 quod
2340 1310 2412 1372 de
2461 1308 2595 1388 ipsa
2649 1306 2879 1369 dictum
2912 1321 3011 1367 ser
3044 1303 3215 1367 Mar-

501 1413 639 1456 cum
691 1394 911 1459 debeat
960 1395 1310 1473 informare,
1361 1398 1682 1462 scribendo
1730 1399 1870 1473 sibi,
1921 1399 2077 1481 quod
2126 1398 2315 1461 habet
2363 1397 2423 1459 in
2466 1393 2771 1458 mandatis
2831 1412 2868 1455 a
2914 1391 3091 1455 nobis
3138 1390 3214 1454 de

500 1481 701 1545 dando
747 1484 864 1546 sibi
912 1484 1051 1558 illa,·
1090 1484 1150 1547 in
1200 1504 1347 1548 casu
1394 1505 1511 1567 quo
1559 1491 1917 1569 compareat
1959 1486 2033 1550 ad
2083 1492 2355 1549 nostram
2384 1482 2776 1565 presentiam,
2826 1483 2896 1543 ut
2941 1481 3038 1544 est
3082 1478 3211 1542 dic-

502 1573 656 1648 tum,
706 1574 769 1634 et
814 1572 901 1635 sic
949 1571 1169 1636 debeat
1215 1574 1555 1639 observare.
1609 1576 1697 1639 De
1746 1578 1919 1658 parte
1959 1575 2061 1651 61,
2111 1574 2186 1639 de
2234 1592 2349 1637 non
2401 1572 2461 1650 9,
2504 1590 2619 1635 non
2665 1568 2888 1634 sinceri
2936 1569 2995 1630 2.

587 1679 765 1738 Misti
808 1680 1069 1743 XLIII.
1124 1685 1222 1753 18,
1270 1701 1309 1741 u
1354 1684 1505 1743 mlet.
1553 1686 1785 1744 arkivu.

712 1942 1377 2031 CCCCLXXIII.
1431 1945 1635 2027 Gon.
1691 1945 1915 2028 1394.
1970 1944 2074 2027 24
2126 1945 2445 2045 Srpnja,
2498 1965 2557 2023 u
2610 1940 3003 2023 Mletcih.

498 2088 791 2147 Mletcani
836 2089 1009 2148 bodre
1053 2106 1197 2148 cara
1254 2091 1573 2165 iztocnoya‚
1634 2093 1789 2150 nelca
1855 2097 2061 2150 ostano
2121 2109 2161 2147 u
2221 2090 2407 2162 svojoj
2473 2087 2697 2156 ἀνὶαυί,
2761 2104 2802 2144 α
2861 2086 2941 2144 da
3002 2085 3065 2143 ce
3109 2101 3212 2141 mu

1255 2180 1566 2237 krscanski
1596 2181 1866 2237 vladaocz'
1913 2199 1953 2239 u
1991 2179 2193 2252 pomo&
2229 2179 2462 2251 pritec'i.

716 2296 898 2360 1394.
948 2297 1280 2362 indictione
1328 2299 1409 2375 II,
1455 2300 1554 2362 die
1604 2301 1687 2362 24
1730 2300 1885 2365 iulii.
1954 2301 2065 2363 Ser
2126 2301 2346 2365 Petrus
2427 2298 2751 2378 Mecenigo
2820 2300 3203 2378 procurator,

497 2403 594 2448 ser
644 2385 1016 2448 Benedictus
1067 2387 1453 2468 Superantio,
1503 2390 1815 2470 sapientes
1880 2388 2161 2463 consilii;
2231 2408 2329 2451 ser
2390 2386 2759 2449 Laurentius
2809 2384 3057 2459 Bembo‚
3107 2389 3248 2446 ser'

496 2473 710 2538 Victor
757 2473 1076 2553 Marce110‚
1127 2494 1223 2538 ser
1264 2476 1736 2539 Bartholomeus
1786 2476 1969 2554 Nani,
2021 2476 2327 2558 sapientes
2360 2475 2662 2538 ordinum.
2758 2472 2986 2554 Capta:
3038 2470 3204 2553 quia,

495 2565 565 2625 ut
610 2561 890 2624 habitum
943 2565 1036 2626 est
1076 2582 1184 2645 per
1229 2563 1475 2627 litteras
1526 2565 1847 2629 vicebaiuli
1894 2569 1957 2628 et
2003 2564 2490 2628 consiliariorum
2525 2564 2869 2625 nostrorum
2905 2557 3209 2624 Constan-

497 2651 783 2732 tinopolis
827 2652 1110 2714 dominus
1159 2652 1493 2735 imperator
1538 2658 1676 2735 post
1724 2673 2027 2718 recessum
2079 2654 2191 2719 viri
2260 2653 2482 2717 nobilis
2548 2670 2646 2715 ser
2692 2650 3005 2714 Bertuccii
3054 2646 3208 2726 Qui-

494 2740 625 2803 rino
675 2739 917 2803 videtur
964 2739 1232 2803 multum
1284 2741 1567 2805 affectare
1629 2743 1701 2806 de
1760 2743 2038 2806 habendo
2099 2742 2555 2822 responsionem
2618 2741 2890 2803 nostram
2948 2736 3024 2800 ad
3095 2736 3207 2799 illa

494 2827 632 2903 duo,
682 2847 795 2909 que
843 2848 952 2908 per
999 2829 1257 2891 eundem
1298 2831 1475 2894 nobis
1523 2830 1777 2895 dicendo
1826 2831 2017 2906 misit,
2059 2831 2299 2894 scilicet
2344 2829 2419 2892 de
2470 2828 2633 2893 facto
2681 2826 2965 2908 possendi
3013 2825 3207 2889 levari

495 2934 675 2996 super
724 2915 947 2979 nostris
997 2916 1192 2997 galeis
1257 2918 1353 2981 vel
1401 2918 1537 2981 aliis
1604 2919 1867 3002 navigiis
1930 2920 2160 2982 nostris
2247 2920 2310 2981 et
2370 2915 2627 2981 conduci
2699 2913 2990 2978 Venetias
3059 2932 3202 2976 cum

496 3005 848 3082 securitate,
897 3009 959 3068 et
1005 3006 1077 3068 de
1126 3004 1289 3069 facto
1337 3006 1535 3070 insule
1571 3005 1936 3084 StaliminiS,
1987 3007 2077 3070 ita
2123 3009 2281 3089 quod
2331 3003 2782 3069 rationabiliter
2817 2998 3050 3066 differri
3084 3021 3204 3065 non

493 3097 718 3174 potest,
767 3094 913 3174 quin
959 3092 1139 3156 detur
1184 3094 1301 3156 sibi
1348 3095 1662 3176 responsio
1706 3115 1816 3177 per
1862 3096 2014 3160 istas
2064 3098 2301 3158 nostras
2349 3094 2592 3176 galeas3
2641 3092 2812 3155 vadit
2845 3108 3004 3171 parS,
3040 3091 3206 3173 quod

494 3180 803 3243 scribatur
851 3181 966 3263 ipsi
1017 3185 1228 3246 nostro
1276 3182 1619 3246 vicebaiulo
1666 3186 1730 3247 et
1776 3183 2158 3259 consiliariiS,
2207 3181 2367 3265 quod
2417 3200 2527 3246 nos
2560 3180 2737 3263 plene
2770 3179 3195 3242 intelleximus

494 3287 581 3344 ea,
634 3288 749 3350 que
797 3270 924 3350 ipse
972 3288 1069 3332 ser
1118 3271 1437 3334 Bertutius
1486 3271 1661 3334 nobis
1708 3273 1926 3335 retulit
1981 3291 2163 3352 super
2224 3270 2408 3334 dictis
2470 3268 2707 3334 duabus
2758 3267 3040 3350 partibus
3087 3285 3199 3348 pro

492 3359 665 3437 parte
710 3358 898 3438 ipsius
962 3357 1191 3422 domini
1253 3360 1660 3440 imperatoriS,
1725 3362 1790 3424 et
1851 3363 2173 3441 propterea
2236 3360 2521 3423 volumus
2569 3361 2632 3420 et
2693 3355 3055 3420 mandamus
3106 3355 3199 3419 eis

493 3463 632 3507 cum
683 3447 908 3508 nostris
956 3446 1231 3510 consiliis
1279 3451 1628 3529 rogatorum
1677 3450 1740 3511 et
1785 3448 2133 3525 additioniS,
2183 3447 2363 3529 quod,
2415 3449 2659 3528 captato
2690 3448 2965 3525 tempore
3002 3443 3206 3508 habili

492 3534 553 3595 et
599 3533 977 3609 condecenti,
1022 3535 1149 3615 ipse
1197 3538 1406 3598 noster
1454 3537 1833 3600 vicebaiulus
1880 3540 2232 3617 compareat
2277 3535 2354 3599 ad
2400 3535 2774 3617 presentiam
2834 3532 3025 3614 ipsius
3091 3531 3205 3595 do-

492 3621 645 3683 mini
693 3620 1100 3701 imperatoriS,
1152 3623 1213 3685 et
1261 3622 1377 3686 sibi
1427 3625 1558 3702 soli,
1609 3624 1661 3687 si
1711 3626 1954 3706 poterit,
2005 3643 2366 3706 responsum
2429 3622 2686 3705 prebeat
2748 3625 2920 3703 parte
2967 3620 3200 3698 nostra,

491 3710 650 3790 quod
691 3728 798 3771 nos
848 3726 966 3773 non
1013 3729 1265 3790 parvam
1317 3711 1773 3793 displicentiam
1812 3714 2115 3776 sensimus
2164 3714 2235 3775 de
2283 3713 2423 3787 hiiS,
2471 3731 2587 3792 que
2636 3708 2814 3772 nobis
2860 3726 2971 3772 sua
3004 3708 3202 3772 maie-

490 3800 619 3860 stas
669 3797 981 3861 notificare
1029 3799 1221 3862 voluit
1265 3818 1370 3880 per
1415 3820 1513 3863 ser
1560 3801 1917 3864 Bertucium
1963 3802 2366 3872 antedictum,
2421 3799 2660 3863 scilicet
2705 3798 2780 3861 de
2831 3796 3097 3860 termino
3129 3801 3196 3859 et

489 3885 959 3963 conditionibus,
1009 3886 1071 3949 in
1120 3888 1343 3969 quibus
1391 3909 1455 3952 se
1503 3891 1733 3970 reperit
1765 3888 2091 3970 imperium
2128 3907 2325 3963 suum,
2362 3892 2493 3952 tam
2526 3888 2772 3968 propter
2803 3884 3192 3967 singularem

490 3976 554 4038 et
601 3973 994 4038 intrinsecam
1048 3977 1394 4050 caritatem,
1467 3996 1652 4058 quam
1714 3976 2095 4058 portavimus
2165 3978 2229 4041 et
2301 3978 2618 4058 portamus
2698 3973 3007 4037 maiestati
3078 3992 3190 4036 sue

491 4061 779 4143 predicte,
829 4081 1012 4144 quam
1061 4065 1309 4146 propter
1353 4064 1761 4128 reverentiam
1810 4065 2143 4129 colentium
2194 4083 2413 4128 nomen
2461 4064 2594 4136 dei;
2641 4063 2706 4125 et
2748 4060 2901 4124 licet
2931 4060 3009 4124 ad
3043 4079 3188 4143 pre-

490 4169 627 4213 sens
674 4170 790 4214 non
837 4152 1102 4232 reperiat
1149 4171 1214 4215 se
1263 4152 1321 4214 in
1371 4151 1478 4216 illo
1527 4154 1681 4217 bono
1725 4152 2011 4227 termino,
2061 4154 2119 4217 in
2171 4171 2288 4235 quo
2334 4155 2704 4233 optaremuS,
2740 4150 2956 4213 tamen
2990 4149 3192 4212 omni-

490 4239 602 4302 bus
649 4237 1071 4315 consideratis,
1117 4242 1179 4302 et
1224 4239 1508 4321 precipue
1556 4242 1860 4322 quomodo
1909 4243 2113 4321 partes
2162 4241 2392 4305 Basaiti
2467 4239 2879 4303 molestantur
2926 4236 3004 4301 ad
3052 4256 3193 4320 pre-

489 4345 629 4390 sens
675 4328 750 4390 ab
798 4327 1167 4408 imperatore
1205 4329 1623 4404 Tartarorum,
1673 4347 1794 4393 non
1841 4330 2083 4394 videtur
2131 4330 2324 4405 nobis,
2373 4327 2533 4410 quod
2580 4324 2883 4390 serenitas
2933 4344 3045 4389 sua
3077 4326 3189 4389 ha-

489 4414 630 4477 beat
674 4414 886 4478 taliter
929 4417 1228 4491 dubitare,
1273 4417 1427 4497 quod
1478 4435 1584 4497 pro
1633 4418 1842 4499 aliqua
1888 4418 2234 4482 conditione
2280 4416 2492 4480 mundi
2539 4415 2756 4478 debeat
2803 4414 3081 4496 cogitare
3115 4415 3188 4478 de

492 4502 743 4565 volendo
792 4521 855 4565 se
929 4505 1253 4569 absentare
1315 4524 1351 4568 a
1396 4507 1537 4568 sede
1583 4524 1712 4582 sua,
1764 4524 1903 4570 nam
1954 4505 2276 4571 manifeste
2324 4503 2767 4586 cognoscimuS,
2833 4502 2999 4585 quod
3045 4501 3194 4565 talis

489 4608 599 4652 sua
645 4588 993 4655 absentatio
1040 4592 1115 4656 ab
1162 4593 1420 4673 imperio
1468 4596 1528 4655 et
1575 4593 1718 4658 sede
1758 4612 1870 4657 sua
1916 4596 2081 4658 esset
2127 4593 2333 4657 finalis
2402 4590 2736 4656 destructio
2787 4588 3037 4672 imperii
3089 4590 3187 4654 sui

490 4678 553 4739 et
600 4675 768 4738 illius
814 4677 1224 4744 famosissime
1272 4681 1566 4757 civitatis,
1618 4682 1760 4764 quia
1805 4684 1878 4745 de
1925 4681 2194 4763 presenti
2242 4684 2348 4745 aut
2393 4680 2725 4760 imperator
2791 4677 3188 4743 Turchorum

490 4761 910 4833 dominaretur
956 4768 1177 4846 eidem,
1223 4770 1287 4832 et
1334 4771 1482 4833 tunc
1529 4770 1760 4834 ruinari
1812 4789 2016 4835 muros
2055 4770 2284 4835 faceret
2328 4770 2390 4833 et
2433 4769 2589 4832 alias
2636 4766 3034 4847 provisiones,
3082 4786 3191 4848 per
