3620 5282
413 296 502 365 62

413 470 539 543 fiet,
586 468 758 533 sicut
803 467 1134 542 videbitur,
1187 467 1252 530 et
1296 464 1561 548 quilibet
1606 466 1807 548 possit
1842 483 2059 546 ponere
2094 463 2356 545 partem.
2405 462 2485 527 Et
2517 461 2789 527 habeant
2821 460 3160 525 terminum

414 576 520 640 per
568 558 773 621 totum
826 573 1099 618 mensem
1150 553 1362 617 marcii
1412 552 1710 617 futurum.
1775 555 1859 617 Et
1920 555 2170 615 vocetur
2233 550 2399 613 omni
2464 550 2596 613 vice
2651 547 2979 613 consilium
3043 547 3156 611 sub

413 664 574 727 pena
624 643 957 708 solidorum
1008 641 1146 705 XX.
1199 641 1280 705 Et
1326 640 1475 705 fiant
1519 658 1641 704 una
1689 658 1907 704 manus
1956 658 2063 720 per
2109 638 2450 714 dominum,
2501 636 2884 701 consiliarios
2952 637 3016 698 et
3057 654 3159 699 ca-

414 733 563 815 pita,
614 731 679 794 et
719 730 841 794 duo
891 748 997 813 per
1032 727 1395 792 electionem
1443 728 1506 791 in
1554 728 1675 791 isto
1723 726 1999 791 consili0.

630 816 955 900 Sapientes
1003 815 1219 880 Istrie:
1269 833 1370 879 ser
1415 815 1790 879 Laurencins
1840 814 2024 889 Zane,
2072 832 2172 878 ser
2236 812 2580 877 Panthaleo
2630 809 2834 874 Barbo
2889 809 3156 891 Juvenis,

416 925 514 970 ser
562 906 785 969 Petrus
830 903 1191 968 Justiniano
1241 902 1549 986 quondam
1600 922 1697 967 ser
1745 901 2064 966 Bernardi.

502 1012 682 1071 Masta·
733 1009 1123 1099 XXXJM,
1176 1028 1218 1068 u
1265 1010 1418 1069 mlet.
1468 1010 1705 1068 arkivu.

863 1195 1038 1278 XC.
1101 1196 1306 1279 Gon.
1363 1196 1588 1280 1363.
1644 1197 1752 1280 28
1807 1195 2150 1297 ozujka9
2204 1216 2262 1276 u
2316 1194 2707 1277 Mletcih.

416 1342 636 1401 Βιιάιιέ
682 1341 956 1400 Draconi
995 1341 1240 1413 povisili
1287 1341 1431 1400 dade
1476 1356 1551 1400 za
1597 1340 1881 1399 mletabke
1923 1343 2168 1412 trqovce,
2212 1339 2425 1397 nalaie
2474 1354 2535 1395 se
2571 1338 2989 1410 pomorskomu
3053 1339 3158 1396 ka·

409 1433 661 1503 petanu,
707 1430 863 1489 nelca
903 1430 1142 1501 nastqji,
1188 1428 1268 1485 cla
1314 1446 1413 1487 sve
1449 1432 1667 1502 ⁴ostanc
1703 1429 1808 1499 pra·
1856 1430 2081 1485 starem
2133 1426 2388 1502 obzeaju,
2450 1426 2716 1499 druycije
2776 1427 2929 1485 nelca
2984 1442 3158 1498 napo-

770 1517 926 1575 viedi
969 1516 1299 1575 mletabkim
1336 1516 1700 1588 podanikom
1744 1532 1785 1573 u
1838 1513 2064 1583 Drac‘u,
2120 1515 2199 1572 da
2244 1529 2306 1572 se
2350 1513 2562 1572 odanle
2606 1513 2798 1573 issele.

628 1650 896 1733 Captum
928 1650 1131 1732 „quod
1180 1649 1511 1714 mandetur
1557 1668 1655 1713 ser
1695 1648 2019 1713 Dominico
2068 1647 2317 1711 Micaeli
2365 1648 2605 1711 exituro
2666 1648 2985 1730 capitaneo
3050 1667 3159 1731 ge-

419 1739 615 1803 nerali
660 1738 739 1801 ad
785 1736 1040 1808 culfum,
1097 1739 1260 1819 quod
1322 1737 1384 1800 in
1433 1737 1531 1801 via
1592 1755 1702 1801 sua
1749 1737 1933 1801 vadat
1979 1735 2054 1799 ad
2113 1737 2322 1817 partes
2386 1734 2687 1798 Durachii
2743 1743 2806 1797 et
2863 1736 3156 1818 requirat,

417 1827 581 1907 quod
629 1828 985 1890 removeant
1027 1824 1197 1889 datia
1259 1828 1323 1888 et
1371 1826 1677 1888 novitates
1733 1823 1809 1887 de
1855 1841 2008 1888 novo
2064 1823 2390 1904 impositas
2436 1823 2664 1886 nostris
2716 1823 3159 1887 mercatoribus

421 1916 486 1976 et
529 1911 818 1978 fidelibus
876 1914 944 1976 et
1001 1910 1171 1994 ipsos
1238 1910 1533 1975 reducant
1594 1913 1667 1974 ad
1729 1913 1965 1974 statum
2035 1912 2100 1973 et
2144 1910 2654 1974 consuetudinem
2705 1910 3049 1992 antiquam,
3098 1913 3161 1974 et

421 1999 758 2064 restituant
801 1997 1036 2063 ablata.
1090 1998 1154 2063 Si
1203 1998 1439 2062 nollent
1501 1998 2005 2079 condescendere,
2070 1998 2217 2062 tunc
2273 1996 2560 2061 licenciet
2621 1998 2862 2060 nostros
2928 2015 3162 2061 merca-

420 2088 588 2151 tores
636 2092 699 2149 et
747 2086 958 2155 fideles
1003 2085 1079 2149 de
1125 2086 1405 2166 partibus
1449 2086 1595 2164 illis,
1645 2087 1708 2151 et
1752 2085 2011 2159 ordinet,
2061 2085 2219 2165 quod
2267 2103 2443 2148 nemo
2490 2084 2721 2148 audeat
2784 2084 2868 2147 ibi
2931 2085 3158 2149 morari

420 2174 520 2238 vel
565 2173 716 2237 illuc
762 2174 848 2237 ire
896 2173 1010 2237 sub
1058 2172 1185 2236 illis
1231 2173 1422 2255 peniS,
1480 2192 1597 2253 que
1641 2172 1696 2236 ei
1748 2172 2137 2249 videbuntur,
2186 2173 2251 2235 et
2295 2173 2455 2254 quod
2502 2172 2705 2253 alique
2756 2173 3160 2235 mercationes

421 2261 672 2324 illorum
720 2260 794 2325 de
843 2260 1154 2324 Durachio
1195 2278 1310 2324 non
1357 2260 1597 2343 possint
1659 2258 1917 2324 conduci
1964 2258 2279 2335 VenetiaS,
2343 2262 2408 2323 et
2469 2258 2658 2322 faciat
2721 2278 2896 2341 posse
2957 2278 3159 2335 suum,

422 2348 582 2429 quod
629 2345 879 2411 omnino
927 2348 1335 2411 restituantur
1381 2347 1656 2411 ablata.“

512 2454 692 2513 nisti
743 2452 936 2513 XXX
983 2455 1128 2526 140,
1172 2471 1216 2512 ιι
1258 2453 1417 2513 mlet.
1462 2454 1696 2513 arkivu.

871 2639 1090 2723 XCI.
1144 2639 1352 2723 God.
1406 2640 1632 2726 1363.
1686 2640 1779 2723 15
1832 2643 2205 2743 travma,
2258 2665 2319 2724 u
2373 2644 2700 2725 Kninu.

421 2786 565 2845 Ban
608 2784 879 2844 hrvatski
922 2784 1195 2857 zahtjeva
1240 2785 1316 2842 od
1366 2782 1699 2855 ᾹΙΖείἑαηα,
1757 2785 1839 2841 da
1886 2785 2115 2843 namire
2168 2781 2361 2842 Ivana
2411 2784 2813 2858 Troyiranina
2875 2801 2950 2843 za
3021 2784 3165 2843 brod

423 2877 446 2933 i
490 2876 680 2934 stvari
725 2891 767 2932 u
813 2873 968 2943 niem
1009 2889 1071 2931 se
1132 2872 1406 2932 nalazece
1463 2877 1755 2945 potonutc
1813 2874 2089 2944 nasiljem
2152 2872 2511 2946 mletackoya
2572 2873 2873 2944 kapetana
2928 2889 3164 2944 pomor-

1408 2961 1590 3034 skoqa
1629 2960 1843 3020 Nikole
1892 2959 2159 3018 Falctra.

637 3078 1003 3159 Exemplum
1075 3078 1427 3143 litterarum
1493 3079 1635 3143 bani
1688 3078 2006 3143 Dalmacie
2080 3096 2184 3159 pro
2247 3079 2446 3143 danno
2493 3077 2637 3142 dato
2683 3078 2954 3144 Johanni
3024 3099 3163 3144 cou-

428 3168 570 3231 dam
623 3166 909 3248 magistri
958 3165 1200 3229 Nicolai
1247 3167 1321 3228 de
1366 3166 1686 3245 Tragurio.
1732 3166 2069 3229 Amicabili
2119 3164 2499 3229 salutacione
2562 3168 2863 3246 premissa
2926 3169 3166 3231 noverit

431 3256 629 3318 vestre
679 3252 1124 3333 magnitudinis
1172 3251 1475 3328 amicicia,
1525 3271 1635 3316 nos
1684 3273 1753 3316 ex
1795 3253 2121 3335 querulosa
2168 3252 2582 3316 insinuatione
2627 3257 2689 3316 et
2747 3255 3012 3318 veridica
3053 3256 3163 3320 Jo-

432 3339 653 3404 hannis
703 3339 961 3402 condam
1009 3339 1293 3421 magistri
1343 3338 1587 3402 Nicolai
1634 3340 1785 3402 civis
1835 3341 2114 3421 Tragurii
2163 3340 2362 3403 fidelis
2440 3340 2671 3403 domini
2742 3341 2936 3404 nostri
2999 3342 3163 3423 regis

428 3424 790 3509 percepisse,
838 3424 994 3506 quod
1045 3444 1186 3489 cum
1235 3426 1366 3507 ipse
1413 3445 1554 3489 cum
1611 3427 1793 3490 rebus
1845 3426 2412 3490 mercimonialibus
2458 3445 2531 3491 ac
2584 3433 2865 3508 prompta
2913 3430 3170 3509 pecunia

432 3530 646 3577 versus
694 3510 946 3592 Ciprum
993 3529 1349 3593 progressus
1397 3514 1706 3589 extiterat,
1757 3516 1822 3577 et
1870 3513 1947 3575 ab
1994 3514 2137 3576 hinc
2187 3514 2374 3577 salvis
2422 3514 2606 3577 rebus
2654 3518 2719 3578 et
2769 3517 3042 3594 personis
3092 3516 3166 3578 ad

432 3598 679 3683 propria
726 3599 854 3661 redi
921 3598 1216 3662 voluisset
1260 3619 1399 3663 cum
1448 3619 1556 3664 suo
1606 3600 1867 3682 navigio,
1934 3599 2210 3664 deferens
2270 3600 2440 3662 mille
2504 3604 2567 3664 et
2630 3603 2996 3683 quingentos
3058 3601 3170 3666 flo-

434 3704 613 3751 renos
660 3686 791 3749 auri
843 3686 1240 3749 mercimonia
1288 3687 1531 3765 valoris,
1583 3689 1791 3771 ibique
1839 3688 2136 3751 Nicolaus
2183 3687 2257 3751 de
2305 3687 2552 3752 Faletro
2601 3690 2956 3770 capitaneus
3024 3687 3169 3753 culfi

431 3773 622 3838 vestri
669 3772 904 3836 ducalis
949 3772 1208 3837 dominii
1257 3791 1364 3855 pro
1412 3792 1523 3838 sua
1572 3776 1853 3856 potentia
1898 3777 1960 3837 et
2008 3774 2463 3856 presumptione
2511 3793 2582 3838 ac
2643 3776 2998 3839 temeritate
3070 3794 3171 3839 ra-

435 3861 683 3925 bidatus
733 3860 970 3923 irruens
1018 3859 1080 3922 in
1131 3860 1261 3924 loco
1310 3863 1509 3923 sancti
1559 3860 1898 3926 Salvatoris
1949 3881 2088 3925 cum
2140 3862 2376 3926 duabus
2408 3862 2601 3943 galeis
2634 3880 2817 3944 super
2849 3863 3168 3945 navigium

433 3949 629 4031 ipsius
672 3946 974 4010 Johannis
1021 3946 1221 4011 fidelis
1269 3948 1500 4010 domini
1550 3948 1745 4011 nostri
1793 3949 1979 4029 regis,
2030 3950 2261 4012 dictum
2307 3950 2622 4030 navigium
2666 3967 2787 4012 una
2833 3967 2973 4013 cum
3036 3951 3171 4013 uni-

437 4035 630 4099 versis
692 4035 876 4098 rebus
938 4035 1003 4097 in
1064 4035 1196 4115 ipso
1256 4034 1722 4098 continentibus
1785 4035 1850 4098 in
1917 4036 2104 4098 maris
2154 4035 2420 4115 periculo
2496 4034 2835 4116 periclitari
2898 4038 2964 4099 et
3029 4035 3172 4099 sub-

439 4123 635 4202 mergi
685 4119 955 4196 fecisset,
1007 4122 1173 4185 nulla
1220 4122 1424 4184 tamen
1495 4121 1804 4201 legittima
1869 4120 2106 4185 racione
2167 4123 2545 4203 precedente.
2621 4122 2796 4185 Unde
2865 4140 3009 4187 cum
3070 4124 3174 4186 do·

440 4211 645 4272 minus
693 4213 901 4272 noster
944 4226 1048 4271 rex
1095 4208 1321 4272 habeat
1366 4225 1487 4271 una
1535 4207 1855 4272 vobiscum
1904 4206 1967 4271 in
2001 4210 2214 4288 pactiS,
2263 4209 2421 4289 quod
2457 4209 2689 4272 subditi
2714 4208 2947 4273 domini
2980 4211 3175 4273 nostri

443 4294 608 4374 regis
653 4297 718 4357 et
762 4294 976 4359 fideles
1022 4294 1247 4376 ubique
1288 4296 1351 4357 in
1401 4293 1559 4357 mari
1606 4297 1969 4378 navigantes
2038 4315 2148 4377 per
2211 4314 2314 4358 vos
2377 4297 2646 4358 tractent
2712 4294 3052 4376 benigniuS‚
3115 4298 3179 4360 et

444 4380 655 4444 fideles
717 4383 904 4444 vestri
970 4401 1082 4462 per
1140 4381 1457 4446 dominum
1526 4384 1802 4445 nostrum
1868 4400 2079 4463 regem
2140 4380 2431 4446 similiter
2489 4381 2653 4445 illesi
2718 4385 3054 4464 peragrant
3113 4385 3178 4446 et

446 4466 785 4542 indemnes,
836 4470 969 4530 ideo
1020 4470 1287 4532 vestram
1337 4469 1705 4551 requirimus
1753 4469 2101 4534 amiciciam
2160 4469 2549 4551 presentibus
2614 4469 2967 4552 diligenter,
3030 4488 3179 4551 qua-

449 4554 629 4615 tenus
686 4552 757 4614 de
822 4556 1136 4634 premissis
1200 4556 1546 4620 omnimode
1605 4556 2052 4621 satisfactionis
2115 4555 2433 4618 emendam
2496 4555 2667 4618 iuxta
2731 4555 3181 4620 continentiam

452 4637 834 4724 publicorum
898 4642 1447 4707 instrumentorum
1510 4663 1620 4727 per
1682 4645 1886 4727 ipsum
1949 4641 2297 4706 Johannem
2357 4644 2571 4706 contra
2632 4641 2837 4726 ipsum
2902 4644 3183 4710 vestrum
