3620 5282
555 383 687 452 2³14

518 519 845 641 =appareat
890 556 966 621 de
1012 551 1311 620 veniendo
1355 554 1433 619 ad
1501 553 1668 619 istud
1730 554 2081 632 consilium,
2152 553 2382 619 erimus
2426 553 2547 630 hic,
2597 553 2664 619 et
2710 552 2836 632 fiet,
2902 553 3071 618 sicut
3115 551 3290 617 vide-

552 643 726 745 bitur
760 642 1013 796 ‘ugnus
1084 644 1147 706 et
1219 640 1446 706 melius
1505 659 1617 725 pro
1687 642 1860 707 statu
1928 643 2158 707 nostro.
2225 640 2319 705 De
2380 643 2560 724 parte
2604 639 2711 720 58,
2759 639 2836 705 de
2883 658 3004 705 non
3056 640 3114 719 1,
3161 657 3289 705 non

552 749 882 900 εωὲθεσῗεια
917 779 1110 899 bons.
1157 836 1309 913 Roq.
1358 837 1435 897 R.
1485 837 1589 914 50,
1638 853 1681 896 u
1723 836 1881 898 mlet.
1930 836 2171 898 arkivu.

864 985 1320 1108 cccxc‘n.
1375 1024 1582 1108 000.
1647 1024 1878 1108 1300.
1929 1024 2036 1107 30
2090 1022 2439 1127 siecnja,
2495 1046 2557 1107 ιι
2610 1023 2999 1107 metam.

552 1155 717 1245 Sabe
759 1186 823 1232 sc
862 1169 1148 1245 poszanik
1192 1169 1397 1244 brakja
1444 1170 1470 1229 i
1513 1169 1784 1272 kralo'ici·
1801 1171 2108 1316 aygrskoj,
2177 1170 2259 1230 da
2291 1170 2411 1244 jin·
2441 1170 2584 1243 jovi
2626 1185 2757 1239 ono,
2802 1167 2893 1229 sto
2933 1184 2997 1227 se
3038 1167 3290 1228 domato

1758 1273 1819 1318 u
1926 1274 2086 1318 osne.

765 1373 956 1441 1389.
1028 1374 1365 1441 indictione
1433 1375 1609 1456 XIII,
1679 1375 1781 1441 die
1852 1376 1940 1441 30
2009 1377 2294 1442 ianuarii.
2375 1376 2697 1459 Sapientes
2738 1376 3002 1442 consilii.
3051 1374 3286 1459 Capta:

557 1463 717 1547 quod
760 1482 870 1546 pro
916 1461 1225 1529 reddendo
1272 1461 1678 1528 informatum
1720 1482 1934 1554 regem
1984 1466 2072 1529 et·
2124 1465 2437 1530 dominam
2506 1465 2786 1547 reginam
2852 1464 3170 1547 Hungarie
3209 1463 3286 1527 de

554 1551 673 1631 his,
723 1568 840 1633 que
886 1549 1188 1615 sentimus
1232 1551 1307 1615 de
1394 1551 1632 1616 artibus
1680 1550 1962 1639 Bossine,
2014 1552 2078 1617 et
2123 1552 2315 1617 etiam
2362 1551 2438 1616 de
2484 1552 2613 1618 illis
2667 1550 2907 1617 duobus
2953 1549 3287 1615 cardinali-

555 1639 693 1716 bus,
737 1638 842 1720 qui
890 1636 1040 1704 ituri
1084 1642 1230 1703 sunt
1290 1656 1325 1702 a
1430 1639 1847 1703 coronandum
1917 1638 2117 1703 filium
2156 1638 2466 1724 quondam
2526 1637 2762 1704 domini
2823 1638 2987 1722 regis
3043 1637 3285 1716 Karoli,

555 1725 890 1808 collegium
940 1724 1191 1804 domini,
1231 1725 1748 1806 consiliariorum,
1797 1727 2075 1808 capitum
2118 1730 2182 1792 et
2227 1727 2576 1808 sapientum
2624 1725 2949 1792 ambarum
2985 1743 3286 1790 manuum

553 1811 786 1878 habeat
826 1811 1184 1878 libertatem
1231 1811 1524 1878 mittendi
1570 1831 1756 1877 unam
1806 1812 2219 1879 sufficientem
2251 1832 2576 1898 personam
2607 1812 2684 1880 ad
2716 1816 2931 1894 partes
2962 1809 3282 1894 Hungarie

552 1901 631 1964 ad
678 1898 1157 1983 significandum
1205 1899 1325 1964 sibi
1372 1898 1653 1982 predicta
1699 1918 1809 1982 pro
1858 1901 2018 1965 bono
2074 1903 2454 1985 agendorum
2514 1903 2868 1967 nostrorum
2926 1919 3035 1984 per
3094 1899 3284 1964 illum

553 1986 996 2138 modurm,5qne
1048 1986 1215 2052 dicto
1245 1986 1509 2070 collegio
1556 1986 1730 2053 utilis
1772 1988 2114 2070 apparebit.
2166 1992 2258 2054 De
2305 1989 2482 2071 parte
2528 1989 2660 2069 alii,
2708 1990 2782 2054 de
2838 2007 2961 2052 non
3012 1987 3113 2068 10,
3162 2006 3286 2052 non

557 2091 725 2139 since
878 2120 895 2136 .

637 2179 878 2243 Secreta
926 2179 1099 2242 Gens.
1146 2182 1296 2257 Roy.
1345 2182 1422 2242 R.
1474 2185 1575 2254 50,
1623 2200 1666 2243 u
1710 2181 1867 2245 mlet.
1917 2184 2155 2248 arkivu.

859 2384 1371 2469 cccxcm.
1427 2386 1634 2470 sou.
1688 2387 1921 2472 1300.
1973 2391 2025 2473 3
2078 2387 2443 2492 venato,
2495 2413 2555 2473 u
2611 2390 3000 2506 materh.

548 2529 843 2598 ffletdani
886 2528 1263 2602 obaviescaeqju
1307 2530 1638 2605 aqam—lare.
1685 2532 1832 2591 dvor
1860 2550 1894 2592 o
1923 2533 2127 2594 izboru
2158 2533 2358 2593 Karta
2385 2534 2785 2609 napuh‘skoya
2811 2536 2836 2593 i
2865 2553 2897 2595 o
2927 2535 3290 2609 nastojam'u

941 2616 1144 2691 krab‘a
1189 2617 1575 2699 ὂοεαηεῘοορα,
1623 2618 1703 2680 da
1744 2621 1801 2681 si
1843 2621 2137 2695 pridobiq‘e
2183 2621 2578 2684 dalmatinske
2621 2623 2900 2698 yradove.

766 2735 956 2802 1389.
1007 2735 1341 2803 indictione
1386 2737 1564 2816 xm,
1613 2740 1709 2804 die
1758 2742 1950 2806 tercio
1986 2742 2306 2807 februarii.
2342 2744 2408 2808 In
2443 2743 2702 2828 collegio
2737 2744 2991 2824 domini,
3027 2747 3285 2811 consili-

553 2824 849 2903 ariorum,
894 2822 1172 2905 capitum
1215 2828 1280 2888 et
1324 2825 1677 2907 sapientum
1712 2828 2040 2892 ambarum
2074 2848 2368 2896 manuum
2401 2831 2613 2913 vigore
2645 2833 3061 2915 suprascripte
3092 2833 3292 2899 liber-

552 2914 724 2979 tatis.
781 2910 1012 2993 Capta:
1081 2912 1417 2977 Laurenti!
1511 2913 1681 2979 Vade
1728 2914 1808 2979 ad
1853 2917 2231 2997 presentiam
2301 2918 2680 2983 serenissimi
2726 2920 2954 2985 domini
3001 2922 3171 3004 regis
3218 2923 3287 2986 et

552 2998 1075 3066 excellentissime
1122 2998 1366 3063 domine
1412 3001 1624 3083 regine
1670 3001 1992 3086 Hungarie
2061 3024 2205 3069 cum
2274 3005 2501 3069 nostris
2571 3005 2803 3071 litteris
2864 3006 3283 3087 credulitatiS,

553 3105 707 3171 quas
756 3085 875 3150 tibi
922 3085 1184 3150 fecimus
1228 3088 1477 3165 exiberi,
1527 3088 1752 3168 quibus
1799 3094 1863 3152 et
1911 3092 2162 3175 utrique
2185 3109 2393 3156 eorum
2428 3092 2595 3156 facta
2619 3094 2870 3159 cordiali
2901 3096 3282 3160 salutatione

552 3176 619 3241 et
663 3172 939 3257 generali
978 3171 1292 3237 oblatione
1338 3191 1480 3238 cum
1528 3174 1658 3239 illis
1684 3177 1909 3257 verbis,
1959 3197 2076 3261 que
2105 3180 2211 3244 tue
2243 3178 2539 3261 sapientie
2573 3180 2959 3259 videbuntur,
2994 3201 3280 3265 exponeS,

552 3261 820 3345 qualiter
895 3258 1281 3326 intendentes
1340 3280 1727 3343 perseverare
1796 3264 1859 3327 in
1929 3266 2166 3330 sincera
2221 3266 2618 3347 dispositione
2663 3270 2870 3333 nostra
2915 3273 2977 3333 et
3022 3269 3282 3335 cordiali

551 3348 834 3423 caritate,
882 3364 1070 3429 quam
1119 3346 1423 3412 habemus
1468 3350 1543 3413 ad
1592 3351 1952 3417 maiestates
2008 3371 2151 3417 suas
2213 3355 2277 3417 ct
2344 3355 2579 3418 statum
2626 3373 2828 3434 suum,
2879 3356 3165 3421 dedimus
3211 3361 3280 3422 et

551 3436 839 3501 continuo
911 3450 1163 3516 operam
1230 3434 1453 3500 damus
1512 3436 1586 3499 de
1646 3440 1968 3503 sentiendo
2031 3442 2103 3506 de
2163 3440 2280 3520 his,
2329 3460 2447 3524 que
2497 3444 2846 3508 tractantur
2899 3446 2963 3508 et
3007 3445 3167 3509 fiunt
3213 3447 3280 3508 et

504 3570 507 3573 -
552 3521 843 3605 precipue
890 3521 1294 3603 tangentibus
1342 3524 1874 3590 conservationem
1922 3528 2098 3609 regni
2147 3532 2208 3591 et
2255 3546 2472 3593 corone
2522 3548 2649 3603 sue,
2699 3533 2769 3595 ut
2813 3530 3124 3612 possimus
3171 3549 3278 3596 eos

553 3606 805 3675 reddere
846 3608 920 3672 de
964 3608 1251 3672 omnibus
1294 3608 1657 3675 informatos
1705 3613 1780 3676 ad
1832 3614 2037 3691 finem,
2086 3615 2246 3696 quod
2293 3616 2533 3696 possint
2576 3618 2893 3698 providere
2939 3620 3278 3684 secundum

553 3695 713 3778 quod
762 3693 1030 3759 viderint
1075 3712 1225 3777 opus
1272 3715 1443 3773 esse3
1492 3701 1556 3762 et
1602 3703 1928 3781 propterea
1975 3702 2365 3766 notificamus
2412 3703 2665 3780 eisdem,
2715 3708 2875 3787 quod
2916 3707 3151 3770 noviter
3185 3707 3279 3770 in-

555 3781 811 3849 formati
862 3781 1114 3859 fuimus,
1164 3783 1327 3864 quod
1373 3785 1655 3849 dominus
1702 3786 2098 3852 Innocentius
2148 3808 2304 3870 papa
2348 3790 2409 3852 in
2457 3790 2705 3871 publico
2737 3792 3101 3857 consistorio
3132 3812 3278 3876 pro-

555 3868 868 3935 nuntiavit
911 3871 975 3932 et
1019 3868 1361 3949 publicavit
1407 3870 1469 3933 in
1518 3890 1727 3952 regem
1777 3873 2017 3955 Apulee
2048 3875 2246 3940 filium
2279 3878 2537 3940 condam
2567 3877 2798 3942 domini
2833 3881 2999 3962 regis
3033 3879 3277 3956 Kar-oli,

554 3959 621 4024 et
664 3955 1035 4021 deliberavit
1081 3956 1333 4021 mittere
1375 3958 1525 4022 duos
1573 3959 1647 4023 de
1695 3960 2112 4027 cardinalibus
2153 3963 2301 4039 suiS,
2351 3963 2456 4045 qui
2519 3968 2666 4029 sunt
2734 3966 2806 4030 de
2852 3965 3134 4050 proximo
3179 3987 3278 4033 re-

555 4043 814 4119 cessuri,
864 4042 939 4107 ad
985 4043 1401 4107 coronandum
1451 4046 1713 4110 eundem
1761 4049 1837 4111 de
1885 4066 2073 4131 regno
2121 4049 2412 4131 predicto.
3141 4086 3153 4105 ·

767 4128 929 4195 Item
978 4129 1303 4209 sentimus,
1353 4134 1512 4212 quod
1560 4134 1843 4198 dominus
1888 4154 1992 4199 rex
2040 4136 2295 4201 Bossine
2357 4139 2430 4201 de
2490 4155 2645 4203 novo
2691 4141 3018 4222 acquisivit
3060 4146 3123 4207 et
3172 4143 3282 4209 ha·

560 4219 697 4284 buit
741 4219 1015 4282 castrum
1064 4215 1262 4281 Clisse
1310 4220 1373 4282 et
1418 4218 1707 4286 similiter
1755 4225 2030 4286 castrum
2080 4224 2304 4304 Vrane,
2353 4226 2416 4289 et
2460 4225 2728 4290 multum
2790 4227 3015 4311 vigilat
3057 4230 3135 4293 ad
3182 4248 3285 4295 ac-

559 4304 957 4389 quisitionem
1021 4306 1086 4368 et
1151 4306 1617 4387 occupationem
1687 4311 1995 4374 terrarum
2064 4314 2127 4374 et
2194 4311 2467 4376 locorum
2537 4312 2852 4380 Dalmatio
2899 4315 2961 4380 in
3009 4319 3278 4397 tantum,

560 4392 722 4475 quod
767 4391 1041 4475 apparet,
1090 4392 1285 4457 dictas
1329 4392 1616 4459 civitates
1665 4398 1728 4460 et
1773 4397 1908 4462 loca
1951 4416 2082 4461 esse
2128 4397 2192 4462 in
2241 4399 2509 4464 maximo
2557 4399 2739 4466 dubio
2771 4404 2835 4466 et
2877 4401 3122 4482 timore,
3169 4406 3286 4471 du-

558 4479 853 4556 bitantes,
902 4495 1024 4541 non
1071 4496 1248 4559 posse
1296 4479 1581 4545 resistere
1626 4484 1904 4564 potentie
1950 4484 2101 4548 dicti
2144 4486 2306 4568 regis
2351 4489 2414 4550 et
2446 4489 2725 4568 oportere
2766 4489 3086 4573 subiugari
3134 4492 3277 4559 sibi.

560 4563 646 4629 Et
674 4566 760 4663 ‘ut
805 4564 1108 4663 audimus,
1160 4565 1294 4647 ipse
1340 4585 1442 4632 rex
1488 4567 1643 4633 dicit
1688 4570 1888 4634 facere
1950 4572 2305 4654 supradicta
2362 4592 2469 4656 pro
2529 4573 2657 4639 filio
2719 4575 2982 4657 predicti
3044 4580 3281 4646 domini

558 4667 723 4746 regis
770 4650 1011 4728 Karoh,
1061 4654 1126 4716 et
1169 4654 1332 4750 quod
1377 4656 1668 4736 quicquid
1715 4659 2000 4740 acquirit,
2048 4661 2292 4725 nomine
2337 4679 2446 4726 sno
2480 4662 2764 4744 acquirit.
2814 4662 2900 4727 Et
2940 4666 3090 4731 licet
3120 4668 3280 4732 certi

556 4752 778 4814 umus,
827 4738 994 4817 quod
1037 4737 1320 4805 dominus
1366 4759 1473 4806 rex
1519 4744 1583 4805 et
1627 4742 1881 4811 domina
1923 4746 2139 4830 regina
2183 4747 2458 4830 predicta
2478 4748 2592 4815 hec
2636 4766 2747 4833 per
2793 4750 2948 4817 alias
2993 4757 3125 4819 vias
3157 4752 3279 4819 eti-
