3620 5282
539 322 671 393 460

533 507 677 572 bere
719 507 798 572 ab
845 506 1010 574 omni
1056 526 1237 576 onere
1282 509 1683 587 decimarum,
1731 526 1842 592 pro
1891 508 1961 573 ut
2001 508 2155 574 sunt
2200 507 2375 574 vinee
2417 505 2722 572 nobilium
2754 507 2817 571 et
2846 501 3280 590 popularium

533 596 760 661 civium
802 595 1083 661 civitatis
1131 597 1421 676 Sibenici,
1469 601 1535 665 et
1601 598 1806 663 8111188
1871 597 2143 662 decimas
2211 596 2500 662 tenentur
2563 595 2801 663 solvere
2867 593 3027 677 ipso
3076 590 3271 658 facto.

533 680 734 762 Quam
781 684 1027 767 quidem
1079 686 1490 765 (18881188818,
1540 685 2002 769 obligationem,
2051 683 2519 767 promissionem
2552 687 2618 749 et
2646 681 2858 751 omnia
2888 684 2970 749 et
3007 678 3277 763 singula

534 773 951 855 suprascripta
997 774 1217 856 prefati
1265 775 1322 839 d.
1370 793 1595 853 comae,
1645 773 1880 840 iudices
1923 792 1994 838 ac
2052 774 2320 857 quinque
2379 773 2620 840 nobiles
2664 771 3072 841 88818τί1818
3123 787 3273 853 pre·

528 858 699 925 dicta
746 878 850 941 per
893 880 956 925 se
1004 865 1068 926 et
1122 880 1332 929 eorum
1379 863 1443 928 in
1488 865 1804 946 posterum
1857 880 2243 927 successores
2309 877 2385 927 ac
2439 860 2688 927 nomine
2759 862 2826 926 et
2869 860 3025 926 vice
3096 875 3274 925 com·

530 948 856 1014 munitatis
903 947 1172 1016 Sibenici
1214 953 1624 1034 promiserunt
1665 952 1730 1015 in
1776 948 2144 1033 perpetuum
2192 949 2510 1016 attendere
2554 950 2619 1014 et
2648 947 3020 1027 observare,
3076 946 3277 1015 firma

529 1040 593 1099 et
635 1040 771 1103 rata
808 1036 1034 1104 habere
1081 1042 1144 1104 et
1191 1043 1395 1105 tenere
1443 1042 1505 1105 et
1552 1040 1616 1105 in
1662 1040 1834 1106 nullo
1877 1038 2293 1105 contrafacere
2338 1038 2439 1104 vel
2485 1037 2693 1104 venire
2737 1056 2845 1118 per
2889 1056 2966 1103 88
3005 1035 3125 1102 vel
3155 1053 3272 1117 per

525 1122 719 1189 alium
765 1129 874 1191 aut
917 1145 1026 1210 per
1070 1127 1244 1205 alios,
1293 1146 1448 1211 pena
1492 1126 1667 1195 mille
1713 1126 2081 1193 ducatorum
2126 1127 2260 1193 auri
2319 1125 2386 1192 in
2444 1143 2626 1202 auro·
2689 1144 2810 1209 que
2868 1142 3053 1209 pena
3121 1141 3276 1207 per-

525 1214 729 1279 venire
776 1213 1000 1280 debeat
1045 1215 1163 1296 ipsi
1209 1214 1437 1282 fabrice
1479 1217 1610 1316 ipso
1654 1215 1836 1293 facto,
1883 1216 1946 1279 et
1987 1216 2219 1281 totiens
2280 1214 2519 1298 exigere
2579 1215 2791 1280 contra
2837 1231 3276 1283 communem

526 1300 795 1368 Sibenici
840 1305 904 1368 et
947 1303 1144 1386 ipsius
1190 1305 1366 1382 bona,
1414 1303 1699 1387 quotiens
1732 1302 1921 1369 fuerit
1964 1302 2411 1369 contrafactum
2460 1301 2527 1371 in
2585 1301 2886 1387 predictis
2946 1320 3078 1368 seu
3145 1299 3274 1368 ali-

525 1409 644 1473 quo
720 1390 1167 1473 predictorum3
1243 1411 1365 1474 qua
1437 1411 1594 1476 pena
1665 1391 1869 1458 soluta
1943 1392 2044 1457 vel
2098 1409 2238 1470 non,
2288 1390 2567 1491 predicta
2610 1391 2818 1460 omnia
2865 1392 2932 1457 et
2982 1387 3271 1474 singula

524 1479 703 1544 firma
748 1478 1080 1562 perdurent
1124 1480 1185 1545 in
1232 1480 1509 1564 qualibet
1552 1483 1728 1564 parte
1772 1498 1904 1546 sua.
1949 1481 2033 1546 Et
2073 1479 2152 1545 ad
2192 1479 2395 1545 maius
2440 1481 2623 1547 robur
2667 1479 3114 1563 majoremque
3147 1477 3266 1548 fir

522 1568 813 1633 mitatem
852 1568 1129 1634 omnium
1176 1569 1592 1652 predictorum
1639 1566 1864 1651 prefati
1908 1568 1967 1634 (1.
2015 1586 2236 1645 881888,
2279 1567 2538 1650 judices,
2572 1569 2637 1635 et
2680 1569 2952 1651 quinque
2984 1566 3261 1635 nobiles

525 1657 893 1722 auctoritate
968 1656 1237 1738 predicta
1312 1676 1564 1741 presens
1638 1658 1958 1739 publicum
2026 1656 2513 1729 instrumentum
2588 1655 2964 1738 appensione
3032 1654 3260 1739 sigilli

524 1745 868 1810 communis
915 1744 1189 1811 Sibenici
1232 1747 1507 1811 consueti
1553 1745 1994 1815 roboraverunt
2038 1748 2103 1811 et
2145 1743 2476 1813 firmarunt
2539 1744 2604 1811 in
2671 1743 3118 1811 testimonium
3186 1744 3266 1809 et

526 1831 716 1898 fidem
758 1833 1032 1899 omnium
1082 1837 1541 1916 premissorum.
1589 1832 1751 1900 Acta
1795 1837 1943 1898 sunt
1985 1834 2051 1899 in
2095 1834 2349 1899 civitate
2397 1832 2670 1899 Sibenici
2699 1833 2764 1898 in
2795 1832 3035 1915 palatio
3063 1850 3260 1899 com-

526 1922 731 1985 munis
779 1921 839 1986 in
885 1922 1017 1987 8818
1062 1941 1304 2006 magna,
1354 1923 1746 2006 presentibus
1793 1922 2247 1989 venerabilibus
2291 1921 2440 1987 viris
2486 1918 2683 1986 fratre
2729 1920 3071 2003 Peregrino
3104 1921 3258 1987 vice

525 2009 757 2075 vicario
823 2011 1010 2075 totius
1078 2012 1385 2092 provincie
1457 2010 1684 2077 vicarie
1749 2011 1976 2077 Bosine
2042 2009 2275 2077 ordinis
2347 2008 2685 2087 minorum,
2754 2009 2947 2074 fratre
3017 2010 3251 2079 Blasio

520 2097 816 2180 Hungaro
860 2096 992 2180 ejus
1041 2099 1216 2177 sotio,
1263 2099 1323 2164 d.
1372 2099 1612 2166 Marino
1658 2097 1920 2165 Joannis
1967 2098 2255 2165 canonico
2309 2097 2736 2181 Traguriensis
2779 2096 3072 2177 ecclesie,
3115 2098 3240 2167 Gi-

521 2185 604 2251 118
641 2187 946 2269 quondam
993 2186 1313 2254 Guillelmi
1350 2188 1426 2253 de
1473 2187 1736 2254 Albanis
1797 2188 1872 2251 de
1918 2187 2117 2271 Regio
2184 2185 2550 2254 cancellario
2616 2188 2682 2251 et
2755 2185 2990 2252 notario
3057 2206 3239 2254 com-

519 2276 723 2339 munis
770 2273 1063 2352 Sibenici,
1111 2275 1210 2341 Jo.
1259 2275 1538 2343 Andreas
1579 2276 1846 2342 tinctore
1886 2277 1962 2341 de
2007 2275 2312 2356 Arimino,
2382 2277 2444 2340 et
2486 2292 2675 2357 quam
2743 2274 3032 2359 pluribus
3081 2277 3244 2341 aliie

436 2376 447 2381 “
524 2362 786 2427 1881111118
843 2363 921 2426 ad
966 2362 1246 2444 predicta
1288 2365 1523 2431 vocatis
1554 2366 1619 2430 et
1658 2364 1914 2446 rogatis,
1965 2365 2029 2430 et
2073 2360 2267 2433 nobili
2311 2361 2442 2430 viro
2486 2381 2586 2428 ser
2631 2361 2933 2429 Saraceno
2979 2363 3041 2433 N
3043 2364 3234 2437 icolai

521 2451 595 2516 de
642 2449 926 2516 Sibenico
971 2452 1321 2517 consiliario
1364 2455 1428 2518 et
1474 2453 1897 2519 examinatore
1944 2454 2064 2517 818.

724 2538 809 2603 Et
853 2557 966 2623 ego
1012 2539 1378 2607 Franciscus
1426 2541 1600 2606 Lucii
1645 2541 1706 2605 d.
1749 2540 1997 2607 Andree
2040 2541 2115 2606 de
2154 2540 2370 2605 sancto
2401 2537 2649 2605 Ginesio
2682 2540 3068 2609 camenensis
3098 2541 3234 2609 dio·-

515 2628 672 2692 cesis
700 2628 839 2710 pub.
884 2628 1188 2711 imperiali
1213 2629 1578 2695 auctoritate
1605 2629 1903 2708 notarius,
1951 2647 2114 2696 nunc
2152 2628 2400 2712 juratus
2448 2627 2730 2697 notarius
2754 2628 3033 2696 civitatis
3078 2630 3226 2701 'rra-

518 2715 851 2799 guriensis,
897 2717 1181 2782 omnibus
1226 2722 1292 2784 et
1336 2718 1600 2802 singulis
1646 2717 1963 2801 predictis,
2010 2717 2160 2786 dum
2185 2718 2517 2800 agerentur
2560 2717 2625 2784 et
2664 2717 2905 2795 fierent,
2947 2718 3219 2796 interfui,

519 2804 584 2868 et
628 2807 882 2892 rogatus
925 2809 991 2870 et
1034 2806 1370 2889 requisitus
1416 2825 1539 2873 una
1577 2825 1716 2872 cum
1761 2805 2054 2890 predictis
2100 2807 2514 2874 examinatore
2558 2807 2624 2872 et
2675 2805 2945 2872 testibus
2998 2807 3216 2889 scripsi

516 2895 581 2957 et
624 2891 952 2974 publicavi,
1004 2895 1368 2979 nomineque
1412 2896 1589 2979 signo
1637 2896 1791 2961 meis
1840 2894 2148 2961 consuetis
2194 2893 2479 2960 roboravi
2524 2893 2588 2962 in
2619 2894 3050 2974 testimonium
3081 2913 3213 2978 pre-

519 2980 869 3048 missorum.

516 3087 1026 3162 Dipzomatarium
1050 3088 1422 3152 Sibenicense
1450 3109 1492 3151 u
1523 3092 1799 3167 dvorskoj
1821 3089 2110 3165 111ήᾶκίοὲ
2131 3108 2176 3151 u
2196 3090 2380 3152 Beda.
2409 3087 2549 3152 God.
2577 3089 2725 3165 Sap.
2761 3091 2911 3152 511.
2949 3092 3222 3151 14--112

850 3352 1229 3436 DGXIX.
1286 3354 1491 3439 God.
1546 3352 1777 3437 1402.
1829 3353 1928 3437 23
1978 3354 2345 3456 travnja,
2400 3374 2461 3435 u
2512 3352 2903 3436 metelli.

525 3493 836 3570 Odyovara
879 3514 941 3556 sc
984 3499 1188 3573 krab'u
1254 3500 1664 3570 bosanskomu,
1717 3501 1798 3559 da
1869 3518 1970 3559 mu
2033 3499 2309 3560 slobodno
2372 3496 2601 3573 qraditi
2645 3498 2969 3573 tmovakku
3012 3499 3160 3562 luka
3197 3500 3222 3558 i

525 3583 803 3659 tvrdiavu
846 3603 931 3646 na
974 3587 1131 3646 obali
1173 3589 1379 3662 stJ‘oJ',
1429 3589 1515 3648 ali
1558 3590 1640 3648 da
1673 3607 1775 3648 mu
1820 3589 2131 3662 republika
2174 3588 2309 3647 nebi
2373 3586 2567 3678 mogla
2623 3591 2757 3647 zato
2791 3586 3027 3661 pomo&
3059 3589 3221 3663 proti

1320 3694 1552 3755 onoma,
1597 3695 1628 3737 8
1659 3678 1840 3752 kojim
1875 3679 1942 3751 je
1985 3694 2103 3737 ona
2145 3694 2187 3736 u
2232 3677 2412 3737 mia-u.

734 3795 919 3861 1402.
968 3795 1301 3862 indictione
1347 3797 1604 3875 decima,
1657 3798 1754 3864 die
1785 3795 2000 3864 XXIII
2028 3798 2265 3879 aprilis.
2300 3794 2532 3878 Capta:
2579 3794 2742 3878 qnod
2777 3797 3218 3880 respondeatur

517 3882 622 3947 isti
674 3884 902 3948 oratori
944 3885 1322 3950 serenissimi
1372 3884 1605 3950 domini
1651 3888 1816 3970 regis
1863 3887 2123 3951 Bossine
2168 3886 2247 3951 ad
2292 3883 2759 3963 ambassiatam‚
2805 3903 2994 3966 quam
3040 3886 3215 3951 nobis

518 3973 798 4054 exposuit
841 3974 1018 4054 parte
1065 3992 1177 4039 sua
1222 3973 1630 4040 effectualiter
1676 3974 2112 4053 continentem,
2160 3972 2323 4056 quod
2367 3972 2576 4038 dictus
2620 3971 2905 4038 dominus
2936 3992 3090 4039 suus
3115 3994 3216 4039 rex

515 4059 897 4125 deliberabat
942 4061 1099 4126 velle
1146 4061 1280 4125 fieri
1319 4062 1518 4127 facere
1563 4082 1672 4145 pro
1717 4063 1992 4128 utilitate
2033 4067 2095 4126 et
2139 4060 2579 4126 commoditate
2629 4062 2804 4144 regni
2835 4063 2934 4127 sui
2963 4065 3030 4127 et
3071 4062 3216 4127 sub-

513 4146 785 4213 ditorum
831 4166 1080 4213 suorum
1129 4169 1320 4214 unum
1369 4151 1576 4216 locum
1623 4154 1688 4216 et
1733 4169 1924 4215 unum
1963 4148 2324 4215 fortilicium
2370 4149 2448 4214 ad
2481 4148 2790 4214 marinam
2822 4168 2965 4215 cnm
3008 4153 3207 4232 portu,

517 4237 591 4300 ut
636 4238 1011 4301 mercatores
1057 4237 1252 4303 nostri
1293 4240 1356 4303 et
1400 4239 1511 4302 alii
1554 4238 1857 4305 haberent
1900 4238 2407 4304 commoditatem
2474 4238 2760 4321 possendi
2824 4239 2914 4303 ire
2959 4239 3039 4303 ad
3080 4237 3211 4303 dic-

517 4328 649 4388 tum
692 4324 915 4403 locum,
965 4326 1250 4391 traficare
1296 4328 1359 4390 et
1405 4327 1665 4392 mercari
1711 4346 1852 4391 cum
1899 4327 2066 4403 suis3
2147 4328 2210 4391 et
2255 4325 2401 4410 quia
2445 4326 2718 4410 optabat,
2768 4325 2930 4410 quod
2977 4326 3201 4410 princi·

515 4411 740 4493 paliter
786 4415 979 4478 nostri
1025 4415 1323 4480 haberent
1367 4416 1533 4479 istud
1578 4416 2035 4493 commercium,
2111 4433 2253 4479 cum
2320 4414 2472 4480 civis
2540 4416 2604 4478 et
2671 4415 2925 4480 venetus
2995 4417 3201 4480 noster

509 4502 692 4577 esset,
743 4501 1042 4566 mittebat
1088 4504 1169 4567 ad
1216 4504 1584 4583 presentiam
1631 4503 1828 4568 nostri
1873 4501 2151 4580 dominii,
2200 4521 2238 4567 a
2276 4520 2395 4586 quo
2457 4501 2703 4567 volebat
2762 4502 3096 4568 consilinm
3142 4505 3203 4567 ot

508 4587 780 4654 favorem
827 4591 1110 4655 nostrum
1156 4590 1233 4655 ad
1278 4590 1627 4656 faciendum
1673 4593 1910 4657 dictum
1976 4590 2181 4657 locum
2247 4592 2334 4656 et
2374 4590 2490 4658 cet.
2538 4589 2732 4670 Quod,
2778 4591 2942 4656 sicut
2985 4592 3211 4657 sereni-

510 4675 627 4737 tati
709 4694 819 4739 sue
907 4678 1220 4742 notorium
1300 4698 1432 4743 esse
1518 4681 1738 4760 potest,
1814 4696 1924 4745 nos
2015 4680 2250 4744 sincere
2340 4695 2583 4760 semper
2668 4677 3000 4752 dileximus
3045 4698 3211 4748 sere.-

508 4757 797 4826 8188111188
842 4763 1303 4844 predecessores
1345 4782 1487 4831 suos
1564 4784 1763 4852 reges,
1842 4767 1906 4832 et
1988 4766 2312 4851 diligimus
2394 4764 2748 4836 cordialiter
2816 4766 3203 4838 maiestatem
