3620 5282
3068 369 3194 437 341

475 546 553 611 ad
600 546 1021 612 condicionem
1070 565 1485 629 personarum,
1531 565 1647 629 qne
1695 546 1985 610 fecissent
2030 547 2269 623 damna,
2318 546 2382 610 et
2427 544 2502 610 ad
2547 547 2840 610 honorem
2886 548 3192 627 nostrum,

473 634 843 718 procedendi
890 638 954 698 et
999 634 1392 712 terminandi,
1442 634 1604 699 sicut
1649 635 1810 698 dicto
1859 633 2174 715 capitaneo
2221 633 2527 698 videbitur
2572 634 2638 697 et
2681 632 2971 713 placebit.

678 720 851 799 Quod
899 722 1106 787 omnia
1151 722 1509 805 supradicta
1534 720 1764 803 durent
1785 721 2006 798 solum,
2056 720 2242 785 donec
2275 739 2527 802 presens
2566 719 2923 802 capitaneus
2956 722 3185 806 culphy

469 808 666 873 stabit
709 812 917 886 extra3
966 827 1086 891 quo
1131 810 1411 874 veniente
1455 812 1520 873 et
1564 808 1857 873 redeunt-e
1918 808 2251 884 veneciae,
2315 807 2531 871 habita
2577 807 2653 872 ab
2703 807 2834 888 ipso
2885 807 3185 873 informa-

468 896 658 974 tione,
708 897 976 978 qualiter
1022 896 1297 979 predicta
1342 895 1789 979 responderint,
1839 899 2053 977 postea
2098 894 2330 977 poterit
2376 893 2681 976 provideri
2736 894 2800 957 et
2833 894 3075 979 procedi
3122 896 3189 960 in

466 983 761 1066 predictis
807 1003 918 1067 pro
963 986 1241 1066 tempore
1286 982 1494 1048 futuro
1539 1002 1682 1047 cnm
1734 983 1951 1047 maiori
1998 981 2440 1046 deliberatione
2480 984 2545 1046 et
2590 981 2808 1045 maiori
2855 983 3187 1065 avantagio

467 1070 663 1136 nostri
710 1072 1076 1136 communie.

550 1160 730 1220 Misti
778 1161 1057 1220 XXVII.
1095 1163 1239 1231 109,
1283 1179 1326 1220 u
1369 1161 1708 1220 mlctackom
1754 1161 1986 1220 arkivu.

918 1347 1093 1429 nv.
1174 1348 1380 1430 eon.
1435 1349 1650 1433 1357.
1705 1349 1755 1431 a
1803 1349 2145 1451 omna,
2199 1372 2256 1430 u
2308 1350 2699 1433 metam.

466 1471 673 1532 Obcim‘
717 1473 945 1545 creskoj
989 1473 1358 1546 dozvoh'eno,
1405 1475 1487 1533 da
1529 1480 1701 1534 stara
1744 1478 1988 1550 njezina
2028 1476 2223 1549 yalija
2263 1476 2412 1535 bude
2449 1477 2851 1551 popravh‘cna
2885 1478 2956 1536 ili
2986 1496 3193 1540 novom

710 1561 1084 1633 izmiem'ena,
1129 1562 1154 1618 i
1191 1561 1272 1619 da
1328 1561 1486 1622 mehe
1530 1564 1587 1623 iz
1630 1564 1906 1623 Mletaka
1949 1565 2154 1622 investi
2195 1564 2338 1633 lesa,
2384 1564 2576 1623 koliko
2606 1566 2702 1638 joj
2748 1566 2928 1624 treba.

676 1678 861 1745 1357.
908 1679 1239 1744 indictione
1285 1681 1361 1758 X,
1413 1682 1511 1747 die
1559 1683 1621 1746 11
1655 1682 1898 1747 marcii.
1947 1681 2295 1747 Consiliarii
2341 1683 2405 1746 et
2439 1683 2647 1765 capita
2678 1682 2753 1748 de
2785 1684 2912 1749 XL.
2948 1683 3189 1767 Capta:

460 1786 599 1832 cum
647 1767 848 1832 ducali
895 1767 1165 1833 dominio
1212 1772 1460 1851 porecta
1512 1770 1732 1834 fuisset
1797 1770 2020 1851 petitio
2082 1769 2463 1852 infrascripti
2528 1770 2796 1848 tenoriS,
2863 1771 3188 1837 videlicet:

458 1854 657 1918 ducali
706 1855 1102 1920 emminentie
1147 1861 1498 1921 reverenter
1560 1857 1817 1939 exponit
1870 1857 2118 1922 Yvanus
2165 1857 2241 1920 de
2283 1858 2513 1939 Lippa,
2564 1858 2814 1922 nuntius
2861 1862 2924 1923 et
2971 1864 3188 1923 amba-

459 1944 631 2005 xator
671 1943 915 2006 comitis
963 1943 1027 2006 et
1061 1944 1409 2008 communis
1458 1944 1684 2022 Kersii,
1740 1947 2046 2027 quatenus
2095 1962 2235 2009 cum
2288 1962 2407 2009 uno
2453 1944 2632 2025 galea
2693 1945 2850 2009 alias
2897 1964 3189 2011 concessa

457 2047 567 2112 per
611 2032 891 2094 nostrum
940 2030 1280 2095 dominium
1331 2031 1495 2096 dicto
1543 2031 1860 2096 communi
1908 2031 2127 2110 Kersi,
2176 2051 2292 2113 que
2357 2031 2478 2096 fuit
2539 2033 2782 2097 armata
2826 2053 2933 2115 per
2981 2034 3187 2116 ipsum

455 2134 780 2181 commune
828 2121 1043 2182 contra
1088 2117 1444 2198 Jadrenses,
1490 2122 1554 2184 et
1599 2121 1813 2203 postea
1859 2122 2136 2201 tempore
2193 2138 2431 2202 guerre,
2495 2119 2906 2185 Januensium
2964 2121 3192 2202 silicet,

456 2203 576 2267 fuit
619 2208 861 2269 armata
910 2209 973 2270 et
1015 2207 1207 2270 missa
1251 2207 1325 2270 ad
1374 2212 1587 2289 portus
1648 2207 1848 2289 Segne
1915 2226 2021 2288 pro
2083 2206 2386 2272 obviando
2451 2208 2603 2290 ipsis
2647 2207 3068 2273 Januensibus
3116 2226 3192 2271 ne

459 2292 875 2356 discurrerent
920 2292 1081 2357 inter
1124 2297 1336 2375 portus
1382 2295 1709 2377 premissos
1758 2299 2037 2378 tempore
2085 2314 2183 2359 ser
2227 2294 2530 2359 Johannis
2578 2294 2895 2360 Caravello
2942 2295 3195 2361 comitis

467 2378 620 2443 dicti
666 2378 804 2444 loci.
853 2380 937 2444 Et
983 2382 1045 2444 in
1093 2382 1468 2446 novitatibus
1517 2383 1950 2463 Hungarorum
1996 2386 2273 2464 tempore
2339 2380 2569 2445 domini
2618 2381 2938 2447 Hermolai
2985 2381 3192 2465 Coppo

467 2465 590 2529 fuit
630 2465 821 2531 missa
868 2467 930 2530 in
978 2467 1253 2533 Ystriam
1302 2468 1379 2534 ad
1425 2470 1796 2534 obviandum
1845 2469 2132 2548 inimicis,
2183 2470 2286 2552 qui
2351 2489 2456 2550 per
2502 2486 2672 2533 mare
2735 2468 2887 2533 illud
2956 2469 3194 2534 discur-

470 2553 705 2632 rebant,
754 2574 871 2637 que
917 2556 1095 2637 galea
1151 2556 1349 2620 multa
1395 2560 1459 2621 et
1506 2558 1777 2621 maxima
1837 2556 2108 2638 dampna
2170 2556 2316 2621 fecit
2377 2556 2644 2621 inimicis
2703 2556 3069 2636 antedictis,
3129 2558 3192 2621 et

470 2640 587 2705 nisi
634 2646 799 2707 esset
844 2641 1008 2708 dicta
1053 2644 1249 2726 galea,
1298 2663 1413 2726 que
1444 2646 1732 2710 continue
1756 2647 1885 2709 stat
1918 2646 2154 2726 parata,
2203 2643 2403 2708 multa
2429 2645 2654 2709 illicita
2690 2647 3192 2711 comitterrentur

468 2728 528 2792 in
579 2731 768 2795 bucca
816 2729 1141 2808 Quarnerii
1184 2734 1246 2795 in
1288 2729 1489 2796 insula
1537 2731 1795 2811 Cher-sii,
1842 2735 1931 2796 ita
1978 2735 2140 2814 quod
2204 2732 2360 2796 male
2426 2731 2672 2814 navigia
2730 2734 2891 2797 irent
2951 2750 3187 2813 secura,

469 2820 717 2899 propter
762 2818 919 2900 quod
969 2819 1084 2882 dici
1133 2819 1354 2900 potest,
1404 2820 1559 2901 quod
1607 2823 1703 2884 est
1749 2819 2045 2884 securitas
2111 2819 2302 2882 totius
2350 2818 2520 2883 illins
2586 2819 2898 2897 contrate,
2964 2823 3028 2884 et
3072 2837 3183 2902 po-

472 2906 597 2968 test
641 2904 782 2982 dici,
831 2906 993 2987 qnod
1043 2906 1127 2969 sit
1167 2908 1386 2988 parata
1430 2909 1720 2971 continue
1767 2908 1839 2971 ad
1869 2905 2228 2970 mandatum
2255 2904 2534 2969 dominii.
2571 2906 2799 2969 Verum
2847 2925 2989 2970 cum
3021 2906 3191 2971 dicta

472 2991 650 3073 galea
695 2993 778 3055 sit
823 2992 1090 3056 multum
1152 2995 1397 3058 vetusta
1461 3002 1711 3077 propter
1768 2992 1970 3058 multa
2030 2992 2346 3070 exertitia,
2415 3011 2532 3074 que
2590 2991 2777 3070 fecit,
2827 2992 2891 3057 in
2941 2993 3189 3058 tantum

472 3077 631 3159 quod
679 3096 798 3142 non
845 3083 940 3143 est
984 3080 1169 3143 abilis
1216 3081 1290 3145 ad
1336 3080 1701 3158 ducendum,
1766 3080 1927 3145 sicut
1970 3081 2106 3143 erat
2149 3078 2369 3157 solita,
2434 3081 2500 3142 et
2545 3083 2845 3162 quantum
2893 3082 2980 3146 sit
3033 3080 3192 3145 utile

471 3167 534 3229 et
573 3166 800 3230 bonum
848 3184 956 3247 pro
1003 3168 1208 3231 nostro
1253 3167 1524 3233 dominio
1570 3171 1634 3232 et
1679 3167 1934 3233 comodo
1988 3168 2179 3231 totius
2225 3167 2399 3231 illius
2461 3169 2742 3232 contrata
2804 3169 3031 3234 habere
3082 3186 3193 3252 ga-

469 3252 630 3316 leam
676 3272 864 3317 unam
911 3254 1066 3318 bene
1111 3254 1390 3319 dextram
1438 3257 1501 3319 in
1548 3255 1728 3320 dictis
1778 3254 2077 3338 partibuS,
2127 3255 2280 3318 satis
2342 3255 2776 3337 comprehendi
2841 3258 3045 3338 potest
3086 3275 3194 3339 per

472 3339 840 3421 supradicta,
885 3342 1174 3423 dignetur
1221 3343 1491 3406 vestrum
1535 3342 1876 3408 dominium
1942 3341 2224 3406 ordinare
2272 3344 2335 3405 et
2389 3343 2713 3423 comittere
2737 3393 2752 3422 ,
2800 3346 2960 3427 quod
3022 3344 3193 3409 dicta

471 3427 650 3510 galea
694 3428 1037 3493 cambiatur
1084 3433 1146 3493 et
1193 3431 1519 3494 renovetur
1563 3431 1623 3495 in
1674 3431 1862 3494 aliam
1910 3430 2265 3507 meliorem,
2331 3429 2496 3494 sicut
2539 3430 2820 3497 videritis
2864 3450 3056 3514 opuS,
3125 3433 3191 3498 et

471 3516 629 3578 sicut
673 3516 1033 3580 consuetum
1080 3519 1177 3581 est
1220 3516 1422 3580 facere
1467 3517 1600 3581 fieri
1648 3519 1706 3580 in
1757 3517 2088 3595 similibus,
2160 3535 2275 3600 que
2321 3516 2503 3599 galea
2549 3537 2791 3600 semper
2838 3520 3035 3585 stabit
3080 3538 3189 3602 pa-

471 3602 603 3666 rata
647 3601 724 3666 ad
771 3620 952 3666 omne
998 3604 1360 3669 mandatum
1409 3605 1598 3669 vestri
1646 3604 1919 3682 dominii,
1968 3603 2132 3676 sicut
2177 3604 2358 3668 stetit
2417 3606 2800 3688 temporibus
2846 3607 3186 3671 retroactis.

472 3689 727 3772 Insuper
778 3690 1067 3772 dignetur
1113 3695 1387 3756 vestrum
1435 3692 1773 3756 dominium
1823 3709 1932 3774 pro
1978 3692 2366 3773 reparacione
2414 3692 2632 3775 palatii
2678 3694 2827 3758 dicti
2871 3693 2994 3757 loci
3042 3711 3188 3758 con-

472 3776 684 3842 cedere
729 3776 897 3842 dicto
943 3779 1276 3856 communi,
1326 3779 1488 3860 quod
1534 3781 1728 3861 possit
1772 3778 2089 3843 extrahere
2151 3778 2226 3843 de
2291 3778 2570 3844 Veneciis
2632 3779 2880 3846 tabulas
2940 3784 3195 3845 centum

473 3865 536 3927 et
570 3865 910 3947 sexaginta,
959 3866 1121 3930 sicut
1163 3884 1367 3930 comes
1417 3866 1531 3930 loci
1579 3867 1838 3950 predicti
1886 3867 2087 3932 vestro
2132 3865 2406 3932 dominio
2450 3887 2558 3950 per
2604 3885 2746 3931 snas
2791 3865 3032 3931 litteras
3079 3867 3187 3932 de-

472 3951 731 4016 notavit.
779 3953 939 4016 Item
985 3953 1276 4035 dignetur
1318 3955 1592 4017 vestrum
1655 3954 1998 4018 dominium
2063 3953 2228 4017 dicto
2275 3952 2483 4020 Yvano
2544 3954 2922 4037 procuratori
2986 3955 3195 4020 cuius-

472 4036 615 4102 dam
661 4037 915 4104 ecclesie
961 4039 1036 4105 de
1082 4041 1281 4106 Kerso
1329 4059 1438 4121 pro
1484 4042 1866 4122 reparatione
1913 4041 2126 4123 ipsius,
2175 4058 2292 4122 que
2347 4041 2518 4108 vadit
2562 4041 2624 4106 in
2670 4040 2932 4116 ruinam,
2979 4060 3192 4108 conce-

473 4126 613 4190 dere
658 4125 732 4188 de
781 4127 1002 4209 gratia,
1047 4129 1203 4210 quod
1250 4127 1448 4210 possit
1494 4130 1810 4193 extrahere
1858 4127 2106 4192 tabulas
2152 4127 2264 4190 XL
2309 4131 2381 4195 de
2421 4130 2624 4213 gratia
2670 4127 2946 4210 speciali.

682 4212 918 4296 Capta:
968 4214 1117 4279 visis
1161 4217 1226 4280 et
1270 4215 1635 4280 examinatis
1680 4216 1820 4293 hiis,
1866 4234 1982 4297 que
2030 4215 2422 4283 continentur
2451 4217 2516 4280 in
2547 4216 2846 4299 petitione
2893 4216 3188 4298 predicta,

479 4299 828 4365 consultum
874 4299 1012 4378 fuit,
1062 4305 1126 4366 et
1172 4304 1261 4366 sic
1308 4303 1477 4367 vadit
1521 4322 1684 4385 parS,
1733 4302 1893 4386 qnod
1942 4303 2245 4368 scribatur
2276 4305 2485 4370 comiti
2520 4307 2585 4368 et
2618 4303 2932 4369 communi
2960 4303 3188 4383 Kersii,

475 4387 636 4469 quod
685 4388 860 4452 illam
909 4388 1173 4471 galeam,
1222 4409 1408 4473 quam
1455 4389 1540 4454 ibi
1603 4391 1853 4467 habent,
1918 4390 2181 4455 debeant
2241 4392 2668 4456 transmittere
2715 4391 3005 4456 Venetias
3049 4410 3194 4456 cum

478 4475 764 4539 omnibus
812 4476 940 4540 suis
989 4477 1245 4554 coredis,
1294 4479 1357 4541 et
1402 4477 1561 4561 quod
1607 4479 1966 4542 comittatur
2013 4478 2289 4560 patronis
2337 4482 2690 4557 arsenatuS,
2740 4477 2899 4561 quod
2946 4479 3187 4561 quando

476 4563 595 4625 erit
638 4563 758 4627 huc
801 4563 1120 4639 conducta,
1172 4565 1449 4628 debeant.
1495 4564 1697 4629 videre
1759 4566 1824 4629 et
1880 4565 2259 4643 examinare,
2327 4565 2375 4628 si
2417 4564 2584 4629 dicta
2642 4567 2820 4648 galea
2885 4565 3192 4629 videretur

475 4649 565 4714 eis
610 4649 701 4713 ita
746 4649 1077 4728 sufficiens,
1125 4652 1290 4733 quod
1334 4653 1530 4734 possit
1575 4652 1864 4733 reaptari,
1909 4651 2109 4733 ipsam
2156 4652 2426 4733 reaptari
2451 4652 2698 4729 faciant,
2747 4654 2812 4715 et
2857 4671 2992 4716 eam
3024 4651 3189 4715 dicto

478 4736 691 4801 comiti
739 4737 1194 4816 transmittant,
1243 4739 1339 4803 sin
1398 4742 1644 4818 autem,
1702 4738 1966 4803 debeant
2031 4738 2151 4819 ipsi
2211 4738 2523 4804 communi
2573 4737 2719 4802 dare
2768 4757 2953 4801 unam
2999 4737 3186 4801 aliam
