3620 5282
3122 357 3200 422 31

468 529 533 592 et
576 528 815 594 veteres
861 528 922 592 in
972 528 1079 593 illo
1128 527 1317 606 statu,
1357 546 1474 610 quo
1519 528 1668 592 sunt
1703 527 1873 593 soliti
1921 546 2076 593 esse.
2130 529 2354 593 Postea
2404 546 2548 599 vero
2609 528 2723 593 hoc
2784 529 2948 594 sacto
3011 532 3204 613 depu-

469 617 680 680 tentur
724 618 841 681 duo
894 617 991 680 vel
1033 635 1190 680 uuus
1239 636 1344 698 pro
1391 619 1580 697 parte,
1625 618 1732 698 qui
1777 618 2145 687 examinent
2207 619 2271 681 et
2331 620 2710 699 cognoscant
2770 617 2845 681 de
2908 619 3038 682 iure
3103 620 3205 684 vel

470 705 543 767 de
592 704 724 768 iure
769 708 833 768 et
872 706 945 768 de
993 704 1156 769 sacto
1204 704 1266 766 in
1313 704 1477 768 sacto
1526 706 1832 768 dictorum
1881 703 2212 769 confinium
2260 703 2433 781 illud,
2483 704 2643 786 quod
2690 704 2773 768 sit
2829 706 3203 771 conveniens

468 796 653 873 atque
688 793 940 868 iustum,
990 795 1053 856 et
1082 790 1372 874 quicquid
1406 789 1590 855 fuerit
1619 792 1937 875 cognitum
1971 794 2034 855 et
2064 792 2466 856 terminatum
2502 811 2609 874 per
2645 810 2762 869 eos,
2800 793 2884 856 sit
2918 792 3198 859 firmum.

468 879 663 960 Super
708 878 851 942 aliis
899 897 1040 943 vero
1087 881 1323 943 duobus
1370 879 1658 960 capitulis
1706 883 1779 943 de
1828 879 2209 944 removendis
2256 880 2439 943 datiis
2488 879 2613 943 vini
2661 884 2726 943 et
2770 879 2919 944 salis
2964 887 3028 944 et
3076 885 3205 946 cet.

463 968 922 1048 respondeatur,
954 965 1113 1050 quod
1145 966 1318 1031 novit
1350 969 1498 1031 deus
1541 968 1952 1031 libentissime
1984 966 2504 1048 complaceremus
2551 967 2714 1031 dicte
2757 968 3191 1033 communitati

466 1055 528 1117 in
566 1072 656 1131 ee,
705 1056 865 1136 qnod
912 1054 1164 1118 honeste
1211 1057 1275 1117 et
1321 1056 1455 1118 sine
1501 1057 1708 1120 nostro
1758 1055 2083 1118 manifesto
2131 1055 2357 1119 damno
2381 1058 2445 1118 et
2476 1055 2747 1137 periculo
2790 1054 2924 1118 fieri
2976 1059 3199 1137 posset,

467 1142 573 1206 sed
622 1143 774 1206 bene
822 1143 1128 1206 credimus
1176 1143 1395 1207 notum
1442 1158 1596 1217 esse,
1645 1142 1804 1226 quod
1850 1141 2142 1206 introitus
2179 1141 2500 1206 Trivisane
2570 1160 2689 1206 non
2752 1142 3065 1208 sufficiant
3123 1145 3204 1208 ad

471 1231 772 1294 maximas
819 1249 1129 1311 expensas
1178 1247 1331 1313 quas
1380 1232 1719 1294 necessario
1780 1232 2067 1311 opportet
2128 1249 2237 1294 nos
2302 1232 2427 1311 pati
2493 1248 2603 1313 pro
2660 1250 2749 1309 ea,
2801 1231 2994 1294 immo
3064 1251 3204 1297 vere

470 1317 715 1399 expedit
760 1323 1040 1381 nostrum
1088 1335 1414 1381 commune
1463 1318 1865 1382 Venetiarum
1915 1317 2187 1400 supplire
2236 1317 2302 1380 in
2350 1320 2617 1382 maxima
2661 1320 3029 1399 quantitate.
3121 1320 3207 1385 Et

470 1405 657 1469 etiam
705 1408 800 1468 est
847 1406 1104 1481 clarum,
1159 1406 1340 1488 quod,
1391 1407 1760 1469 removendo
1808 1407 1973 1470 dicta
2020 1406 2206 1481 datia,
2268 1406 2519 1469 daretur
2565 1407 2830 1471 materia
2890 1408 2955 1471 et
3019 1424 3205 1473 causa

469 1492 610 1557 aliis
660 1493 1004 1575 temptandi
1048 1492 1125 1556 de
1170 1494 1569 1558 diminuendo
1612 1494 1684 1558 de
1732 1492 1871 1557 aliis
1917 1494 2100 1557 datiis
2144 1495 2387 1569 nostris,
2451 1492 2611 1575 quod
2670 1495 2838 1558 esset
2883 1512 3026 1558 cum
3073 1515 3207 1560 ma-

473 1582 635 1644 ximo
667 1580 893 1644 damno
942 1581 1130 1645 nostri
1164 1581 1527 1658 communiS,
1578 1583 1641 1645 et
1665 1583 1989 1663 propterea
2019 1580 2238 1645 vellint
2284 1599 2393 1644 nos
2439 1580 2665 1644 habere
2709 1582 2770 1644 in
2817 1580 2932 1646 hoc
2977 1584 3204 1647 merito

473 1671 812 1732 excusatos.
849 1668 930 1731 Et
962 1686 1100 1732 cum
1135 1667 1255 1733 hiis
1293 1673 1355 1733 et
1387 1668 1528 1733 aliis
1567 1670 1785 1745 verbis,
1835 1688 1951 1752 que
1987 1669 2257 1732 dominio
2295 1668 2665 1733 videbuntur
2698 1687 2803 1750 pro
2837 1668 2989 1732 bono
3033 1669 3204 1736 sacti.

555 1757 736 1818 Mista·
785 1755 1032 1818 XXIX.
1083 1761 1187 1834 81,
1233 1777 1274 1818 u
1319 1760 1474 1819 mlet.
1509 1761 1745 1819 arkivu.

827 1946 1093 2028 LVII.
1148 1947 1354 2030 θοὰ.
1406 1947 1637 2030 1360.
1692 1948 1795 2030 28
1849 1946 2294 2047 kolovoza‚
2349 1970 2406 2029 u
2458 1947 2853 2031 Mletcih.

469 2090 652 2165 Kralj
696 2092 1029 2165 aqam-hro.
1064 2092 1266 2164 javh'a
1305 2092 1601 2164 republiki
1645 2093 1970 2166 mletaekoj,
2036 2092 2113 2150 da
2148 2093 2216 2164 je
2265 2088 2463 2150 [vanu
2521 2088 2689 2150 l’ollo
2751 2092 3043 2151 bedaninu
3097 2109 3198 2165 po·

710 2181 885 2239 dielio
926 2181 1317 2254 yradJ‘anstvo
1360 2182 1633 2254 αρανεΙοο,
1678 2184 1732 2238 te
1777 2180 1858 2238 da
1898 2199 1978 2255 qa
2021 2197 2096 2240 za
2141 2181 2356 2239 takova
2391 2180 2689 2252 primatie
2736 2198 2757 2237 ι
2802 2180 2951 2239 sciti.

685 2296 872 2363 1360.
921 2296 1253 2361 indictione
1298 2297 1467 2377 XIV,
1516 2297 1614 2361 die
1673 2299 1746 2361 14
1794 2297 2088 2363 octubris.
2145 2334 2217 2345 —
2269 2298 2637 2381 Exemplum
2672 2297 3024 2364 litterarum
3053 2299 3205 2364 mis-

471 2403 680 2449 sarum
733 2385 997 2450 dominio
1047 2405 1156 2467 per
1203 2386 1515 2450 dominum
1568 2404 1776 2469 regem
1820 2386 2157 2469 Huugarie.
2217 2422 2285 2432 -
2340 2386 2548 2450 Amici
2607 2388 2935 2450 carissimi.
2999 2388 3199 2453 Nosse

471 2472 696 2551 velitiS,
763 2474 920 2555 quod
984 2491 1092 2537 nos
1155 2474 1474 2556 providum
1539 2477 1603 2537 et
1663 2475 1990 2539 honestum
2056 2474 2256 2539 virum
2302 2473 2648 2538 Johannem
2716 2474 2950 2539 dictum
3002 2475 3198 2552 pollo,

473 2562 726 2626 condam
772 2562 968 2625 civem
1016 2563 1088 2626 de
1138 2562 1366 2647 Vyena,
1417 2563 1479 2625 in
1524 2567 1801 2627 nostrum
1847 2562 2303 2646 assumpsimus
2349 2562 2545 2627 civem
2593 2565 2656 2626 et
2702 2563 3047 2646 recepimus
3080 2565 3197 2628 sub

473 2651 913 2731 protectionem
963 2649 1315 2732 specialem,
1366 2650 1638 2716 volentes
1688 2652 1891 2733 ipsum
1941 2650 2066 2715 illis
2115 2663 2177 2715 et
2224 2651 2453 2715 eisdem
2498 2650 2917 2728 libertatibus,
2978 2653 3198 2733 gratiis

469 2739 533 2802 et
585 2737 829 2821 juribus
892 2738 1174 2819 gaudere,
1231 2737 1451 2821 quibus
1508 2739 1699 2803 ceteri
1763 2740 1956 2803 nostri
2023 2739 2189 2803 cives
2255 2738 2671 2821 perfruuntur.
2738 2738 3032 2817 Quocirca
3105 2758 3203 2804 ro-

468 2843 685 2906 gamus
737 2828 1005 2890 vestram
1051 2826 1401 2891 amiciciam
1447 2826 1691 2904 affectu,
1741 2846 1861 2909 quo
1910 2844 2239 2909 possumus
2288 2826 2524 2903 cariori,
2573 2828 2876 2908 quatenus
2934 2827 3198 2892 eundem

468 2910 815 2977 Johannem
864 2914 1061 2978 civem
1109 2917 1409 2993 nostrum,
1458 2914 1621 2978 sicut
1667 2915 1824 2979 alios
1873 2914 2046 2998 regni
2096 2914 2288 2978 nostri
2329 2914 2511 2985 cives,
2561 2912 2766 2977 velitis
2812 2914 3039 2978 habere
3103 2915 3198 2979 fa-

471 3000 827 3064 vorabiliter
872 3001 1379 3066 commendatum
1427 3002 1546 3066 sibi
1593 3001 1690 3066 vel
1736 3002 2111 3079 hominibuS,
2160 3019 2313 3084 quos
2360 3003 2435 3064 ad
2483 3000 2595 3064 hoc
2639 3000 2982 3082 deputavit,
3042 3000 3204 3067 bona

474 3106 582 3151 sua
628 3106 1004 3172 quecumque
1047 3090 1110 3153 in
1155 3089 1344 3153 vestri
1391 3089 1592 3153 medio
1648 3089 2050 3154 consistentia
2096 3089 2309 3167 libere,
2375 3088 2663 3172 quociens
2727 3108 2909 3170 super
2971 3107 3038 3153 eo
3100 3110 3200 3154 re-

403 3243 410 3248 ,
475 3174 685 3257 quisiti
733 3175 991 3254 fueritis
1056 3176 1463 3261 assignanteS,
1513 3196 1630 3242 non
1688 3177 2080 3243 obstantibus
2140 3177 2367 3241 litteris
2429 3194 2956 3260 quorumcumque
3019 3178 3196 3242 vobis

471 3263 535 3326 in
581 3264 956 3328 contrarium
1004 3266 1215 3330 missis
1257 3266 1350 3329 vel
1398 3266 1672 3343 directiS,
1718 3267 1893 3331 nobis
1942 3267 2004 3329 in
2052 3283 2122 3329 eo
2171 3264 2474 3329 sinceram
2522 3264 2873 3328 amiciciam
2922 3267 2985 3329 et
3052 3283 3195 3349 gra-

471 3353 599 3415 tam
647 3351 1158 3433 complacentiam
1205 3353 1530 3418 ostensuri.
1581 3355 1745 3418 Data
1791 3353 1962 3418 Bude
2009 3353 2105 3418 die
2154 3352 2432 3417 XXVIII
2482 3354 2712 3417 mensis
2759 3353 3029 3436 augusti.

562 3440 1130 3501 Commemorialium
1188 3444 1254 3503 V.
1303 3446 1405 3514 95,
1451 3462 1492 3504 u
1536 3445 1689 3505 mlet.
1738 3446 1974 3504 arkivu.

894 3633 1203 3715 LVIII.
1259 3633 1466 3716 θοὰ.
1519 3634 1756 3721 1360.
1807 3635 1898 3717 17·
1946 3635 2228 3736 ruina,
2278 3656 2339 3716 u
2392 3633 2786 3720 Mletclh.

682 3755 913 3820 Missus
960 3757 1233 3820 notarius
1282 3759 1409 3839 regi
1435 3757 1816 3839 Huugariae,
1863 3760 1934 3821 ut
1973 3759 2250 3840 requirat
2282 3757 2604 3822 emendam
2639 3761 2701 3821 et
2745 3755 3200 3822 satisfationem

473 3843 837 3908 damnorum
902 3844 1168 3908 subditis
1247 3846 1480 3909 venetis
1528 3846 1845 3909 illatorum
1908 3865 2014 3927 per
2061 3863 2205 3910 suas
2251 3847 2469 3929 gentes
2533 3847 2597 3909 in
2658 3845 2938 3928 partibus
2984 3843 3201 3907 Trevi-

470 3946 673 4010 sanae,
722 3934 786 3995 et
845 3935 913 3996 ut
957 3934 1296 4015 provideat,
1346 3934 1505 4014 quod
1562 3933 1796 3998 similia
1828 3933 2055 3997 damna
2103 3939 2165 3997 et
2212 3934 2521 3997 novitates
2583 3933 2866 4015 protinus
2934 3932 3198 3995 cessent.

470 4015 762 4083 Mittatur
803 4019 989 4083 etiam
1038 4020 1290 4084 nuntius
1338 4020 1416 4084 ad
1461 4019 1738 4102 legatum
1798 4039 1909 4104 pro
1950 4020 2337 4086 informando
2376 4020 2589 4110 *ipsum
2650 4020 2813 4083 circa
2860 4017 3199 4101 praedicta..

556 4110 735 4169 misti
786 4107 1017 4169 XXIX
1062 4112 1165 4180 88,
1212 4128 1254 4169 u
1299 4111 1451 4170 mlet.
1499 4112 1730 4171 arkivu.

916 4300 1137 4382 ΠΧ.
1192 4299 1400 4383 eon.
1454 4299 1686 4401 1360.
1740 4301 1847 4384 so
1902 4302 2189 4403 muna,
2245 4322 2303 4381 u
2356 4298 2751 4386 Mleteih.

472 4441 686 4503 Odkud
730 4442 810 4501 da
854 4460 916 4502 se
956 4460 1132 4503 uzmu
1166 4446 1333 4532 novel
1356 4446 1641 4517 potrebici
1687 4462 1761 4505 za
1795 4453 1916 4521 put
1946 4446 2265 4519 biljeinika
2299 4444 2506 4518 idudey
2534 4445 2573 4503 k
2604 4444 2933 4519 uqarehrv.
2969 4446 3197 4519 krakju.

683 4563 867 4628 1360.
919 4565 1251 4629 indictione
1295 4566 1466 4642 XIV,
1514 4566 1613 4630 die
1656 4565 1778 4630 XX
1824 4566 2217 4649 septembris.
2290 4564 2518 4646 Capta:
2567 4565 2724 4645 quod
2765 4584 2871 4647 pro
2919 4567 3200 4647 expensis

466 4650 828 4715 necessariis
877 4669 983 4732 pro
1027 4652 1262 4718 notario
1309 4653 1610 4718 mittendo
1655 4656 1737 4718 ad
1802 4653 2120 4720 dominum
2164 4673 2373 4737 regem
2413 4652 2735 4734 Huugarie
2784 4671 2891 4734 pro
2956 4652 3199 4717 damnis

466 4739 631 4804 datis
679 4739 1058 4804 nostratibus
1105 4758 1214 4823 per
1257 4743 1478 4823 gentes
1525 4759 1669 4806 suas
1732 4741 1974 4822 possint
2028 4740 2227 4823 accipi
2286 4742 2361 4806 de
2423 4745 2633 4805 monte
2697 4758 2889 4823 usque
2944 4739 3200 4804 ducatos
