3620 5282
2985 366 3115 434 273

386 542 687 625 cipiendo,
735 540 896 624 quod
944 558 1128 624 agere
1173 541 1433 606 debeam
1480 541 1828 624 superinde,
1878 541 2174 607 Nicolaus
2207 542 2547 608 Barbadico
2594 543 2666 606 de
2698 543 2901 606 vestro
2935 561 3111 607 man-

391 629 535 694 dato
579 647 786 693 comes
834 628 1113 712 Ragusii.
1166 627 1287 693 Ubi
1334 627 1482 693 data
1526 627 1626 692 die
1673 626 1956 694 XXVIII
1992 630 2221 695 mensis
2268 629 2480 694 madii.

478 720 760 779 Invomik
805 737 889 778 na
921 720 1155 793 papiru
1200 737 1244 778 u
1286 719 1504 778 arkivu
1548 720 1911 779 mletaekom.

672 931 1132 1017 oocoxn.
1206 933 1411 1016 eoo.
1466 934 1690 1019 1355.
1745 934 1842 1017 31
1896 935 2269 1036 svibma,
2323 958 2383 1016 u
2439 934 2831 1017 Mletcih.

404 1059 605 1120 Uslied
646 1059 830 1120 molbe
874 1059 1131 1134 krckoqa
1174 1060 1362 1119 kneza
1406 1059 1672 1119 Bartula
1717 1060 2049 1138 odredjeno‚
2096 1060 2176 1118 da
2220 1062 2410 1120 ereski
2455 1063 2477 1118 i
2524 1062 2750 1120 osorski
2793 1062 2940 1121 knen
2984 1077 3116 1120 raz-

1292 1146 1417 1205 vidi
1461 1149 1485 1204 i
1528 1148 1672 1206 riesi
1715 1149 1899 1221 njeku
1934 1148 2219 1221 par-nica.

613 1285 796 1362 1355,
846 1284 942 1349 die
984 1283 1205 1349 ultimo
1253 1283 1421 1362 maii,
1471 1287 1686 1367 capta:
1732 1304 1870 1349 cum
1921 1303 2124 1349 comes
2159 1284 2492 1350 Bartholus
2537 1283 2612 1349 de
2659 1285 2859 1369 Vegla
2905 1285 3104 1367 scrip-

397 1372 552 1436 serit
601 1373 775 1436 nobis
822 1390 929 1455 per
977 1373 1108 1436 eius
1156 1372 1417 1450 litteras,
1481 1373 2030 1437 recommendando
2091 1374 2267 1436 nobis
2329 1373 2658 1454 quemdam
2708 1376 3110 1438 mercatorem

396 1459 811 1524 habitatorem
864 1459 1087 1541 Segnie
1136 1460 1379 1523 nomine
1427 1460 1629 1542 Vagni
1674 1459 1748 1523 de
1796 1460 2024 1537 Firmo,
2073 1478 2257 1542 quem
2306 1461 2529 1523 asserit
2574 1461 2816 1543 gravari
2842 1460 3111 1525 indebite

272 1572 275 1575 ·
397 1550 460 1611 et
506 1550 717 1611 contra
763 1547 1079 1611 iusticiam
1126 1548 1441 1611 occasione
1488 1548 1808 1611 cuiusdam
1845 1547 2380 1612 determinationis
2437 1548 2565 1612 sive
2613 1548 2916 1612 sententie
2962 1548 3111 1625 late,

401 1636 471 1699 ut
517 1635 764 1711 dicitur,
813 1653 921 1716 per
967 1634 1256 1698 comitem
1305 1634 1631 1699 Nicolaum
1679 1634 2049 1718 Veglensem
2099 1638 2162 1698 et
2207 1654 2315 1716 per
2364 1634 2622 1698 Paulum
2672 1636 2801 1699 eius
2848 1635 3117 1699 iudicem

403 1722 466 1786 in
514 1721 689 1786 bonis
738 1725 801 1785 et
840 1741 1025 1804 super
1067 1722 1240 1785 bonis
1286 1723 1541 1786 condam
1607 1721 1818 1786 Ascoli
1882 1723 2101 1796 fratris,
2135 1722 2267 1797 sui,
2335 1741 2516 1804 quem
2579 1722 2656 1784 ab
2705 1723 3004 1786 intestato
3054 1723 3118 1786 et

400 1810 532 1873 sine
572 1808 900 1873 heredibus
946 1809 1170 1873 asserit
1213 1808 1571 1885 decessisse,
1621 1828 1658 1872 a
1705 1828 1824 1892 qua
1869 1809 2116 1890 quidem
2163 1810 2470 1872 sententia
2513 1809 2994 1891 appellationem
3041 1810 3117 1872 ad

400 1896 881 1960 dominationem
934 1896 1214 1960 ducalem
1261 1896 1650 1979 interposuit,
1701 1897 1972 1980 rogando
2013 1914 2121 1960 nos
2183 1897 2515 1972 instanter,
2580 1900 2881 1977 quatenus
2944 1895 3119 1959 nobis

400 1984 678 2067 placeret
731 1983 961 2047 dictam
1022 1984 1403 2066 questionem
1465 1984 1857 2048 committere
1920 1984 2404 2067 cognoscendam
2463 1987 2527 2047 et
2581 1983 3113 2047 determinandam

399 2071 706 2152 aliquibus
753 2090 826 2135 ex
868 2072 1093 2135 nostris
1141 2071 1480 2135 rectoribus
1530 2072 1624 2135 vel
1667 2072 1824 2135 Arbi
1870 2072 1968 2136 vel
2016 2069 2267 2135 Chersi:
2332 2071 2501 2135 vadit
2548 2090 2710 2152 parS,
2760 2070 2919 2152 quod
2968 2088 3113 2135 auc-

398 2161 651 2222 toritate
696 2159 878 2222 huius
924 2159 1162 2222 consilii
1211 2158 1641 2223 committatur
1695 2158 1911 2223 comiti
1974 2162 2182 2222 nostro
2231 2156 2445 2223 Chersi
2499 2163 2561 2222 et
2605 2158 2865 2235 Abseri,
2928 2159 3107 2240 quod,

400 2248 753 2311 convocatis
799 2247 876 2309 ad
922 2263 986 2309 se
1028 2246 1327 2328 partibus,
1378 2265 1526 2329 quas
1574 2245 1926 2311 huiusmodi
1973 2246 2178 2327 tangit
2222 2248 2584 2328 negocium,
2634 2245 2856 2310 debeat
2901 2246 3110 2310 audire

401 2335 466 2397 et
512 2333 857 2398 examinare
903 2333 1037 2397 iura
1083 2351 1313 2411 earum,
1363 2338 1426 2397 et
1471 2335 1809 2415 predictam
1848 2334 2227 2416 questionem
2254 2334 2659 2398 determinare
2707 2338 2771 2397 et
2816 2330 3106 2410 diffinire,

402 2420 563 2485 sicut
609 2421 665 2485 ei
718 2422 949 2485 iustum
999 2421 1324 2485 videbitur.
1564 2426 1573 2431 '

489 2510 667 2570 Misce·
717 2510 849 2569 XX
857 2510 997 2568 VII.
1049 2512 1151 2580 10,
1194 2528 1237 2568 u
1282 2510 1621 2570 mletadkom
1667 2512 1902 2571 arkivu.

772 2725 1258 2809 ccccxlll.
1332 2725 1539 2808 flod.
1594 2725 1820 2810 1355.
1872 2725 1922 2807 2
1972 2725 2284 2830 lipnja,
2336 2748 2397 2807 u
2453 2726 2760 2808 Zadru.

481 2853 649 2913 Knea
685 2852 970 2913 zadarski
1013 2851 1325 2924 izviesbuje
1370 2869 1402 2911 o
1448 2852 1757 2925 namjerah
1802 2852 2129 2926 uqarehrv.
2176 2852 2376 2924 kral-ja
2421 2852 2446 2909 i
2490 2868 2522 2910 o
2566 2854 2772 2923 stanju
2820 2850 3042 2910 Zadra.

614 2990 1018 3056 Serenissimo
1064 2990 1312 3055 domino
1361 3009 1468 3055 suo
1514 2990 1762 3055 domino
1804 2990 2079 3056 ‚Iohanni
2125 2989 2492 3066 GradonicO,
2543 2989 2637 3052 dei
2680 2987 2891 3070 gracia
2932 2988 3132 3055 Vene-

413 3078 644 3142 ciarum
696 3078 1016 3143 Dalmacie
1061 3081 1247 3160 atque
1294 3076 1590 3143 Crohacie
1639 3078 1797 3155 duci,
1848 3079 2213 3160 dominoque
2261 3079 2478 3160 quarte
2528 3077 2721 3156 partis
2766 3079 2830 3139 et
2874 3076 3131 3144 dimidie

410 3166 612 3230 tocius
659 3165 902 3247 imperii
950 3165 1269 3230 Romanie.
1322 3164 1724 3231 Serenissime
1757 3166 2003 3230 domine
2027 3165 2264 3230 noster!
2314 3163 2512 3228 Hodie
2561 3181 2599 3225 a
2646 3164 2871 3228 comite
2919 3169 3123 3234 vestro

414 3253 672 3335 Ragusii
718 3251 1060 3335 recepimus
1107 3251 1382 3316 litteram
1428 3271 1613 3317 unam
1662 3253 1877 3317 datam
1923 3254 2023 3317 die
2057 3251 2267 3317 XXIV
2297 3252 2521 3317 mensis
2569 3250 2736 3328 maii,
2786 3251 2848 3315 in
2897 3255 3120 3337 quibus

416 3340 866 3419 continebatur,
916 3359 981 3404 se
1029 3340 1332 3421 recepisse
1357 3340 1602 3404 litteras
1650 3342 1721 3405 de
1771 3342 2051 3423 partibus
2078 3340 2395 3423 Hungarie
2442 3337 2636 3402 factas
2661 3337 2759 3401 die
2797 3388 2811 3403 .
2848 3388 2861 3402 .
2899 3391 2914 3406 .
2951 3362 3122 3409 men-

414 3430 498 3493 sis
543 3428 712 3507 maii,
762 3445 882 3492 non
929 3427 1312 3509 exprimebat
1355 3426 1539 3504 diem,
1589 3429 2005 3506 continentes,
2073 3428 2235 3511 quod
2300 3427 2562 3491 firmiter
2622 3426 2742 3489 erit
2802 3446 2918 3508 pax
2963 3432 3124 3496 inter

414 3516 728 3580 dominum
776 3533 988 3597 regem
1028 3514 1345 3598 Hungarie
1391 3524 1454 3579 et
1503 3516 1822 3580 dominum
1871 3517 2308 3598 imperatorem
2335 3514 2676 3588 Sclavonie,
2726 3516 2788 3577 et
2836 3518 2997 3596 quod
3045 3518 3120 3584 de

413 3603 750 3668 intentione
797 3602 946 3666 dicti
991 3601 1224 3666 domini
1264 3602 1426 3684 regis
1471 3604 1614 3667 sciri
1662 3620 1781 3667 non
1845 3605 2051 3686 potest
2110 3601 2344 3679 adhuc,
2411 3600 2515 3665 sed
2579 3601 2881 3683 creditur,
2944 3607 3123 3688 quod,

413 3689 662 3755 firmata
704 3707 874 3773 pace,
922 3689 1052 3772 ipse
1099 3689 1175 3752 ad
1229 3692 1430 3753 terras
1486 3691 1833 3754 maritimas
1896 3691 2252 3765 descendet;
2317 3690 2473 3772 quod
2518 3689 2717 3769 qualis
2765 3689 2884 3755 erit
2928 3693 3123 3775 ipsius

413 3778 699 3857 intencio,
738 3777 935 3842 credit
979 3778 1135 3840 scire
1175 3776 1235 3840 in
1289 3776 1478 3856 brevi,
1528 3780 1592 3840 et
1639 3778 1925 3860 quicquid
1975 3777 2250 3854 habebit,
2312 3776 2488 3840 nobis
2553 3776 2917 3842 notificabit.
2997 3780 3125 3845 Do-

415 3867 576 3930 mine
625 3865 731 3944 mi,
780 3864 834 3929 si
880 3865 1122 3929 novitas
1168 3863 1305 3941 erit,
1353 3883 1462 3946 per
1505 3864 1754 3929 literam
1802 3865 2145 3929 dolebimus
2191 3882 2299 3947 pro
2348 3862 2572 3928 nostris
2604 3863 2964 3945 Jadratinis,
3017 3868 3124 3950 qui

414 3955 662 4036 possent
702 3952 988 4017 amittere
1034 3951 1410 4016 vindemiam
1462 3972 1654 4029 suam,
1706 3972 1851 4017 nam
1899 3952 2147 4016 bladum
2212 3951 2554 4028 credimuS,
2603 3952 2764 4034 quod
2830 3953 2983 4019 bene
3031 3976 3125 4019 re-

416 4042 720 4125 coligent3
771 4040 877 4104 sed
924 4058 1041 4104 non
1089 4041 1389 4104 existente
1436 4040 1558 4103 alia
1607 4041 1901 4116 novitate,
1950 4059 2135 4124 quam
2183 4059 2291 4122 per
2332 4039 2492 4104 viam
2528 4041 2709 4116 terre,
2756 4039 3126 4108 haberemus

418 4129 491 4195 de
538 4129 793 4194 civitate
838 4129 1051 4191 nostra
1097 4127 1270 4191 illam
1310 4127 1786 4206 dubitacionem‚
1836 4147 2019 4210 quam
2068 4129 2434 4191 haberemus
2467 4128 2540 4190 de
2572 4129 2846 4207 personis
2880 4131 3124 4212 nostris,

417 4218 469 4280 si
516 4234 790 4281 essemus
834 4213 1141 4279 Veneoiis.
1191 4216 1422 4279 Verum
1484 4217 1545 4279 in
1609 4234 1753 4280 casu
1818 4215 2174 4280 necesitatis
2238 4234 2275 4277 a
2336 4214 2565 4278 comite
2612 4213 2765 4296 Pagi
2819 4218 3127 4297 possimus

420 4303 701 4386 gencium
750 4302 973 4367 habere
1016 4301 1383 4376 subsidium,
1432 4304 1677 4383 placeat
1723 4303 2125 4367 dominationi
2177 4304 2381 4366 vestro
2428 4300 2548 4365 sibi
2594 4300 2925 4383 precipere,
2969 4303 3128 4386 quod

415 4392 477 4455 in
521 4409 667 4456 casu
714 4407 832 4472 quo
872 4388 950 4453 ab
1004 4389 1141 4472 ipso
1189 4389 1470 4474 gencium
1526 4390 1823 4454 auxilium
1889 4389 2396 4472 imploraremus,
2455 4386 2607 4451 illud
2669 4389 2841 4452 nobis
2899 4390 3126 4456 debeat

416 4478 731 4553 exhibere3
780 4495 923 4540 cum
973 4478 1185 4541 tamen
1233 4475 1406 4541 nobis
1454 4477 1538 4540 sit
1585 4478 1796 4541 datum
1846 4476 2149 4559 intelligi,
2213 4477 2376 4557 quod
2438 4476 2497 4539 in
2546 4475 2916 4541 cancellaria
2964 4477 3122 4561 Pagi

417 4567 510 4629 est
553 4566 767 4629 littera
814 4582 935 4628 una
982 4563 1220 4627 ducalis
1268 4582 1452 4646 super
1495 4564 1625 4642 hoc,
1675 4564 2109 4629 nichilominus
2151 4564 2378 4626 bonum
2428 4562 2524 4628 est
2567 4561 2727 4644 quod
2790 4563 3130 4647 replicetur

417 4652 631 4731 adhuc,
679 4651 910 4716 sciente
957 4654 1163 4715 vestro
1211 4650 1501 4729 domiui0,
1550 4651 1711 4728 quod
1759 4670 1876 4715 non
1923 4669 2319 4734 gravaremus
2368 4649 2645 4714 homines
2692 4649 2849 4734 Pagi
2898 4650 3016 4714 nisi
3064 4651 3131 4713 in

415 4758 552 4804 casu
591 4757 817 4822 magne
863 4738 1307 4804 neccessitatis.

477 4859 671 4909 arou.
715 4858 815 4907 111.
2248 4804 2251 4808 ,
2799 4838 2880 4906 18
