<?xml version="1.0" encoding="UTF-8"?>
<!DOCTYPE html PUBLIC "-//W3C//DTD XHTML 1.0 Transitional//EN"
    "http://www.w3.org/TR/xhtml1/DTD/xhtml1-transitional.dtd">
<html xmlns="http://www.w3.org/1999/xhtml" xml:lang="en" lang="en">
 <head>
  <title>
</title>
<meta http-equiv="Content-Type" content="text/html;charset=utf-8" />
  <meta name='ocr-system' content='tesseract 3.04.00' />
  <meta name='ocr-capabilities' content='ocr_page ocr_carea ocr_par ocr_line ocrx_word'/>
</head>
<body>
  <div class='ocr_page' id='page_1' title='image "./monumentaspecta02umjegoog_0747.png"; bbox 0 0 3620 5282; ppageno 0'>
   <div class='ocr_carea' id='block_1_1' title="bbox 2967 380 3095 448">
    <p class='ocr_par' dir='ltr' id='par_1_1' title="bbox 2967 380 3095 448">
     <span class='ocr_line' id='line_1_1' title="bbox 2967 380 3095 448; baseline 0.008 -1"><span class='ocrx_word' id='word_1_1' title='bbox 2967 380 3095 448; x_wconf 81' lang='lat'><strong>195</strong></span> 
     </span>
    </p>
   </div>
   <div class='ocr_carea' id='block_1_2' title="bbox 345 555 3097 1782">
    <p class='ocr_par' dir='ltr' id='par_1_2' title="bbox 345 555 3097 1606">
     <span class='ocr_line' id='line_1_2' title="bbox 345 555 3086 643; baseline -0.001 -18"><span class='ocrx_word' id='word_1_2' title='bbox 345 578 456 643; x_wconf 85' lang='lat' dir='ltr'><strong>per</strong></span> <span class='ocrx_word' id='word_1_3' title='bbox 501 578 686 643; x_wconf 90' lang='lat' dir='ltr'><strong>quem</strong></span> <span class='ocrx_word' id='word_1_4' title='bbox 732 561 1030 624; x_wconf 89' lang='lat' dir='ltr'><strong>nuncium</strong></span> <span class='ocrx_word' id='word_1_5' title='bbox 1093 559 1229 642; x_wconf 90' lang='lat' dir='ltr'><strong>ipse</strong></span> <span class='ocrx_word' id='word_1_6' title='bbox 1293 558 1578 626; x_wconf 87' lang='lat' dir='ltr'><strong>dominns</strong></span> <span class='ocrx_word' id='word_1_7' title='bbox 1625 576 1733 623; x_wconf 82' lang='lat' dir='ltr'><strong>rex</strong></span> <span class='ocrx_word' id='word_1_8' title='bbox 1794 557 1989 623; x_wconf 87' lang='lat' dir='ltr'><strong>Raxie</strong></span> <span class='ocrx_word' id='word_1_9' title='bbox 2036 559 2100 621; x_wconf 91' lang='lat' dir='ltr'><strong>et</strong></span> <span class='ocrx_word' id='word_1_10' title='bbox 2145 557 2412 625; x_wconf 89' lang='lat' dir='ltr'><strong>Bossine</strong></span> <span class='ocrx_word' id='word_1_11' title='bbox 2457 555 2732 622; x_wconf 87' lang='lat' dir='ltr'><strong>notificat</strong></span> <span class='ocrx_word' id='word_1_12' title='bbox 2776 556 2944 623; x_wconf 90' lang='lat' dir='ltr'><strong>dicto</strong></span> <span class='ocrx_word' id='word_1_13' title='bbox 2986 576 3086 624; x_wconf 84' lang='lat' dir='ltr'><strong>ser</strong></span> 
     </span>
     <span class='ocr_line' id='line_1_3' title="bbox 353 646 3091 730; baseline -0.001 -18"><span class='ocrx_word' id='word_1_14' title='bbox 353 647 608 713; x_wconf 87' lang='lat' dir='ltr'><strong>Nicolao</strong></span> <span class='ocrx_word' id='word_1_15' title='bbox 656 649 896 724; x_wconf 87' lang='lat' dir='ltr'><strong>Baseio,</strong></span> <span class='ocrx_word' id='word_1_16' title='bbox 925 647 1085 730; x_wconf 91' lang='lat' dir='ltr'><strong>quod</strong></span> <span class='ocrx_word' id='word_1_17' title='bbox 1135 647 1329 729; x_wconf 88' lang='lat' dir='ltr'><strong>elegit</strong></span> <span class='ocrx_word' id='word_1_18' title='bbox 1372 646 1580 729; x_wconf 88' lang='lat' dir='ltr'><strong>ipsum</strong></span> <span class='ocrx_word' id='word_1_19' title='bbox 1641 646 1704 710; x_wconf 91' lang='lat' dir='ltr'><strong>in</strong></span> <span class='ocrx_word' id='word_1_20' title='bbox 1751 647 2125 710; x_wconf 86' lang='lat' dir='ltr'><strong>admiratum</strong></span> <span class='ocrx_word' id='word_1_21' title='bbox 2200 664 2384 710; x_wconf 90' lang='lat' dir='ltr'><strong>suum</strong></span> <span class='ocrx_word' id='word_1_22' title='bbox 2418 664 2560 710; x_wconf 90' lang='lat' dir='ltr'><strong>cum</strong></span> <span class='ocrx_word' id='word_1_23' title='bbox 2592 663 2818 729; x_wconf 87' lang='lat' dir='ltr'><strong>magno</strong></span> <span class='ocrx_word' id='word_1_24' title='bbox 2860 646 3091 712; x_wconf 88' lang='lat' dir='ltr'><strong>honore</strong></span> 
     </span>
     <span class='ocr_line' id='line_1_4' title="bbox 351 732 3095 824; baseline -0.001 -24"><span class='ocrx_word' id='word_1_25' title='bbox 351 735 506 800; x_wconf 85' lang='lat' dir='ltr'><strong>civis</strong></span> <span class='ocrx_word' id='word_1_26' title='bbox 555 736 747 800; x_wconf 80' lang='lat' dir='ltr'><strong>nostri</strong></span> <span class='ocrx_word' id='word_1_27' title='bbox 790 734 1068 824; x_wconf 66' lang='lat' dir='ltr'><strong>predicti,</strong></span> <span class='ocrx_word' id='word_1_28' title='bbox 1096 737 1159 799; x_wconf 92' lang='lat' dir='ltr'><strong>et</strong></span> <span class='ocrx_word' id='word_1_29' title='bbox 1188 754 1296 816; x_wconf 90' lang='lat' dir='ltr'><strong>pro</strong></span> <span class='ocrx_word' id='word_1_30' title='bbox 1328 736 1495 800; x_wconf 87' lang='lat' dir='ltr'><strong>statu</strong></span> <span class='ocrx_word' id='word_1_31' title='bbox 1528 737 1594 799; x_wconf 89' lang='lat' dir='ltr'><strong>et</strong></span> <span class='ocrx_word' id='word_1_32' title='bbox 1623 735 1850 799; x_wconf 89' lang='lat' dir='ltr'><strong>honore</strong></span> <span class='ocrx_word' id='word_1_33' title='bbox 1883 734 2079 799; x_wconf 90' lang='lat' dir='ltr'><strong>nostri</strong></span> <span class='ocrx_word' id='word_1_34' title='bbox 2110 732 2370 798; x_wconf 90' lang='lat' dir='ltr'><strong>dominii</strong></span> <span class='ocrx_word' id='word_1_35' title='bbox 2403 732 2591 798; x_wconf 86' lang='lat' dir='ltr'><strong>faciat</strong></span> <span class='ocrx_word' id='word_1_36' title='bbox 2634 737 2697 798; x_wconf 89' lang='lat' dir='ltr'><strong>et</strong></span> <span class='ocrx_word' id='word_1_37' title='bbox 2743 733 3095 816; x_wconf 77' lang='lat' dir='ltr'>specialiter</span> 
     </span>
     <span class='ocr_line' id='line_1_5' title="bbox 346 819 3094 906; baseline 0 -20"><span class='ocrx_word' id='word_1_38' title='bbox 346 823 470 887; x_wconf 89' lang='lat' dir='ltr'><strong>isto</strong></span> <span class='ocrx_word' id='word_1_39' title='bbox 494 825 767 905; x_wconf 88' lang='lat' dir='ltr'><strong>tempore</strong></span> <span class='ocrx_word' id='word_1_40' title='bbox 798 840 1159 887; x_wconf 88' lang='lat' dir='ltr'><strong>conservare</strong></span> <span class='ocrx_word' id='word_1_41' title='bbox 1190 840 1332 906; x_wconf 78' lang='lat' dir='ltr'><strong>ymo</strong></span> <span class='ocrx_word' id='word_1_42' title='bbox 1377 841 1605 906; x_wconf 86' lang='lat' dir='ltr'><strong>augere</strong></span> <span class='ocrx_word' id='word_1_43' title='bbox 1638 822 1944 888; x_wconf 86' lang='lat' dir='ltr'><strong>amicitias</strong></span> <span class='ocrx_word' id='word_1_44' title='bbox 1971 825 2034 886; x_wconf 92' lang='lat' dir='ltr'><strong>et</strong></span> <span class='ocrx_word' id='word_1_45' title='bbox 2057 823 2433 905; x_wconf 77' lang='lat' dir='ltr'>complacere</span> <span class='ocrx_word' id='word_1_46' title='bbox 2480 819 2744 886; x_wconf 88' lang='lat' dir='ltr'><strong>dominis</strong></span> <span class='ocrx_word' id='word_1_47' title='bbox 2791 821 3006 886; x_wconf 89' lang='lat' dir='ltr'><strong>mundi</strong></span> <span class='ocrx_word' id='word_1_48' title='bbox 3030 822 3094 886; x_wconf 91' lang='lat' dir='ltr'><strong>in</strong></span> 
     </span>
     <span class='ocr_line' id='line_1_6' title="bbox 352 908 3094 993; baseline 0 -19"><span class='ocrx_word' id='word_1_49' title='bbox 352 909 476 975; x_wconf 90' lang='lat' dir='ltr'><strong>hiis</strong></span> <span class='ocrx_word' id='word_1_50' title='bbox 529 911 812 984; x_wconf 84' lang='lat' dir='ltr'><strong>casibus;</strong></span> <span class='ocrx_word' id='word_1_51' title='bbox 862 911 967 974; x_wconf 89' lang='lat' dir='ltr'><strong>sed</strong></span> <span class='ocrx_word' id='word_1_52' title='bbox 1014 908 1274 974; x_wconf 89' lang='lat' dir='ltr'><strong>dubium</strong></span> <span class='ocrx_word' id='word_1_53' title='bbox 1318 910 1395 974; x_wconf 87' lang='lat' dir='ltr'><strong>fit</strong></span> <span class='ocrx_word' id='word_1_54' title='bbox 1437 911 1512 975; x_wconf 91' lang='lat' dir='ltr'><strong>de</strong></span> <span class='ocrx_word' id='word_1_55' title='bbox 1555 913 1668 976; x_wconf 88' lang='lat' dir='ltr'><strong>hoc</strong></span> <span class='ocrx_word' id='word_1_56' title='bbox 1718 912 1970 993; x_wconf 89' lang='lat' dir='ltr'><strong>propter</strong></span> <span class='ocrx_word' id='word_1_57' title='bbox 2017 912 2256 992; x_wconf 89' lang='lat' dir='ltr'><strong>partem</strong></span> <span class='ocrx_word' id='word_1_58' title='bbox 2304 910 2552 993; x_wconf 89' lang='lat' dir='ltr'><strong>captam</strong></span> <span class='ocrx_word' id='word_1_59' title='bbox 2586 908 2649 973; x_wconf 91' lang='lat' dir='ltr'><strong>in</strong></span> <span class='ocrx_word' id='word_1_60' title='bbox 2682 908 2900 974; x_wconf 88' lang='lat' dir='ltr'><strong>maiori</strong></span> <span class='ocrx_word' id='word_1_61' title='bbox 2946 928 3094 974; x_wconf 91' lang='lat' dir='ltr'><strong>con-</strong></span> 
     </span>
     <span class='ocr_line' id='line_1_7' title="bbox 350 997 3096 1082; baseline 0 -20"><span class='ocrx_word' id='word_1_62' title='bbox 350 999 491 1062; x_wconf 91' lang='lat' dir='ltr'><strong>silio</strong></span> <span class='ocrx_word' id='word_1_63' title='bbox 544 997 927 1063; x_wconf 85' lang='lat' dir='ltr'>MCCCLVI.</span> <span class='ocrx_word' id='word_1_64' title='bbox 960 998 1231 1062; x_wconf 88' lang='lat' dir='ltr'>XXVIII</span> <span class='ocrx_word' id='word_1_65' title='bbox 1268 998 1496 1062; x_wconf 88' lang='lat' dir='ltr'>mensis</span> <span class='ocrx_word' id='word_1_66' title='bbox 1529 998 1894 1076; x_wconf 78' lang='lat' dir='ltr'><strong>noyembris,</strong></span> <span class='ocrx_word' id='word_1_67' title='bbox 1928 1018 2038 1080; x_wconf 89' lang='lat' dir='ltr'><strong>per</strong></span> <span class='ocrx_word' id='word_1_68' title='bbox 2069 1016 2253 1081; x_wconf 85' lang='lat' dir='ltr'><strong>quam</strong></span> <span class='ocrx_word' id='word_1_69' title='bbox 2286 997 2667 1080; x_wconf 86' lang='lat' dir='ltr'><strong>prohibetur,</strong></span> <span class='ocrx_word' id='word_1_70' title='bbox 2703 999 2864 1082; x_wconf 90' lang='lat' dir='ltr'><strong>quod</strong></span> <span class='ocrx_word' id='word_1_71' title='bbox 2897 998 3096 1063; x_wconf 77' lang='lat' dir='ltr'><strong>nostri</strong></span> 
     </span>
     <span class='ocr_line' id='line_1_8' title="bbox 356 1085 3094 1169; baseline 0 -19"><span class='ocrx_word' id='word_1_72' title='bbox 356 1086 521 1150; x_wconf 86' lang='lat' dir='ltr'><strong>cives</strong></span> <span class='ocrx_word' id='word_1_73' title='bbox 570 1103 688 1149; x_wconf 90' lang='lat' dir='ltr'><strong>non</strong></span> <span class='ocrx_word' id='word_1_74' title='bbox 738 1087 975 1169; x_wconf 78' lang='lat' dir='ltr'><strong>possint</strong></span> <span class='ocrx_word' id='word_1_75' title='bbox 1019 1086 1110 1150; x_wconf 92' lang='lat' dir='ltr'><strong>ire</strong></span> <span class='ocrx_word' id='word_1_76' title='bbox 1157 1086 1422 1149; x_wconf 89' lang='lat' dir='ltr'><strong>rectores</strong></span> <span class='ocrx_word' id='word_1_77' title='bbox 1469 1085 1530 1150; x_wconf 89' lang='lat' dir='ltr'><strong>in</strong></span> <span class='ocrx_word' id='word_1_78' title='bbox 1586 1085 1791 1169; x_wconf 85' lang='lat' dir='ltr'><strong>aliqua</strong></span> <span class='ocrx_word' id='word_1_79' title='bbox 1839 1087 2004 1150; x_wconf 88' lang='lat' dir='ltr'><strong>terra</strong></span> <span class='ocrx_word' id='word_1_80' title='bbox 2043 1103 2159 1149; x_wconf 92' lang='lat' dir='ltr'><strong>non</strong></span> <span class='ocrx_word' id='word_1_81' title='bbox 2201 1085 2481 1150; x_wconf 86' lang='lat' dir='ltr'><strong>subiecta</strong></span> <span class='ocrx_word' id='word_1_82' title='bbox 2521 1085 2829 1150; x_wconf 88' lang='lat' dir='ltr'><strong>communi</strong></span> <span class='ocrx_word' id='word_1_83' title='bbox 2893 1085 3094 1151; x_wconf 90' lang='lat' dir='ltr'><strong>Vene-</strong></span> 
     </span>
     <span class='ocr_line' id='line_1_9' title="bbox 357 1172 3097 1255; baseline 0.001 -18"><span class='ocrx_word' id='word_1_84' title='bbox 357 1173 611 1251; x_wconf 88' lang='lat' dir='ltr'><strong>tiarum,</strong></span> <span class='ocrx_word' id='word_1_85' title='bbox 659 1173 724 1238; x_wconf 92' lang='lat' dir='ltr'><strong>in</strong></span> <span class='ocrx_word' id='word_1_86' title='bbox 772 1192 894 1255; x_wconf 89' lang='lat' dir='ltr'><strong>qua</strong></span> <span class='ocrx_word' id='word_1_87' title='bbox 943 1175 1115 1255; x_wconf 85' lang='lat' dir='ltr'><strong>parte</strong></span> <span class='ocrx_word' id='word_1_88' title='bbox 1166 1173 1350 1237; x_wconf 88' lang='lat' dir='ltr'><strong>etiam</strong></span> <span class='ocrx_word' id='word_1_89' title='bbox 1401 1173 1770 1250; x_wconf 78' lang='lat' dir='ltr'><strong>continetur,</strong></span> <span class='ocrx_word' id='word_1_90' title='bbox 1799 1175 1957 1255; x_wconf 92' lang='lat' dir='ltr'><strong>quod</strong></span> <span class='ocrx_word' id='word_1_91' title='bbox 2007 1174 2173 1237; x_wconf 86' lang='lat' dir='ltr'><strong>dicta</strong></span> <span class='ocrx_word' id='word_1_92' title='bbox 2218 1174 2513 1237; x_wconf 85' lang='lat' dir='ltr'><strong>strictura</strong></span> <span class='ocrx_word' id='word_1_93' title='bbox 2550 1191 2670 1236; x_wconf 90' lang='lat' dir='ltr'><strong>non</strong></span> <span class='ocrx_word' id='word_1_94' title='bbox 2703 1191 2769 1237; x_wconf 89' lang='lat' dir='ltr'><strong>se</strong></span> <span class='ocrx_word' id='word_1_95' title='bbox 2801 1172 3097 1239; x_wconf 85' lang='lat' dir='ltr'><strong>extendat</strong></span> 
     </span>
     <span class='ocr_line' id='line_1_10' title="bbox 353 1259 3095 1344; baseline 0 -20"><span class='ocrx_word' id='word_1_96' title='bbox 353 1262 430 1325; x_wconf 86' lang='lat' dir='ltr'><strong>ad</strong></span> <span class='ocrx_word' id='word_1_97' title='bbox 475 1263 671 1325; x_wconf 84' lang='lat' dir='ltr'><strong>terras</strong></span> <span class='ocrx_word' id='word_1_98' title='bbox 717 1262 818 1325; x_wconf 80' lang='lat' dir='ltr'><strong>vel</strong></span> <span class='ocrx_word' id='word_1_99' title='bbox 864 1262 997 1326; x_wconf 87' lang='lat' dir='ltr'><strong>loca</strong></span> <span class='ocrx_word' id='word_1_100' title='bbox 1042 1262 1115 1325; x_wconf 91' lang='lat' dir='ltr'><strong>de</strong></span> <span class='ocrx_word' id='word_1_101' title='bbox 1148 1262 1321 1325; x_wconf 85' lang='lat' dir='ltr'><strong>extra</strong></span> <span class='ocrx_word' id='word_1_102' title='bbox 1354 1261 1681 1344; x_wconf 81' lang='lat' dir='ltr'><strong>culphum3</strong></span> <span class='ocrx_word' id='word_1_103' title='bbox 1728 1261 1902 1326; x_wconf 86' lang='lat' dir='ltr'><strong>vadit</strong></span> <span class='ocrx_word' id='word_1_104' title='bbox 1934 1279 2075 1344; x_wconf 89' lang='lat' dir='ltr'><strong>pars</strong></span> <span class='ocrx_word' id='word_1_105' title='bbox 2100 1260 2162 1325; x_wconf 91' lang='lat' dir='ltr'><strong>in</strong></span> <span class='ocrx_word' id='word_1_106' title='bbox 2196 1259 2449 1330; x_wconf 86' lang='lat' dir='ltr'><strong>modum</strong></span> <span class='ocrx_word' id='word_1_107' title='bbox 2482 1259 2936 1341; x_wconf 82' lang='lat' dir='ltr'><strong>declarationis,</strong></span> <span class='ocrx_word' id='word_1_108' title='bbox 2964 1280 3095 1327; x_wconf 88' lang='lat' dir='ltr'><strong>ser-</strong></span> 
     </span>
     <span class='ocr_line' id='line_1_11' title="bbox 351 1346 3093 1423; baseline 0.001 -11"><span class='ocrx_word' id='word_1_109' title='bbox 351 1350 549 1414; x_wconf 84' lang='lat' dir='ltr'><strong>vando</strong></span> <span class='ocrx_word' id='word_1_110' title='bbox 597 1347 660 1412; x_wconf 91' lang='lat' dir='ltr'><strong>in</strong></span> <span class='ocrx_word' id='word_1_111' title='bbox 701 1349 817 1414; x_wconf 90' lang='lat' dir='ltr'><strong>hoc</strong></span> <span class='ocrx_word' id='word_1_112' title='bbox 864 1348 1028 1413; x_wconf 85' lang='lat' dir='ltr'><strong>facto</strong></span> <span class='ocrx_word' id='word_1_113' title='bbox 1076 1348 1249 1413; x_wconf 89' lang='lat' dir='ltr'><strong>sicud</strong></span> <span class='ocrx_word' id='word_1_114' title='bbox 1296 1348 1453 1413; x_wconf 89' lang='lat' dir='ltr'><strong>alias</strong></span> <span class='ocrx_word' id='word_1_115' title='bbox 1500 1352 1816 1415; x_wconf 88' lang='lat' dir='ltr'><strong>servatum</strong></span> <span class='ocrx_word' id='word_1_116' title='bbox 1879 1347 2000 1413; x_wconf 79' lang='lat' dir='ltr'><strong>fuit</strong></span> <span class='ocrx_word' id='word_1_117' title='bbox 2037 1349 2099 1414; x_wconf 89' lang='lat' dir='ltr'><strong>in</strong></span> <span class='ocrx_word' id='word_1_118' title='bbox 2149 1346 2458 1413; x_wconf 89' lang='lat' dir='ltr'><strong>similibus</strong></span> <span class='ocrx_word' id='word_1_119' title='bbox 2505 1347 2768 1423; x_wconf 60' lang='lat' dir='ltr'><strong>casibus„</strong></span> <span class='ocrx_word' id='word_1_120' title='bbox 2817 1349 2872 1414; x_wconf 89' lang='lat' dir='ltr'><strong>si</strong></span> <span class='ocrx_word' id='word_1_121' title='bbox 2918 1348 3093 1416; x_wconf 85' lang='lat' dir='ltr'><strong>vide-</strong></span> 
     </span>
     <span class='ocr_line' id='line_1_12' title="bbox 351 1435 3092 1519; baseline 0.001 -20"><span class='ocrx_word' id='word_1_122' title='bbox 351 1436 522 1501; x_wconf 85' lang='lat' dir='ltr'><strong>bitur</strong></span> <span class='ocrx_word' id='word_1_123' title='bbox 554 1436 749 1514; x_wconf 87' lang='lat' dir='ltr'><strong>vobis,</strong></span> <span class='ocrx_word' id='word_1_124' title='bbox 791 1438 954 1519; x_wconf 90' lang='lat' dir='ltr'><strong>quod</strong></span> <span class='ocrx_word' id='word_1_125' title='bbox 990 1436 1113 1500; x_wconf 87' lang='lat' dir='ltr'><strong>ista</strong></span> <span class='ocrx_word' id='word_1_126' title='bbox 1155 1436 1393 1514; x_wconf 81' lang='lat' dir='ltr'><strong>electio,</strong></span> <span class='ocrx_word' id='word_1_127' title='bbox 1442 1457 1624 1519; x_wconf 87' lang='lat' dir='ltr'><strong>quam</strong></span> <span class='ocrx_word' id='word_1_128' title='bbox 1659 1436 1810 1501; x_wconf 85' lang='lat' dir='ltr'><strong>fecit</strong></span> <span class='ocrx_word' id='word_1_129' title='bbox 1842 1436 2123 1502; x_wconf 90' lang='lat' dir='ltr'><strong>dominus</strong></span> <span class='ocrx_word' id='word_1_130' title='bbox 2155 1454 2259 1501; x_wconf 88' lang='lat' dir='ltr'><strong>rex</strong></span> <span class='ocrx_word' id='word_1_131' title='bbox 2293 1435 2482 1501; x_wconf 83' lang='lat' dir='ltr'><strong>Raxie</strong></span> <span class='ocrx_word' id='word_1_132' title='bbox 2529 1437 2593 1500; x_wconf 92' lang='lat' dir='ltr'><strong>in</strong></span> <span class='ocrx_word' id='word_1_133' title='bbox 2637 1454 2901 1518; x_wconf 85' lang='lat' dir='ltr'><strong>persona</strong></span> <span class='ocrx_word' id='word_1_134' title='bbox 2934 1436 3092 1503; x_wconf 91' lang='lat' dir='ltr'><strong>dicti</strong></span> 
     </span>
     <span class='ocr_line' id='line_1_13' title="bbox 351 1523 2900 1606; baseline 0.001 -19"><span class='ocrx_word' id='word_1_135' title='bbox 351 1542 450 1588; x_wconf 87' lang='lat' dir='ltr'><strong>ser</strong></span> <span class='ocrx_word' id='word_1_136' title='bbox 491 1523 732 1589; x_wconf 89' lang='lat' dir='ltr'><strong>Nicolai</strong></span> <span class='ocrx_word' id='word_1_137' title='bbox 783 1524 1001 1589; x_wconf 91' lang='lat' dir='ltr'><strong>Baseio</strong></span> <span class='ocrx_word' id='word_1_138' title='bbox 1047 1542 1155 1606; x_wconf 85' lang='lat' dir='ltr'><strong>pro</strong></span> <span class='ocrx_word' id='word_1_139' title='bbox 1203 1543 1314 1589; x_wconf 84' lang='lat' dir='ltr'><strong>suo</strong></span> <span class='ocrx_word' id='word_1_140' title='bbox 1358 1525 1681 1603; x_wconf 82' lang='lat' dir='ltr'><strong>admirato,</strong></span> <span class='ocrx_word' id='word_1_141' title='bbox 1709 1524 2034 1589; x_wconf 86' lang='lat' dir='ltr'><strong>subiaceat</strong></span> <span class='ocrx_word' id='word_1_142' title='bbox 2072 1523 2235 1590; x_wconf 90' lang='lat' dir='ltr'><strong>dicte</strong></span> <span class='ocrx_word' id='word_1_143' title='bbox 2277 1525 2569 1589; x_wconf 88' lang='lat' dir='ltr'><strong>stricture</strong></span> <span class='ocrx_word' id='word_1_144' title='bbox 2615 1523 2712 1587; x_wconf 89' lang='lat' dir='ltr'><strong>vel</strong></span> <span class='ocrx_word' id='word_1_145' title='bbox 2759 1542 2900 1589; x_wconf 90' lang='lat' dir='ltr'><strong>non.</strong></span> 
     </span>
    </p>

    <p class='ocr_par' dir='ltr' id='par_1_3' title="bbox 348 1609 3092 1782">
     <span class='ocr_line' id='line_1_14' title="bbox 559 1609 3091 1697; baseline 0 -21"><span class='ocrx_word' id='word_1_146' title='bbox 559 1610 671 1676; x_wconf 90' lang='lat' dir='ltr'><strong>Ser</strong></span> <span class='ocrx_word' id='word_1_147' title='bbox 712 1611 1027 1677; x_wconf 86' lang='lat' dir='ltr'><strong>Johannes</strong></span> <span class='ocrx_word' id='word_1_148' title='bbox 1077 1611 1383 1692; x_wconf 89' lang='lat' dir='ltr'><strong>Storlad0,</strong></span> <span class='ocrx_word' id='word_1_149' title='bbox 1440 1632 1538 1678; x_wconf 89' lang='lat' dir='ltr'><strong>ser</strong></span> <span class='ocrx_word' id='word_1_150' title='bbox 1564 1612 1888 1678; x_wconf 86' lang='lat' dir='ltr'><strong>Galeatius</strong></span> <span class='ocrx_word' id='word_1_151' title='bbox 1913 1612 2259 1697; x_wconf 82' lang='lat' dir='ltr'><strong>Delphyne,</strong></span> <span class='ocrx_word' id='word_1_152' title='bbox 2284 1630 2385 1676; x_wconf 87' lang='lat' dir='ltr'><strong>ser</strong></span> <span class='ocrx_word' id='word_1_153' title='bbox 2427 1609 2785 1677; x_wconf 87' lang='lat' dir='ltr'><strong>Guilelmus</strong></span> <span class='ocrx_word' id='word_1_154' title='bbox 2832 1609 3091 1690; x_wconf 87' lang='lat' dir='ltr'><strong>Quirino</strong></span> 
     </span>
     <span class='ocr_line' id='line_1_15' title="bbox 348 1698 3092 1782; baseline 0 -20"><span class='ocrx_word' id='word_1_155' title='bbox 348 1698 706 1763; x_wconf 85' lang='lat' dir='ltr'><strong>consiliarii.</strong></span> <span class='ocrx_word' id='word_1_156' title='bbox 756 1699 969 1766; x_wconf 85' lang='lat' dir='ltr'><strong>Prima</strong></span> <span class='ocrx_word' id='word_1_157' title='bbox 1012 1704 1231 1782; x_wconf 86' lang='lat' dir='ltr'><strong>capta:</strong></span> <span class='ocrx_word' id='word_1_158' title='bbox 1282 1699 1446 1782; x_wconf 90' lang='lat' dir='ltr'><strong>quod</strong></span> <span class='ocrx_word' id='word_1_159' title='bbox 1507 1719 1626 1765; x_wconf 87' lang='lat' dir='ltr'><strong>non</strong></span> <span class='ocrx_word' id='word_1_160' title='bbox 1684 1699 2000 1766; x_wconf 86' lang='lat' dir='ltr'><strong>subiaceat</strong></span> <span class='ocrx_word' id='word_1_161' title='bbox 2073 1701 2382 1779; x_wconf 74' lang='lat' dir='ltr'><strong>strictura,</strong></span> <span class='ocrx_word' id='word_1_162' title='bbox 2455 1701 2520 1778; x_wconf 85' lang='lat' dir='ltr'><strong>et</strong></span> <span class='ocrx_word' id='word_1_163' title='bbox 2560 1719 2669 1782; x_wconf 90' lang='lat' dir='ltr'><strong>per</strong></span> <span class='ocrx_word' id='word_1_164' title='bbox 2715 1717 3092 1782; x_wconf 88' lang='lat' dir='ltr'><strong>consequens</strong></span> 
     </span>
    </p>
   </div>
   <div class='ocr_carea' id='block_1_3' title="bbox 349 1786 3093 1955">
    <p class='ocr_par' dir='ltr' id='par_1_4' title="bbox 349 1786 3093 1955">
     <span class='ocr_line' id='line_1_16' title="bbox 349 1786 1108 1870; baseline 0.003 -20"><span class='ocrx_word' id='word_1_165' title='bbox 349 1788 509 1870; x_wconf 91' lang='lat' dir='ltr'><strong>quod</strong></span> <span class='ocrx_word' id='word_1_166' title='bbox 551 1788 754 1869; x_wconf 82' lang='lat' dir='ltr'><strong>possit</strong></span> <span class='ocrx_word' id='word_1_167' title='bbox 801 1787 909 1851; x_wconf 90' lang='lat' dir='ltr'><strong>ire.</strong></span> <span class='ocrx_word' id='word_1_168' title='bbox 958 1786 1108 1852; x_wconf 84' lang='lat'><strong>279.</strong></span> 
     </span>
     <span class='ocr_line' id='line_1_17' title="bbox 564 1872 3093 1955; baseline 0.001 -16"><span class='ocrx_word' id='word_1_169' title='bbox 564 1873 677 1939; x_wconf 92' lang='lat' dir='ltr'><strong>Ser</strong></span> <span class='ocrx_word' id='word_1_170' title='bbox 724 1873 1069 1941; x_wconf 84' lang='lat' dir='ltr'><strong>Candianus</strong></span> <span class='ocrx_word' id='word_1_171' title='bbox 1116 1875 1411 1953; x_wconf 83' lang='lat' dir='ltr'><strong>Barbaro,</strong></span> <span class='ocrx_word' id='word_1_172' title='bbox 1459 1895 1559 1941; x_wconf 88' lang='lat' dir='ltr'><strong>ser</strong></span> <span class='ocrx_word' id='word_1_173' title='bbox 1602 1874 1917 1941; x_wconf 69' lang='lat' dir='ltr'><strong>‚Iohannes</strong></span> <span class='ocrx_word' id='word_1_174' title='bbox 1961 1874 2188 1955; x_wconf 87' lang='lat' dir='ltr'><strong>Barbo,</strong></span> <span class='ocrx_word' id='word_1_175' title='bbox 2221 1893 2318 1940; x_wconf 87' lang='lat' dir='ltr'><strong>ser</strong></span> <span class='ocrx_word' id='word_1_176' title='bbox 2358 1872 2669 1940; x_wconf 88' lang='lat' dir='ltr'><strong>Johannes</strong></span> <span class='ocrx_word' id='word_1_177' title='bbox 2704 1875 3093 1942; x_wconf 75' lang='lat' dir='ltr'><strong>Mauroceno.</strong></span> 
     </span>
    </p>
   </div>
   <div class='ocr_carea' id='block_1_4' title="bbox 346 1960 2338 2144">
    <p class='ocr_par' dir='ltr' id='par_1_5' title="bbox 346 1960 2338 2144">
     <span class='ocr_line' id='line_1_18' title="bbox 346 1960 2338 2054; baseline 0.001 -28"><span class='ocrx_word' id='word_1_178' title='bbox 346 1960 648 2042; x_wconf 88' lang='lat' dir='ltr'><strong>Secunda,</strong></span> <span class='ocrx_word' id='word_1_179' title='bbox 699 1962 862 2054; x_wconf 89' lang='lat' dir='ltr'><strong>quod</strong></span> <span class='ocrx_word' id='word_1_180' title='bbox 910 1963 1234 2029; x_wconf 87' lang='lat' dir='ltr'><strong>subiaceat</strong></span> <span class='ocrx_word' id='word_1_181' title='bbox 1271 1963 1588 2029; x_wconf 85' lang='lat' dir='ltr'><strong>stricture.</strong></span> <span class='ocrx_word' id='word_1_182' title='bbox 1639 1963 1745 2043; x_wconf 88' lang='lat'><strong>38,</strong></span> <span class='ocrx_word' id='word_1_183' title='bbox 1794 1982 1916 2028; x_wconf 90' lang='lat' dir='ltr'><strong>non</strong></span> <span class='ocrx_word' id='word_1_184' title='bbox 1964 1962 2187 2028; x_wconf 87' lang='lat' dir='ltr'><strong>sinceri</strong></span> <span class='ocrx_word' id='word_1_185' title='bbox 2233 1963 2338 2027; x_wconf 89' lang='lat'><strong>30.</strong></span> 
     </span>
     <span class='ocr_line' id='line_1_19' title="bbox 430 2069 2093 2144; baseline 0.002 -16"><span class='ocrx_word' id='word_1_186' title='bbox 430 2069 647 2144; x_wconf 82' lang='lat' dir='ltr'><strong>Majus</strong></span> <span class='ocrx_word' id='word_1_187' title='bbox 692 2071 1022 2132; x_wconf 79' lang='lat' dir='ltr'><strong>consilium.</strong></span> <span class='ocrx_word' id='word_1_188' title='bbox 1070 2071 1320 2132; x_wconf 81' lang='lat' dir='ltr'><strong>Novella</strong></span> <span class='ocrx_word' id='word_1_189' title='bbox 1370 2074 1515 2143; x_wconf 82' lang='lat'><strong>189,</strong></span> <span class='ocrx_word' id='word_1_190' title='bbox 1561 2089 1603 2131; x_wconf 81' lang='lat' dir='ltr'><strong>u</strong></span> <span class='ocrx_word' id='word_1_191' title='bbox 1648 2072 1803 2132; x_wconf 79' lang='lat' dir='ltr'><strong>mlet.</strong></span> <span class='ocrx_word' id='word_1_192' title='bbox 1854 2072 2093 2133; x_wconf 75' lang='lat' dir='ltr'><strong>arkivu.</strong></span> 
     </span>
    </p>
   </div>
   <div class='ocr_carea' id='block_1_5' title="bbox 593 2249 2824 2363">
    <p class='ocr_par' dir='ltr' id='par_1_6' title="bbox 593 2249 2824 2363">
     <span class='ocr_line' id='line_1_20' title="bbox 593 2249 2824 2363; baseline 0.001 -21"><span class='ocrx_word' id='word_1_193' title='bbox 593 2258 1163 2342; x_wconf 72' lang='lat' dir='ltr'><strong>ocnxxvn.</strong></span> <span class='ocrx_word' id='word_1_194' title='bbox 1220 2258 1428 2342; x_wconf 77' lang='lat' dir='ltr'><strong>eon.</strong></span> <span class='ocrx_word' id='word_1_195' title='bbox 1483 2259 1704 2343; x_wconf 80' lang='lat'>1383.</span> <span class='ocrx_word' id='word_1_196' title='bbox 1757 2260 1854 2343; x_wconf 62' lang='grc' dir='ltr'><strong>εν</strong></span> <span class='ocrx_word' id='word_1_197' title='bbox 1903 2260 2249 2363; x_wconf 67' lang='lat' dir='ltr'><strong>ozujka,</strong></span> <span class='ocrx_word' id='word_1_198' title='bbox 2311 2283 2371 2342; x_wconf 89' lang='grc' dir='ltr'><strong>ιι</strong></span> <span class='ocrx_word' id='word_1_199' title='bbox 2426 2249 2824 2344; x_wconf 65' lang='lat' dir='ltr'><strong>meroth.</strong></span> 
     </span>
    </p>
   </div>
   <div class='ocr_carea' id='block_1_6' title="bbox 642 2402 2778 2481">
    <p class='ocr_par' dir='ltr' id='par_1_7' title="bbox 642 2402 2778 2481">
     <span class='ocr_line' id='line_1_21' title="bbox 642 2402 2778 2481; baseline 0.001 -20"><span class='ocrx_word' id='word_1_200' title='bbox 642 2402 993 2481; x_wconf 69' lang='lat' dir='ltr'><strong>Primljem,</strong></span> <span class='ocrx_word' id='word_1_201' title='bbox 1041 2403 1122 2463; x_wconf 82' lang='lat' dir='ltr'><strong>da</strong></span> <span class='ocrx_word' id='word_1_202' title='bbox 1166 2420 1229 2463; x_wconf 82' lang='lat' dir='ltr'><strong>se</strong></span> <span class='ocrx_word' id='word_1_203' title='bbox 1274 2403 1428 2463; x_wconf 77' lang='lat' dir='ltr'><strong>dade</strong></span> <span class='ocrx_word' id='word_1_204' title='bbox 1473 2404 1879 2464; x_wconf 79' lang='lat' dir='ltr'><strong>bosanskomu</strong></span> <span class='ocrx_word' id='word_1_205' title='bbox 1926 2404 2132 2478; x_wconf 63' lang='lat' dir='ltr'><strong>kralq‘u</strong></span> <span class='ocrx_word' id='word_1_206' title='bbox 2163 2404 2350 2477; x_wconf 75' lang='lat' dir='ltr'><strong>jedna</strong></span> <span class='ocrx_word' id='word_1_207' title='bbox 2397 2405 2535 2464; x_wconf 72' lang='lat' dir='ltr'><strong>tiolo</strong></span> <span class='ocrx_word' id='word_1_208' title='bbox 2576 2403 2778 2479; x_wconf 70' lang='grc' dir='ltr'><strong>ραῑϋε.</strong></span> 
     </span>
    </p>
   </div>
   <div class='ocr_carea' id='block_1_7' title="bbox 341 2522 3095 3658">
    <p class='ocr_par' dir='ltr' id='par_1_8' title="bbox 341 2522 3095 3658">
     <span class='ocr_line' id='line_1_22' title="bbox 564 2522 3091 2608; baseline 0.002 -23"><span class='ocrx_word' id='word_1_209' title='bbox 564 2522 749 2588; x_wconf 85' lang='grc'><strong>1383.</strong></span> <span class='ocrx_word' id='word_1_210' title='bbox 802 2522 1136 2589; x_wconf 88' lang='lat' dir='ltr'><strong>indictione</strong></span> <span class='ocrx_word' id='word_1_211' title='bbox 1180 2526 1373 2598; x_wconf 84' lang='lat' dir='ltr'><strong>sexta,</strong></span> <span class='ocrx_word' id='word_1_212' title='bbox 1421 2524 1522 2588; x_wconf 92' lang='lat' dir='ltr'><strong>die</strong></span> <span class='ocrx_word' id='word_1_213' title='bbox 1546 2524 1788 2588; x_wconf 88' lang='lat' dir='ltr'>XXVII</span> <span class='ocrx_word' id='word_1_214' title='bbox 1835 2525 2065 2589; x_wconf 84' lang='lat' dir='ltr'><strong>mensis</strong></span> <span class='ocrx_word' id='word_1_215' title='bbox 2119 2523 2352 2590; x_wconf 90' lang='lat' dir='ltr'><strong>martii.</strong></span> <span class='ocrx_word' id='word_1_216' title='bbox 2401 2523 2730 2608; x_wconf 85' lang='lat' dir='ltr'><strong>Sapientes</strong></span> <span class='ocrx_word' id='word_1_217' title='bbox 2778 2524 3091 2590; x_wconf 81' lang='lat' dir='ltr'><strong>ordinum:</strong></span> 
     </span>
     <span class='ocr_line' id='line_1_23' title="bbox 342 2610 3092 2697; baseline 0 -23"><span class='ocrx_word' id='word_1_218' title='bbox 342 2627 440 2675; x_wconf 90' lang='lat' dir='ltr'><strong>ser</strong></span> <span class='ocrx_word' id='word_1_219' title='bbox 461 2610 733 2678; x_wconf 87' lang='lat' dir='ltr'><strong>Michael</strong></span> <span class='ocrx_word' id='word_1_220' title='bbox 758 2610 1123 2691; x_wconf 80' lang='lat' dir='ltr'><strong>contareno,</strong></span> <span class='ocrx_word' id='word_1_221' title='bbox 1150 2630 1249 2677; x_wconf 88' lang='lat' dir='ltr'><strong>ser</strong></span> <span class='ocrx_word' id='word_1_222' title='bbox 1273 2612 1523 2678; x_wconf 87' lang='lat' dir='ltr'><strong>Marcus</strong></span> <span class='ocrx_word' id='word_1_223' title='bbox 1540 2613 1931 2696; x_wconf 87' lang='lat' dir='ltr'><strong>Pasqualigo,</strong></span> <span class='ocrx_word' id='word_1_224' title='bbox 1961 2631 2060 2677; x_wconf 87' lang='lat' dir='ltr'><strong>ser</strong></span> <span class='ocrx_word' id='word_1_225' title='bbox 2082 2611 2829 2696; x_wconf 67' lang='lat' dir='ltr'><strong>Franciscus‘Maripetro.</strong></span> <span class='ocrx_word' id='word_1_226' title='bbox 2860 2612 3092 2697; x_wconf 82' lang='lat' dir='ltr'><strong>Capta.-</strong></span> 
     </span>
     <span class='ocr_line' id='line_1_24' title="bbox 345 2700 3095 2785; baseline 0.002 -23"><span class='ocrx_word' id='word_1_227' title='bbox 345 2716 485 2763; x_wconf 90' lang='lat' dir='ltr'><strong>cum</strong></span> <span class='ocrx_word' id='word_1_228' title='bbox 535 2700 968 2765; x_wconf 89' lang='lat' dir='ltr'><strong>serenissimus</strong></span> <span class='ocrx_word' id='word_1_229' title='bbox 1014 2714 1078 2767; x_wconf 89' lang='lat' dir='ltr'><strong>et</strong></span> <span class='ocrx_word' id='word_1_230' title='bbox 1101 2701 1659 2766; x_wconf 83' lang='lat' dir='ltr'><strong>excellentissimus</strong></span> <span class='ocrx_word' id='word_1_231' title='bbox 1686 2702 1967 2766; x_wconf 89' lang='lat' dir='ltr'><strong>dominus</strong></span> <span class='ocrx_word' id='word_1_232' title='bbox 1991 2720 2095 2765; x_wconf 86' lang='lat' dir='ltr'><strong>rex</strong></span> <span class='ocrx_word' id='word_1_233' title='bbox 2125 2701 2364 2781; x_wconf 88' lang='lat' dir='ltr'><strong>Rascie,</strong></span> <span class='ocrx_word' id='word_1_234' title='bbox 2414 2702 2521 2785; x_wconf 91' lang='lat' dir='ltr'><strong>qui</strong></span> <span class='ocrx_word' id='word_1_235' title='bbox 2549 2702 2650 2766; x_wconf 91' lang='lat' dir='ltr'><strong>est</strong></span> <span class='ocrx_word' id='word_1_236' title='bbox 2687 2701 2839 2765; x_wconf 85' lang='lat' dir='ltr'><strong>civis</strong></span> <span class='ocrx_word' id='word_1_237' title='bbox 2863 2705 3095 2777; x_wconf 89' lang='lat' dir='ltr'><strong>noster,</strong></span> 
     </span>
     <span class='ocr_line' id='line_1_25' title="bbox 344 2788 3093 2873; baseline 0.001 -23"><span class='ocrx_word' id='word_1_238' title='bbox 344 2804 486 2851; x_wconf 92' lang='lat' dir='ltr'><strong>cum</strong></span> <span class='ocrx_word' id='word_1_239' title='bbox 515 2790 780 2852; x_wconf 86' lang='lat' dir='ltr'><strong>maxima</strong></span> <span class='ocrx_word' id='word_1_240' title='bbox 824 2788 1130 2853; x_wconf 86' lang='lat' dir='ltr'><strong>instancia</strong></span> <span class='ocrx_word' id='word_1_241' title='bbox 1175 2788 1396 2853; x_wconf 88' lang='lat' dir='ltr'><strong>fecerit</strong></span> <span class='ocrx_word' id='word_1_242' title='bbox 1445 2806 1555 2853; x_wconf 92' lang='lat' dir='ltr'><strong>nos</strong></span> <span class='ocrx_word' id='word_1_243' title='bbox 1604 2790 1808 2872; x_wconf 88' lang='lat' dir='ltr'><strong>rogari</strong></span> <span class='ocrx_word' id='word_1_244' title='bbox 1855 2792 1921 2853; x_wconf 91' lang='lat' dir='ltr'><strong>et</strong></span> <span class='ocrx_word' id='word_1_245' title='bbox 1975 2807 2010 2853; x_wconf 85' lang='lat' dir='ltr'><strong>a</strong></span> <span class='ocrx_word' id='word_1_246' title='bbox 2055 2788 2234 2853; x_wconf 90' lang='lat' dir='ltr'><strong>nobis</strong></span> <span class='ocrx_word' id='word_1_247' title='bbox 2280 2789 2513 2871; x_wconf 87' lang='lat' dir='ltr'><strong>requiri</strong></span> <span class='ocrx_word' id='word_1_248' title='bbox 2562 2808 2675 2872; x_wconf 92' lang='lat' dir='ltr'><strong>per</strong></span> <span class='ocrx_word' id='word_1_249' title='bbox 2725 2789 2894 2854; x_wconf 81' lang='lat' dir='ltr'><strong>viam</strong></span> <span class='ocrx_word' id='word_1_250' title='bbox 2921 2809 3093 2873; x_wconf 87' lang='lat' dir='ltr'><strong>emp-</strong></span> 
     </span>
     <span class='ocr_line' id='line_1_26' title="bbox 342 2873 3089 2960; baseline 0.002 -23"><span class='ocrx_word' id='word_1_251' title='bbox 342 2873 533 2939; x_wconf 88' lang='lat' dir='ltr'><strong>tionis</strong></span> <span class='ocrx_word' id='word_1_252' title='bbox 580 2894 690 2957; x_wconf 88' lang='lat' dir='ltr'><strong>per</strong></span> <span class='ocrx_word' id='word_1_253' title='bbox 734 2875 1010 2941; x_wconf 91' lang='lat' dir='ltr'><strong>nobilem</strong></span> <span class='ocrx_word' id='word_1_254' title='bbox 1059 2876 1260 2941; x_wconf 88' lang='lat' dir='ltr'><strong>virum</strong></span> <span class='ocrx_word' id='word_1_255' title='bbox 1306 2895 1406 2941; x_wconf 89' lang='lat' dir='ltr'><strong>ser</strong></span> <span class='ocrx_word' id='word_1_256' title='bbox 1435 2874 1764 2941; x_wconf 83' lang='lat' dir='ltr'><strong>Nicolaum</strong></span> <span class='ocrx_word' id='word_1_257' title='bbox 1798 2877 2019 2941; x_wconf 89' lang='lat' dir='ltr'><strong>Baseio</strong></span> <span class='ocrx_word' id='word_1_258' title='bbox 2064 2877 2263 2941; x_wconf 85' lang='lat' dir='ltr'><strong>civem</strong></span> <span class='ocrx_word' id='word_1_259' title='bbox 2295 2881 2576 2941; x_wconf 89' lang='lat' dir='ltr'><strong>nostrum</strong></span> <span class='ocrx_word' id='word_1_260' title='bbox 2606 2894 2798 2941; x_wconf 85' lang='lat' dir='ltr'><strong>unam</strong></span> <span class='ocrx_word' id='word_1_261' title='bbox 2843 2878 3089 2960; x_wconf 86' lang='lat' dir='ltr'><strong>galeam</strong></span> 
     </span>
     <span class='ocr_line' id='line_1_27' title="bbox 346 2962 3093 3048; baseline 0.002 -23"><span class='ocrx_word' id='word_1_262' title='bbox 346 2962 596 3026; x_wconf 86' lang='lat' dir='ltr'><strong>sotilem</strong></span> <span class='ocrx_word' id='word_1_263' title='bbox 622 2982 764 3028; x_wconf 94' lang='lat' dir='ltr'><strong>cum</strong></span> <span class='ocrx_word' id='word_1_264' title='bbox 810 2966 1078 3030; x_wconf 87' lang='lat' dir='ltr'><strong>corredis</strong></span> <span class='ocrx_word' id='word_1_265' title='bbox 1128 2967 1192 3029; x_wconf 89' lang='lat' dir='ltr'><strong>et</strong></span> <span class='ocrx_word' id='word_1_266' title='bbox 1239 2963 1503 3030; x_wconf 88' lang='lat' dir='ltr'><strong>arnesiis</strong></span> <span class='ocrx_word' id='word_1_267' title='bbox 1531 2964 1680 3045; x_wconf 83' lang='lat' dir='ltr'><strong>suiS‚</strong></span> <span class='ocrx_word' id='word_1_268' title='bbox 1707 2963 1998 3029; x_wconf 89' lang='lat' dir='ltr'><strong>solvendo</strong></span> <span class='ocrx_word' id='word_1_269' title='bbox 2023 2964 2201 3028; x_wconf 86' lang='lat' dir='ltr'><strong>nobis</strong></span> <span class='ocrx_word' id='word_1_270' title='bbox 2247 2963 2464 3029; x_wconf 88' lang='lat' dir='ltr'><strong>statim</strong></span> <span class='ocrx_word' id='word_1_271' title='bbox 2498 2964 2770 3048; x_wconf 90' lang='lat' dir='ltr'><strong>pretium</strong></span> <span class='ocrx_word' id='word_1_272' title='bbox 2822 2967 2889 3029; x_wconf 92' lang='lat' dir='ltr'><strong>et</strong></span> <span class='ocrx_word' id='word_1_273' title='bbox 2936 2965 3093 3032; x_wconf 87' lang='lat' dir='ltr'><strong>esti-</strong></span> 
     </span>
     <span class='ocr_line' id='line_1_28' title="bbox 342 3049 3090 3136; baseline 0.002 -22"><span class='ocrx_word' id='word_1_274' title='bbox 342 3049 681 3116; x_wconf 87' lang='lat' dir='ltr'><strong>mationem</strong></span> <span class='ocrx_word' id='word_1_275' title='bbox 727 3053 928 3136; x_wconf 84' lang='lat' dir='ltr'><strong>galee·</strong></span> <span class='ocrx_word' id='word_1_276' title='bbox 951 3053 1264 3135; x_wconf 85' lang='lat' dir='ltr'><strong>predicte;</strong></span> <span class='ocrx_word' id='word_1_277' title='bbox 1301 3053 1469 3117; x_wconf 87' lang='lat' dir='ltr'><strong>vadit</strong></span> <span class='ocrx_word' id='word_1_278' title='bbox 1513 3071 1656 3135; x_wconf 86' lang='lat' dir='ltr'><strong>pars</strong></span> <span class='ocrx_word' id='word_1_279' title='bbox 1707 3069 1816 3134; x_wconf 90' lang='lat' dir='ltr'><strong>pro</strong></span> <span class='ocrx_word' id='word_1_280' title='bbox 1864 3052 2387 3135; x_wconf 89' lang='lat' dir='ltr'><strong>contemplatione</strong></span> <span class='ocrx_word' id='word_1_281' title='bbox 2421 3054 2483 3117; x_wconf 91' lang='lat' dir='ltr'><strong>et</strong></span> <span class='ocrx_word' id='word_1_282' title='bbox 2516 3071 2722 3118; x_wconf 86' lang='lat' dir='ltr'><strong>amore</strong></span> <span class='ocrx_word' id='word_1_283' title='bbox 2759 3071 2868 3116; x_wconf 89' lang='lat' dir='ltr'><strong>sue</strong></span> <span class='ocrx_word' id='word_1_284' title='bbox 2919 3054 3090 3136; x_wconf 88' lang='lat' dir='ltr'><strong>regie</strong></span> 
     </span>
     <span class='ocr_line' id='line_1_29' title="bbox 343 3137 3084 3223; baseline 0.002 -23"><span class='ocrx_word' id='word_1_285' title='bbox 343 3137 713 3218; x_wconf 85' lang='lat' dir='ltr'><strong>maiestatis,</strong></span> <span class='ocrx_word' id='word_1_286' title='bbox 762 3141 824 3204; x_wconf 92' lang='lat' dir='ltr'><strong>et</strong></span> <span class='ocrx_word' id='word_1_287' title='bbox 870 3141 1014 3222; x_wconf 88' lang='lat' dir='ltr'><strong>quia</strong></span> <span class='ocrx_word' id='word_1_288' title='bbox 1059 3141 1156 3204; x_wconf 89' lang='lat' dir='ltr'><strong>est</strong></span> <span class='ocrx_word' id='word_1_289' title='bbox 1202 3138 1354 3205; x_wconf 82' lang='lat' dir='ltr'><strong>civis</strong></span> <span class='ocrx_word' id='word_1_290' title='bbox 1388 3141 1615 3218; x_wconf 90' lang='lat' dir='ltr'><strong>noster,</strong></span> <span class='ocrx_word' id='word_1_291' title='bbox 1666 3139 1832 3222; x_wconf 86' lang='lat' dir='ltr'><strong>quod</strong></span> <span class='ocrx_word' id='word_1_292' title='bbox 1878 3140 2334 3222; x_wconf 84' lang='lat' dir='ltr'><strong>complaceatur</strong></span> <span class='ocrx_word' id='word_1_293' title='bbox 2358 3140 2477 3206; x_wconf 89' lang='lat' dir='ltr'><strong>sibi</strong></span> <span class='ocrx_word' id='word_1_294' title='bbox 2522 3141 2598 3204; x_wconf 90' lang='lat' dir='ltr'><strong>de</strong></span> <span class='ocrx_word' id='word_1_295' title='bbox 2630 3139 2799 3205; x_wconf 89' lang='lat' dir='ltr'><strong>dicto</strong></span> <span class='ocrx_word' id='word_1_296' title='bbox 2831 3158 3084 3223; x_wconf 89' lang='lat' dir='ltr'><strong>corpore</strong></span> 
     </span>
     <span class='ocr_line' id='line_1_30' title="bbox 342 3225 3080 3312; baseline 0.002 -24"><span class='ocrx_word' id='word_1_297' title='bbox 342 3225 521 3308; x_wconf 87' lang='lat' dir='ltr'><strong>galee</strong></span> <span class='ocrx_word' id='word_1_298' title='bbox 566 3243 707 3291; x_wconf 89' lang='lat' dir='ltr'><strong>cum</strong></span> <span class='ocrx_word' id='word_1_299' title='bbox 755 3227 885 3290; x_wconf 91' lang='lat' dir='ltr'><strong>suis</strong></span> <span class='ocrx_word' id='word_1_300' title='bbox 931 3227 1197 3292; x_wconf 90' lang='lat' dir='ltr'><strong>corredis</strong></span> <span class='ocrx_word' id='word_1_301' title='bbox 1244 3230 1309 3293; x_wconf 92' lang='lat' dir='ltr'><strong>et</strong></span> <span class='ocrx_word' id='word_1_302' title='bbox 1352 3228 1633 3307; x_wconf 82' lang='lat' dir='ltr'><strong>arnesiis,</strong></span> <span class='ocrx_word' id='word_1_303' title='bbox 1675 3229 1847 3292; x_wconf 68' lang='lat' dir='ltr'><strong>⁴sicut</strong></span> <span class='ocrx_word' id='word_1_304' title='bbox 1891 3227 2171 3312; x_wconf 87' lang='lat' dir='ltr'><strong>requirit,</strong></span> <span class='ocrx_word' id='word_1_305' title='bbox 2202 3229 2495 3293; x_wconf 85' lang='lat' dir='ltr'><strong>solvendo</strong></span> <span class='ocrx_word' id='word_1_306' title='bbox 2521 3229 2738 3293; x_wconf 84' lang='lat' dir='ltr'><strong>statim</strong></span> <span class='ocrx_word' id='word_1_307' title='bbox 2786 3230 3080 3309; x_wconf 88' lang='lat' dir='ltr'><strong>precium,</strong></span> 
     </span>
     <span class='ocr_line' id='line_1_31' title="bbox 343 3312 3088 3399; baseline 0.002 -23"><span class='ocrx_word' id='word_1_308' title='bbox 343 3317 416 3377; x_wconf 91' lang='lat' dir='ltr'><strong>ut</strong></span> <span class='ocrx_word' id='word_1_309' title='bbox 461 3312 698 3378; x_wconf 91' lang='lat' dir='ltr'><strong>dictum</strong></span> <span class='ocrx_word' id='word_1_310' title='bbox 770 3317 882 3394; x_wconf 91' lang='lat' dir='ltr'><strong>est,</strong></span> <span class='ocrx_word' id='word_1_311' title='bbox 953 3317 1286 3380; x_wconf 85' lang='lat' dir='ltr'><strong>secundum</strong></span> <span class='ocrx_word' id='word_1_312' title='bbox 1356 3315 1599 3380; x_wconf 89' lang='lat' dir='ltr'><strong>ordines</strong></span> <span class='ocrx_word' id='word_1_313' title='bbox 1670 3320 1934 3381; x_wconf 83' lang='lat' dir='ltr'><strong>nostros.</strong></span> <span class='ocrx_word' id='word_1_314' title='bbox 1976 3317 2058 3380; x_wconf 87' lang='lat' dir='ltr'><strong>Et</strong></span> <span class='ocrx_word' id='word_1_315' title='bbox 2104 3334 2177 3380; x_wconf 86' lang='lat' dir='ltr'><strong>ex</strong></span> <span class='ocrx_word' id='word_1_316' title='bbox 2235 3334 2393 3380; x_wconf 90' lang='lat' dir='ltr'><strong>nunc</strong></span> <span class='ocrx_word' id='word_1_317' title='bbox 2441 3316 2525 3382; x_wconf 89' lang='lat' dir='ltr'><strong>sit</strong></span> <span class='ocrx_word' id='word_1_318' title='bbox 2596 3318 2871 3398; x_wconf 88' lang='lat' dir='ltr'><strong>captum,</strong></span> <span class='ocrx_word' id='word_1_319' title='bbox 2922 3315 3088 3399; x_wconf 88' lang='lat' dir='ltr'><strong>quod</strong></span> 
     </span>
     <span class='ocr_line' id='line_1_32' title="bbox 343 3401 3082 3488; baseline 0.002 -24"><span class='ocrx_word' id='word_1_320' title='bbox 343 3401 525 3465; x_wconf 89' lang='lat' dir='ltr'><strong>detur</strong></span> <span class='ocrx_word' id='word_1_321' title='bbox 569 3403 625 3466; x_wconf 91' lang='lat' dir='ltr'><strong>ei</strong></span> <span class='ocrx_word' id='word_1_322' title='bbox 675 3421 830 3467; x_wconf 90' lang='lat' dir='ltr'><strong>unus</strong></span> <span class='ocrx_word' id='word_1_323' title='bbox 893 3401 1193 3481; x_wconf 83' lang='lat' dir='ltr'><strong>falconuS,</strong></span> <span class='ocrx_word' id='word_1_324' title='bbox 1233 3422 1415 3488; x_wconf 90' lang='lat' dir='ltr'><strong>quem</strong></span> <span class='ocrx_word' id='word_1_325' title='bbox 1480 3403 1699 3468; x_wconf 87' lang='lat' dir='ltr'><strong>habuit</strong></span> <span class='ocrx_word' id='word_1_326' title='bbox 1760 3422 1860 3468; x_wconf 92' lang='lat' dir='ltr'><strong>ser</strong></span> <span class='ocrx_word' id='word_1_327' title='bbox 1922 3403 2170 3468; x_wconf 84' lang='lat' dir='ltr'><strong>Marcus</strong></span> <span class='ocrx_word' id='word_1_328' title='bbox 2220 3404 2591 3487; x_wconf 88' lang='lat' dir='ltr'><strong>Pasqualigo</strong></span> <span class='ocrx_word' id='word_1_329' title='bbox 2653 3405 3082 3485; x_wconf 86' lang='lat' dir='ltr'><strong>supraconitus</strong></span> 
     </span>
     <span class='ocr_line' id='line_1_33' title="bbox 341 3488 3086 3573; baseline 0.002 -22"><span class='ocrx_word' id='word_1_330' title='bbox 341 3488 553 3554; x_wconf 88' lang='lat' dir='ltr'><strong>noster</strong></span> <span class='ocrx_word' id='word_1_331' title='bbox 593 3507 779 3573; x_wconf 88' lang='lat' dir='ltr'><strong>super</strong></span> <span class='ocrx_word' id='word_1_332' title='bbox 823 3488 1051 3573; x_wconf 85' lang='lat' dir='ltr'><strong>riperia</strong></span> <span class='ocrx_word' id='word_1_333' title='bbox 1093 3488 1297 3555; x_wconf 84' lang='lat' dir='ltr'><strong>Janue</strong></span> <span class='ocrx_word' id='word_1_334' title='bbox 1345 3491 1547 3573; x_wconf 86' lang='lat' dir='ltr'><strong>prima</strong></span> <span class='ocrx_word' id='word_1_335' title='bbox 1592 3491 1726 3556; x_wconf 80' lang='lat' dir='ltr'><strong>vice</strong></span> <span class='ocrx_word' id='word_1_336' title='bbox 1772 3510 1915 3556; x_wconf 90' lang='lat' dir='ltr'><strong>cum</strong></span> <span class='ocrx_word' id='word_1_337' title='bbox 1961 3509 2060 3556; x_wconf 90' lang='lat' dir='ltr'><strong>ser</strong></span> <span class='ocrx_word' id='word_1_338' title='bbox 2105 3491 2338 3556; x_wconf 86' lang='lat' dir='ltr'><strong>Karolo</strong></span> <span class='ocrx_word' id='word_1_339' title='bbox 2386 3492 2568 3568; x_wconf 88' lang='lat' dir='ltr'><strong>Zeno,</strong></span> <span class='ocrx_word' id='word_1_340' title='bbox 2596 3493 2661 3556; x_wconf 92' lang='lat' dir='ltr'><strong>et</strong></span> <span class='ocrx_word' id='word_1_341' title='bbox 2691 3493 2933 3572; x_wconf 88' lang='lat' dir='ltr'><strong>patroni</strong></span> <span class='ocrx_word' id='word_1_342' title='bbox 2974 3510 3086 3557; x_wconf 89' lang='lat' dir='ltr'><strong>no-</strong></span> 
     </span>
     <span class='ocr_line' id='line_1_34' title="bbox 341 3576 2788 3658; baseline 0 -17"><span class='ocrx_word' id='word_1_343' title='bbox 341 3576 460 3641; x_wconf 88' lang='lat' dir='ltr'><strong>stri</strong></span> <span class='ocrx_word' id='word_1_344' title='bbox 506 3580 828 3644; x_wconf 84' lang='lat' dir='ltr'><strong>arsenatus</strong></span> <span class='ocrx_word' id='word_1_345' title='bbox 876 3576 1084 3642; x_wconf 86' lang='lat' dir='ltr'><strong>dicunt</strong></span> <span class='ocrx_word' id='word_1_346' title='bbox 1131 3579 1194 3644; x_wconf 92' lang='lat' dir='ltr'><strong>et</strong></span> <span class='ocrx_word' id='word_1_347' title='bbox 1237 3577 1513 3658; x_wconf 87' lang='lat' dir='ltr'><strong>laudant,</strong></span> <span class='ocrx_word' id='word_1_348' title='bbox 1561 3580 1692 3644; x_wconf 51' lang='lat' dir='ltr'><strong>hoc¹</strong></span> <span class='ocrx_word' id='word_1_349' title='bbox 1721 3598 1856 3644; x_wconf 90' lang='lat' dir='ltr'><strong>esse</strong></span> <span class='ocrx_word' id='word_1_350' title='bbox 1902 3581 2133 3645; x_wconf 89' lang='lat' dir='ltr'><strong>bonum</strong></span> <span class='ocrx_word' id='word_1_351' title='bbox 2173 3577 2375 3644; x_wconf 86' lang='lat' dir='ltr'><strong>nostri</strong></span> <span class='ocrx_word' id='word_1_352' title='bbox 2419 3578 2788 3645; x_wconf 87' lang='lat' dir='ltr'><strong>communis.</strong></span> 
     </span>
    </p>
   </div>
   <div class='ocr_carea' id='block_1_8' title="bbox 436 3685 1794 3779">
    <p class='ocr_par' dir='ltr' id='par_1_9' title="bbox 436 3685 1794 3779">
     <span class='ocr_line' id='line_1_35' title="bbox 436 3685 1794 3779; baseline 0.001 -33"><span class='ocrx_word' id='word_1_353' title='bbox 436 3685 619 3747; x_wconf 77' lang='lat' dir='ltr'><strong>Misti</strong></span> <span class='ocrx_word' id='word_1_354' title='bbox 667 3686 1064 3779; x_wconf 86' lang='lat' dir='ltr'>XXXVIII.</span> <span class='ocrx_word' id='word_1_355' title='bbox 1116 3688 1219 3757; x_wconf 83' lang='lat'><strong>15,</strong></span> <span class='ocrx_word' id='word_1_356' title='bbox 1264 3705 1307 3747; x_wconf 76' lang='lat' dir='ltr'><strong>u</strong></span> <span class='ocrx_word' id='word_1_357' title='bbox 1350 3689 1507 3749; x_wconf 79' lang='lat' dir='ltr'><strong>mlet.</strong></span> <span class='ocrx_word' id='word_1_358' title='bbox 1552 3686 1794 3748; x_wconf 78' lang='lat' dir='ltr'><strong>arkivu.</strong></span> 
     </span>
    </p>
   </div>
   <div class='ocr_carea' id='block_1_9' title="bbox 592 3821 2850 4005">
    <p class='ocr_par' dir='ltr' id='par_1_10' title="bbox 592 3821 2850 4005">
     <span class='ocr_line' id='line_1_36' title="bbox 592 3821 2850 4005; baseline -0.001 -46"><span class='ocrx_word' id='word_1_359' title='bbox 592 3821 1213 3959; x_wconf 49' lang='lat' dir='ltr'><strong>oolrxxvm.</strong></span> <span class='ocrx_word' id='word_1_360' title='bbox 1266 3875 1473 3959; x_wconf 77' lang='lat' dir='ltr'><strong>eon.</strong></span> <span class='ocrx_word' id='word_1_361' title='bbox 1532 3863 1758 3960; x_wconf 79' lang='lat'><strong>1383.</strong></span> <span class='ocrx_word' id='word_1_362' title='bbox 1813 3877 1870 3960; x_wconf 81' lang='lat'>4</span> <span class='ocrx_word' id='word_1_363' title='bbox 1922 3877 2292 4005; x_wconf 64' lang='lat' dir='ltr'><strong>svibpja,</strong></span> <span class='ocrx_word' id='word_1_364' title='bbox 2344 3898 2405 3959; x_wconf 90' lang='grc' dir='ltr'><strong>ιι</strong></span> <span class='ocrx_word' id='word_1_365' title='bbox 2456 3874 2850 3960; x_wconf 65' lang='lat' dir='ltr'><strong>metam.</strong></span> 
     </span>
    </p>
   </div>
   <div class='ocr_carea' id='block_1_10' title="bbox 482 4017 2951 4097">
    <p class='ocr_par' dir='ltr' id='par_1_11' title="bbox 482 4017 2951 4097">
     <span class='ocr_line' id='line_1_37' title="bbox 482 4017 2951 4097; baseline -0.001 -15"><span class='ocrx_word' id='word_1_366' title='bbox 482 4017 825 4096; x_wconf 77' lang='lat' dir='ltr'><strong>Republika</strong></span> <span class='ocrx_word' id='word_1_367' title='bbox 868 4022 1141 4097; x_wconf 74' lang='lat' dir='ltr'><strong>izkazuje</strong></span> <span class='ocrx_word' id='word_1_368' title='bbox 1183 4038 1246 4081; x_wconf 82' lang='lat' dir='ltr'><strong>se</strong></span> <span class='ocrx_word' id='word_1_369' title='bbox 1286 4022 1627 4095; x_wconf 76' lang='lat' dir='ltr'><strong>pripravna</strong></span> <span class='ocrx_word' id='word_1_370' title='bbox 1678 4023 1895 4096; x_wconf 77' lang='lat' dir='ltr'><strong>stupiti</strong></span> <span class='ocrx_word' id='word_1_371' title='bbox 1941 4039 1982 4081; x_wconf 80' lang='lat' dir='ltr'><strong><em>u</em></strong></span> <span class='ocrx_word' id='word_1_372' title='bbox 2027 4038 2201 4083; x_wconf 64' lang='lat' dir='ltr'><strong>eavea</strong></span> <span class='ocrx_word' id='word_1_373' title='bbox 2244 4038 2275 4081; x_wconf 83' lang='lat' dir='ltr'><strong>s</strong></span> <span class='ocrx_word' id='word_1_374' title='bbox 2322 4022 2654 4097; x_wconf 59' lang='lat' dir='ltr'><strong>uqarehrv.</strong></span> <span class='ocrx_word' id='word_1_375' title='bbox 2701 4021 2951 4081; x_wconf 81' lang='lat' dir='ltr'><strong>vladom.</strong></span> 
     </span>
    </p>
   </div>
   <div class='ocr_carea' id='block_1_11' title="bbox 342 4139 3092 4751">
    <p class='ocr_par' dir='ltr' id='par_1_12' title="bbox 342 4139 3092 4751">
     <span class='ocr_line' id='line_1_38' title="bbox 559 4139 3081 4226; baseline 0.001 -21"><span class='ocrx_word' id='word_1_376' title='bbox 559 4139 748 4206; x_wconf 73' lang='grc'><strong>1383.</strong></span> <span class='ocrx_word' id='word_1_377' title='bbox 801 4141 1134 4207; x_wconf 85' lang='lat' dir='ltr'><strong>indictione</strong></span> <span class='ocrx_word' id='word_1_378' title='bbox 1182 4140 1289 4220; x_wconf 85' lang='lat' dir='ltr'><strong>VI,</strong></span> <span class='ocrx_word' id='word_1_379' title='bbox 1318 4142 1413 4206; x_wconf 89' lang='lat' dir='ltr'><strong>die</strong></span> <span class='ocrx_word' id='word_1_380' title='bbox 1439 4150 1663 4224; x_wconf 88' lang='lat' dir='ltr'><strong>quarto</strong></span> <span class='ocrx_word' id='word_1_381' title='bbox 1709 4143 1941 4206; x_wconf 89' lang='lat' dir='ltr'><strong>mensis</strong></span> <span class='ocrx_word' id='word_1_382' title='bbox 1968 4142 2135 4206; x_wconf 88' lang='lat' dir='ltr'><strong>maii.</strong></span> <span class='ocrx_word' id='word_1_383' title='bbox 2181 4140 2508 4223; x_wconf 87' lang='lat' dir='ltr'><strong>Sapientes</strong></span> <span class='ocrx_word' id='word_1_384' title='bbox 2534 4140 2800 4207; x_wconf 90' lang='lat' dir='ltr'><strong>consilii.</strong></span> <span class='ocrx_word' id='word_1_385' title='bbox 2850 4141 3081 4226; x_wconf 86' lang='lat' dir='ltr'><strong>Capta:</strong></span> 
     </span>
     <span class='ocr_line' id='line_1_39' title="bbox 346 4229 3086 4313; baseline 0 -18"><span class='ocrx_word' id='word_1_386' title='bbox 346 4248 488 4295; x_wconf 88' lang='lat' dir='ltr'><strong>cum</strong></span> <span class='ocrx_word' id='word_1_387' title='bbox 553 4230 977 4295; x_wconf 86' lang='lat' dir='ltr'><strong>ambaxatores</strong></span> <span class='ocrx_word' id='word_1_388' title='bbox 1049 4230 1266 4307; x_wconf 88' lang='lat' dir='ltr'><strong>nostri,</strong></span> <span class='ocrx_word' id='word_1_389' title='bbox 1316 4229 1420 4311; x_wconf 90' lang='lat' dir='ltr'><strong>qui</strong></span> <span class='ocrx_word' id='word_1_390' title='bbox 1469 4249 1661 4311; x_wconf 89' lang='lat' dir='ltr'><strong>nuper</strong></span> <span class='ocrx_word' id='word_1_391' title='bbox 1730 4230 2044 4294; x_wconf 86' lang='lat' dir='ltr'><strong>redierunt</strong></span> <span class='ocrx_word' id='word_1_392' title='bbox 2087 4229 2163 4293; x_wconf 91' lang='lat' dir='ltr'><strong>de</strong></span> <span class='ocrx_word' id='word_1_393' title='bbox 2209 4229 2489 4312; x_wconf 88' lang='lat' dir='ltr'><strong>partibus</strong></span> <span class='ocrx_word' id='word_1_394' title='bbox 2536 4229 2873 4313; x_wconf 85' lang='lat' dir='ltr'><strong>Hungarie,</strong></span> <span class='ocrx_word' id='word_1_395' title='bbox 2921 4232 3086 4297; x_wconf 89' lang='lat' dir='ltr'><strong>inter</strong></span> 
     </span>
     <span class='ocr_line' id='line_1_40' title="bbox 350 4316 3092 4400; baseline 0.001 -18"><span class='ocrx_word' id='word_1_396' title='bbox 350 4317 506 4383; x_wconf 86' lang='lat' dir='ltr'><strong>alias</strong></span> <span class='ocrx_word' id='word_1_397' title='bbox 553 4317 821 4382; x_wconf 83' lang='lat' dir='ltr'><strong>dixerint</strong></span> <span class='ocrx_word' id='word_1_398' title='bbox 869 4318 1064 4397; x_wconf 84' lang='lat' dir='ltr'><strong>nobiS,</strong></span> <span class='ocrx_word' id='word_1_399' title='bbox 1109 4317 1270 4399; x_wconf 87' lang='lat' dir='ltr'><strong>quod</strong></span> <span class='ocrx_word' id='word_1_400' title='bbox 1308 4317 1595 4381; x_wconf 90' lang='lat' dir='ltr'><strong>dominus</strong></span> <span class='ocrx_word' id='word_1_401' title='bbox 1643 4317 1968 4400; x_wconf 86' lang='lat' dir='ltr'><strong>episcopus</strong></span> <span class='ocrx_word' id='word_1_402' title='bbox 2019 4316 2239 4399; x_wconf 85' lang='lat' dir='ltr'><strong>Segne,</strong></span> <span class='ocrx_word' id='word_1_403' title='bbox 2289 4334 2553 4398; x_wconf 88' lang='lat' dir='ltr'><strong>magnus</strong></span> <span class='ocrx_word' id='word_1_404' title='bbox 2598 4335 2801 4382; x_wconf 88' lang='lat' dir='ltr'><strong>comes</strong></span> <span class='ocrx_word' id='word_1_405' title='bbox 2848 4320 2914 4383; x_wconf 88' lang='lat' dir='ltr'><strong>et</strong></span> <span class='ocrx_word' id='word_1_406' title='bbox 2958 4319 3092 4384; x_wconf 87' lang='lat' dir='ltr'><strong>voi-</strong></span> 
     </span>
     <span class='ocr_line' id='line_1_41' title="bbox 348 4402 3089 4487; baseline 0 -15"><span class='ocrx_word' id='word_1_407' title='bbox 348 4407 503 4472; x_wconf 86' lang='lat' dir='ltr'><strong>voda</strong></span> <span class='ocrx_word' id='word_1_408' title='bbox 548 4405 904 4471; x_wconf 88' lang='lat' dir='ltr'><strong>habuerunt</strong></span> <span class='ocrx_word' id='word_1_409' title='bbox 948 4406 1038 4469; x_wconf 90' lang='lat' dir='ltr'><strong>eis</strong></span> <span class='ocrx_word' id='word_1_410' title='bbox 1085 4404 1285 4470; x_wconf 83' lang='lat' dir='ltr'><strong>facere</strong></span> <span class='ocrx_word' id='word_1_411' title='bbox 1315 4405 1693 4469; x_wconf 87' lang='lat' dir='ltr'><strong>mentionem</strong></span> <span class='ocrx_word' id='word_1_412' title='bbox 1727 4405 1800 4469; x_wconf 91' lang='lat' dir='ltr'><strong>de</strong></span> <span class='ocrx_word' id='word_1_413' title='bbox 1830 4403 1977 4487; x_wconf 86' lang='lat' dir='ltr'><strong>liga,</strong></span> <span class='ocrx_word' id='word_1_414' title='bbox 2005 4423 2130 4486; x_wconf 62' lang='lat' dir='ltr'><strong>=que</strong></span> <span class='ocrx_word' id='word_1_415' title='bbox 2156 4404 2426 4469; x_wconf 89' lang='lat' dir='ltr'><strong>multum</strong></span> <span class='ocrx_word' id='word_1_416' title='bbox 2474 4402 2741 4486; x_wconf 91' lang='lat' dir='ltr'><strong>placeret</strong></span> <span class='ocrx_word' id='word_1_417' title='bbox 2786 4406 2875 4470; x_wconf 91' lang='lat' dir='ltr'><strong>eis</strong></span> <span class='ocrx_word' id='word_1_418' title='bbox 2924 4405 3089 4472; x_wconf 89' lang='lat' dir='ltr'><strong>inter</strong></span> 
     </span>
     <span class='ocr_line' id='line_1_42' title="bbox 344 4491 3091 4577; baseline 0 -18"><span class='ocrx_word' id='word_1_419' title='bbox 344 4492 688 4577; x_wconf 86' lang='lat' dir='ltr'><strong>reginalem</strong></span> <span class='ocrx_word' id='word_1_420' title='bbox 751 4494 1145 4558; x_wconf 89' lang='lat' dir='ltr'><strong>maiestatem</strong></span> <span class='ocrx_word' id='word_1_421' title='bbox 1204 4492 1529 4576; x_wconf 88' lang='lat' dir='ltr'><strong>Hungarie</strong></span> <span class='ocrx_word' id='word_1_422' title='bbox 1578 4494 1643 4557; x_wconf 91' lang='lat' dir='ltr'><strong>et</strong></span> <span class='ocrx_word' id='word_1_423' title='bbox 1688 4511 1797 4557; x_wconf 88' lang='lat' dir='ltr'><strong>nos</strong></span> <span class='ocrx_word' id='word_1_424' title='bbox 1847 4495 1912 4558; x_wconf 89' lang='lat' dir='ltr'><strong>et</strong></span> <span class='ocrx_word' id='word_1_425' title='bbox 1971 4510 2294 4556; x_wconf 88' lang='lat' dir='ltr'><strong>commune</strong></span> <span class='ocrx_word' id='word_1_426' title='bbox 2354 4493 2658 4569; x_wconf 91' lang='lat' dir='ltr'><strong>nostrum,</strong></span> <span class='ocrx_word' id='word_1_427' title='bbox 2705 4491 2931 4574; x_wconf 91' lang='lat' dir='ltr'><strong>quibus</strong></span> <span class='ocrx_word' id='word_1_428' title='bbox 2981 4495 3091 4560; x_wconf 89' lang='lat' dir='ltr'><strong>do-</strong></span> 
     </span>
     <span class='ocr_line' id='line_1_43' title="bbox 343 4578 3090 4663; baseline 0 -17"><span class='ocrx_word' id='word_1_429' title='bbox 343 4580 531 4646; x_wconf 88' lang='lat' dir='ltr'><strong>minis</strong></span> <span class='ocrx_word' id='word_1_430' title='bbox 580 4580 775 4645; x_wconf 90' lang='lat' dir='ltr'><strong>nostri</strong></span> <span class='ocrx_word' id='word_1_431' title='bbox 820 4583 1241 4645; x_wconf 85' lang='lat' dir='ltr'><strong>ambaxatores</strong></span> <span class='ocrx_word' id='word_1_432' title='bbox 1277 4580 1549 4645; x_wconf 90' lang='lat' dir='ltr'><strong>fecerunt</strong></span> <span class='ocrx_word' id='word_1_433' title='bbox 1588 4580 2067 4663; x_wconf 90' lang='lat' dir='ltr'><strong>responsionem,</strong></span> <span class='ocrx_word' id='word_1_434' title='bbox 2116 4580 2276 4662; x_wconf 86' lang='lat' dir='ltr'><strong>quod</strong></span> <span class='ocrx_word' id='word_1_435' title='bbox 2322 4597 2443 4644; x_wconf 88' lang='lat' dir='ltr'><strong>non</strong></span> <span class='ocrx_word' id='word_1_436' title='bbox 2489 4578 2803 4643; x_wconf 87' lang='lat' dir='ltr'><strong>habebant</strong></span> <span class='ocrx_word' id='word_1_437' title='bbox 2834 4581 3090 4655; x_wconf 84' lang='lat' dir='ltr'><strong>manda-</strong></span> 
     </span>
     <span class='ocr_line' id='line_1_44' title="bbox 342 4666 3085 4751; baseline 0 -17"><span class='ocrx_word' id='word_1_438' title='bbox 342 4672 476 4734; x_wconf 90' lang='lat' dir='ltr'><strong>tum</strong></span> <span class='ocrx_word' id='word_1_439' title='bbox 528 4687 639 4734; x_wconf 89' lang='lat' dir='ltr'><strong>nec</strong></span> <span class='ocrx_word' id='word_1_440' title='bbox 689 4668 1048 4733; x_wconf 85' lang='lat' dir='ltr'><strong>libertatem</strong></span> <span class='ocrx_word' id='word_1_441' title='bbox 1076 4669 1319 4733; x_wconf 88' lang='lat' dir='ltr'><strong>anobis</strong></span> <span class='ocrx_word' id='word_1_442' title='bbox 1370 4686 1555 4751; x_wconf 89' lang='lat' dir='ltr'><strong>super</strong></span> <span class='ocrx_word' id='word_1_443' title='bbox 1592 4669 1757 4732; x_wconf 88' lang='lat' dir='ltr'><strong>dicto</strong></span> <span class='ocrx_word' id='word_1_444' title='bbox 1783 4668 1965 4745; x_wconf 87' lang='lat' dir='ltr'><strong>facto,</strong></span> <span class='ocrx_word' id='word_1_445' title='bbox 2009 4668 2115 4733; x_wconf 91' lang='lat' dir='ltr'><strong>sed</strong></span> <span class='ocrx_word' id='word_1_446' title='bbox 2162 4668 2322 4749; x_wconf 90' lang='lat' dir='ltr'><strong>quod</strong></span> <span class='ocrx_word' id='word_1_447' title='bbox 2368 4666 2524 4732; x_wconf 90' lang='lat' dir='ltr'><strong>bene</strong></span> <span class='ocrx_word' id='word_1_448' title='bbox 2570 4667 2862 4732; x_wconf 85' lang='lat' dir='ltr'><strong>refferent</strong></span> <span class='ocrx_word' id='word_1_449' title='bbox 2907 4670 3085 4734; x_wconf 90' lang='lat' dir='ltr'><strong>nobis</strong></span> 
     </span>
    </p>
   </div>
   <div class='ocr_carea' id='block_1_12' title="bbox 339 4753 3081 4900">
    <p class='ocr_par' dir='ltr' id='par_1_13' title="bbox 339 4753 3081 4900">
     <span class='ocr_line' id='line_1_45' title="bbox 339 4753 3081 4841; baseline 0 -19"><span class='ocrx_word' id='word_1_450' title='bbox 339 4756 530 4824; x_wconf 83' lang='lat' dir='ltr'><strong>verba</strong></span> <span class='ocrx_word' id='word_1_451' title='bbox 574 4756 889 4841; x_wconf 85' lang='lat' dir='ltr'><strong>predicta;</strong></span> <span class='ocrx_word' id='word_1_452' title='bbox 939 4757 1005 4821; x_wconf 89' lang='lat' dir='ltr'><strong>et</strong></span> <span class='ocrx_word' id='word_1_453' title='bbox 1047 4774 1162 4840; x_wconf 91' lang='lat' dir='ltr'><strong>pro</strong></span> <span class='ocrx_word' id='word_1_454' title='bbox 1209 4756 1439 4821; x_wconf 89' lang='lat' dir='ltr'><strong>honore</strong></span> <span class='ocrx_word' id='word_1_455' title='bbox 1484 4756 1550 4821; x_wconf 92' lang='lat' dir='ltr'><strong>et</strong></span> <span class='ocrx_word' id='word_1_456' title='bbox 1599 4756 1770 4821; x_wconf 88' lang='lat' dir='ltr'><strong>statu</strong></span> <span class='ocrx_word' id='word_1_457' title='bbox 1815 4754 2013 4820; x_wconf 87' lang='lat' dir='ltr'><strong>nostri</strong></span> <span class='ocrx_word' id='word_1_458' title='bbox 2068 4753 2325 4821; x_wconf 90' lang='lat' dir='ltr'><strong>dominii</strong></span> <span class='ocrx_word' id='word_1_459' title='bbox 2368 4753 2559 4821; x_wconf 86' lang='lat' dir='ltr'><strong>faciat</strong></span> <span class='ocrx_word' id='word_1_460' title='bbox 2600 4771 2723 4821; x_wconf 90' lang='lat' dir='ltr'><strong>non</strong></span> <span class='ocrx_word' id='word_1_461' title='bbox 2767 4753 3081 4840; x_wconf 87' lang='lat' dir='ltr'><strong>despicere</strong></span> 
     </span>
     <span class='ocr_line' id='line_1_46' title="bbox 2662 4856 2701 4900; baseline 0 0"><span class='ocrx_word' id='word_1_462' title='bbox 2662 4856 2701 4900; x_wconf 63' lang='grc' dir='ltr'>υ</span> 
     </span>
    </p>
   </div>
  </div>
 </body>
</html>
