3620 5282
3004 362 3122 427 101

878 536 1132 618 CLII.
1189 536 1394 619 God.
1450 537 1678 620 1348.
1731 541 1780 619 8
1836 538 2127 638 rujna,
2176 558 2236 618 u
2289 534 2692 617 Budlmu.

411 661 696 736 Ljudecit
741 664 1293 739 uyarsko-ltrvatski
1339 664 1498 734 kralj
1543 664 1698 722 kune
1742 680 1803 722 se
1848 664 2224 732 Mletcanom,
2286 662 2365 720 da
2412 661 2473 721 ce
2504 663 2814 734 primo-je,
2874 678 2906 721 s
2952 663 3127 735 njimi

1140 754 1178 811 5
1224 752 1497 811 kolovoza
1538 752 1878 825 skloph'em,
1923 756 2080 810 svcto
2125 750 2413 810 uzdrz'ati.

619 887 1050 954 Juramentum
1099 889 1328 955 domini
1372 890 1536 973 regis
1581 889 1919 973 Hungarie.
1981 887 2111 953 Nos
2157 888 2495 952 Lodovicus
2542 886 2640 950 dei
2702 886 2912 969 gracia
2948 886 3124 950 Hun-

410 974 600 1057 garie,
649 975 994 1041 Jerusalem
1043 980 1107 1042 et
1155 977 1412 1062 Sycilie,
1477 978 1733 1042 ducatus
1796 976 2059 1060 Apulis,
2127 976 2504 1058 principatus
2555 973 2801 1057 Capue,
2849 994 2960 1038 nec
3002 992 3123 1038 non

409 1063 749 1142 Dalmacie,
799 1064 1067 1142 Croacie,
1117 1066 1330 1145 Rame,
1381 1063 2314 1142 Servie,Gallicie,Lodomerie,
2350 1061 2663 1137 Cumanie,
2716 1062 3126 1146 Bulgarieque

410 1169 535 1227 rex,
583 1153 864 1235 princeps
911 1152 1333 1219 Salernitanus
1380 1158 1444 1218 et
1488 1154 1733 1218 honoris
1779 1154 2008 1217 montis
2070 1151 2269 1217 sancti
2316 1150 2545 1234 Angeli
2605 1150 2918 1226 dominuS,
2987 1150 3124 1214 uni-

409 1240 601 1303 versis
652 1242 714 1305 et
760 1241 1018 1323 singulis
1064 1248 1374 1324 presentes
1422 1243 1486 1305 et
1530 1241 1771 1306 futuros
1817 1241 1931 1304 has
1975 1242 2218 1305 nostras
2261 1241 2543 1322 patentes
2589 1239 2833 1303 litteras
2879 1238 3126 1320 inspec-

410 1330 579 1391 turos
630 1327 909 1393 volumus
956 1348 1073 1393 non
1123 1330 1336 1403 latere,
1386 1331 1545 1413 quod
1588 1350 1728 1395 cum
1775 1328 1972 1394 hostis
2037 1328 2330 1411 antiquus
2391 1326 2645 1390 humani
2704 1326 2944 1409 generis
3008 1327 3126 1389 ini-

412 1416 607 1479 micus
654 1416 894 1481 assidue
942 1418 1168 1483 bonum
1216 1419 1384 1501 pacis
1431 1422 1495 1483 et
1539 1419 1784 1495 amoriS,
1834 1416 2155 1482 concordie
2203 1418 2267 1480 et
2310 1414 2655 1480 dilectionis
2704 1414 2865 1479 inter
2903 1414 3123 1479 huma-

410 1521 559 1566 num
619 1522 811 1583 genus
867 1505 1153 1570 unionem
1219 1524 1435 1570 vexare
1497 1509 1780 1583 conetur,
1830 1509 1894 1569 et
1937 1504 2000 1568 in
2039 1504 2158 1568 biis
2211 1503 2555 1568 altissimus
2609 1504 2966 1567 cunctorum
3016 1502 3122 1567 bo-

410 1607 623 1654 norum
669 1591 1076 1657 exhibitorum
1102 1594 1375 1659 fidelium
1424 1613 1673 1661 suorum
1715 1593 1959 1658 occulos
2009 1592 2069 1657 in
2111 1592 2315 1657 lucem
2341 1591 2661 1675 dirrigenS,
2714 1607 2816 1655 eos
2864 1590 3120 1654 inviam

408 1679 580 1760 pacis
642 1683 704 1743 et
767 1682 1208 1763 tranquilitatis
1273 1684 1473 1747 induit
1531 1684 1972 1765 confirmatque
2032 1681 2095 1744 in
2160 1679 2550 1744 dilectionem
2618 1682 2683 1742 et
2725 1676 3112 1742 concordiam

415 1771 650 1830 mentes
698 1786 859 1833 suas.
908 1768 1108 1834 Sanne
1155 1789 1294 1834 cum
1344 1775 1485 1852 post
1522 1788 1774 1853 guerras
1821 1773 1884 1833 et
1930 1768 2287 1845 discordias,
2353 1767 2497 1832 lites
2543 1770 2606 1833 et
2665 1767 3119 1831 controversias

411 1854 639 1918 dudum
689 1859 961 1922 versatas
1009 1858 1168 1922 iuter
1213 1858 1514 1922 excelsam
1566 1862 1839 1922 nostram
1887 1858 2284 1921 serenitatem
2332 1875 2404 1920 ex
2452 1875 2574 1919 una
2613 1857 2785 1937 parte
2832 1857 2897 1917 ot
2942 1853 3119 1918 incli-

410 1944 545 2006 tum
595 1946 808 2009 ducem
858 1944 1229 2011 Venetorum
1293 1947 1603 2011 Andream
1650 1942 1930 2010 Dandulo
1982 1947 2046 2010 et
2089 1943 2590 2009 communitatem
2657 1943 3005 2006 eorumdem
3046 1959 3117 2005 ex

409 2029 641 2107 altera,
698 2031 1140 2098 intervenerint
1203 2035 1550 2108 concordie,
1610 2033 2084 2117 compositiones
2147 2034 2223 2112 et,
2271 2033 2529 2115 treugue
2593 2032 2777 2103 inite,
2838 2034 3121 2113 tractate,

414 2117 578 2182 facte
625 2125 690 2182 et
732 2120 977 2186 firmate
1025 2142 1131 2205 per
1176 2123 1416 2186 nostros
1464 2123 1808 2204 solempnes
1854 2121 2281 2185 ambaxatores
2326 2121 2392 2184 et
2434 2119 2687 2185 nuncios
2734 2138 2804 2182 ac
2848 2140 2956 2202 per
3002 2120 3128 2183 sin-

414 2207 603 2283 dicoS,
651 2211 1078 2290 procuratores
1111 2211 1176 2273 et
1205 2210 1454 2275 nuncios
1493 2210 1766 2276 eiusdem
1810 2208 2009 2273 incliti
2053 2207 2226 2273 ducis
2256 2211 2321 2273 et
2351 2208 2811 2272 communitatis
2859 2207 3129 2289 predicte

416 2294 479 2356 in
526 2294 780 2359 civitate
828 2297 1253 2373 Veneciarum,
1301 2299 1576 2380 ipsarum
1631 2298 2178 2380 compositionum,
2227 2296 2681 2361 concordiarum
2731 2299 2794 2360 et
2839 2299 3132 2378 treugua-

414 2400 553 2445 rum
604 2386 876 2448 tenorem
942 2390 1006 2450 et
1067 2386 1325 2450 sormam
1390 2388 1451 2451 in
1516 2387 1901 2469 presentibus
1962 2384 2187 2450 nostris
2246 2384 2475 2450 litteris
2523 2384 2780 2448 fecimus
2826 2386 3127 2463 annotari,

415 2469 751 2535 secundum
799 2474 960 2555 quod
1010 2475 1069 2538 in
1118 2474 1362 2557 publico
1435 2476 1843 2540 instrumento
1908 2493 1978 2537 ex
2022 2474 2201 2556 parte
2262 2472 2531 2536 eiusdem
2594 2471 2793 2535 incliti
2841 2471 3013 2536 ducis
3065 2476 3130 2537 et

416 2560 883 2624 communitatis
928 2561 1202 2645 predicte
1250 2562 1326 2625 de
1373 2563 1494 2627 hiis
1541 2563 1822 2646 treuguis
1868 2564 1932 2626 et
1976 2559 2311 2626 concordiis
2365 2559 2683 2625 serenitati
2733 2562 2939 2625 nostre
2985 2578 3129 2624 cou-

412 2646 574 2712 fecto
621 2667 729 2731 per
776 2649 1184 2734 Raphaynum
1233 2651 1307 2715 de
1355 2651 1663 2717 Caresinis
1711 2651 2027 2734 publicum
2076 2648 2382 2732 imperiali
2415 2649 2785 2714 auctoritate
2817 2650 3127 2714 notarium

417 2736 480 2798 et
526 2735 800 2801 eiusdem
834 2737 1092 2803 ducatus
1140 2739 1405 2803 scribam
1455 2739 1721 2804 vidimus
1765 2739 2083 2813 contineri,
2132 2738 2309 2803 cuius
2354 2736 2752 2801 instrumenti
2802 2741 2977 2801 tenor
3022 2756 3131 2818 per

421 2824 632 2887 omnia
679 2824 824 2889 talis
853 2827 982 2891 est:
1033 2830 1154 2903 (hic
1180 2832 1467 2889 inseratur
1490 2833 1948 2890 instrumentum
1975 2834 2316 2903 trequarum
2360 2828 2430 2887 de
2455 2828 2548 2886 die
2596 2831 2633 2886 5
2666 2830 3128 2904 anqusti1348)

418 2959 434 2974 .
469 2958 484 2973 .
523 2960 538 2974 .
578 2962 590 2974 .
626 2911 718 2976 De
765 2913 1086 2995 premissis
1133 2919 1337 2980 autem
1400 2915 1681 2981 omnibus
1744 2919 1809 2978 et
1854 2913 2114 2997 singulis
2174 2914 2340 2978 sacta
2400 2913 2545 2977 sunt
2607 2912 2840 2980 eisdem
2894 2913 3125 2979 tenoris

414 2999 534 3062 duo
581 2999 828 3081 publica
862 3001 1292 3078 instrumenta,
1342 3023 1530 3067 unum
1578 3023 1686 3086 per
1731 3022 1829 3067 me
1876 3001 2284 3085 Raphaynum
2310 3001 2616 3066 notarium
2666 3001 3124 3084 infrascriptum

413 3086 631 3151 datum
677 3091 741 3152 et
785 3089 1126 3154 exhibitum
1176 3092 1429 3174 prefatis
1490 3091 1754 3156 dominis
1817 3089 2311 3155 ambaxatoribus
2370 3089 2807 3172 recipientibus
2868 3089 3122 3155 nomine

413 3174 702 3258 prelibati
749 3176 981 3242 domini
1026 3177 1211 3261 regis,
1261 3179 1526 3243 alterum
1575 3198 1683 3261 per
1713 3177 2063 3244 Johannem
2089 3177 2522 3260 Chrispianum
2555 3177 2864 3242 notarium
2910 3176 3124 3242 datum

412 3266 476 3326 et
518 3262 854 3328 exhibitum
905 3266 1195 3347 predictis
1236 3267 1500 3331 dominis
1527 3266 1964 3332 tractatoribus
1996 3270 2058 3331 et
2089 3265 2342 3331 sindicis
2375 3265 2603 3330 domini
2639 3266 2812 3329 ducis
2860 3268 2926 3329 et
2954 3283 3121 3331 comÎ‡

416 3352 622 3416 munis
668 3352 1092 3432 Veneciarum,
1152 3357 1218 3418 et
1276 3355 1709 3438 recipientibus
1774 3353 2123 3418 nominibus
2183 3353 2529 3418 antedictis,
2605 3353 2735 3419 Nos
2782 3352 3126 3419 Lodovicus

417 3439 720 3521 premissa
764 3440 863 3505 dei
908 3441 1120 3524 gracia
1166 3462 1270 3508 rex
1307 3444 1663 3526 prescriptis
1706 3461 1828 3506 una
1874 3459 2014 3507 cum
2061 3441 2280 3524 viginti
2326 3442 2657 3506 baronibus
2707 3441 3126 3525 infrascriptis

414 3528 490 3592 de
532 3527 911 3610 dignioribus
958 3532 1022 3593 et
1062 3532 1302 3614 magnis
1341 3532 1669 3615 prepositis
1722 3530 1896 3614 regni
1942 3529 2134 3594 nostri
2182 3531 2471 3613 negociis,
2520 3530 2856 3595 iuravimus
2913 3547 3127 3612 corpo-

411 3615 627 3680 raliter
670 3617 854 3681 tactis
889 3618 1090 3682 'sacris
1138 3621 1492 3702 scripturis,
1555 3622 1620 3683 et
1662 3620 1791 3683 iure
1852 3619 2108 3682 iurando
2169 3617 2553 3683 firmavimus
2614 3620 2679 3682 et
2725 3617 3125 3700 promisimus

413 3703 692 3769 Nicoleto
739 3703 814 3769 de
861 3706 1213 3772 Lambertis
1261 3707 1493 3772 sindico
1540 3711 1603 3770 et
1650 3707 2025 3788 procuratori
2073 3708 2137 3770 et
2180 3706 2399 3771 nuncio
2444 3706 2719 3770 eiusdem
2760 3704 2964 3770 incliti
3012 3705 3127 3769 du-

413 3791 502 3856 cis
547 3795 611 3857 et
656 3794 1119 3858 communitatis
1164 3795 1439 3878 predicte
1462 3795 1536 3859 ad
1564 3796 1674 3860 hoc
1706 3793 2074 3859 sindicatum
2121 3793 2202 3858 ab
2249 3794 2339 3859 eis
2384 3796 2448 3857 et
2491 3792 2734 3876 plenum
2765 3794 3122 3858 mandatum

412 3880 663 3945 habenti
709 3899 781 3945 ac
821 3881 1073 3962 proinde
1118 3883 1306 3947 misso
1352 3882 1430 3946 ad
1473 3883 1853 3965 presenciam
1902 3884 2107 3947 nostre
2152 3881 2522 3957 serenitatis,
2581 3881 2825 3946 easdem
2872 3898 3122 3963 compo-

412 3968 680 4041 sitiones,
730 3971 1021 4052 treuguas
1068 3972 1132 4035 et
1176 3971 1527 4036 concordias
1570 3971 1800 4045 firmas,
1850 3974 2018 4034 ratas
2066 3976 2128 4033 et
2171 3971 2383 4053 gratas
2432 3970 2653 4034 habere
2698 3971 2764 4033 et
2808 3970 3015 4033 tenere
3048 3987 3121 4034 ac

412 4057 621 4122 haberi
667 4056 865 4122 facere
912 4060 974 4122 et
1019 4059 1214 4123 teneri
1259 4079 1367 4141 per
1408 4062 1659 4123 cunctos
1705 4063 1769 4124 et
1815 4059 2133 4123 universos
2171 4062 2413 4123 nostros
2461 4055 2739 4121 subditos
2783 4059 2848 4121 et
2894 4056 3115 4122 fideles

411 4164 481 4208 ac
525 4163 757 4222 omnes,
805 4145 910 4229 qui
955 4164 1193 4230 quoquo
1242 4149 1422 4212 modo
1465 4146 1726 4212 fuissent
1772 4149 1838 4211 et
1882 4149 2088 4210 essent
2132 4144 2539 4219 favorabiles,
2607 4144 2972 4210 obedientes
3022 4145 3117 4210 vel

410 4252 697 4316 sequaces
739 4235 946 4299 nostre
988 4234 1341 4313 clemencie,
1389 4253 1463 4299 ac
1509 4235 1740 4301 eisdem
1793 4232 2094 4318 treuguis,
2160 4232 2708 4317 compositionibus
2754 4235 2820 4297 et
2864 4251 3122 4298 concor-

410 4321 525 4387 diis
569 4339 692 4387 non
738 4321 1151 4387 contrafacere
1197 4323 1293 4387 vel
1341 4322 1562 4400 venire,
1612 4341 1723 4387 nec
1767 4321 2112 4387 contrafieri
2156 4321 2253 4386 vel
2301 4321 2493 4386 veniri
2540 4322 2739 4387 facere
2780 4339 2888 4404 per
2916 4320 3117 4400 dictos

411 4408 506 4474 rel
550 4409 825 4492 aliquem
872 4410 1280 4492 predictorum
1323 4413 1389 4476 et
1432 4408 1963 4493 infrascriptorum
2006 4408 2182 4475 nobis
2230 4409 2501 4475 fidelium
2552 4409 2746 4473 eciam
2779 4409 2984 4491 aliqua
3016 4427 3116 4473 ra-

412 4498 582 4562 cione
627 4498 725 4563 vel
771 4515 958 4562 causa
1004 4498 1235 4563 directa
1279 4498 1378 4563 vel
1423 4497 1742 4577 indirecta,
1791 4505 1899 4563 aut
1939 4497 2078 4562 dolo
2125 4497 2223 4562 vel
2272 4496 2501 4573 fraude,
2549 4497 2761 4578 pocius
2806 4516 2910 4562 eas
2959 4496 3115 4561 invi-

412 4585 734 4661 olabiliter,
785 4586 1085 4652 veraciter
1130 4581 1195 4651 'et
1238 4605 1388 4669 pure
1432 4586 1753 4651 observare
1791 4585 2216 4670 promittimus
2263 4586 2327 4649 et
2371 4585 2685 4648 attendere
2734 4585 3106 4659 inconcusse,

411 4693 480 4738 ac
522 4674 757 4740 attendi
806 4678 870 4740 et
909 4674 1217 4739 observari
1265 4674 1464 4738 facere
1509 4693 1698 4759 usque
1761 4673 1840 4738 ad
1885 4676 2130 4757 tempus
2193 4675 2330 4738 octo
2395 4690 2726 4750 annorum,
2796 4671 2955 4737 sicut
3002 4689 3109 4753 per

414 4763 653 4830 eosdem
700 4761 988 4842 sindicos,
1035 4763 1464 4829 ambaxatores
1510 4764 1575 4828 et
1618 4762 1874 4827 nuncios
1921 4768 1983 4827 et
2029 4761 2450 4845 procuratores
2495 4758 2764 4842 partium
2808 4757 3129 4844 prodicta-â´
