3620 5282
475 353 608 419 424

475 529 667 593 miam
710 526 1021 593 occasione
1064 525 1228 591 dicte
1274 525 1755 591 consecrationis
1804 526 2061 590 ecclesie
2109 525 2316 589 nostre
2366 524 2646 601 fecimuS,
2699 525 2773 588 de
2821 520 3075 587 consilio
3100 539 3201 586 sa-

472 616 753 699 pientum
800 620 863 679 et
904 614 1332 698 religiosorum
1381 615 1747 679 auctoritate
1808 615 2189 695 presentium
2252 613 2530 677 totaliter
2590 630 2981 685 revocamus,
3052 608 3197 673 irri-

473 706 681 769 tantes
724 704 787 768 et
824 706 1113 767 caxantes
1161 703 1439 777 eandem,
1488 702 1550 764 in
1598 702 1710 766 hoc
1755 702 1890 764 iura
1932 700 2222 765 canonica
2283 702 2653 781 exequentes
2716 700 2888 762 iuxta
2935 697 3196 762 verbum

474 791 705 855 summi
753 790 1059 873 pontificis
1113 788 1408 853 dicentis:
1459 788 1828 854 sententiam
1886 807 2138 852 romane
2186 789 2346 851 sedis
2395 806 2515 850 non
2563 805 2858 868 negamus
2906 803 3083 866 posse
3130 784 3193 847 in

473 877 696 942 melius
735 876 1129 952 commutari,
1172 895 1311 940 cum
1359 876 1688 958 aliquando
1736 876 1972 940 dictum
2018 876 2205 940 fuerit
2264 895 2371 939 seu
2433 874 2665 940 factum
2730 876 2840 936 aut
2886 872 3191 953 scriptum

474 964 850 1029 contrarium
899 964 1167 1029 veritati.
1215 963 1299 1026 Et
1346 984 1420 1027 ne
1468 962 1786 1029 occasione
1834 964 1996 1027 dicte
2042 962 2499 1027 testificationis
2554 964 2762 1025 nostre
2810 961 2969 1024 sicut
3018 958 3191 1024 nulle

473 1055 538 1117 et
584 1055 875 1135 tanquam
924 1052 1090 1115 nulle
1137 1069 1422 1133 processu
1473 1051 1775 1132 temporis
1824 1050 1984 1114 inter
2032 1050 2352 1115 civitatem
2400 1050 2763 1114 Jadrensem
2812 1052 2876 1113 et
2922 1050 3198 1111 castrum

473 1137 927 1204 Sicenicensem
976 1138 1215 1221 questio
1261 1139 1469 1220 aliqua
1517 1139 1721 1202 valeat
1766 1138 2074 1213 suscitari,
2125 1142 2470 1218 presentem
2533 1137 2813 1200 litteram
2876 1137 3193 1198 revocato-

472 1228 632 1291 riam
676 1227 874 1292 nostri
921 1225 1114 1309 sigilli
1163 1227 1483 1307 pendentis
1530 1226 1871 1289 munimine
1904 1243 1977 1289 ac
2003 1225 2189 1290 etiam
2218 1226 2394 1306 signo
2430 1227 2492 1289 et
2538 1225 2782 1288 nomine
2811 1221 3193 1302 infrascripti

472 1315 697 1379 notarii
748 1314 1114 1389 roboratam,
1165 1313 1333 1377 vobis
1383 1313 1669 1377 duximus
1732 1312 2297 1377 transmittendam.
2372 1312 2603 1375 Datum
2649 1311 2838 1375 Jadre
2880 1328 3035 1375 anno
3082 1308 3194 1372 do-

472 1402 626 1466 mini
673 1401 1004 1465 millesimo
1051 1400 1473 1465 ducentesimo
1536 1399 1955 1483 octuagesimo
2019 1399 2268 1483 quinte,
2339 1399 2668 1463 indictione
2734 1396 3191 1473 testiadecima,

471 1490 569 1552 die
613 1489 881 1553 secundo
946 1490 1176 1552 mensis
1240 1487 1426 1562 iunii;
1498 1489 1888 1569 presentibus
1953 1487 2406 1552 venerabilibus
2469 1488 2644 1568 patre
2707 1486 2953 1549 domino
2999 1483 3193 1547 fratre

471 1575 822 1659 Augustino
871 1575 967 1640 dei
1014 1576 1216 1659 gratia
1247 1576 1531 1657 episcopo
1565 1575 1854 1640 Civitatis
1887 1593 2058 1651 nove,
2109 1576 2364 1639 honesto
2407 1577 2470 1638 et
2500 1574 2786 1656 religioso
2836 1573 2964 1637 viro
3000 1570 3191 1634 fratre

473 1662 713 1729 Joanne
760 1663 983 1728 abbate
1046 1662 1243 1727 sancti
1290 1662 1642 1744 Grisogoni,
1715 1663 2024 1726 nobilibus
2086 1664 2234 1726 viris
2284 1661 2525 1725 Marino
2590 1660 2848 1726 Girardo
2895 1662 2960 1724 et
3005 1658 3189 1722 Rico-

473 1750 626 1814 bono
673 1750 747 1817 de
786 1751 1065 1815 Venetiis
1106 1768 1268 1814 nunc
1325 1750 1769 1814 mercatoribus
1833 1750 2240 1814 Jadrensibus
2287 1750 2352 1812 et
2405 1749 2564 1813 aliis.
2636 1750 2765 1832 Ego
2816 1746 3185 1812 Laurentius

469 1836 569 1902 dei
618 1837 821 1919 gratia
866 1837 1188 1902 Jadrensis
1236 1837 1730 1920 archiepiscopus
1788 1856 1976 1901 manu
2037 1836 2302 1919 propria.
2379 1837 2511 1919 Ego
2561 1836 2877 1900 Vicentius
2938 1833 3195 1899 ecclesie

475 1926 672 1989 sancti
711 1924 1006 2007 Stephani
1056 1925 1356 2007 presbiter
1402 1927 1465 1989 et
1511 1924 1831 1989 Jadrensis
1877 1925 2188 2000 notariuS,
2251 1923 2370 1988 hiis
2416 1923 2704 2000 interfui,
2773 1925 2836 1987 et
2889 1924 2962 1986 de
3012 1939 3193 1985 man-

468 2014 613 2077 dato
659 2013 918 2095 predicti
966 2012 1200 2077 domini
1247 2011 1693 2095 archiepiscopi
1739 2013 1899 2076 hanc
1960 2013 2194 2077 cartam
2256 2011 2510 2093 scripsi,
2572 2009 2858 2076 roboravi
2905 2011 2969 2074 et
3010 2010 3186 2092 signo

468 2102 758 2165 consueto
808 2101 1070 2183 signavi.

554 2190 1058 2263 Diplomatorium
1113 2188 1502 2259 Sibenicense,
1561 2207 1602 2247 u
1649 2189 1808 2248 dvor.
1857 2188 2144 2263 knjiknici
2205 2188 2417 2262 beckoj,
2480 2191 2612 2249 ruk.
2664 2190 2915 2259 13461,
2977 2186 3196 2262 njeyda

469 2278 616 2356 541,
660 2279 761 2338 list
806 2280 908 2336 31.
1498 2290 1508 2297 ·
2269 2314 2288 2325 .

794 2431 1160 2513 Lxxn.
1227 2430 1412 2514 eoa
1466 2430 1690 2515 1285.
1748 2432 1799 2513 6
1857 2431 2313 2532 lampada,
2369 2453 2429 2512 ιι
2482 2431 2878 2514 metam.

1175 2555 1224 2616 Ο
1256 2557 1586 2630 poseaniku
1631 2558 2030 2630 opredieljenu
2073 2574 2149 2616 za
2207 2558 2499 2631 Uqarsku.

674 2659 793 2725 Die
839 2664 1010 2724 sexto
1059 2659 1351 2738 octubris,
1402 2661 1586 2742 capta
1631 2659 1748 2723 fuit
1792 2678 1971 2743 pars:
2038 2658 2197 2743 quod
2247 2660 2443 2739 illud,
2493 2660 2654 2743 quod
2702 2661 2933 2725 factum
2982 2660 3082 2726 est
3129 2659 3194 2723 et

469 2749 578 2814 fiet
623 2768 731 2831 per
777 2747 1095 2812 dominum
1144 2747 1360 2812 ducem
1410 2751 1473 2813 et
1518 2747 1906 2812 consiliarios
1974 2749 2034 2810 in
2098 2748 2355 2812 consilio
2419 2753 2774 2830 rogatorum
2820 2751 2886 2812 et
2930 2748 3194 2831 quadra-

467 2838 660 2920 ginta,
712 2837 784 2900 de
830 2836 1191 2900 destinando
1241 2835 1454 2900 nuntio
1517 2836 1594 2899 ad
1643 2854 1852 2918 regem
1919 2835 2276 2916 Hungarie,
2349 2836 2414 2899 et
2457 2835 2533 2900 de
2580 2836 2721 2899 aliis
2767 2836 2952 2899 rebus
2995 2834 3187 2918 perti·

463 2925 883 3032 neptibus'ad
924 2923 1327 3002 Dalmatiam,
1378 2924 1462 2987 sit
1506 2924 1777 3002 firmum,
1824 2923 1988 2987 sicut
2043 2924 2094 2987 si
2143 2921 2376 2987 factum
2425 2922 2586 2988 foret
2630 2942 2739 3007 per
2805 2923 3002 2988 maius
3048 2941 3193 2987 con·

775 3027 784 3057 ⁴

470 3011 798 3159 81121112232‘32
802 3014 1139 3161 ξέηὲἓῗίἓιω.
1187 3100 1641 3160 Luna-Zaneta
1684 3102 1788 3160 list
1822 3102 1964 3170 174,
2003 3117 2046 3158 u
2084 3101 2300 3159 arkivu
2344 3101 2703 3161 mletackom.

815 3245 1224 3365 Lxxm.
1279 3285 1486 3367 (3011.
1525 3286 1750 3368 1286.
1807 3287 1903 3369 19
1959 3288 2299 3390 ozujka,
2348 3312 2408 3371 ιι
2461 3289 2852 3372 metam.

1092 3410 1416 3482 Ρνοααζῑεη
1460 3411 1568 3469 rok
1617 3411 1961 3471 Zadranom
2005 3430 2080 3473 za
2125 3416 2354 3488 izpzatu
2394 3416 2595 3490 yazgje.

682 3511 796 3574 Die
842 3511 1242 3575 decimonono
1294 3512 1522 3588 martii,
1572 3515 1756 3594 capta
1823 3513 1942 3577 fuit
2002 3533 2185 3597 pars,
2254 3518 2412 3599 quod
2478 3517 2827 3602 ellongetur
2889 3517 3191 3583 terminus

471 3599 817 3676 solutionis,‚
868 3617 1053 3680 quam
1096 3617 1417 3663 commune
1464 3599 1651 3664 Jadre
1712 3599 1901 3665 debet
1967 3603 2167 3667 facere
2230 3607 2438 3669 nostro
2501 3605 2809 3669 communi
2867 3625 2977 3688 pro
3024 3624 3192 3670 com-

470 3687 785 3770 plemento
832 3685 1150 3749 solutionis
1197 3688 1414 3769 gallae,
1463 3706 1643 3770 quam
1694 3689 1976 3752 dedimus
2025 3692 2113 3754 eis
2148 3710 2337 3774 usque
2380 3694 2451 3755 ad
2498 3697 2623 3757 tres
2675 3711 2936 3771 menseS,
2987 3697 3049 3758 et
3084 3695 3192 3757 do-

475 3776 678 3839 minus
721 3774 992 3838 Joannes
1041 3773 1381 3838 Centareno
1430 3775 1515 3838 sit
1552 3774 1809 3856 plezius‚
1853 3777 2013 3841 sicut
2059 3781 2211 3842 erat.
2261 3779 2392 3861 Ego
2441 3784 2558 3844 etc.

556 3864 771 3923 Maius
816 3864 1145 3924 consilium.
1196 3864 1647 3924 Luna-Zaneta
1692 3866 1793 3925 list
1843 3869 1985 3937 192,
2032 3886 2074 3927 u
2121 3870 2338 3928 arkivu
2373 3870 2734 3929 mlctackom.

816 4051 1209 4133 LXXIV.
1268 4050 1473 4134 God.
1530 4051 1759 4134 1286.
1815 4053 1864 4137 5
1919 4054 2286 4155 svibnja,
2343 4079 2403 4138 u
2456 4056 2848 4140 Mletcih.

476 4177 657 4238 Glede
686 4178 935 4252 prosnje
957 4179 1344 4253 slavonskoya
1371 4178 1905 4326 vojvodet233notr127'e
1935 4197 2010 4240 za
2028 4182 2254 4254 pomoc‘,
2298 4183 2452 4242 nelca
2480 4199 2542 4241 se
2572 4200 2604 4242 o
2637 4188 2753 4244 tom
2796 4185 2901 4244 isti
2943 4186 3192 4259 vojvoda

1638 4284 1669 4325 o
1704 4285 1826 4340 mye
1869 4285 2075 4328 ezram.

683 4366 798 4430 Die
846 4366 1059 4447 quinto
1110 4368 1317 4431 madii.
1365 4366 1519 4432 Cum
1584 4387 1692 4450 per
1753 4370 2074 4434 dominum
2138 4370 2549 4436 Andreasium
2607 4374 2821 4437 ducem
2868 4374 3188 4440 Sclavenie

476 4453 739 4534 petitum
791 4453 876 4517 sit
921 4454 1298 4518 adiutorium
1347 4457 1411 4518 et
1456 4455 1780 4520 consilium
1829 4476 1866 4520 a
1909 4457 2153 4522 domino
2198 4460 2366 4535 duce,
2418 4465 2599 4540 capta
2643 4460 2763 4525 fuit
2801 4480 2977 4542 pars:
3025 4463 3188 4545 quod

477 4537 705 4601 sciatur
751 4540 826 4603 ab
874 4541 1026 4620 ipsc,
1077 4541 1420 4605 cuiusmodi
1467 4542 1842 4607 adiutorium
1884 4544 2016 4626 ipse
2064 4544 2228 4627 petit
2271 4564 2307 4609 a
2351 4546 2550 4625 nobis,
2600 4549 2665 4612 et
2703 4549 2817 4613 hoc
2851 4551 3028 4628 scite,
3077 4569 3190 4632 po-

478 4628 615 4688 stea
660 4629 937 4689 venietur
982 4628 1258 4707 apertius
1305 4630 1380 4692 ad
1427 4631 1628 4693 maius
1660 4630 1989 4694 consilium
2026 4650 2165 4696 cum
2215 4650 2305 4704 eo,
2351 4635 2511 4715 quod
2546 4635 2873 4700 videbitur.
2916 4637 3045 4720 Ego
3069 4640 3185 4702 etc.

563 4714 777 4773 Maius
821 4717 1150 4775 consilium.
1195 4716 1644 4778 Luna-Zaneta
1686 4721 1788 4779 list
1837 4724 1979 4791 196,
2026 4740 2070 4781 u
2110 4723 2325 4781 arkivu
2365 4724 2725 4785 mletackom.
