3620 5282
2966 415 3089 483 165

369 588 542 654 ducis
587 591 652 654 et
711 589 1057 655 communis
1120 590 1531 657 Veneciarum
1591 590 2036 676 stipulantibus
2097 592 2164 657 et
2223 590 2665 674 recipientibus
2726 590 2967 657 nomine
3037 592 3104 658 et

371 676 502 742 vice
569 676 984 760 predictorum
1048 678 1280 743 domini
1339 680 1510 745 ducis
1573 682 1638 746 et
1694 681 2039 747 communis
2109 680 2527 754 Veneciarum,
2591 680 2748 761 quod
2812 680 2865 744 si
2926 679 3097 745 etin

373 767 671 847 quantum
719 765 1052 845 restitutio,
1112 768 1453 851 designatio
1498 786 1605 833 seu
1651 769 1900 834 traditio
1946 767 2097 834 dicti
2144 769 2331 833 castri
2372 765 2625 833 Cathari
2687 769 2751 832 et
2806 766 3099 846 civitatiS,

377 852 431 918 si
476 854 758 919 tenerent
802 872 908 919 seu
954 857 1254 936 possessio
1296 854 1427 921 eius
1475 856 1601 934 fiat,
1651 858 1828 923 detur
1873 860 1937 921 et
1980 855 2262 920 tradatur
2306 858 2371 920 et
2416 855 2770 938 designetur
2828 855 2892 919 in
2965 875 3099 920 ma-

374 940 554 1007 nibus
615 941 839 1024 prefati
891 940 1125 1007 domini
1190 943 1367 1008 Pauli
1430 943 1671 1024 militie,
1731 945 1891 1029 quod
1951 945 2263 1027 predictus
2324 943 2757 1009 serenissimus
2818 942 3103 1009 dominus

376 1048 480 1094 rex
521 1029 767 1095 eosdem
812 1029 1135 1096 dominum
1180 1032 1400 1101 ducem
1446 1036 1510 1096 et
1553 1050 1875 1099 cemmune
1923 1033 2350 1108 Veneciarum,
2399 1032 2566 1096 facta
2614 1030 2778 1097 dicta
2845 1032 3103 1096 restitu-

375 1118 544 1181 tione
590 1120 653 1183 et
691 1118 1106 1202 assignatione
1151 1118 1349 1185 libera
1386 1121 1584 1186 castri
1632 1121 1892 1204 predicti
1940 1120 2192 1188 cathari
2242 1123 2305 1185 et
2348 1119 2640 1196 civitatis,
2696 1119 2748 1185 si
2795 1120 3102 1198 tenerent,

379 1209 450 1269 ut
495 1207 591 1271 est
633 1205 891 1282 dictum,
936 1206 1098 1272 dicto
1136 1209 1381 1273 domino
1429 1208 1639 1288 Paule,
1686 1209 2024 1276 solenniter
2091 1208 2403 1284 liberabit,
2475 1207 2756 1273 absolvet
2816 1209 2882 1273 et
2935 1208 3107 1291 quie-

376 1293 540 1358 tavit
583 1313 692 1377 per
739 1294 1057 1377 publicum
1103 1294 1584 1362 instrumentum
1627 1316 1736 1363 seu
1784 1316 1896 1380 per
1940 1296 2221 1380 publicas
2291 1298 2573 1378 patentes
2638 1295 2885 1361 litteras
2951 1295 3106 1361 dicti

379 1382 759 1447 serenissimi
809 1380 1045 1448 domini
1089 1383 1254 1466 regis
1300 1385 1472 1450 bulla
1515 1386 1686 1469 regia
1737 1386 2004 1452 bullatas
2049 1386 2126 1451 ab
2173 1386 2339 1450 omni
2402 1388 2466 1449 et
2526 1384 2803 1468 qualibet
2863 1383 3108 1467 obliga·

379 1470 565 1550 tione,
610 1469 689 1534 ad
735 1489 920 1554 quam
966 1471 1227 1554 predicti
1274 1472 1558 1539 dominus
1599 1473 1719 1539 dux
1780 1477 1845 1539 et
1905 1492 2225 1539 commune
2271 1472 2673 1537 Venetiarum
2736 1471 2935 1536 eidem
2998 1472 3107 1537 do-

380 1557 548 1622 mino
595 1559 725 1642 regi
772 1560 1063 1624 tenentur
1108 1561 1170 1624 ei
1216 1560 1477 1643 obligati
1536 1565 1683 1626 sunt
1741 1562 2069 1638 restituere
2129 1560 2442 1626 civitatem
2503 1561 2566 1624 et
2625 1563 2901 1624 castrum
2968 1579 3107 1642 pre-

382 1646 621 1711 dictum
668 1646 921 1712 Cathari
967 1649 1177 1732 vigore
1219 1649 1380 1715 dicte
1425 1651 1594 1733 pacis
1637 1652 1700 1716 et
1744 1649 2004 1733 capituli
2068 1652 2390 1714 memorati
2457 1666 2597 1713 cum
2660 1647 2947 1713 omnibus
3009 1666 3110 1714 so·

383 1734 833 1812 lemnitatibuS,
880 1736 1405 1816 promissionibuS,
1453 1739 1709 1804 cautelis
1757 1738 2119 1804 necessariis
2165 1740 2230 1804 et
2273 1736 2671 1820 opportunis;
2720 1737 2785 1802 et
2844 1735 3110 1801 nichilo-

383 1824 590 1888 minus
637 1842 707 1887 ex
753 1842 916 1888 nuuc
960 1827 1144 1907 prout
1190 1845 1263 1891 ex
1299 1828 1444 1891 tunc
1490 1826 1749 1908 predicti
1795 1827 2027 1892 domini
2063 1825 2186 1891 dux
2219 1828 2282 1889 et
2313 1844 2638 1891 commune
2675 1824 3105 1905 veneciarum,

382 1910 547 1976 facta
593 1911 1017 1993 designatione
1064 1915 1129 1977 et
1171 1914 1566 1980 restitutione
1613 1915 1890 1998 predicta
1932 1915 2082 1979 dicti
2134 1913 2322 1979 castri
2367 1916 2431 1978 et
2470 1913 2763 1992 civitatiS,
2812 1911 2867 1977 si
2933 1915 3110 1979 teue-

385 2002 539 2072 rent,
584 1999 859 2082 predicto
902 2001 1149 2066 domino
1198 2002 1394 2068 Paulo
1438 2002 1649 2082 militi,
1699 2003 1785 2068 sit
1830 2007 1894 2067 et
1956 2021 2091 2068 esse
2144 2001 2533 2086 intelligatur
2594 2002 2674 2067 ab
2734 1999 3110 2084 obligatione

384 2087 657 2170 predicta
702 2091 768 2153 et
814 2089 1205 2155 restitutione
1252 2091 1413 2156 dicte
1480 2092 1753 2156 civitatis
1810 2093 1877 2157 et
1934 2089 2125 2157 castri
2173 2088 2420 2156 Cathari
2482 2090 2681 2156 fienda
2743 2107 2851 2172 pro
2911 2088 3109 2155 forma

388 2175 548 2242 dicte
595 2178 766 2259 pacis
810 2177 1066 2261 capituli
1130 2178 1389 2260 predicti
1461 2179 1776 2256 liberatus,
1842 2180 2162 2246 absolutus
2222 2181 2287 2244 et
2346 2178 2594 2261 penitus
2651 2177 2983 2260 quietatuS,
3047 2180 3114 2242 et

388 2264 506 2347 ipsi
567 2264 801 2330 domini
858 2266 1312 2332 ambaxiatores
1373 2269 1439 2333 et
1496 2270 1914 2351 procuratores
1976 2268 2131 2351 regii
2196 2286 2268 2332 ex
2329 2286 2489 2331 nunc
2556 2284 2665 2348 pro
2711 2267 2783 2330 ut
2827 2268 3109 2343 extunc,

390 2351 555 2416 facta
594 2355 983 2419 restitutione
1021 2356 1086 2419 et
1131 2355 1550 2433 designatione
1597 2358 1857 2440 predicti
1904 2356 2094 2423 castri
2137 2354 2389 2421 Cathari
2436 2357 2501 2420 et
2563 2352 2855 2430 civitatiS,
2920 2355 2973 2418 si
3022 2357 3113 2418 te-

389 2440 621 2518 nerent,
670 2440 834 2507 dicto
879 2443 1125 2508 domino
1173 2444 1386 2520 Paulo,
1434 2444 1744 2529 predictos
1790 2445 2104 2511 dominum
2150 2444 2367 2509 ducem
2424 2445 2489 2508 et
2532 2460 2856 2508 commune
2904 2441 3105 2507 Vene-

391 2525 619 2593 tiarum
666 2529 744 2593 ab
790 2530 1163 2614 obligatione
1203 2532 1482 2617 predicta
1527 2552 1636 2616 per
1699 2533 2229 2617 acceptilationem
2292 2533 2356 2596 et
2414 2528 2790 2615 aquilianam
2851 2530 3115 2613 stipula-

390 2613 638 2696 tionem,
684 2616 1017 2701 legittimis
1086 2623 1148 2685 et
1207 2621 1541 2688 sollenibus
1605 2622 1807 2689 verbis
1869 2620 2264 2706 interpositis,
2333 2619 2667 2687 solenniter
2726 2618 2991 2689 liberant
3050 2620 3116 2685 et

388 2703 735 2770 absolvunt.
782 2707 881 2771 Ita
927 2712 1152 2786 tamen,
1200 2711 1357 2793 quod
1404 2711 1678 2792 predicta
1722 2712 2009 2779 liberatio
2082 2711 2211 2775 sive
2270 2709 2576 2775 absolutio
2636 2726 2756 2773 non
2819 2708 3115 2777 sortiatur

390 2792 698 2870 effectum,
748 2794 866 2859 nisi
910 2796 1082 2879 prius
1127 2798 1341 2864 habita
1380 2819 1490 2882 per
1536 2799 1767 2865 dictum
1804 2800 2117 2865 dominum
2166 2799 2430 2863 Paulum
2477 2796 2860 2879 possessione
2919 2795 3120 2861 libera

388 2879 540 2945 dicti
587 2883 774 2947 castri
823 2883 1074 2950 Cathari
1121 2890 1184 2951 et
1229 2887 1517 2965 civitatiS,
1566 2886 1621 2952 si
1667 2889 1965 2969 tenerent,
2037 2889 2106 2952 ut
2149 2889 2247 2951 est
2304 2887 2556 2951 dictum.
2621 2883 2910 2950 Ceterum
2972 2902 3115 2949 cum

388 2970 648 3051 predicti
691 2971 927 3039 domini
972 2976 1423 3042 ambaxiatores
1476 2975 1633 3059 regii
1708 2997 1780 3042 ex
1840 2994 1961 3042 una
2019 2978 2192 3058 parte
2252 2975 2316 3039 et
2366 2971 2819 3039 ambaxiatores
2884 2970 3119 3037 domini

392 3057 565 3121 ducis
611 3060 674 3123 et
718 3062 1062 3127 communis
1109 3063 1504 3129 Venetiarum
1553 3083 1625 3128 ex
1669 3065 1867 3129 altera
1900 3064 1963 3127 in
2009 3062 2194 3127 simul
2264 3061 2342 3125 ad
2403 3060 2666 3125 invicem
2730 3062 2794 3124 et
2847 3060 3115 3125 vicissim

391 3151 820 3225 convenerunt,
868 3149 1027 3232 quod
1076 3151 1386 3233 predictus
1428 3152 1713 3217 dominus
1766 3153 1994 3217 Paulus
2054 3153 2126 3215 de
2171 3149 2362 3216 Jadra
2408 3147 2588 3212 miles
2649 3149 2709 3212 in
2768 3147 3116 3228 traditione,

394 3233 782 3299 restitutione
826 3239 891 3301 et
948 3239 1364 3322 assignatione
1425 3240 1612 3305 castri
1674 3240 1923 3306 Cathari
1984 3239 2101 3305 sibi
2159 3238 2405 3302 nomine
2463 3235 2694 3300 domini
2756 3235 2921 3317 regis
2982 3254 3121 3318 pre-

396 3320 547 3385 dicti
585 3322 901 3406 recipienti
948 3325 1227 3393 facienda
1295 3348 1403 3411 per
1462 3327 1696 3394 dictum
1760 3331 2078 3395 dominum
2140 3326 2353 3391 ducem
2423 3327 2486 3389 et
2553 3342 2878 3389 commuue
2922 3323 3122 3389 Vene-

397 3409 627 3474 tiarum
676 3430 783 3477 seu
830 3432 939 3495 per
984 3432 1087 3480 eos
1129 3419 1382 3481 nuncios
1428 3417 1625 3499 possit
1668 3417 1733 3482 in
1774 3438 1841 3482 se
1885 3416 2128 3481 nomine
2173 3414 2408 3479 domini
2455 3413 2620 3496 regis
2668 3413 2742 3476 de
2778 3411 3120 3477 munitione

397 3497 552 3563 dicti
599 3501 785 3565 castri
835 3500 1011 3580 illud,
1054 3503 1217 3586 quod
1263 3504 1544 3583 voluerit,
1592 3507 1876 3583 retinere,
1925 3506 2041 3571 hoc
2083 3524 2191 3586 per
2235 3504 2373 3568 acto
2417 3504 2481 3566 et
2525 3500 2900 3580 condicione,
2959 3503 3121 3584 quod

399 3588 596 3651 totum
644 3588 820 3668 illud,
869 3590 1033 3673 quod
1077 3592 1403 3658 retinuerit
1448 3595 1512 3658 et
1555 3594 1818 3660 retinere
1867 3593 2146 3668 voluerit,
2189 3591 2410 3656 debeat
2443 3590 2746 3667 extimari,
2795 3590 2859 3654 et
2903 3589 2979 3653 de
3027 3609 3122 3653 re-

398 3675 677 3757 ceptione
720 3677 870 3756 eiuS,
919 3681 1079 3761 quod
1125 3678 1339 3745 taliter
1382 3682 1708 3749 retinuerit
1752 3687 1815 3748 et
1881 3681 2246 3749 extimatum
2304 3678 2509 3756 fuerit,
2571 3678 2776 3743 dictus
2838 3676 3123 3745 dominus

399 3763 629 3830 Paulus
675 3764 895 3832 debeat
937 3768 1001 3831 et
1048 3768 1330 3833 teneatur
1371 3768 1520 3846 illis,
1567 3770 1673 3853 qui
1723 3771 1965 3835 nomine
2012 3767 2243 3834 domini
2289 3767 2461 3831 ducis
2517 3765 2776 3848 predicti
2838 3768 2903 3828 et
2958 3783 3123 3829 com-

399 3852 606 3917 munis
652 3853 1052 3921 Venetiarum
1099 3859 1372 3921 castrum
1417 3858 1759 3941 predictum
1803 3858 2040 3923 dabunt
2091 3860 2155 3921 et
2209 3855 2546 3919 restituunt
2589 3853 2654 3917 et
2697 3850 3122 3933 assignabunt,

398 3939 631 4004 eisdem
679 3946 749 4007 ut
793 3963 981 4027 supra
1023 3945 1224 4009 facere
1264 3945 1582 4026 publicum
1632 3948 2135 4021 instrumentum,
2183 3945 2245 4009 et
2284 3944 2440 4025 quod
2489 3941 2801 4025 predictus
2841 3938 3125 4005 dominus

400 4046 507 4091 rex
552 4029 698 4094 dare
740 4034 802 4096 et
846 4032 1080 4098 solvere
1124 4032 1346 4098 debeat
1388 4036 1453 4098 et
1498 4036 1781 4101 teneatur
1822 4034 2283 4099 extimationem
2330 4030 2524 4096 totius
2584 4030 2736 4106 eine,
2803 4026 2965 4110 quod
3019 4046 3126 4110 per

402 4116 635 4181 dictum
675 4118 1156 4187 instrumentum
1201 4121 1528 4204 apparebit
1572 4123 1806 4187 dictum
1854 4121 2169 4185 dominum
2217 4118 2477 4185 Paulum
2518 4117 2809 4182 habuisse
2854 4117 2918 4180 et
2960 4133 3125 4181 rece-

402 4203 565 4288 pisse
613 4207 687 4270 de
735 4208 1075 4275 munitione
1143 4209 1419 4292 predicta
1507 4210 1584 4274 ad
1654 4209 1924 4276 valorem
1994 4208 2189 4290 ipsius
2252 4205 2589 4272 secundum
2659 4201 3127 4269 extimationem

402 4292 739 4376 predictam
785 4296 1036 4363 domino
1082 4298 1223 4364 duci
1269 4300 1332 4363 et
1377 4296 1689 4363 communi
1736 4297 2159 4372 Venetiarum,
2207 4297 2315 4361 aut
2353 4293 2657 4359 defalcare
2702 4293 2767 4357 et
2811 4290 3128 4357 dimittere

403 4380 602 4446 eidem
648 4382 897 4450 domino
942 4384 1085 4450 duci
1131 4390 1196 4450 et
1240 4386 1552 4451 communi
1599 4386 1997 4450 Venetiarum
2046 4387 2118 4449 de
2186 4381 2561 4465 prestatione
2622 4380 2924 4462 presentis
2986 4380 3129 4444 anni

402 4471 640 4552 septem
688 4472 958 4538 millium
1004 4473 1390 4551 ducatorum,
1439 4492 1627 4558 quam
1674 4474 1912 4539 solvere
1954 4475 2200 4538 tenetur
2244 4474 2307 4536 et
2353 4469 2539 4534 debet
2582 4468 2820 4552 prefato
2884 4467 3129 4533 domino

401 4557 534 4641 regi
579 4560 788 4643 vigore
829 4562 997 4642 pacis
1043 4562 1313 4644 predicte
1372 4564 1517 4627 Ideo
1564 4562 1825 4644 predicti
1874 4561 2106 4625 domini
2131 4560 2577 4625 ambaxiatores
2609 4558 2673 4620 et
2704 4557 3130 4638 procuratores

403 4644 559 4729 regii
606 4651 1018 4729 procuratorio
1053 4654 1118 4715 et
1155 4652 1383 4717 actorio
1441 4652 1704 4730 nomine,
1767 4648 2013 4714 nomine
2076 4649 2369 4730 predicto,
2433 4644 2813 4710 solemnibus
2874 4644 3134 4726 stipula-

407 4732 673 4800 tionibus
718 4736 862 4801 hinc
924 4738 1061 4802 inde
1120 4737 1688 4816 intervenientibuS,
1756 4737 2091 4802 solenniter
2153 4734 2563 4819 promiserunt
2623 4731 2806 4798 dictis
2866 4729 3133 4797 dominis

406 4824 929 4892 ambaxiatoribus
992 4829 1056 4890 et
1116 4827 1617 4910 procuratoribus
1679 4825 1916 4890 domini
1977 4824 2148 4889 ducis
2209 4826 2275 4889 et
2331 4820 2677 4887 communis
2731 4818 3133 4887 Venetiarum

3258 4954 3321 4995 f
