3620 5282
585 368 716 434 242

584 543 802 609 ducem
830 543 895 606 et
916 536 1425 604 communitatem
1454 537 1852 601 venetiarum
1875 533 2176 598 animavit
2198 535 2261 598 et
2286 532 2544 612 induxit,
2571 537 2644 599 ut
2667 555 2807 599 cum
2832 534 3287 618 presidentibus

586 633 784 716 galeis
813 648 1021 693 eorum
1049 628 1124 692 ad
1150 625 1498 690 custodiam
1531 622 2085 705 culphideputatis
2117 622 2326 686 ordine
2365 621 2529 698 dato,
2564 623 2711 687 dicti
2743 624 3129 706 presidentes
3162 645 3283 689 una

583 739 725 786 cum
749 719 974 782 dilecto
1000 716 1125 780 filio
1151 713 1337 779 nobili
1368 714 1496 778 viro
1521 712 1563 778 J
1567 731 1762 776 oanne
1779 711 2004 775 comite
2031 710 2362 794 Segniense
2389 713 2451 775 et
2472 709 2639 775 felici
2665 711 2770 777 tuo
2798 714 3067 777 exercitu
3093 733 3282 797 prope

591 807 883 874 Castrum
953 823 1198 881 novum,
1273 803 1377 867 ubi
1447 802 1611 866 dicta
1672 801 1883 884 regina
1942 798 2352 877 detinebatur,
2422 799 2680 864 insimul
2745 801 3165 878 convenirent,
3212 819 3282 867 ac

582 899 828 961 tandem
871 912 977 976 per
1025 892 1438 958 ministerium
1500 890 1773 972 ipsorum
1829 887 2132 970 prefatam
2179 889 2455 970 reginam
2502 906 2641 952 cum
2683 888 2912 973 insigni
2959 888 3186 956 honore
3218 894 3282 955 et

579 984 816 1068 ingenti
875 981 1075 1047 letitia
1134 982 1198 1046 in
1243 978 1571 1063 pristinam
1634 977 1986 1042 libertatem
2020 973 2250 1040 eduxit.
2318 972 2520 1054 Quam
2558 976 2806 1059 quidem
2849 977 3276 1045 liberationem

579 1071 732 1138 dicti
777 1074 896 1137 dux
941 1075 1004 1135 et
1049 1068 1459 1134 communitas
1520 1085 1658 1130 cum
1725 1067 1946 1131 devota
2011 1063 2387 1129 iocunditate
2451 1064 2624 1129 nobis
2672 1085 2864 1148 nuper
2887 1066 3273 1133 intimarunt.

580 1161 707 1243 Ipsi
754 1178 900 1244 ergo
966 1158 1210 1223 domino
1257 1157 1390 1221 laus
1437 1159 1499 1220 et
1559 1154 1784 1238 gloria,
1853 1153 1951 1218 cui
2013 1154 2337 1236 imperium
2406 1158 2466 1217 et
2528 1155 2807 1235 potestas
2866 1173 2976 1236 per
3036 1155 3280 1222 infinita

579 1249 805 1315 secula.
876 1248 1000 1313 Nos
1067 1265 1305 1329 quoque
1346 1245 1685 1327 propterea,
1733 1241 1841 1325 qui
1886 1241 1961 1306 de
2029 1241 2391 1323 captivitate
2459 1240 2625 1306 anxii
2671 1242 3002 1322 fueramus,
3057 1247 3120 1308 et
3164 1262 3277 1327 pro

579 1336 954 1404 liberalitate
1021 1333 1371 1400 huiusmodi
1439 1331 1602 1415 apud
1663 1329 1986 1396 dominum
2067 1339 2128 1393 et
2181 1330 2556 1395 incessantes
2629 1349 2839 1412 preces
2902 1331 3277 1411 fuderamuS,

578 1426 769 1492 iidem
813 1424 1060 1489 domino
1104 1422 1369 1488 humiles
1414 1420 1649 1505 gratias
1693 1419 1952 1502 egimus,
2003 1416 2182 1481 illum
2223 1417 2517 1482 obnoxius
2572 1420 2981 1500 deprecanteS,
3019 1423 3087 1485 ut
3116 1422 3280 1486 sicut

580 1515 859 1598 reginam
905 1514 1105 1596 ipsam
1152 1510 1458 1588 liberavit,
1506 1512 1569 1573 et
1614 1509 1776 1573 sicut
1819 1524 2139 1591 speramus
2188 1507 2278 1570 ita
2324 1525 2435 1571 sua
2474 1506 2703 1588 pietate
2765 1508 3081 1589 concedat,
3121 1511 3283 1593 quod

581 1602 865 1668 liberatio
910 1599 1266 1684 hujusmodi
1314 1599 1397 1663 sit
1442 1597 1652 1663 efficax
1697 1615 1899 1674 causa,
1948 1594 2107 1677 quod
2164 1593 2275 1659 illa
2305 1595 2517 1659 inclita
2572 1614 2778 1679 regna,
2812 1598 3022 1680 quein
3056 1616 3281 1682 magna

578 1691 988 1757 commotione
1034 1691 1177 1754 sunt
1224 1688 1440 1771 posita,
1488 1685 1564 1750 ad
1611 1703 1823 1768 pacem
1858 1687 1920 1749 et
1950 1683 2252 1747 unitatem
2284 1682 2676 1763 reducantur,
2708 1686 2846 1751 boni
2874 1686 3279 1769 premientur,

586 1778 733 1844 mali
782 1798 923 1843 vero
968 1779 1077 1843 aut
1102 1776 1506 1859 corrigantur,
1541 1778 1651 1838 aut
1680 1772 1856 1838 luant
1901 1791 2008 1855 pro
2037 1770 2355 1836 demeritis
2381 1771 2596 1854 dignas
2633 1792 2836 1855 penas.
2871 1771 3281 1852 Quamobrem

581 1871 643 1932 te
710 1864 1244 1949 peramantissime
1301 1862 1391 1926 fili
1453 1863 1772 1927 hortamur
1827 1863 1891 1925 et
1935 1860 2326 1925 obsecramus
2390 1859 2454 1923 in
2521 1861 2768 1926 domino
2839 1862 2967 1928 iesu
3028 1863 3277 1941 christo,

578 1961 882 2039 quatenus
930 1960 1059 2018 tam
1108 1956 1175 2017 tu
1222 1971 1404 2034 quam
1450 1951 1617 2015 dicta
1666 1950 1878 2032 regina
1937 1949 2203 2032 gratiam
2250 1948 2628 2013 liberationis
2673 1948 3027 2015 huiusmodi
3072 1953 3273 2016 humi—

576 2044 722 2110 liter
766 2045 843 2108 ab
884 2043 1014 2125 ipso
1058 2042 1304 2106 domino
1352 2040 1540 2104 etiam
1588 2038 1844 2103 ecclesie
1891 2036 2373 2102 indesinentibus
2422 2036 2706 2119 precibus
2751 2038 3153 2121 impetratam
3186 2060 3283 2104 re·-

579 2135 1033 2215 cognoscentes,
1083 2131 1291 2211 eisque
1337 2146 1484 2209 puro
1530 2126 1708 2191 corde
1756 2127 1990 2209 gratias
2035 2128 2307 2208 agentes,
2359 2124 2448 2189 sic
2495 2125 2556 2188 in
2604 2124 2734 2191 eius
2799 2128 3021 2192 timore
3079 2129 3283 2193 vivere

578 2225 641 2286 et
686 2220 925 2303 operari
971 2218 1294 2292 studeatis,
1343 2216 1501 2298 quod
1533 2216 1663 2298 ipse
1698 2214 1881 2298 digne
1914 2212 2194 2278 stabiliat
2228 2213 2451 2277 solium
2483 2215 2777 2293 vestrum,
2811 2215 3086 2298 illudque
3116 2217 3283 2281 omni

577 2308 917 2374 stabilitate
951 2308 1251 2381 fecundet,
1285 2305 1576 2387 vobisque
1610 2304 1790 2368 donet
1836 2302 1925 2365 ita
1970 2320 2077 2384 per
2140 2301 2296 2366 bona
2343 2301 2708 2383 temporalia
2775 2304 3056 2382 transire,
3125 2306 3282 2387 quod

578 2417 695 2462 non
740 2394 1111 2461 ammittatis
1159 2397 1423 2458 aeterna.
1460 2391 1744 2456 Ceterum
1778 2389 2108 2454 suademus
2150 2389 2469 2454 serenitati
2519 2392 2642 2468 tue,
2689 2392 2757 2454 ut
2823 2410 2962 2455 cum
3032 2393 3285 2474 prefatis

577 2488 728 2551 duce
774 2490 839 2550 et
882 2483 1325 2549 communitate
1375 2484 1549 2564 grate
1596 2482 1658 2544 te
1712 2498 1951 2562 gerenS‚
1998 2477 2138 2543 illos
2186 2478 2565 2560 gratitudine
2609 2481 2673 2543 et
2698 2478 3013 2544 beneficiis
3038 2480 3282 2547 illectos

578 2577 653 2639 ad
700 2574 938 2638 favores
982 2574 1121 2636 tuos
1169 2588 1412 2653 semper
1443 2567 1673 2634 efficias
1709 2568 2130 2651 promptiores.
2182 2566 2453 2630 Possunt
2500 2567 2682 2644 enim,
2733 2587 2843 2632 nec
2890 2568 3269 2647 dubitamuS,

579 2683 711 2728 esse
761 2663 977 2726 volunt
1016 2660 1141 2725 tuis
1188 2660 1464 2742 partibus
1513 2656 1853 2741 plurimum
1901 2656 2216 2721 fructuosi.
2269 2655 2331 2719 Si
2382 2657 2590 2719 autem
2635 2655 2844 2738 aliqua
2890 2658 3274 2739 expedientia

577 2772 685 2834 per
735 2769 844 2816 nos
890 2749 1090 2814 fienda
1112 2748 1488 2830 cognoveris,
1536 2744 1710 2810 nobis
1737 2747 1844 2809 tua
1874 2744 2124 2808 intimet
2169 2743 2491 2819 celsitudo,
2536 2744 2699 2808 sicut
2744 2745 2908 2809 enim
2958 2747 3121 2811 nosti
3163 2766 3272 2829 pro

577 2836 999 2905 stabilimento
1047 2840 1111 2902 et
1177 2835 1632 2900 conservatione
1676 2833 1801 2896 tuis
1849 2832 2242 2898 adhibuimus
2289 2835 2353 2895 et
2395 2832 2684 2897 adhibere
2732 2832 3010 2915 dispositi
3061 2855 3278 2901 sumus

576 2946 755 3011 opem
800 2931 861 2991 et
906 2945 1149 3008 operam
1197 2924 1494 2989 efficaces.
1540 2922 1774 2985 Datum
1823 2922 1985 2985 Luce
2023 2921 2237 2985 XVIII
2282 2919 2574 2985 kalendas
2622 2920 2776 2999 iulii,
2809 2939 2968 2986 anno
3015 2923 3274 2989 decimo.

697 3123 708 3134 ·
793 3030 1032 3184 ξιίὶωίὲίξ
1082 3030 1342 3095 mutatis
1390 3026 1706 3094 mutandis
1754 3027 2075 3092 carissime
2122 3028 2186 3091 in
2232 3025 2461 3091 christo
2494 3026 2619 3092 filie
2665 3027 2860 3092 Maris
2903 3029 3117 3110 regine
3148 3029 3282 3095 Un-

575 3140 748 3207 garie
799 3142 816 3184 1
872 3140 941 3184 us
977 3140 1047 3183 r1.

666 3247 1231 3308 Commemorialium
1290 3244 1473 3305 VIII.
1529 3244 1673 3321 127,
1722 3260 1764 3301 u
1824 3199 2162 3302 mletacko'm
2208 3241 2438 3302 arkivu.

917 3451 1459 3535 CCCXLVII.
1513 3450 1720 3533 Gall.
1778 3449 1995 3532 1387.
2048 3449 2153 3532 30
2206 3447 2514 3552 lipnja,
2572 3470 2628 3529 u
2683 3450 2969 3557 Senju.

591 3617 928 3694 Uyar.-hrv.
974 3615 1229 3689 krabica
1274 3614 1512 3686 Marisa
1552 3614 1890 3688 zahvazjuje
1934 3629 1995 3673 se
2038 3577 2415 3685 mercantem,
2447 3615 2536 3675 §to
2564 3617 2625 3688 je
2654 3617 2957 3692 poqlavito
2989 3619 3286 3692 m'ihovom

1574 3738 1826 3811 pomocu
1870 3738 2260 3807 oslobodiena.

786 3876 1238 3960 Regratiatoria
1315 3877 1522 3959 regine
1591 3876 1788 3942 Maris
1850 3876 1924 3941 de
1990 3876 2184 3960 gestis
2248 3866 2355 3961 per
2416 3878 2635 3945 ducale
2703 3881 3044 3950 dominium
3116 3870 3284 3951 circa

577 3968 1007 4033 liberationem
1054 3984 1248 4031 suam.

784 4071 1187 4137 Serenissime
1234 4069 1516 4153 princeps
1563 4074 1626 4134 et
1668 4070 2009 4134 amicorum
2057 4072 2404 4137 nostrorum
2436 4073 2669 4138 intime.
2719 4073 3076 4140 Affectuosa
3107 4078 3279 4143 salu-

577 4162 810 4227 tatione
859 4161 1172 4242 premissa.
1224 4157 1422 4237 Quam
1475 4158 1795 4240 magnifice
1844 4162 1906 4223 et
1952 4177 2136 4242 quam
2199 4162 2468 4245 gratiose
2534 4164 2600 4226 et
2661 4163 2790 4228 alte
2856 4167 3063 4230 vestra
3119 4184 3286 4232 sere-

577 4252 738 4315 nitas
787 4248 947 4313 circa
1017 4250 1222 4312 nostre
1284 4246 1631 4310 maiestatis
1692 4246 2196 4313 deliberationem
2250 4251 2452 4314 vestre
2511 4250 2888 4316 sinceritatis
2951 4255 3155 4334 partes
3219 4257 3282 4320 et

579 4340 739 4403 vires
786 4336 1115 4401 efficaciter
1184 4334 1626 4417 interposuerit
1686 4335 1901 4418 lingua
1966 4335 2236 4403 humana
2293 4356 2408 4402 non
2457 4339 2654 4419 possit
2699 4340 3060 4422 exprimere.
3108 4343 3277 4407 Nam

576 4444 685 4507 pro
732 4444 875 4490 vero
919 4424 1122 4488 dicere
1170 4441 1515 4505 possumuS,
1563 4422 1722 4505 quod
1771 4424 1938 4487 circa
1964 4424 2394 4490 liberationem
2422 4429 2695 4492 nostram
2728 4432 2968 4510 partem
3003 4432 3272 4496 vestram

574 4514 969 4576 habuerimus
1017 4512 1335 4594 potiorem.
1383 4509 1559 4588 Quod
1605 4512 1856 4593 quidem
1901 4530 2017 4577 uon
2066 4513 2376 4578 immerito
2422 4515 2485 4578 in
2513 4517 2776 4580 archano
2811 4517 3035 4581 mentis
3068 4522 3275 4582 nostre

575 4600 1014 4681 perpetualiter
1061 4600 1272 4664 notum
1321 4599 1651 4663 habebitur
1698 4618 1838 4664 cum
1886 4601 2089 4664 animo
2134 4606 2265 4666 tam
2314 4603 2607 4669 notabilia
2658 4607 2724 4669 et
2762 4623 2986 4689 magna
3015 4606 3267 4671 servitia

578 4686 1093 4767 recompensandi,
1142 4692 1202 4752 et
1249 4690 1563 4751 tantorum
1591 4689 1953 4753 meritorum
1997 4690 2190 4754 vicem
2239 4692 2547 4756 reddendi.
2595 4690 2677 4757 Et
2707 4712 2896 4775 quum
2933 4694 3023 4757 vir
3050 4693 3272 4758 nobilis

580 4772 861 4837 dominus
906 4773 1177 4839 Joannes
1223 4774 1563 4841 Barbadico
1609 4777 1965 4858 capitaneus
2014 4781 2214 4842 vester
2259 4783 2321 4843 et
2362 4779 2537 4844 miles
2582 4783 2794 4846 noster
2826 4780 2889 4845 in
2920 4779 3274 4864 exequendo
