3620 5282
497 291 626 359 236

493 469 762 553 possent,
788 476 789 479 ’
815 469 1003 534 etiam
1049 470 1104 534 si
1152 469 1514 536 mandatum
1563 469 1815 554 exigant
1861 470 2164 553 speciale;
2236 468 2451 535 dantes
2499 471 2563 534 et
2610 468 3019 537 concedentes
3068 465 3222 532 dicti

496 557 731 622 domini
793 575 998 622 comes
1059 558 1122 622 et
1182 557 1313 622 eius
1374 558 1706 623 consiliarii
1768 558 1900 622 vice
1960 561 2020 623 et
2085 558 2332 623 nomine
2395 557 2541 621 dicti
2596 556 2937 620 communis
2982 558 3048 619 et
3089 554 3226 618 uni-

496 644 811 710 versitatis
872 644 1063 710 Jadre
1121 665 1260 710 curn
1320 664 1617 711 consensu
1678 649 1741 710 et
1799 645 2116 711 voluntate
2182 646 2489 710 dictorum
2549 643 2856 708 nobilium
2921 646 2985 707 et
3034 643 3222 707 bono-

499 752 635 796 rum
682 731 1003 797 hominum
1050 733 1239 799 Jadre
1288 736 1803 816 congregatorum
1849 733 2116 811 ibidem,
2183 736 2247 798 et
2293 733 2411 815 ipsi
2474 733 2758 796 homines
2803 749 2945 795 cnm
3008 731 3222 795 volun-

496 820 625 886 tate
669 822 734 884 et
777 837 1032 885 assensu
1079 820 1386 886 dictorum
1427 822 1821 885 dominorum
1894 822 2140 886 comitis
2203 823 2267 885 et
2328 820 2815 885 consiliariorum
2877 836 2985 899 pro
3047 838 3111 882 se
3158 818 3223 881 et

499 908 665 972 dicto
727 907 1042 972 communi
1105 908 1290 973 dictis
1352 908 1852 992 procuratoribus
1913 911 1978 973 et
2038 908 2305 992 syndicis
2369 910 2431 972 et
2492 907 2711 973 maiori
2776 905 2940 989 parti
3012 923 3222 970 eorum

497 996 777 1077 plenum,
817 995 1082 1060 liberum
1130 998 1192 1060 et
1238 997 1522 1079 generale
1571 995 1932 1061 mandatum
1978 1016 2121 1061 cum
2167 996 2380 1079 plena,
2448 994 2646 1059 libera
2686 996 2750 1057 et
2794 992 3069 1078 generali
3115 992 3224 1056 ad-

500 1081 971 1148 ministratione.
1037 1084 1453 1148 Promitentes
1518 1084 1767 1166 insuper
1832 1084 2020 1148 michi
2081 1083 2320 1148 notario
2378 1081 2768 1164 infrascripto
2835 1083 2906 1145 ut
2967 1097 3224 1163 persone

498 1169 743 1253 publice
790 1170 1122 1235 conhaenti
1169 1173 1232 1235 et
1278 1170 1603 1253 stipulanti
1655 1189 1765 1252 pro
1830 1171 2114 1236 omnibus
2162 1171 2226 1235 et
2272 1169 2572 1253 singulis,
2631 1188 2891 1252 quorum
2939 1167 3217 1246 interest,

499 1256 778 1322 intererit
823 1277 932 1322 seu
976 1258 1272 1323 interesse
1321 1260 1547 1341 posset,
1597 1277 1663 1323 se
1710 1260 1893 1323 firma
1955 1261 2019 1322 et
2063 1260 2196 1323 rata
2253 1258 2480 1322 habere
2545 1259 2841 1340 perpetuo
2905 1255 3112 1320 omnia
3157 1258 3221 1319 et

499 1345 767 1428 singula,
817 1364 933 1427 que
987 1364 1094 1426 per
1139 1345 1334 1410 dictos
1383 1363 1524 1411 suos
1572 1346 1854 1428 syndicos
1902 1349 1965 1410 et
2018 1347 2449 1429 procuratores
2497 1345 2598 1410 vel
2642 1345 2939 1408 maiorem
2983 1344 3223 1425 partem

496 1451 704 1496 eorum
747 1431 931 1509 facta,
992 1434 1171 1515 gesta
1217 1452 1323 1497 seu
1370 1433 1618 1498 firmata
1662 1436 1725 1497 et
1762 1433 2053 1503 ,stabilita
2083 1433 2315 1498 fuerint
2360 1434 2422 1497 in
2468 1432 2789 1514 premissis
2836 1434 2900 1495 et
2944 1430 3223 1513 quolibet

500 1522 959 1602 premissorum
1008 1520 1122 1584 sub
1169 1522 1431 1603 ypoteca
1474 1523 1538 1584 et
1578 1520 1952 1603 obligatione
2000 1540 2276 1585 omnium
2338 1520 2635 1585 bonorum
2682 1518 2828 1584 dicti
2879 1518 3225 1583 communis

498 1606 885 1689 presentium
934 1608 998 1672 et
1044 1608 1425 1687 futurorum,
1472 1608 1877 1673 costituentes
1920 1628 1984 1673 se
2033 1609 2215 1673 dictis
2269 1607 2619 1673 nominibus
2681 1606 3071 1671 fideiussores
3111 1622 3222 1689 pro

497 1695 585 1759 eis
633 1694 696 1758 in
742 1694 1033 1760 omnibus
1081 1698 1142 1759 et
1190 1696 1453 1779 singulis
1522 1695 1874 1761 antedictis.
1944 1697 2176 1763 Actum
2238 1696 2302 1759 in
2365 1695 2596 1777 palatio
2660 1693 2993 1759 comitatus
3039 1693 3226 1759 Jadre

496 1781 878 1864 presentibus
904 1782 1185 1848 ,Iohanne
1212 1782 1547 1859 Bernardo,
1599 1783 1838 1847 notario
1870 1783 2130 1848 ducatus
2160 1784 2589 1859 Veneciarum,
2638 1782 2701 1846 et
2743 1780 3004 1845 Nicolao
3052 1780 3219 1845 dicto

505 1867 631 1934 Cho
675 1869 801 1934 filio
847 1870 1108 1934 condam
1155 1871 1432 1954 Dragani
1478 1872 1551 1935 de
1598 1871 1882 1935 Veneciis
1930 1871 2235 1936 abitatore
2292 1870 2483 1937 Jadre
2529 1873 2594 1935 et
2640 1868 2782 1934 aliis
2835 1868 3099 1933 testibus
3147 1867 3226 1933 ad

500 1958 611 2022 hec
658 1958 891 2022 vocatis
939 1958 1292 2040 specialiter
1354 1961 1420 2022 et
1481 1957 1734 2041 rogatis.
1800 1959 1933 2042 Ego
1999 1959 2316 2025 Johannes
2361 1959 2522 2024 Vido
2584 1956 2989 2023 cancellarius
3035 1954 3225 2021 Jadre

500 2044 843 2110 examinavi
885 2045 948 2109 et
989 2045 1350 2127 subscripsi.
1402 2046 1534 2129 Ego
1606 2046 1968 2111 Dominicus
2031 2047 2105 2110 de
2151 2046 2498 2112 Zovenoltis
2557 2044 2723 2109 filius
2784 2044 2937 2109 olim
2993 2043 3229 2108 domini

498 2132 794 2210 Tomaxii,
842 2132 994 2197 civis
1043 2131 1355 2209 Cremona,
1406 2133 1779 2199 auctoritate
1837 2133 2155 2217 imperiale
2220 2133 2536 2213 notariuS,
2600 2151 2672 2196 ac
2740 2131 3016 2199 notarius
3060 2131 3228 2196 curie

499 2219 689 2286 Jadre
739 2219 853 2285 hoc
902 2220 1391 2284 instrumentum
1433 2221 1508 2286 de
1549 2223 1837 2285 mandato
1882 2221 2378 2304 supradictorum
2426 2221 2815 2286 dominorum
2872 2219 3118 2284 comitis
3165 2219 3231 2282 et

498 2306 997 2372 consiliariorum
1046 2310 1109 2372 et
1157 2308 1578 2373 universitatis
1627 2310 2047 2391 suprascripte
2111 2310 2327 2391 scripsi
2370 2310 2434 2374 et
2480 2309 2541 2373 in
2589 2308 2904 2392 publicam
2963 2308 3224 2371 formam

498 2395 727 2478 redegi.

593 2484 1161 2545 Commemorialium
1206 2486 1247 2544 1
1258 2486 1321 2545 V.
1369 2488 1517 2556 216,
1565 2504 1606 2545 u
1649 2487 1993 2547 mletackom
2034 2487 2266 2547 arkivu.

919 2673 1286 2757 cchu.
1340 2675 1547 2758 6011.
1604 2676 1828 2760 1352.
1888 2678 1994 2760 24
2046 2677 2363 2778 111»an
2413 2698 2473 2758 u
2528 2675 2835 2757 zach-u.

502 2802 792 2877 Poyodba,
829 2819 912 2875 po
959 2801 1117 2874 kojoj
1162 2802 1350 2862 zadao
1351 2804 1455 2862 sko
1502 2803 1655 2862 vicce
1705 2804 1953 2877 prodaJ'e
2004 2804 2291 2876 republicis
2336 2820 2444 2862 svu
2483 2804 2604 2880 sol,
2668 2803 2807 2875 koja
2850 2818 2911 2861 se
2958 2800 3143 2859 dinila
3191 2818 3232 2858 u

1606 2892 1855 2966 njeeyovu
1899 2893 2131 2951 kotaru.

717 3005 908 3089 Copia
956 3006 1353 3072 instrumenti
1400 3010 1731 3092 emptionis
1779 3009 1930 3075 salis
1979 3011 2298 3075 districtus
2344 3009 2553 3076 Jadre.
2602 3010 2674 3073 In
2714 3008 2933 3074 christi
2981 3008 3228 3073 nomine

501 3115 700 3162 amen.
752 3094 933 3158 Anno
981 3093 1059 3158 ab
1106 3095 1526 3162 incarnatione
1571 3098 1846 3163 eiusdem
1894 3098 2227 3163 millesimo
2255 3097 2687 3163 trecentesimo
2712 3097 2846 3176 LII,
2897 3096 3228 3160 indictione

503 3183 577 3262 V,
627 3183 724 3246 die
772 3180 1079 3264 vigesimo
1127 3185 1346 3264 quarto
1396 3186 1626 3249 mensis
1689 3185 1877 3262 iunii,
1948 3188 2228 3268 tempore
2293 3185 2670 3250 serenissimi
2731 3183 2965 3248 domini
3031 3182 3228 3246 nostri

503 3270 736 3334 domini
781 3268 1029 3333 Andree
1078 3269 1358 3335 Dandulo
1399 3271 1499 3336 dei
1548 3272 1753 3354 gratia
1802 3273 2216 3339 Veueciarum
2264 3275 2379 3338 etc.
2429 3272 2628 3337 incliti
2674 3271 2880 3348 1111613,
2947 3270 3011 3333 et
3054 3287 3226 3333 reve-

503 3357 673 3422 rendi
721 3356 917 3440 patris
965 3356 1201 3420 domini
1225 3357 1468 3422 Nicolai
1518 3359 1595 3423 de
1641 3361 1966 3425 Matafaris
2014 3360 2337 3426 Jadrensis
2376 3358 2836 3441 archiepiscopi,
2884 3375 2956 3421 ac
2991 3356 3226 3421 domini

504 3443 845 3513 ‚Iustiniani
896 3443 1250 3510 Justiniano
1295 3446 1672 3512 honorabilis
1731 3447 1978 3512 comitis
2047 3450 2112 3512 et
2173 3447 2480 3531 capitanei
2541 3446 2753 3513 Jadre.
2814 3445 3119 3528 Egregius
3166 3447 3231 3508 et

506 3535 720 3615 potens
768 3533 860 3597 vir
907 3532 1188 3596 dominus
1235 3532 1624 3599 Justinianus
1673 3534 2031 3601 Justiniano
2079 3535 2459 3601 honorabilis
2506 3554 2712 3599 comes
2760 3536 2824 3597 et
2869 3533 3229 3616 capitaneus

505 3621 694 3687 Jadre
742 3622 804 3686 et
851 3618 1087 3685 nobiles
1134 3622 1195 3683 et
1238 3620 1550 3703 sapientes
1600 3623 1714 3686 viri
1761 3622 2048 3688 dominus
2078 3624 2299 3688 Petrus
2327 3623 2599 3687 Falletro
2645 3625 2709 3686 et
2738 3620 3059 3688 ι1011611663
3112 3618 3229 3683 Su-

504 3708 784 3793 perantio
831 3705 1168 3773 consiliarii
1208 3708 1357 3786 eiua,
1408 3727 1518 3773 nec
1561 3729 1680 3775 non
1743 3711 1974 3793 egregii
2023 3713 2086 3775 et
2130 3711 2461 3794 prudentes
2509 3710 2625 3774 viri
2675 3708 2910 3773 domini
2956 3707 3228 3773 Jacobus

506 3796 832 3880 Delphino,
882 3792 1180 3859 Nicolaus
1222 3794 1384 3859 Nani
1433 3798 1496 3861 et
1541 3796 1820 3862 Albanus
1869 3797 2240 3863 Mauroceno
2298 3798 2686 3863 honorabiles
2732 3796 3076 3880 provisores
3118 3812 3228 3878 pro

505 3885 705 3949 ducali
751 3882 1023 3948 dominio
1069 3881 1135 3945 in
1183 3881 1466 3963 partibus
1515 3882 1838 3950 Sclavonie
1887 3886 1966 3950 ad
2021 3886 2443 3969 suprascripta
2488 3885 2694 3949 omnia
2740 3886 2806 3948 et
2849 3882 3096 3966 singula
3140 3882 3232 3946 fa-

507 3971 740 4049 cienda,
789 3969 1153 4052 complenda
1199 3970 1263 4034 et
1310 3971 1615 4036 firmanda
1652 3973 1946 4038 habentes
1992 3992 2029 4038 a
2078 3974 2280 4039 ducali
2328 3972 2600 4036 dominio
2647 3972 3050 4037 Venetiarum
3098 3970 3231 4053 ple·

507 4079 654 4124 num
692 4058 756 4122 et
802 4055 1111 4122 sufficiens
1152 4058 1553 4137 mandatum,
1621 4061 1782 4125 sicut
1844 4080 1951 4143 pro
2014 4061 2245 4126 litteris
2307 4059 2627 4124 ducalibus
2691 4059 2855 4123 datis
2917 4058 2983 4122 in
3028 4057 3233 4122 ducali

505 4145 738 4230 palatio
784 4145 884 4210 die
932 4160 1089 4209 nono
1138 4145 1370 4210 mensis
1418 4146 1594 4222 iunii,
1645 4147 1858 4229 quinte
1920 4147 2274 4214 indictionis
2338 4146 2583 4212 nomine
2629 4150 2692 4212 et
2739 4146 2871 4212 vice
2924 4143 3077 4209 dicti
3122 4145 3232 4209 do-

504 4233 685 4296 minii
732 4231 965 4297 ducalis
1012 4250 1082 4293 ex
1129 4232 1307 4313 parte
1355 4251 1499 4311 una,
1550 4236 1614 4298 et
1658 4236 1896 4299 nobiles
1945 4235 2058 4298 viri
2110 4256 2208 4301 ser
2235 4235 2515 4299 Marinus
2564 4234 2638 4299 de
2665 4233 3031 4309 Carnaruto,
3069 4233 3231 4296 Pau-

506 4320 602 4383 lus
652 4319 1052 4397 PalonbradO,
1104 4320 1169 4381 et
1214 4317 1489 4386 Cressius
1538 4321 1687 4386 olim
1744 4323 2065 4387 Laurentii
2125 4323 2201 4387 de
2265 4321 2580 4387 Zivalellis
2647 4322 2813 4387 cives
2874 4319 3232 4396 JadrenseS,

509 4409 934 4505 procuratores
982 4410 1046 4471 et
1087 4407 1322 4488 syndici
1370 4410 1777 4491 suprascripti
1840 4409 2076 4473 domini
2124 4411 2368 4475 comitis
2394 4458 2408 4486 ,
2473 4409 3001 4486 consiliariorum,
3063 4426 3233 4472 com-

513 4492 710 4557 munis
757 4495 819 4556 et
869 4493 1290 4559 universitatis
1335 4494 1560 4575 Jadre,
1623 4496 1699 4561 de
1765 4516 2022 4580 quorum
2071 4497 2395 4581 syndicatu
2440 4499 2506 4561 et
2554 4496 2908 4578 procuraria
2955 4513 3065 4577 pro
3116 4513 3227 4577 pu-

513 4580 672 4645 blico
720 4580 1087 4645 documento
1130 4579 1291 4646 facto
1340 4600 1519 4660 6660,
1570 4583 1927 4663 indictione,
1985 4604 2192 4649 mense
2241 4587 2305 4649 et
2350 4585 2451 4649 die
2499 4584 2795 4667 predictis
2859 4603 2968 4667 per
3011 4600 3234 4647 manus

518 4668 641 4733 mei
687 4667 912 4734 notarii
956 4667 1340 4752 infrascripti
1385 4671 1728 4754 syndicario
1776 4672 1839 4737 et
1884 4672 2307 4754 procuratorio
2370 4671 2725 4737 nominibus
2789 4670 3113 4736 antedictis
3160 4688 3235 4733 ex
3277 4739 3294 4744 ‚
