3620 5282
538 369 664 435 150

534 545 853 632 prudentis
897 544 1310 611 Ancianorum
1365 544 1605 610 consilii
1652 545 1714 610 in
1761 545 1940 629 pleno
1987 564 2240 611 numero
2293 546 2671 630 congregati,
2737 550 2802 613 et
2852 567 3108 631 quorum
3162 549 3240 615 de

535 636 700 701 dicto
744 633 997 699 consilio
1045 633 1291 699 nomina
1335 636 1480 697 sunt
1523 633 1667 699 hec:
1715 633 2000 699 dominus
2042 633 2334 700 Nicolaus
2380 636 2452 700 de
2495 637 2695 701 Recho
2725 637 2908 720 prior,
2957 636 3237 704 dominus

535 723 1006 789 Bartholomeus
1052 722 1125 786 de
1169 721 1403 805 Jacopo
1448 723 1652 805 legum
1701 723 1930 799 doctor,
1999 722 2283 788 dominus
2328 724 2650 790 Vicentius
2709 725 2786 789 de
2847 725 3068 805 Flisco,
3132 726 3239 791 do-

536 810 741 878 minus
787 809 1064 890 Quilicus
1110 810 1538 888 Bondinarius‚
1585 810 1871 876 dominus
1909 811 2189 876 Percival
2223 810 2390 889 Cibo,
2437 813 2719 877 domiuus
2765 814 3129 879 Franciscus
3160 815 3235 879 de

535 900 841 978 Anthona,
891 899 1173 963 dominus
1235 897 1583 963 Anthonius
1648 900 1986 978 Lercarius,
2048 900 2331 966 dominus
2391 900 2864 966 Bartholomeus
2926 904 2999 967 de
3056 903 3237 968 Prato

535 989 612 1053 de
656 987 1014 1063 Bulzaneto,
1060 986 1343 1052 dominus
1388 986 1658 1052 Thomas
1706 987 2034 1066 cataneus,
2082 988 2367 1053 dominus
2415 988 2637 1053 Petrus
2683 989 2981 1069 Cazanus,
3045 991 3238 1056 domi-

535 1094 650 1142 nus
696 1076 943 1141 Illarius
985 1074 1342 1140 Lezavellus
1385 1078 1449 1140 et
1491 1075 1776 1141 dominus
1824 1077 2088 1142 Thomas
2138 1075 2392 1158 Spinula
2453 1096 2561 1142 nec
2621 1096 2741 1143 non
2801 1078 3036 1145 dictum
3096 1098 3238 1145 con-

533 1162 742 1229 cilium
791 1182 899 1229 seu
943 1162 1271 1228 consiliarii
1316 1163 1556 1229 anciani
1597 1165 1660 1229 in
1705 1164 2041 1247 presencia,
2090 1164 2481 1243 auctoritate,
2530 1167 2844 1231 voluntate
2891 1170 2952 1231 et
2998 1168 3234 1233 decreto

535 1252 759 1335 prefati
801 1250 1068 1317 illustris
1113 1253 1178 1316 et
1223 1252 1530 1335 magnifici
1577 1252 1812 1319 domini
1856 1252 2029 1318 ducis
2078 1254 2316 1318 nomine
2356 1254 2421 1317 et
2467 1253 2595 1318 vice
2647 1256 2991 1320 communis
3037 1255 3235 1321 Janue

533 1342 598 1406 et
636 1358 745 1423 pro
792 1340 925 1423 ipso
964 1358 1288 1405 commune
1333 1359 1403 1405 ac
1448 1340 1934 1424 quibuscumque
1981 1342 2246 1406 subditis
2284 1344 2349 1406 et
2408 1342 2903 1407 districtualibus
2963 1343 3232 1408 eiusdem

531 1428 894 1505 communis,
946 1427 1336 1494 absolventes
1384 1430 1449 1494 et
1486 1428 1899 1494 deliberantes
1945 1450 2009 1493 se
2057 1431 2222 1512 prius
2271 1450 2452 1512 super
2497 1428 2909 1513 infrascriptis
2972 1432 3049 1495 ad
3104 1433 3234 1497 bal-

533 1516 760 1582 lotulas
801 1516 976 1582 albas
1016 1519 1081 1582 et
1126 1516 1353 1599 nigrae,
1401 1537 1519 1600 que
1563 1520 1802 1601 reperte
1867 1516 2116 1582 fuerunt
2175 1537 2384 1583 omnes
2442 1518 2581 1582 albe
2643 1538 2892 1583 numero
2949 1522 3233 1603 quatuor-

531 1604 751 1683 decim,
799 1604 971 1671 nulla
1016 1606 1211 1689 nigra,
1252 1608 1316 1670 et
1360 1607 1436 1671 ad
1478 1605 1782 1671 cautelam
1825 1607 1890 1670 in
1932 1609 2264 1689 presencia,
2314 1607 2647 1682 voluntate,
2694 1607 3133 1673 deliberatione
3172 1613 3234 1673 et

531 1711 832 1759 consensu
897 1693 1430 1775 infrascriptorum
1493 1695 1632 1758 octo
1691 1692 2064 1777 prudentum
2126 1693 2482 1758 officialium
2546 1713 2763 1778 guerre
2828 1697 3016 1761 maris
3085 1697 3229 1762 dicti

529 1782 873 1847 communis
917 1781 1115 1847 Janue
1160 1781 1351 1846 etiam
1391 1781 1456 1846 in
1503 1782 1679 1863 pleno
1748 1801 2004 1846 numero
2072 1786 2605 1866 congregatorum,
2670 1791 2918 1848 nomina
2982 1803 3231 1866 quorum

431 1944 434 1955 ⁴
530 1871 677 1935 sunt
719 1870 864 1935 hec:
913 1869 1254 1935 Babilanus
1301 1870 1537 1935 Ventus
1582 1871 1767 1952 prior,
1819 1870 2131 1935 Demanus
2171 1871 2214 1947 ¹)
2262 1872 2336 1935 de
2369 1870 2670 1954 Claparia,
2718 1870 3030 1937 Cataneus
3060 1871 3115 1955 2)
3160 1874 3231 1938 de

531 1957 744 2035 Auria,
791 1957 1152 2023 Franciscus
1195 1957 1487 2031 Leardus,
1532 1958 1842 2023 Luchinus
1888 1958 1963 2022 de
2007 1960 2316 2043 Bomavey
2347 1959 2420 2040 ³),
2479 1959 2951 2025 Bartholomeus
3020 1961 3234 2026 Pinde-

531 2047 648 2112 ben
691 2048 765 2111 de
811 2046 1130 2124 Vernacia,
1172 2046 1519 2111 Ambaldus
1564 2046 1916 2112 Lomelinus
1963 2050 2027 2111 et
2071 2046 2421 2112 Anthonius
2466 2046 2694 2123 Grilus,
2742 2049 3039 2135 omnique
3086 2051 3231 2129 iure,

533 2135 652 2211 via,
699 2133 878 2200 modo
921 2137 985 2199 et
1029 2135 1247 2213 forma,
1293 2133 1516 2217 quibus
1558 2133 1776 2200 melius
1823 2137 2155 2218 potuerunt
2212 2138 2273 2200 et
2311 2138 2584 2219 possunt,
2646 2135 2946 2215 fecerunt,
3007 2130 3233 2203 eonsti-

532 2224 802 2302 tuerunt,
850 2222 1167 2306 elegerunt
1211 2226 1276 2287 et
1321 2223 1759 2288 ordinaverunt
1802 2241 1876 2288 ac
1921 2223 2172 2303 faciunt,
2218 2226 2622 2300 constituunt,
2668 2224 2911 2306 eligunt
2955 2226 3019 2289 et
3076 2227 3237 2290 ordi-

531 2312 685 2377 nant
737 2328 948 2377 eorum
1006 2310 1271 2395 dictique
1313 2312 1656 2377 communis
1700 2312 1900 2378 Janue
1946 2329 2142 2388 veros,
2206 2316 2421 2389 certOS,
2475 2311 2875 2392 indubitatOS,
2922 2312 3233 2397 legitimos

532 2398 797 2466 sindicos
843 2401 908 2464 et
951 2402 1393 2482 procuratores,
1442 2401 1695 2465 nuncios
1740 2420 1813 2465 ac
1857 2403 2116 2475 actores,
2159 2403 2223 2465 et
2268 2403 2447 2483 prout
2513 2400 2588 2466 de
2638 2401 2767 2465 iure
2813 2401 3034 2466 melius
3094 2402 3232 2481 dici,

532 2489 771 2554 censeri
817 2488 916 2553 vel
962 2487 1260 2571 appellari
1304 2492 1577 2569 possunt,
1626 2488 1860 2553 nobiles
1906 2488 1970 2552 et
2016 2489 2493 2571 circumspectos
2541 2489 2699 2553 viros
2761 2491 3039 2554 dominos
3087 2492 3237 2555 Leo-

532 2577 790 2641 nardum
848 2576 923 2641 de
988 2575 1305 2643 Montaldo
1369 2575 1810 2660 iurisperitum,
1868 2576 2262 2641 Franciscum
2323 2577 2738 2657 Embriacum,
2800 2576 3233 2661 Neapolionem

529 2665 914 2732 Lomelinum
961 2667 1025 2730 et
1071 2664 1391 2731 Matheum
1441 2666 1776 2736 Maruffum
1823 2665 2059 2731 nobiles
2105 2667 2270 2730 cives
2316 2666 2516 2732 Janue
2563 2666 2714 2730 licet
2742 2666 3027 2732 absentes
3076 2669 3236 2732 tam-

530 2773 713 2840 quam
760 2754 1075 2837 presentes
1138 2757 1201 2819 et
1267 2757 1394 2818 tres
1453 2772 1665 2818 eorum
1725 2774 1967 2837 semper
2030 2755 2090 2818 in
2153 2753 2435 2833 solidum,
2500 2756 2790 2837 quociens
2847 2755 3237 2838 contingerit,

532 2862 719 2909 unum
766 2861 975 2908 eorum
1021 2860 1206 2908 causa
1250 2842 1527 2907 absentie
1574 2842 1671 2908 vel
1728 2841 2104 2908 infirmitatis
2174 2860 2281 2907 seu
2342 2842 2465 2907 alia
2530 2844 2694 2907 iusta
2756 2842 2822 2906 et
2884 2843 3237 2908 rationabili

532 2949 720 2997 causa
764 2949 885 2995 una
928 2948 1068 2995 cum
1115 2930 1257 2995 aliis
1302 2929 1502 2995 tribus
1547 2931 1840 2996 interesse
1887 2948 2004 2995 non
2050 2948 2246 3012 posse,
2308 2932 2383 2995 ad
2429 2932 2836 3009 tractandum,
2884 2932 3238 3014 pervenien-

529 3020 696 3098 dum,
741 3019 1051 3084 iniendum
1096 3021 1161 3084 et
1204 3020 1574 3084 firmandum
1636 3018 1880 3119 bonam,
1944 3037 2150 3085 veram
2215 3019 2515 3083 sinceram
2580 3037 2790 3102 pacem
2862 3022 2926 3084 et
2992 3021 3234 3098 bonum,

529 3127 763 3187 verum,
810 3106 1112 3174 sincerum
1156 3107 1491 3185 acordium‚
1539 3104 1655 3170 deo
1700 3105 1965 3188 propicio
2006 3097 2305 3189 'perpetuo
2337 3107 2694 3173 duraturam
2739 3110 2803 3171 et
2847 3106 3231 3185 duraturum,

529 3215 669 3262 cum
714 3195 942 3262 illustri
988 3197 1052 3260 et
1096 3195 1423 3280 magnifico
1468 3195 1712 3260 domino
1752 3195 1994 3259 domino
2039 3195 2283 3260 Andrea
2328 3193 2668 3261 Contareno
2734 3197 2887 3260 duce
2936 3196 3233 3262 Venecia-

529 3303 667 3349 rum
709 3303 967 3367 cumque
1012 3301 1124 3348 suo
1171 3285 1468 3367 prudente
1512 3283 1762 3348 consilio
1808 3284 1875 3348 et
1918 3302 2054 3347 cum
2119 3284 2427 3351 communi
2494 3287 2560 3348 et
2617 3284 3017 3351 universitate
3073 3285 3236 3349 eius-

529 3372 669 3437 dem
710 3372 978 3438 civitatis
1025 3370 1425 3437 Veneciarum
1487 3389 1593 3435 seu
1657 3390 1796 3436 cum
1861 3389 2115 3452 persona
2160 3371 2258 3436 vel
2312 3372 2586 3453 personis
2645 3372 2927 3457 legitime
2978 3390 3084 3455 pro
3144 3373 3234 3437 eis

531 3480 636 3527 seu
684 3479 891 3526 eorum
938 3459 1290 3526 nominibus
1335 3459 1779 3524 interveniente
1827 3459 1921 3525 vel
1968 3459 2516 3524 intervenientibus
2554 3480 2694 3526 cum
2742 3461 2924 3543 pleno
2985 3463 3049 3525 et
3109 3463 3235 3525 suf-

530 3549 756 3614 ficienti
802 3547 1092 3612 mandato
1135 3549 1209 3612 de
1255 3549 1319 3613 et
1347 3566 1456 3633 pro
1486 3549 1650 3612 omni
1698 3565 1937 3630 guerra,
1988 3548 2308 3626 discordia,
2357 3566 2623 3626 rancore,
2671 3549 2829 3627 odio,
2879 3548 3233 3628 inimicicia,

529 3655 646 3721 que
694 3637 859 3714 sunt,
908 3637 1232 3701 vertuntur
1276 3638 1339 3700 et
1382 3636 1614 3719 vigent,
1663 3655 1898 3720 queque
1946 3635 2194 3701 fuerunt
2235 3637 2298 3701 et
2342 3636 2671 3719 viguerunt
2729 3642 2793 3700 et
2853 3637 2913 3701 in
2957 3636 3233 3702 futurum

529 3724 758 3791 fuerint
799 3726 865 3788 et
908 3723 1218 3809 viguerint
1256 3742 1363 3788 seu
1411 3725 1729 3789 vertentur
1776 3724 1936 3788 inter
1980 3724 2180 3789 dictas
2227 3729 2430 3807 partes
2492 3725 2838 3791 nominibus
2905 3725 3236 3791 antedictis

530 3815 596 3879 et
637 3815 711 3880 de
755 3818 818 3878 et
857 3831 967 3895 pro
1013 3813 1497 3896 quibuscumque
1537 3812 1889 3877 hominibus
1937 3812 2197 3896 captivis
2243 3813 2547 3877 dictarum
2593 3815 2865 3897 partium
2920 3816 2983 3879 et
3030 3815 3234 3878 cuius-

529 3901 688 3967 libet
730 3920 962 3981 earum,
1009 3919 1121 3967 nec
1165 3920 1282 3966 non
1327 3900 1404 3965 de
1450 3901 1517 3967 et
1559 3919 1666 3983 pro
1712 3902 2195 3984 quibuscumque
2255 3900 2627 3979 homicidiis,
2688 3902 2959 3978 cedibuS,
3023 3903 3235 3967 vulne-

530 3990 720 4069 ribus,
767 3990 1071 4072 dampnis,
1113 3988 1424 4066 incendiiS,
1473 3988 1752 4065 robariis,
1799 3989 2022 4070 predis,
2071 3989 2320 4071 rapinis,
2370 3989 2631 4072 aliisque
2694 3990 3074 4066 criminibus
3140 3992 3233 4056 in-

531 4079 723 4156 iuriis,
776 4077 1231 4152 offensionibus
1276 4077 1608 4142 sceleribus
1653 4080 1717 4142 et
1761 4077 2025 4154 delictiS,
2074 4078 2441 4155 commissis
2488 4078 2683 4143 illatis
2742 4082 2805 4146 et
2865 4080 3233 4162 perpetratis

533 4166 675 4232 hinc
723 4167 863 4232 inde
902 4184 975 4231 ac
1020 4165 1468 4245 commitendis,
1516 4164 1880 4230 inferrendis
1922 4168 1985 4230 et
2024 4167 2443 4248 perpetrandis
2492 4167 2553 4231 in
2599 4165 2877 4232 futurum
2919 4185 3112 4249 usque
3155 4168 3233 4232 ad

530 4257 695 4321 diem
739 4256 900 4322 dicte
945 4256 1117 4339 pacis
1161 4255 1293 4319 tam
1338 4254 1505 4319 dicta
1557 4272 1780 4338 guerra
1842 4253 2087 4336 vigente
2147 4261 2331 4337 quam
2375 4255 2535 4332 ante,
2603 4256 2820 4338 pactiS,
2881 4255 3234 4321 conventio·

529 4345 729 4426 nibus
774 4342 1299 4428 promissionibus,
1341 4341 1558 4420 modis,
1603 4341 1836 4420 formiS,
1882 4342 2348 4422 conditionibus),
2412 4362 2708 4426 penarum
2769 4342 3229 4421 adiectionibus,

530 4432 983 4515 securitatibus,
1030 4429 1541 4511 fideiussionibus‚
1597 4430 1975 4508 iuramentiS,
2023 4431 2522 4516 obligationibus,
2585 4433 2879 4516 ypotecis,
2940 4432 3235 4498 solemni-

607 4609 658 4693 ¹)
704 4612 774 4670 In
818 4610 995 4671 altero
1039 4609 1304 4685 originali
1349 4609 1658 4670 Damianus
1704 4611 1773 4671 de
1819 4609 2105 4685 Clapauia.

603 4698 657 4769 ⁹)
697 4701 766 4759 In
809 4698 987 4759 altero
1033 4698 1299 4773 originali
1346 4699 1685 4759 Catheneus.

602 4784 655 4869 ³)
699 4788 766 4848 In
810 4786 924 4847 alio
969 4786 1235 4863 originali
1281 4786 1655 4849 Bonavensis.
