3620 5282
521 346 654 409 400

529 529 783 603 propter
828 521 943 586 hoc
989 520 1264 582 nostram
1314 520 1722 583 ambasiatam
1765 519 1839 581 ad
1890 517 2262 598 presentiam
2307 514 2458 580 dicti
2506 515 2739 579 domiui
2785 517 2973 598 regia,
3020 514 3145 578 imo
3201 518 3279 576 ut

534 610 802 672 diximus
849 607 1148 690 loquendo
1198 606 1572 670 confidenter
1613 606 1924 670 credimus
1972 624 2106 667 esse
2163 606 2405 679 bonum,
2457 605 2616 685 quod
2665 604 2961 667 maiestas
3007 622 3116 666 sua
3168 621 3277 665 re-

527 697 732 778 quirat
778 696 852 758 de
903 695 1044 757 aliis
1096 693 1346 775 regibus
1394 697 1455 758 et
1502 695 1889 776 principibus
1962 694 2173 755 mundi
2220 694 2293 756 ad
2361 692 2531 756 istud
2598 691 2855 767 sactum,
2904 710 3041 755 cum
3092 709 3277 753 com-

526 784 798 847 muniter
844 800 1055 846 omnes
1103 782 1339 862 tangat,
1391 789 1453 845 et
1490 802 1604 846 non
1661 782 1853 844 vellet
1897 799 2214 845 assumere
2261 782 2464 842 totum
2516 779 2679 842 istud
2707 797 2858 842 onus
2893 780 2951 841 in
2987 777 3274 859 se,quod

525 870 926 951 importabile
974 868 1093 931 sibi
1144 868 1300 932 foret
1346 875 1406 932 et
1452 871 1628 933 nobis
1677 869 1887 943 etiam,
1938 867 2177 948 quando
2231 869 2510 949 tempore
2562 871 2625 930 et
2671 885 2779 930 nos
2806 865 3104 930 vellemus
3154 884 3277 946 ap-

524 958 900 1040 prehendere
948 959 1192 1019 tantum
1236 957 1491 1020 sactum.
1561 958 1641 1020 Et
1710 955 2148 1020 nichilominus
2219 973 2336 1018 non
2393 954 2767 1018 testabimus
2815 959 3137 1036 propterea
3186 953 3273 1015 de

528 1045 803 1109 faciendo
851 1044 1099 1108 interim
1171 1044 1334 1106 exire
1402 1048 1641 1108 nostras
1710 1045 1944 1125 galeae,
2016 1044 2078 1106 et
2123 1041 2214 1105 ita
2264 1041 2490 1105 sacient
2559 1042 2898 1106 Jauuenses
2958 1059 3102 1104 suas
3151 1059 3272 1122 pro

527 1132 804 1197 conforto
854 1135 918 1195 et
964 1133 1423 1195 conservatione
1469 1133 1742 1195 civitatis
1817 1130 2400 1212 Constantinopolis,
2467 1129 2738 1193 locorum
2800 1132 3148 1192 nostrorum
3203 1133 3276 1192 et

524 1220 786 1285 aliorum
834 1219 1157 1283 civitatum
1204 1219 1694 1293 christianitatis
1768 1238 1886 1300 que
1956 1222 2100 1280 sunt
2171 1219 2229 1281 in
2301 1217 2582 1280 faucibus
2629 1215 2969 1280 infidelium
3019 1217 3274 1299 predic-

526 1311 766 1384 torum;
814 1310 878 1372 et
923 1308 997 1370 ad
1049 1306 1373 1382 cautelam,
1425 1309 1585 1371 sicut
1631 1309 1898 1388 tangunt
1946 1305 2004 1368 iu
2057 1323 2174 1368 uno
2208 1303 2483 1387 capitulo
2517 1323 2625 1368 sue
2655 1305 3016 1384 ambasiate,
3051 1304 3271 1386 provi·
3357 1322 3368 1335 ·

525 1395 732 1458 dimus
782 1398 853 1457 cie
901 1395 1202 1457 mittendo
1268 1394 1342 1456 de
1416 1395 1681 1474 presenti
1754 1412 1940 1457 unam
2012 1394 2085 1455 de
2133 1393 2320 1456 dictis
2390 1393 2618 1456 nostris
2670 1392 2869 1474 galeis
2914 1393 2992 1455 ad
3041 1394 3268 1474 partes

530 1481 1093 1562 Constantinopolis
1142 1499 1246 1561 pro
1295 1482 1570 1546 conforto
1616 1481 1846 1544 domini
1896 1479 2291 1561 imperatoris
2344 1485 2408 1542 et
2458 1480 2723 1543 aliorum
2792 1479 3143 1552 deinde,‚et
3194 1484 3273 1542 ut

530 1570 660 1634 sint
703 1569 1020 1633 informati
1071 1571 1144 1631 de
1193 1569 1484 1646 subsidio,
1535 1572 1692 1650 quod
1740 1569 1816 1632 de
1864 1568 2030 1631 brevi
2080 1568 2415 1644 habebunt,
2465 1570 2530 1630 et
2575 1571 2804 1649 postea,
2833 1567 3072 1649 quando
3098 1571 3271 1630 tem-

533 1678 649 1741 pus
699 1659 835 1733 erit,
885 1662 946 1719 et
994 1657 1096 1719 alii
1148 1676 1322 1739 reges
1371 1659 1433 1719 et
1480 1658 1788 1739 principes
1838 1674 1902 1719 se
1958 1657 2281 1735 disponent
2348 1658 2412 1718 et
2479 1656 2737 1718 mittent
2796 1675 2939 1719 suas
2986 1654 3271 1719 ambasi-

533 1749 695 1819 ataS,
747 1747 977 1808 erimus
1026 1745 1222 1825 parati
1269 1745 1517 1808 mittere
1556 1750 1855 1820 nostram,
1891 1749 1954 1806 et
2010 1744 2209 1807 facere
2275 1745 2347 1805 de
2394 1742 2601 1819 rebuS,
2650 1762 2767 1824 que
2806 1742 2938 1807 fieri
2988 1761 3097 1824 per
3149 1760 3266 1807 nos

532 1836 837 1915 poterunt,
888 1833 1048 1895 sicut
1094 1832 1153 1894 in
1205 1832 1515 1896 similibus
1565 1832 1808 1897 casibus
1856 1831 2047 1895 nostri
2098 1830 2516 1913 progenitores
2550 1849 2793 1912 semper
2824 1828 3127 1895 fecerunt.
3165 1832 3263 1894 De

528 1923 703 2002 parte
753 1922 855 1995 56,
904 1918 1007 1981 59.
2138 1994 2143 1999 ⁴

750 2007 935 2071 1396.
985 2005 1315 2069 indictione
1364 2006 1578 2087 quinta
1614 2007 1710 2069 die
1758 2004 1972 2070 XXVI
2019 2005 2300 2082 ianuarii,
2352 2005 2462 2069 Ser
2485 2004 2783 2070 Pantaleo
2815 2003 3021 2068 Barbo
3056 2004 3263 2083 mileS,

532 2116 629 2159 ser
671 2095 893 2158 Petrus
944 2094 1143 2176 Aymo
1192 2094 1391 2170 mileS,
1441 2114 1539 2157 ser
1586 2094 1857 2158 Michael
1907 2093 2093 2158 Steno
2143 2097 2516 2175 procurator,
2567 2111 2668 2155 ser
2732 2091 3005 2156 Thomas
3050 2092 3265 2155 Moce—

530 2185 694 2265 nigo,
742 2183 1050 2263 sapientes
1098 2182 1338 2245 consilii
1387 2186 1451 2245 et
1498 2184 1804 2264 sapientes
1857 2182 2158 2245 ordinum.
2212 2179 2369 2260 Quia
2413 2181 2858 2244 ambasiatores
2892 2198 3064 2243 sacre
3096 2179 3265 2262 regie

530 2271 874 2333 maiestatis
927 2268 1262 2350 Hungarie‚
1312 2269 1413 2349 qui
1455 2268 1707 2334 fuerunt
1752 2271 1829 2332 ad
1880 2273 2154 2333 nostram
2208 2268 2610 2350 presentiam,
2655 2267 2943 2332 videntur
2989 2286 3124 2331 esse
3157 2286 3266 2330 cu-

531 2358 657 2440 pidi
706 2358 781 2421 de
826 2356 1103 2421 habendo
1153 2360 1416 2437 prestam
1469 2358 1926 2439 responsionem
1978 2359 2041 2421 et
2089 2356 2532 2438 expeditionem
2603 2374 2640 2419 a
2688 2357 2866 2419 nobis
2928 2356 3007 2418 ad
3058 2355 3262 2418 coelu-

532 2446 767 2510 sionem
819 2446 883 2506 et
928 2443 1213 2507 effectum
1264 2464 1371 2507 sue
1419 2446 1764 2509 ambasiate
1813 2444 1915 2525 qui
1964 2448 2061 2507 est
2110 2462 2217 2525 pro
2263 2444 2445 2507 factis
2492 2443 2876 2506 Turchorum
2912 2445 2978 2506 et
3008 2443 3265 2506 christi-

532 2533 785 2596 anitatis
833 2534 896 2594 et
943 2533 1133 2595 etiam
1183 2551 1288 2612 pro
1334 2532 1477 2595 aliis
1528 2531 1729 2611 factiS,
1775 2533 1826 2595 si
1873 2550 2117 2595 necesse
2162 2531 2369 2605 fuerit,
2410 2535 2473 2594 et
2518 2533 2842 2613 propterea
2888 2534 3131 2612 rogant,
3192 2534 3265 2594 ut

530 2621 775 2703 placeat
822 2621 1068 2683 mittere
1117 2623 1385 2683 nostram
1435 2620 1845 2685 ambasiatam
1894 2619 1971 2684 ad
2016 2620 2391 2701 presentiam
2426 2618 2576 2682 dicti
2633 2618 2864 2683 domini
2900 2619 3034 2691 sui:
3087 2618 3264 2682 vadit

531 2728 693 2791 pars,
746 2709 903 2790 quod
949 2725 1087 2770 cum
1141 2707 1269 2770 illis
1318 2708 1711 2788 placibilibus
1760 2707 1986 2785 verbis»,
2035 2727 2151 2789 que
2199 2707 2461 2789 collegio
2510 2707 2824 2782 videbunt,
2883 2706 3258 2789 respondea-

536 2806 638 2859 tur
686 2801 748 2858 et
787 2796 1044 2871 dicatur,
1096 2794 1257 2876 quod
1301 2795 1584 2876 dispositi
1633 2795 1881 2859 domino
1929 2813 2038 2858 suo
2085 2794 2335 2858 domino
2382 2794 2512 2877 regi
2560 2794 2733 2858 velut
2800 2795 3002 2857 amico
3048 2793 3265 2875 singu-

531 2884 845 2948 larissimo
895 2883 1294 2962 complacere,
1345 2882 1822 2947 deliberavimus
1874 2884 2125 2947 mittere
2172 2885 2238 2946 et
2283 2884 2346 2946 in
2396 2881 2561 2945 brevi
2613 2885 2885 2945 nostram
2919 2882 3265 2964 ⁸ambasia-

538 2975 669 3034 tam
720 2971 795 3033 ad
847 2971 1218 3051 presentiam
1272 2989 1445 3034 suam
1497 2973 1567 3034 ad
1618 2970 1990 3034 audiendum
2039 2970 2171 3047 illa,
2221 2989 2337 3051 que
2384 2970 2681 3034 maiestas
2751 2987 2864 3033 sua
2923 2968 3134 3033 dicere
3198 2973 3266 3034 et

538 3060 851 3123 declarare
900 3057 1162 3121 voluerit
1211 3077 1393 3139 super
1439 3057 1623 3122 factis
1673 3058 1983 3138 predictis.

750 3146 830 3209 Et
874 3146 1186 3226 eligantur
1233 3148 1306 3207 de
1353 3147 1619 3226 presenti
1668 3164 1771 3226 per
1817 3145 2227 3226 scrnptinium
2276 3145 2337 3208 in
2372 3144 2483 3208 hoc
2515 3144 2772 3208 consilio
2807 3161 2914 3225 pro
2951 3145 3268 3208 mittendo

535 3235 609 3297 ad
660 3233 862 3314 ipsum
913 3233 1225 3296 dominum
1277 3251 1485 3315 regem
1537 3232 1612 3295 ad
1662 3234 1870 3314 partes
1943 3233 2255 3295 Dalmatia
2323 3235 2453 3296 tres
2525 3233 2720 3296 nostri
2770 3232 3074 3296 solemnes
3122 3251 3266 3296 am-

538 3322 903 3393 basiat01·eS‚
951 3322 1050 3403 qui
1103 3321 1338 3400 possint
1383 3320 1583 3401 accipi
1633 3323 1705 3383 de
1752 3322 1919 3384 omni
1968 3320 2098 3384 loco
2147 3324 2209 3383 et
2239 3319 2440 3383 officio
2474 3322 2537 3384 et
2569 3320 2838 3384 iudicatu
2873 3321 3256 3401 peticionum

534 3413 597 3470 et
621 3408 762 3471 aliis
789 3408 1023 3483 officiiS,
1052 3427 1168 3489 que
1195 3408 1439 3471 suntad
1479 3407 1707 3472 dictam
1736 3406 2156 3471 condicionem
2198 3408 2261 3470 et
2289 3409 2360 3471 de
2385 3407 2583 3471 officio
2624 3409 2930 3484 continu0,
2967 3427 3084 3470 non
3120 3427 3272 3490 per-

534 3495 728 3559 dendo
762 3495 1022 3558 offitium
1060 3497 1419 3559 continuum
1450 3514 1561 3560 nec
1584 3496 1923 3560 utilitatem
1951 3497 2097 3574 eius,
2141 3496 2204 3558 et
2229 3514 2348 3558 non
2373 3495 2724 3575 accipiendo
2748 3496 2911 3560 ultra
2933 3514 3122 3558 unum
3152 3515 3270 3577 pro

534 3585 713 3647 domo
730 3586 792 3647 et
817 3601 1004 3645 unum
1033 3601 1141 3665 pro
1167 3583 1382 3647 officio.
1410 3583 1491 3647 Et
1515 3585 1919 3665 respondeant
1943 3583 2061 3660 die,
2090 3601 2210 3665 qua
2233 3582 2462 3647 fuerint
2486 3583 2664 3647 electi
2693 3584 2790 3648 vel
2814 3573 3010 3647 altera
3033 3584 3110 3647 ad
3137 3586 3271 3647 ter-

534 3670 680 3747 cias,
711 3690 821 3734 nec
851 3670 1090 3751 possint
1128 3670 1394 3735 refutare
1419 3672 1534 3734 sub
1572 3691 1727 3753 pena
1752 3671 2114 3735 ducatorum
2139 3675 2389 3734 centum
2416 3689 2522 3753 pro
2552 3669 2847 3754 quolibet.
2887 3671 2969 3734 Et
2996 3670 3278 3736 debeant

534 3758 761 3823 habere
824 3758 971 3821 dicti
1029 3759 1472 3823 ambasiatores
1521 3778 1555 3821 a
1623 3762 1831 3824 nostro
1879 3758 2191 3822 communi
2240 3759 2491 3823 ducatos
2538 3761 2786 3822 centum
2835 3777 2940 3839 pro
2986 3758 3276 3840 quolibet

537 3865 645 3930 pro
690 3845 965 3909 faciendo
1012 3845 1132 3908 sibi
1182 3865 1363 3909 unam
1414 3847 1626 3910 robam
1675 3865 1783 3927 pro
1831 3848 2059 3910 honore
2105 3847 2298 3909 nostri
2347 3846 2716 3920 communis,
2764 3845 3002 3928 possint
3032 3865 3268 3929 expen-

535 3936 678 3999 dere
726 3935 786 3997 in
835 3933 932 3996 die
978 3933 1233 3996 ducatos
1302 3935 1567 4017 quinque
1641 3954 1748 4016 pro
1795 3934 2073 4016 quolibet
2132 3935 2190 3997 in
2239 3935 2523 3998 omnibus
2570 3935 2853 4018 expensis
2921 3935 3274 4014 quomodo-

535 4041 796 4105 cumque
843 4020 961 4085 sibi
1009 4022 1469 4085 occurrentibus
1516 4021 1577 4084 in
1625 4025 1755 4086 tam
1802 4023 1925 4086 oris
1980 4040 2163 4104 qnam
2214 4021 2570 4103 agoziorum
2625 4040 2728 4103 pro
2775 4041 2839 4086 se
2906 4026 2972 4084 et
3015 4020 3274 4088 familia

536 4128 663 4186 sua,
716 4110 984 4190 exceptis
1034 4109 1449 4189 emptionibus
1500 4129 1793 4191 equorum
1842 4112 1903 4173 et
1951 4109 2181 4173 scortis
2230 4111 2569 4173 secundum
2618 4128 2819 4184 usum,
2854 4109 3125 4173 debeant
3158 4112 3279 4174 ha-

535 4199 677 4261 bere
723 4201 786 4259 et
833 4199 1039 4260 tenere
1086 4197 1161 4259 ad
1211 4197 1410 4261 dictas
1456 4215 1750 4278 expensas
1797 4202 2067 4279 quatuor
2115 4196 2473 4262 domicellos
2534 4216 2643 4279 pro
2704 4195 2998 4277 quolibet,
3072 4217 3276 4263 unum

538 4284 847 4348 notarium
896 4303 1035 4347 cum
1086 4302 1204 4346 uno
1251 4284 1505 4359 famulo,
1576 4303 1768 4348 unum
1841 4288 2329 4366 expensatorem,
2396 4303 2583 4348 unum
2655 4286 2909 4348 coebum
2960 4285 3025 4347 et
3071 4304 3276 4349 unum

539 4371 1067 4436 mareschalchum
1117 4390 1188 4434 ac
1233 4372 1383 4435 duos
1430 4373 1707 4453 ragacios
1756 4390 1865 4453 pro
1913 4372 2207 4454 quolibet.
2259 4372 2342 4436 Et
2381 4374 2431 4436 si
2480 4372 2720 4455 *aliquis
2789 4372 3120 4435 recesisset
3191 4374 3276 4437 ab

537 4463 673 4523 octo
721 4458 935 4522 diebus
981 4459 1137 4522 citra
1182 4458 1277 4523 vel
1328 4461 1637 4523 recederet
1684 4458 1760 4522 de
1815 4460 2041 4534 cetero,
2091 4459 2410 4524 subiaceat
2456 4478 2626 4540 pene,
2675 4459 2833 4523 sicut
2880 4459 2933 4522 si
2983 4462 3158 4524 esset
3205 4462 3276 4525 iu

536 4544 856 4621 Veneciis;
906 4548 1232 4610 teneantur
1280 4547 1558 4610 recedere
1606 4565 1746 4611 cum
1795 4546 1906 4610 illa
1952 4547 2400 4626 commissione,
2437 4566 2554 4629 que
2587 4547 2640 4611 ei
2672 4545 2919 4611 dabitur
2947 4566 3059 4630 per
3092 4548 3270 4613 istud

538 4632 882 4697 consilium.
935 4633 1026 4697 De
1074 4635 1243 4714 parte
1291 4634 1395 4709 42,
1447 4633 1567 4710 403
1617 4636 1689 4698 de
1735 4653 1857 4698 non
1917 4638 1935 4695 l
1975 4659 1990 4711 3
2037 4653 2154 4698 non
2204 4635 2428 4699 sinceri
2477 4636 2576 4710 15,
2634 4634 2730 4713 13,

625 4736 864 4797 Secreta
910 4736 1160 4798 Consilii
1204 4741 1572 4820 Roqatorum
1620 4741 1696 4801 R.
1744 4739 1894 4812 137,
1937 4759 1978 4800 u
2024 4743 2179 4801 mlet.
2223 4742 2461 4803 arkivu.
