3620 5282
494 346 582 413 30

495 523 704 588 salarii
751 525 872 589 mei
916 543 1023 607 per
1069 527 1318 591 modum
1367 525 1731 608 predictum,
1796 529 1860 590 et
1901 526 2091 591 debeo
2153 544 2288 589 esse
2353 543 2460 607 per
2505 524 2657 589 duos
2718 541 2909 588 annos
2974 522 3038 586 in
3101 521 3214 586 hoc

496 611 715 691 officie,
766 615 829 676 et
873 616 1078 676 tamen
1127 632 1247 677 non
1291 614 1488 697 debeo
1527 612 1667 677 inde
1714 614 2044 692 discedere,
2089 614 2237 677 licet
2282 613 2400 678 duo
2454 613 2599 677 anni
2647 614 2854 677 essent
2898 609 3210 692 completi,

496 701 616 764 nisi
663 719 977 765 successor
1024 721 1197 765 meus
1246 701 1395 765 illuc
1428 702 1627 784 primo
1661 703 2047 785 applicuerit,
2097 702 2265 765 salvo
2297 701 2350 766 si
2391 701 2464 765 de
2499 701 2749 766 licentia
2776 699 3005 763 domini
3040 698 3213 762 ducis

497 788 639 853 inde
687 788 1087 853 discederem.
1136 789 1214 853 Et
1262 793 1539 871 preterea
1585 794 1792 855 tenere
1839 791 2030 855 debeo
2080 810 2267 853 uuum
2313 809 2539 873 equum
2572 792 2636 854 et
2664 808 2856 853 unum
2887 785 3211 851 famulum.

716 876 801 941 Et
846 897 963 942 non
1012 895 1261 960 possum
1318 897 1423 960 per
1469 896 1568 942 me
1616 878 1714 942 vel
1756 879 1914 943 alios
1977 878 2240 960 recipere
2303 879 2527 942 donum
2587 876 2686 942 vel
2738 894 2987 959 presens
3036 873 3216 937 modo

496 965 701 1046 aliquo
749 984 856 1029 seu
904 965 1119 1043 forma,
1171 966 1342 1030 salvo
1385 966 1542 1049 quod
1591 967 1651 1029 in
1700 966 2002 1031 fructibus
2061 967 2407 1030 recentibus
2469 984 2724 1049 possum
2786 965 3063 1046 accipere
3109 981 3213 1026 va-

502 1053 695 1117 lorem
743 1053 1002 1117 duorum
1051 1072 1404 1136 grossorum
1452 1054 1513 1118 in
1561 1054 1673 1132 die,
1724 1055 2313 1141 110n„00mputand0
2375 1073 2557 1118 unam
2605 1054 2767 1117 diem
2819 1054 2878 1116 in
2925 1051 3210 1115 alteram.

496 1142 653 1205 Item
704 1140 828 1206 alia
872 1142 1142 1224 capitula
1188 1142 1481 1206 consueta
1526 1142 1669 1225 poni
1715 1142 1773 1205 in
1824 1143 2356 1208 commissionibus
2398 1145 2725 1206 rectorum.

583 1231 740 1292 δεον.
787 1250 940 1292 cone.
988 1236 1173 1307 royat.
1221 1233 1295 1292 A.
1350 1234 1452 1302 88,
1499 1252 1541 1292 u
1585 1234 1925 1293 mletackom
1971 1237 2202 1295 arkivu.

914 1422 1101 1503 XL.
1157 1422 1363 1505 ch.
1418 1422 1636 1504 1347.
1691 1425 1734 1504 1
1788 1423 2241 1526 listopada,
2292 1445 2352 1504 u
2404 1422 2794 1505 Mlctcih.

496 1548 786 1622 Napi-ima
830 1565 890 1606 30
925 1548 1230 1621 povisenje
1283 1548 1459 1621 place
1519 1550 1705 1609 lenem
1759 1551 2116 1625 spljetskoqa
2173 1551 2511 1624 spljetskom
2552 1549 2812 1608 obcinom
2841 1547 3211 1620 predloieno.

714 1669 897 1733 1347.
945 1669 1041 1733 die
1088 1669 1287 1752 primo
1333 1669 1623 1733 octubris.
1689 1667 1845 1737 Cum
1908 1671 2231 1735 consilium
2299 1671 2363 1734 et
2424 1687 2744 1733 commune
2808 1667 3048 1752 Spalati
3106 1684 3215 1748 per

496 1775 607 1821 sua
653 1757 908 1825 consilia
945 1757 1021 1820 ad
1067 1759 1175 1821 hec
1241 1759 1615 1821 neccessarie
1671 1759 2050 1840 providerint
2108 1761 2170 1823 in
2235 1776 2462 1841 magna
2529 1759 2766 1821 unitate
2830 1775 2936 1839 pro
2980 1757 3208 1819 honore

495 1863 743 1910 suornm
794 1847 1099 1909 rectorum
1149 1848 1212 1909 et
1256 1848 1415 1908 terre
1449 1865 1574 1924 sue,
1609 1846 1770 1928 quod
1804 1847 1967 1911 sicut
2003 1849 2099 1913 sui
2130 1849 2396 1911 rectores
2429 1848 2875 1911 consueverunt
2916 1845 3212 1908 hactenus

496 1933 721 1998 habere
769 1933 842 1996 de
889 1933 1116 1997 salario
1163 1933 1359 1997 libras
1402 1933 1574 1998 mille
1621 1935 1920 1999 ducentas
1968 1953 2298 2017 parvorum
2344 1936 2407 1998 in
2453 1952 2650 2012 anno,
2700 1935 2788 1997 sic
2834 1935 3031 1997 rector
3078 1949 3211 2013 pre-

499 2040 641 2086 sens
687 2022 752 2085 et
797 2020 905 2084 alii
953 2039 1164 2085 omnes
1205 2021 1280 2084 de
1326 2024 1529 2085 cetero
1576 2021 1801 2087 habere
1849 2023 2115 2087 debeant
2159 2024 2411 2088 ducatos
2457 2023 2589 2087 auri
2637 2023 2997 2105 quingentos
3045 2018 3212 2083 omni

502 2127 682 2187 anne,
726 2127 842 2172 non
889 2108 1255 2192 imponendo
1303 2108 1533 2173 eisdem
1582 2113 1919 2175 rectoribus
1943 2118 2263 2194 propterea
2286 2110 2532 2193 aliquod
2556 2129 2707 2175 onus
2753 2108 2919 2174 ultra
2963 2106 3214 2174 solitum

497 2199 561 2262 et
605 2200 1002 2274 consuetum;
1053 2200 1116 2262 et
1158 2197 1657 2280 supplicaverint,
1707 2202 2009 2282 quatenus
2047 2200 2278 2264 dictam
2327 2218 2499 2263 suam
2543 2198 2951 2282 provisionem
2999 2213 3215 2276 accep-

498 2288 722 2364 tanteS,
772 2303 906 2350 eam
956 2286 1349 2368 dignaremus
1397 2286 1468 2350 de
1511 2289 1720 2352 nostra
1768 2289 2148 2373 benignitate
2195 2288 2380 2353 solita
2411 2287 2804 2352 confirmare:
2858 2285 3026 2350 vadit
3048 2301 3211 2366 parS,

499 2374 659 2456 quod
706 2374 981 2457 predicta
1006 2374 1445 2438 confirmentur
1490 2378 1553 2439 et
1595 2379 2012 2459 acceptentur,
2062 2377 2226 2440 sicut
2271 2377 2509 2458 petunt.
2551 2377 2656 2453 34,
2693 2377 2798 2454 33,
2847 2393 2964 2438 non
3011 2371 3212 2436 etheo

499 2461 617 2527 fuit
663 2466 841 2544 capta
886 2462 990 2540 45,
1037 2462 1158 2536 563
1208 2480 1323 2525 non
1371 2462 1596 2527 sinceri
1646 2466 1741 2541 12,
1791 2464 1853 2527 3.

587 2553 767 2612 Misti
808 2553 932 2627 knj.
987 2552 1228 2611 XXIV.
1274 2554 1376 2624 37,
1422 2572 1465 2613 u
1510 2556 1725 2615 arkivu
1768 2555 2126 2615 mletackom.

896 2745 1123 2826 XLI.
1178 2744 1389 2827 God.
1441 2746 1661 2828 1347.
1714 2747 1770 2828 4
1822 2746 2283 2848 flammula,
2335 2767 2395 2826 u
2443 2744 2831 2826 Mletcih.

502 2873 819 2946 Povjereno
865 2872 1085 2930 odboru
1127 2890 1202 2932 za
1245 2873 1518 2931 hrvatske
1544 2873 1801 2950 poslove,
1850 2873 1932 2932 da
1974 2874 2117 2932 ries'i
2159 2874 2480 2933 razmiricu
2521 2873 2809 2945 obstojeeu
2853 2872 3052 2944 medyu
3080 2871 3216 2929 nin-

587 2963 751 3022 skom
795 2961 1058 3019 obdinom
1101 2961 1126 3019 i
1171 2960 1487 3020 Danielom
1546 2961 1947 3021 Varilcasicem
1991 2961 2400 3021 Zadraninom
2440 2961 2605 3036 ylede
2645 2963 2893 3036 njekoya
2938 2961 3126 3021 otoka.

718 3080 904 3144 1347.
954 3079 1053 3145 die
1100 3081 1186 3144 IV
1234 3081 1518 3159 octobriS,
1568 3083 1782 3165 capta:
1829 3101 1971 3147 cum
2019 3085 2284 3165 quedam
2322 3086 2562 3168 questio
2608 3083 2734 3148 iam
2779 3085 3008 3148 bonum
3056 3085 3216 3146 tem÷

500 3189 616 3255 pus
661 3168 849 3233 fuerit
889 3171 952 3232 et
998 3170 1081 3232 sit
1124 3169 1283 3235 inter
1345 3188 1665 3235 commune
1727 3174 1790 3235 et
1853 3172 2128 3236 homines
2186 3171 2358 3238 None
2419 3176 2483 3237 et
2545 3172 2868 3236 Danielem
2915 3173 2986 3236 de
3032 3170 3216 3233 Vari-

505 3258 665 3323 casis
712 3257 786 3320 de
832 3256 1026 3322 Jadra
1066 3257 1140 3320 de
1180 3258 1383 3323 insula
1430 3258 1795 3337 Puncteure,
1837 3279 1945 3342 pro
1975 3279 2096 3342 qua
2121 3260 2399 3342 quelibet
2431 3279 2573 3342 pars
2597 3270 2882 3343 procurat
2917 3260 3217 3323 instanter

508 3346 975 3429 expeditionem,
1025 3348 1088 3409 et
1132 3346 1341 3410 audire
1386 3349 1593 3428 partes
1640 3347 1703 3410 in
1765 3348 2020 3413 consilio
2083 3350 2442 3431 rogatorum
2490 3354 2654 3413 esset
2713 3348 2899 3412 nimis
2958 3347 3215 3429 longum

507 3437 569 3499 et
617 3433 929 3498 induceret
976 3433 1271 3510 thedium,
1321 3437 1385 3499 et
1432 3435 1565 3517 ipsa
1616 3436 1687 3499 de
1733 3435 1857 3500 levi
1904 3436 2102 3518 possit
2148 3437 2464 3501 terminari
2521 3439 2584 3500 et
2630 3434 2900 3519 expediri
2961 3453 3069 3517 per
3116 3452 3215 3498 sa-

508 3522 746 3605 pientes
797 3521 1133 3601 Sclavonie,
1182 3522 1284 3605 qui
1338 3527 1482 3586 sunt
1526 3523 1839 3587 informati
1887 3525 1958 3588 de
2006 3525 2173 3606 ipsa:
2241 3524 2410 3589 vadit
2470 3543 2610 3606 pars
2671 3542 2777 3606 pro
2830 3521 3215 3607 expeditione

506 3610 674 3688 facti,
722 3610 880 3693 quod
926 3611 1355 3674 committatur
1401 3611 1783 3694 sapientibus
1832 3610 2169 3689 Sclavenie,
2217 3612 2374 3695 quod
2421 3611 2675 3676 audiant
2714 3614 2922 3696 partes
2966 3612 3028 3675 et
3075 3630 3216 3676 exa-

508 3698 744 3763 minent
789 3699 924 3762 iura
970 3716 1200 3777 earum,
1252 3701 1315 3762 et
1361 3699 1673 3764 diffiniant
1719 3718 1859 3764 eam
1904 3702 2067 3764 sicut
2111 3702 2201 3765 eis
2249 3700 2345 3766 vel
2391 3700 2609 3765 maiori
2662 3701 2823 3783 parti
2871 3719 3082 3765 eorum
3129 3700 3220 3766 vi-

505 3787 751 3852 debitur
795 3785 923 3851 fore
980 3786 1229 3850 iustum.
1312 3797 1320 3809 ·

593 3877 750 3938 Secr.
793 3895 947 3938 cons.
985 3881 1169 3952 royac.
1216 3878 1290 3937 Α.
1336 3880 1439 3950 88,
1487 3896 1528 3937 u
1571 3882 1787 3940 arkivu
1822 3880 2176 3939 mletaclcom.

877 4068 1152 4149 XLII.
1225 4069 1432 4152 ch.
1469 4070 1688 4153 1347.
1746 4071 1798 4153 9
1853 4070 2297 4171 Kampada,
2348 4092 2408 4151 u
2460 4070 2852 4154 Mletcih.

508 4196 718 4254 Knezu
763 4195 1159 4255 zadarslcomu
1203 4213 1263 4254 se
1307 4198 1536 4268 raalaio,
1585 4197 1665 4256 da
1698 4198 1922 4270 povede
1966 4199 2200 4272 iztrayu
2246 4217 2277 4258 o
2322 4200 2520 4272 njekoj
2580 4201 2897 4274 bezinwnoj
2942 4201 3101 4262 tuabi
3144 4203 3221 4261 ti-

508 4284 671 4356 cucoj
710 4300 771 4343 30
817 4283 999 4356 dvaju
1044 4285 1339 4357 vojnic'kih
1380 4286 1727 4356 nacelnika5
1775 4287 1800 4343 i
1845 4286 1925 4345 da
1962 4305 2037 4360 po
2081 4288 2403 4346 zadarskih
2449 4287 2642 4347 Ιοαέαὴ
2679 4290 2917 4361 Ροιναέἰ
2936 4335 2949 4361 ,
2993 4292 3133 4363 feda
3177 4291 3223 4349 zi

507 4388 569 4430 30
614 4371 822 4445 ozuija
869 4372 1085 4431 nalazi.
1149 4372 1307 4445 que
1349 4391 1411 4432 30
1456 4376 1605 4434 ultor
1650 4376 1874 4434 krckim
1919 4376 2227 4435 knezovom
2272 4376 2502 4450 Dujma
2545 4379 2569 4435 i
2615 4377 2875 4437 Bartolu
2918 4383 3083 4449 zato,
3129 4379 3219 4439 s‘to

508 4460 856 4536 dopuscaju,
904 4459 983 4517 da
1022 4477 1084 4518 30
1128 4462 1290 4534 m'eki
1325 4461 1639 4522 Zadranin
1684 4482 1727 4521 u
1771 4463 1960 4535 Senju
2004 4463 2187 4524 orteia
2231 4465 2254 4522 i
2284 4483 2358 4537 po
2403 4483 2570 4524 vno-ru
2612 4468 2840 4540 ραεανί,
2889 4470 2943 4526 te
2986 4485 3047 4527 30
3085 4468 3222 4526 mle-

786 4548 1000 4606 tackim
1029 4550 1339 4608 knezovom
1383 4569 1424 4609 u
1470 4551 1797 4625 Dalmaciji
1833 4553 2170 4625 zapovieda,
2208 4553 2288 4611 da
2334 4557 2468 4628 coya
2507 4571 2735 4628 qusara
2782 4556 2962 4613 ulove.

728 4666 911 4731 1347.
955 4667 1054 4733 die
1103 4687 1257 4734 novo
1304 4670 1594 4740 octubris,
1639 4673 1854 4754 capta:
1913 4672 2075 4755 quod
2128 4674 2434 4739 scribatur
2496 4678 2702 4741 nostro
2748 4675 2961 4740 comiti
3005 4674 3218 4755 Jadra,

510 4757 773 4840 qualiter
816 4756 1160 4839 recepimus
1206 4758 1449 4824 litteras
1498 4761 1777 4824 carentes
1825 4760 2068 4825 nomine
2115 4761 2423 4828 mittentis
2470 4782 2572 4829 eas
2614 4769 2678 4829 et
2723 4763 2878 4842 loco,
2918 4783 3034 4847 quo
3077 4762 3221 4831 date
