<?xml version="1.0" encoding="UTF-8"?>
<!DOCTYPE html PUBLIC "-//W3C//DTD XHTML 1.0 Transitional//EN"
    "http://www.w3.org/TR/xhtml1/DTD/xhtml1-transitional.dtd">
<html xmlns="http://www.w3.org/1999/xhtml" xml:lang="en" lang="en">
 <head>
  <title>
</title>
<meta http-equiv="Content-Type" content="text/html;charset=utf-8" />
  <meta name='ocr-system' content='tesseract 3.04.00' />
  <meta name='ocr-capabilities' content='ocr_page ocr_carea ocr_par ocr_line ocrx_word'/>
</head>
<body>
  <div class='ocr_page' id='page_1' title='image "./monumentaspecta02umjegoog_0270.png"; bbox 0 0 3620 5282; ppageno 0'>
   <div class='ocr_carea' id='block_1_1' title="bbox 465 327 594 393">
    <p class='ocr_par' dir='ltr' id='par_1_1' title="bbox 465 327 594 393">
     <span class='ocr_line' id='line_1_1' title="bbox 465 327 594 393; baseline 0.008 -1"><span class='ocrx_word' id='word_1_1' title='bbox 465 327 594 393; x_wconf 85' lang='lat'>218</span> 
     </span>
    </p>
   </div>
   <div class='ocr_carea' id='block_1_2' title="bbox 466 505 3201 942">
    <p class='ocr_par' dir='ltr' id='par_1_2' title="bbox 466 505 3201 942">
     <span class='ocr_line' id='line_1_2' title="bbox 469 505 3201 591; baseline 0.001 -22"><span class='ocrx_word' id='word_1_2' title='bbox 469 507 532 569; x_wconf 95' lang='lat' dir='ltr'>et</span> <span class='ocrx_word' id='word_1_3' title='bbox 578 507 826 572; x_wconf 91' lang='lat' dir='ltr'>omnino</span> <span class='ocrx_word' id='word_1_4' title='bbox 875 505 958 571; x_wconf 91' lang='lat' dir='ltr'>sit</span> <span class='ocrx_word' id='word_1_5' title='bbox 1004 505 1447 591; x_wconf 89' lang='lat' dir='ltr'>providendum</span> <span class='ocrx_word' id='word_1_6' title='bbox 1496 526 1601 590; x_wconf 90' lang='lat' dir='ltr'>pro</span> <span class='ocrx_word' id='word_1_7' title='bbox 1651 506 1924 572; x_wconf 85' lang='lat' dir='ltr'>utilitate</span> <span class='ocrx_word' id='word_1_8' title='bbox 1972 509 2035 572; x_wconf 90' lang='lat' dir='ltr'>et</span> <span class='ocrx_word' id='word_1_9' title='bbox 2076 508 2233 572; x_wconf 91' lang='lat' dir='ltr'>bono</span> <span class='ocrx_word' id='word_1_10' title='bbox 2276 508 2620 573; x_wconf 89' lang='lat' dir='ltr'>communis</span> <span class='ocrx_word' id='word_1_11' title='bbox 2659 526 2843 591; x_wconf 88' lang='lat' dir='ltr'>super</span> <span class='ocrx_word' id='word_1_12' title='bbox 2888 508 3038 572; x_wconf 90' lang='lat' dir='ltr'>hoc:</span> <span class='ocrx_word' id='word_1_13' title='bbox 3090 519 3201 572; x_wconf 87' lang='lat' dir='ltr'>va-</span> 
     </span>
     <span class='ocr_line' id='line_1_3' title="bbox 466 593 3197 679; baseline 0.001 -23"><span class='ocrx_word' id='word_1_14' title='bbox 466 593 560 657; x_wconf 88' lang='lat' dir='ltr'>dit</span> <span class='ocrx_word' id='word_1_15' title='bbox 609 612 774 677; x_wconf 92' lang='lat' dir='ltr'>pars,</span> <span class='ocrx_word' id='word_1_16' title='bbox 826 595 987 678; x_wconf 91' lang='lat' dir='ltr'>quod</span> <span class='ocrx_word' id='word_1_17' title='bbox 1033 596 1341 660; x_wconf 79' lang='lat' dir='ltr'><strong>scribatur</strong></span> <span class='ocrx_word' id='word_1_18' title='bbox 1402 595 1615 660; x_wconf 86' lang='lat' dir='ltr'>comiti</span> <span class='ocrx_word' id='word_1_19' title='bbox 1680 598 1743 659; x_wconf 91' lang='lat' dir='ltr'>et</span> <span class='ocrx_word' id='word_1_20' title='bbox 1804 596 2173 669; x_wconf 87' lang='lat' dir='ltr'>consiliariis</span> <span class='ocrx_word' id='word_1_21' title='bbox 2238 613 2483 660; x_wconf 89' lang='lat' dir='ltr'>camere</span> <span class='ocrx_word' id='word_1_22' title='bbox 2547 595 2702 679; x_wconf 87' lang='lat' dir='ltr'>Pagi</span> <span class='ocrx_word' id='word_1_23' title='bbox 2766 598 2828 660; x_wconf 90' lang='lat' dir='ltr'>et</span> <span class='ocrx_word' id='word_1_24' title='bbox 2875 596 3086 660; x_wconf 88' lang='lat' dir='ltr'>comiti</span> <span class='ocrx_word' id='word_1_25' title='bbox 3131 596 3197 659; x_wconf 90' lang='lat' dir='ltr'>et</span> 
     </span>
     <span class='ocr_line' id='line_1_4' title="bbox 472 680 3194 766; baseline 0 -20"><span class='ocrx_word' id='word_1_26' title='bbox 472 680 845 748; x_wconf 90' lang='lat' dir='ltr'>consiliariis</span> <span class='ocrx_word' id='word_1_27' title='bbox 882 683 1093 761; x_wconf 82' lang='lat' dir='ltr'>Jadre,</span> <span class='ocrx_word' id='word_1_28' title='bbox 1139 685 1294 766; x_wconf 92' lang='lat' dir='ltr'>quod</span> <span class='ocrx_word' id='word_1_29' title='bbox 1344 702 1464 747; x_wconf 91' lang='lat' dir='ltr'>non</span> <span class='ocrx_word' id='word_1_30' title='bbox 1511 683 1879 766; x_wconf 77' lang='lat' dir='ltr'>permittant</span> <span class='ocrx_word' id='word_1_31' title='bbox 1925 683 2160 747; x_wconf 81' lang='lat' dir='ltr'>extrahi</span> <span class='ocrx_word' id='word_1_32' title='bbox 2209 684 2303 748; x_wconf 90' lang='lat' dir='ltr'>sal</span> <span class='ocrx_word' id='word_1_33' title='bbox 2344 683 2419 748; x_wconf 92' lang='lat' dir='ltr'>de</span> <span class='ocrx_word' id='word_1_34' title='bbox 2466 684 2594 748; x_wconf 89' lang='lat' dir='ltr'>suis</span> <span class='ocrx_word' id='word_1_35' title='bbox 2627 683 3035 766; x_wconf 81' lang='lat' dir='ltr'>regiminibus</span> <span class='ocrx_word' id='word_1_36' title='bbox 3065 682 3194 747; x_wconf 92' lang='lat' dir='ltr'>ullo</span> 
     </span>
     <span class='ocr_line' id='line_1_5' title="bbox 472 770 3197 854; baseline 0 -21"><span class='ocrx_word' id='word_1_37' title='bbox 472 771 651 835; x_wconf 90' lang='lat' dir='ltr'>modo</span> <span class='ocrx_word' id='word_1_38' title='bbox 700 771 831 835; x_wconf 84' lang='lat' dir='ltr'>sine</span> <span class='ocrx_word' id='word_1_39' title='bbox 880 774 1089 836; x_wconf 88' lang='lat' dir='ltr'>nostra</span> <span class='ocrx_word' id='word_1_40' title='bbox 1137 770 1390 836; x_wconf 88' lang='lat' dir='ltr'>licentia</span> <span class='ocrx_word' id='word_1_41' title='bbox 1428 790 1537 854; x_wconf 89' lang='lat' dir='ltr'>pro</span> <span class='ocrx_word' id='word_1_42' title='bbox 1586 771 1974 835; x_wconf 91' lang='lat' dir='ltr'>conducendo</span> <span class='ocrx_word' id='word_1_43' title='bbox 2022 772 2182 848; x_wconf 91' lang='lat' dir='ltr'>alio,</span> <span class='ocrx_word' id='word_1_44' title='bbox 2232 790 2420 854; x_wconf 87' lang='lat' dir='ltr'>quam</span> <span class='ocrx_word' id='word_1_45' title='bbox 2484 772 2789 836; x_wconf 89' lang='lat' dir='ltr'>Veneciis.</span> <span class='ocrx_word' id='word_1_46' title='bbox 2869 773 2951 835; x_wconf 87' lang='lat' dir='ltr'>Et</span> <span class='ocrx_word' id='word_1_47' title='bbox 2994 770 3197 834; x_wconf 89' lang='lat' dir='ltr'>domi-</span> 
     </span>
     <span class='ocr_line' id='line_1_6' title="bbox 466 857 3196 942; baseline 0.001 -21"><span class='ocrx_word' id='word_1_48' title='bbox 466 858 635 923; x_wconf 85' lang='lat' dir='ltr'>natio</span> <span class='ocrx_word' id='word_1_49' title='bbox 679 877 822 923; x_wconf 89' lang='lat' dir='ltr'>cum</span> <span class='ocrx_word' id='word_1_50' title='bbox 871 859 1109 941; x_wconf 89' lang='lat' dir='ltr'>colegio</span> <span class='ocrx_word' id='word_1_51' title='bbox 1173 859 1473 923; x_wconf 90' lang='lat' dir='ltr'>ordinatis</span> <span class='ocrx_word' id='word_1_52' title='bbox 1540 860 1860 941; x_wconf 85' lang='lat' dir='ltr'>provideat</span> <span class='ocrx_word' id='word_1_53' title='bbox 1920 860 1993 924; x_wconf 90' lang='lat' dir='ltr'>de</span> <span class='ocrx_word' id='word_1_54' title='bbox 2053 860 2289 942; x_wconf 88' lang='lat' dir='ltr'>preti0‚</span> <span class='ocrx_word' id='word_1_55' title='bbox 2356 860 2517 942; x_wconf 91' lang='lat' dir='ltr'>quod</span> <span class='ocrx_word' id='word_1_56' title='bbox 2581 860 2808 924; x_wconf 89' lang='lat' dir='ltr'>habere</span> <span class='ocrx_word' id='word_1_57' title='bbox 2872 857 3196 923; x_wconf 86' lang='lat' dir='ltr'>debuerint</span> 
     </span>
    </p>
   </div>
   <div class='ocr_carea' id='block_1_3' title="bbox 469 945 1922 1107">
    <p class='ocr_par' dir='ltr' id='par_1_3' title="bbox 469 945 1922 1107">
     <span class='ocr_line' id='line_1_7' title="bbox 469 945 1528 1013; baseline 0.002 -5"><span class='ocrx_word' id='word_1_58' title='bbox 469 945 622 1010; x_wconf 91' lang='lat' dir='ltr'>illud</span> <span class='ocrx_word' id='word_1_59' title='bbox 672 945 1152 1012; x_wconf 82' lang='lat' dir='ltr'>conducentibus</span> <span class='ocrx_word' id='word_1_60' title='bbox 1209 947 1528 1013; x_wconf 85' lang='lat' dir='ltr'>Venecias.</span> 
     </span>
     <span class='ocr_line' id='line_1_8' title="bbox 548 1037 1922 1107; baseline 0 -12"><span class='ocrx_word' id='word_1_61' title='bbox 548 1037 728 1096; x_wconf 76' lang='lat' dir='ltr'>Misti</span> <span class='ocrx_word' id='word_1_62' title='bbox 778 1037 1020 1098; x_wconf 87' lang='lat' dir='ltr'><strong><em>XXVI.</em></strong></span> <span class='ocrx_word' id='word_1_63' title='bbox 1070 1040 1170 1107; x_wconf 78' lang='lat'>64,</span> <span class='ocrx_word' id='word_1_64' title='bbox 1217 1056 1259 1096; x_wconf 82' lang='lat' dir='ltr'><strong><em>u</em></strong></span> <span class='ocrx_word' id='word_1_65' title='bbox 1305 1039 1519 1097; x_wconf 80' lang='lat' dir='ltr'>arkivu</span> <span class='ocrx_word' id='word_1_66' title='bbox 1562 1037 1922 1097; x_wconf 64' lang='lat' dir='ltr'>meetaekom.</span> 
     </span>
    </p>
   </div>
   <div class='ocr_carea' id='block_1_4' title="bbox 770 1225 2903 1331">
    <p class='ocr_par' dir='ltr' id='par_1_4' title="bbox 770 1225 2903 1331">
     <span class='ocr_line' id='line_1_9' title="bbox 770 1225 2903 1331; baseline -0 -24"><span class='ocrx_word' id='word_1_67' title='bbox 770 1225 1264 1311; x_wconf 81' lang='lat' dir='ltr'>CCCXXIV.</span> <span class='ocrx_word' id='word_1_68' title='bbox 1329 1228 1536 1311; x_wconf 78' lang='lat' dir='ltr'>God.</span> <span class='ocrx_word' id='word_1_69' title='bbox 1591 1227 1810 1311; x_wconf 80' lang='lat'>1351.</span> <span class='ocrx_word' id='word_1_70' title='bbox 1868 1228 1961 1311; x_wconf 73' lang='lat'>21</span> <span class='ocrx_word' id='word_1_71' title='bbox 2016 1231 2344 1331; x_wconf 85' lang='lat' dir='ltr'>srpnja,</span> <span class='ocrx_word' id='word_1_72' title='bbox 2399 1249 2456 1308; x_wconf 91' lang='lat' dir='ltr'>u</span> <span class='ocrx_word' id='word_1_73' title='bbox 2511 1226 2903 1308; x_wconf 81' lang='lat' dir='ltr'>Mletclh.</span> 
     </span>
    </p>
   </div>
   <div class='ocr_carea' id='block_1_5' title="bbox 592 1352 3067 1430">
    <p class='ocr_par' dir='ltr' id='par_1_5' title="bbox 592 1352 3067 1430">
     <span class='ocr_line' id='line_1_10' title="bbox 592 1352 3067 1430; baseline -0.001 -18"><span class='ocrx_word' id='word_1_74' title='bbox 592 1353 1001 1427; x_wconf 75' lang='lat' dir='ltr'>opredieljeno</span> <span class='ocrx_word' id='word_1_75' title='bbox 1044 1355 1229 1428; x_wconf 67' lang='lat' dir='ltr'>njesto</span> <span class='ocrx_word' id='word_1_76' title='bbox 1275 1355 1555 1415; x_wconf 75' lang='lat' dir='ltr'>striclaca</span> <span class='ocrx_word' id='word_1_77' title='bbox 1597 1372 1672 1414; x_wconf 76' lang='lat' dir='ltr'>za</span> <span class='ocrx_word' id='word_1_78' title='bbox 1715 1355 1944 1413; x_wconf 68' lang='lat' dir='ltr'>obv-anu</span> <span class='ocrx_word' id='word_1_79' title='bbox 1977 1355 2241 1430; x_wconf 77' lang='lat' dir='ltr'>yradova</span> <span class='ocrx_word' id='word_1_80' title='bbox 2287 1372 2329 1413; x_wconf 83' lang='lat' dir='ltr'><em>u</em></span> <span class='ocrx_word' id='word_1_81' title='bbox 2375 1354 2528 1412; x_wconf 66' lang='lat' dir='ltr'>Istra·</span> <span class='ocrx_word' id='word_1_82' title='bbox 2573 1354 2597 1411; x_wconf 82' lang='lat' dir='ltr'>i</span> <span class='ocrx_word' id='word_1_83' title='bbox 2640 1371 2678 1411; x_wconf 80' lang='lat' dir='ltr'><em>u</em></span> <span class='ocrx_word' id='word_1_84' title='bbox 2724 1352 3067 1426; x_wconf 78' lang='lat' dir='ltr'>Hrvatskoj.</span> 
     </span>
    </p>
   </div>
   <div class='ocr_carea' id='block_1_6' title="bbox 460 1472 3192 2335">
    <p class='ocr_par' dir='ltr' id='par_1_6' title="bbox 460 1472 3192 2257">
     <span class='ocr_line' id='line_1_11' title="bbox 690 1472 3192 1558; baseline 0 -23"><span class='ocrx_word' id='word_1_85' title='bbox 690 1473 874 1537; x_wconf 83' lang='lat'>1351.</span> <span class='ocrx_word' id='word_1_86' title='bbox 923 1472 1253 1539; x_wconf 82' lang='lat' dir='ltr'>indictione</span> <span class='ocrx_word' id='word_1_87' title='bbox 1302 1475 1407 1553; x_wconf 94' lang='lat' dir='ltr'>IV,</span> <span class='ocrx_word' id='word_1_88' title='bbox 1457 1476 1684 1539; x_wconf 84' lang='lat' dir='ltr'>mensis</span> <span class='ocrx_word' id='word_1_89' title='bbox 1731 1475 1867 1539; x_wconf 89' lang='lat' dir='ltr'>iulii</span> <span class='ocrx_word' id='word_1_90' title='bbox 1918 1475 2014 1540; x_wconf 91' lang='lat' dir='ltr'>die</span> <span class='ocrx_word' id='word_1_91' title='bbox 2038 1474 2340 1558; x_wconf 89' lang='lat' dir='ltr'>vigesimo</span> <span class='ocrx_word' id='word_1_92' title='bbox 2384 1472 2599 1556; x_wconf 88' lang='lat' dir='ltr'>primo,</span> <span class='ocrx_word' id='word_1_93' title='bbox 2648 1476 2864 1556; x_wconf 87' lang='lat' dir='ltr'>capta:</span> <span class='ocrx_word' id='word_1_94' title='bbox 2912 1491 3055 1537; x_wconf 90' lang='lat' dir='ltr'>cum</span> <span class='ocrx_word' id='word_1_95' title='bbox 3088 1492 3192 1536; x_wconf 86' lang='lat' dir='ltr'>ex·</span> 
     </span>
     <span class='ocr_line' id='line_1_12' title="bbox 474 1561 3188 1642; baseline 0 -18"><span class='ocrx_word' id='word_1_96' title='bbox 474 1561 683 1642; x_wconf 89' lang='lat' dir='ltr'>pediat</span> <span class='ocrx_word' id='word_1_97' title='bbox 725 1561 886 1626; x_wconf 90' lang='lat' dir='ltr'>inter</span> <span class='ocrx_word' id='word_1_98' title='bbox 933 1561 1058 1625; x_wconf 90' lang='lat' dir='ltr'>alia</span> <span class='ocrx_word' id='word_1_99' title='bbox 1104 1564 1421 1627; x_wconf 87' lang='lat' dir='ltr'>attendere</span> <span class='ocrx_word' id='word_1_100' title='bbox 1487 1562 1770 1626; x_wconf 77' lang='lat' dir='ltr'>celeriter</span> <span class='ocrx_word' id='word_1_101' title='bbox 1833 1563 1910 1626; x_wconf 90' lang='lat' dir='ltr'>ad</span> <span class='ocrx_word' id='word_1_102' title='bbox 1961 1563 2407 1627; x_wconf 88' lang='lat' dir='ltr'>furnimentum</span> <span class='ocrx_word' id='word_1_103' title='bbox 2470 1564 2774 1625; x_wconf 87' lang='lat' dir='ltr'>terrarum</span> <span class='ocrx_word' id='word_1_104' title='bbox 2841 1562 3188 1626; x_wconf 91' lang='lat' dir='ltr'>nostrarum</span> 
     </span>
     <span class='ocr_line' id='line_1_13' title="bbox 476 1647 3188 1733; baseline 0 -22"><span class='ocrx_word' id='word_1_105' title='bbox 476 1647 795 1712; x_wconf 79' lang='lat' dir='ltr'>Sclavonie</span> <span class='ocrx_word' id='word_1_106' title='bbox 843 1651 906 1714; x_wconf 92' lang='lat' dir='ltr'>et</span> <span class='ocrx_word' id='word_1_107' title='bbox 950 1650 1150 1728; x_wconf 89' lang='lat' dir='ltr'>Istrie,</span> <span class='ocrx_word' id='word_1_108' title='bbox 1213 1651 1277 1714; x_wconf 91' lang='lat' dir='ltr'>et</span> <span class='ocrx_word' id='word_1_109' title='bbox 1322 1654 1465 1715; x_wconf 91' lang='lat' dir='ltr'>sunt</span> <span class='ocrx_word' id='word_1_110' title='bbox 1510 1650 1702 1733; x_wconf 90' lang='lat' dir='ltr'>aliqui</span> <span class='ocrx_word' id='word_1_111' title='bbox 1750 1650 2082 1715; x_wconf 87' lang='lat' dir='ltr'>ballistarii</span> <span class='ocrx_word' id='word_1_112' title='bbox 2129 1651 2363 1733; x_wconf 89' lang='lat' dir='ltr'>accepti</span> <span class='ocrx_word' id='word_1_113' title='bbox 2411 1668 2520 1733; x_wconf 90' lang='lat' dir='ltr'>pro</span> <span class='ocrx_word' id='word_1_114' title='bbox 2569 1648 2792 1726; x_wconf 77' lang='lat' dir='ltr'>cochiS,</span> <span class='ocrx_word' id='word_1_115' title='bbox 2849 1648 2972 1730; x_wconf 89' lang='lat' dir='ltr'>qui,</span> <span class='ocrx_word' id='word_1_116' title='bbox 3019 1651 3188 1730; x_wconf 91' lang='lat' dir='ltr'>post—</span> 
     </span>
     <span class='ocr_line' id='line_1_14' title="bbox 475 1736 3182 1821; baseline 0 -23"><span class='ocrx_word' id='word_1_117' title='bbox 475 1755 660 1817; x_wconf 87' lang='lat' dir='ltr'>quam</span> <span class='ocrx_word' id='word_1_118' title='bbox 711 1737 892 1801; x_wconf 90' lang='lat' dir='ltr'>coche</span> <span class='ocrx_word' id='word_1_119' title='bbox 938 1755 1059 1802; x_wconf 93' lang='lat' dir='ltr'>non</span> <span class='ocrx_word' id='word_1_120' title='bbox 1108 1739 1421 1821; x_wconf 80' lang='lat' dir='ltr'>navigant,</span> <span class='ocrx_word' id='word_1_121' title='bbox 1472 1740 1652 1803; x_wconf 89' lang='lat' dir='ltr'>modo</span> <span class='ocrx_word' id='word_1_122' title='bbox 1698 1741 1906 1820; x_wconf 88' lang='lat' dir='ltr'>presto</span> <span class='ocrx_word' id='word_1_123' title='bbox 1968 1740 2259 1820; x_wconf 88' lang='lat' dir='ltr'>poterunt</span> <span class='ocrx_word' id='word_1_124' title='bbox 2318 1738 2485 1801; x_wconf 91' lang='lat' dir='ltr'>mitti</span> <span class='ocrx_word' id='word_1_125' title='bbox 2552 1739 2629 1801; x_wconf 89' lang='lat' dir='ltr'>ad</span> <span class='ocrx_word' id='word_1_126' title='bbox 2686 1736 2885 1800; x_wconf 88' lang='lat' dir='ltr'>dictas</span> <span class='ocrx_word' id='word_1_127' title='bbox 2947 1738 3182 1800; x_wconf 89' lang='lat' dir='ltr'>terras:</span> 
     </span>
     <span class='ocr_line' id='line_1_15' title="bbox 472 1822 3189 1909; baseline 0 -22"><span class='ocrx_word' id='word_1_128' title='bbox 472 1822 645 1887; x_wconf 84' lang='lat' dir='ltr'>vadit</span> <span class='ocrx_word' id='word_1_129' title='bbox 689 1844 849 1906; x_wconf 77' lang='lat' dir='ltr'>para,</span> <span class='ocrx_word' id='word_1_130' title='bbox 903 1824 1060 1908; x_wconf 88' lang='lat' dir='ltr'>quod</span> <span class='ocrx_word' id='word_1_131' title='bbox 1108 1825 1258 1889; x_wconf 89' lang='lat' dir='ltr'>dicti</span> <span class='ocrx_word' id='word_1_132' title='bbox 1308 1826 1659 1903; x_wconf 86' lang='lat' dir='ltr'>ballistarii,</span> <span class='ocrx_word' id='word_1_133' title='bbox 1712 1844 1956 1909; x_wconf 91' lang='lat' dir='ltr'>quoquo</span> <span class='ocrx_word' id='word_1_134' title='bbox 2005 1827 2180 1891; x_wconf 90' lang='lat' dir='ltr'>modo</span> <span class='ocrx_word' id='word_1_135' title='bbox 2228 1826 2461 1909; x_wconf 91' lang='lat' dir='ltr'>accepti</span> <span class='ocrx_word' id='word_1_136' title='bbox 2503 1844 2612 1908; x_wconf 92' lang='lat' dir='ltr'>pro</span> <span class='ocrx_word' id='word_1_137' title='bbox 2669 1824 2909 1900; x_wconf 79' lang='lat' dir='ltr'>cochiS,</span> <span class='ocrx_word' id='word_1_138' title='bbox 2977 1842 3189 1887; x_wconf 91' lang='lat' dir='ltr'>omnes</span> 
     </span>
     <span class='ocr_line' id='line_1_16' title="bbox 464 1912 3189 1996; baseline 0 -22"><span class='ocrx_word' id='word_1_139' title='bbox 464 1913 527 1974; x_wconf 86' lang='lat' dir='ltr'>et</span> <span class='ocrx_word' id='word_1_140' title='bbox 568 1930 709 1993; x_wconf 87' lang='lat' dir='ltr'>pars</span> <span class='ocrx_word' id='word_1_141' title='bbox 757 1930 966 1977; x_wconf 87' lang='lat' dir='ltr'>eorum</span> <span class='ocrx_word' id='word_1_142' title='bbox 1018 1913 1257 1995; x_wconf 84' lang='lat' dir='ltr'>possint</span> <span class='ocrx_word' id='word_1_143' title='bbox 1303 1913 1500 1996; x_wconf 88' lang='lat' dir='ltr'>accipi</span> <span class='ocrx_word' id='word_1_144' title='bbox 1547 1916 1611 1978; x_wconf 90' lang='lat' dir='ltr'>et</span> <span class='ocrx_word' id='word_1_145' title='bbox 1648 1915 1818 1977; x_wconf 88' lang='lat' dir='ltr'>mitti</span> <span class='ocrx_word' id='word_1_146' title='bbox 1867 1916 1923 1977; x_wconf 89' lang='lat' dir='ltr'>in</span> <span class='ocrx_word' id='word_1_147' title='bbox 1976 1914 2302 1979; x_wconf 90' lang='lat' dir='ltr'>servicium</span> <span class='ocrx_word' id='word_1_148' title='bbox 2335 1913 2590 1977; x_wconf 90' lang='lat' dir='ltr'>dominii</span> <span class='ocrx_word' id='word_1_149' title='bbox 2629 1912 2735 1976; x_wconf 90' lang='lat' dir='ltr'>ubi</span> <span class='ocrx_word' id='word_1_150' title='bbox 2783 1913 2847 1975; x_wconf 87' lang='lat' dir='ltr'>et</span> <span class='ocrx_word' id='word_1_151' title='bbox 2884 1912 3047 1975; x_wconf 89' lang='lat' dir='ltr'>sicut</span> <span class='ocrx_word' id='word_1_152' title='bbox 3082 1912 3189 1975; x_wconf 94' lang='lat' dir='ltr'>do-</span> 
     </span>
     <span class='ocr_line' id='line_1_17' title="bbox 462 1998 3188 2084; baseline 0 -23"><span class='ocrx_word' id='word_1_153' title='bbox 462 1998 647 2075; x_wconf 88' lang='lat' dir='ltr'>mino,</span> <span class='ocrx_word' id='word_1_154' title='bbox 700 2000 1069 2064; x_wconf 86' lang='lat' dir='ltr'>consiliariis</span> <span class='ocrx_word' id='word_1_155' title='bbox 1118 2005 1182 2064; x_wconf 92' lang='lat' dir='ltr'>et</span> <span class='ocrx_word' id='word_1_156' title='bbox 1228 2000 1538 2083; x_wconf 85' lang='lat' dir='ltr'>capitibus</span> <span class='ocrx_word' id='word_1_157' title='bbox 1587 2002 1650 2066; x_wconf 91' lang='lat' dir='ltr'>et</span> <span class='ocrx_word' id='word_1_158' title='bbox 1696 2000 1952 2066; x_wconf 84' lang='lat' dir='ltr'>consilio</span> <span class='ocrx_word' id='word_1_159' title='bbox 2001 2001 2347 2084; x_wconf 86' lang='lat' dir='ltr'>sapientum</span> <span class='ocrx_word' id='word_1_160' title='bbox 2399 2001 2741 2077; x_wconf 89' lang='lat' dir='ltr'>videbitur,</span> <span class='ocrx_word' id='word_1_161' title='bbox 2810 1999 2909 2063; x_wconf 82' lang='lat' dir='ltr'>vel</span> <span class='ocrx_word' id='word_1_162' title='bbox 2971 1999 3188 2063; x_wconf 90' lang='lat' dir='ltr'>maiori</span> 
     </span>
     <span class='ocr_line' id='line_1_18' title="bbox 463 2086 3191 2171; baseline 0 -22"><span class='ocrx_word' id='word_1_163' title='bbox 463 2087 645 2168; x_wconf 90' lang='lat' dir='ltr'>parti,</span> <span class='ocrx_word' id='word_1_164' title='bbox 708 2088 1127 2152; x_wconf 88' lang='lat' dir='ltr'>concordando</span> <span class='ocrx_word' id='word_1_165' title='bbox 1186 2107 1294 2152; x_wconf 90' lang='lat' dir='ltr'>nos</span> <span class='ocrx_word' id='word_1_166' title='bbox 1359 2108 1501 2153; x_wconf 91' lang='lat' dir='ltr'>cum</span> <span class='ocrx_word' id='word_1_167' title='bbox 1563 2089 1653 2153; x_wconf 91' lang='lat' dir='ltr'>eis</span> <span class='ocrx_word' id='word_1_168' title='bbox 1716 2108 1856 2154; x_wconf 90' lang='lat' dir='ltr'>cum</span> <span class='ocrx_word' id='word_1_169' title='bbox 1924 2107 2109 2170; x_wconf 88' lang='lat' dir='ltr'>quam</span> <span class='ocrx_word' id='word_1_170' title='bbox 2175 2090 2392 2154; x_wconf 92' lang='lat' dir='ltr'>maiori</span> <span class='ocrx_word' id='word_1_171' title='bbox 2455 2089 2785 2171; x_wconf 85' lang='lat' dir='ltr'>avantagio</span> <span class='ocrx_word' id='word_1_172' title='bbox 2847 2086 3191 2151; x_wconf 90' lang='lat' dir='ltr'>communis</span> 
     </span>
     <span class='ocr_line' id='line_1_19' title="bbox 460 2173 1652 2257; baseline 0.002 -19"><span class='ocrx_word' id='word_1_173' title='bbox 460 2173 594 2238; x_wconf 93' lang='lat' dir='ltr'>fieri</span> <span class='ocrx_word' id='word_1_174' title='bbox 642 2176 887 2257; x_wconf 86' lang='lat' dir='ltr'>poterit.</span> <span class='ocrx_word' id='word_1_175' title='bbox 929 2177 1011 2240; x_wconf 88' lang='lat' dir='ltr'>Et</span> <span class='ocrx_word' id='word_1_176' title='bbox 1059 2176 1110 2239; x_wconf 90' lang='lat' dir='ltr'>si</span> <span class='ocrx_word' id='word_1_177' title='bbox 1158 2176 1485 2241; x_wconf 89' lang='lat' dir='ltr'>consilium</span> <span class='ocrx_word' id='word_1_178' title='bbox 1533 2179 1652 2242; x_wconf 90' lang='lat' dir='ltr'>etc.</span> 
     </span>
    </p>

    <p class='ocr_par' dir='ltr' id='par_1_7' title="bbox 543 2266 1918 2335">
     <span class='ocr_line' id='line_1_20' title="bbox 543 2266 1918 2335; baseline 0.001 -12"><span class='ocrx_word' id='word_1_179' title='bbox 543 2266 722 2324; x_wconf 73' lang='lat' dir='ltr'>Misti</span> <span class='ocrx_word' id='word_1_180' title='bbox 773 2266 1015 2324; x_wconf 86' lang='lat' dir='ltr'><strong><em>XXVI.</em></strong></span> <span class='ocrx_word' id='word_1_181' title='bbox 1065 2270 1164 2335; x_wconf 78' lang='grc'>64,</span> <span class='ocrx_word' id='word_1_182' title='bbox 1213 2286 1254 2326; x_wconf 83' lang='lat' dir='ltr'><em>u</em></span> <span class='ocrx_word' id='word_1_183' title='bbox 1300 2269 1515 2327; x_wconf 79' lang='lat' dir='ltr'>arkivu</span> <span class='ocrx_word' id='word_1_184' title='bbox 1561 2268 1918 2328; x_wconf 68' lang='lat' dir='ltr'>mletad‘kom.</span> 
     </span>
    </p>
   </div>
   <div class='ocr_carea' id='block_1_7' title="bbox 723 2452 2940 2557">
    <p class='ocr_par' dir='ltr' id='par_1_8' title="bbox 723 2452 2940 2557">
     <span class='ocr_line' id='line_1_21' title="bbox 723 2452 2940 2557; baseline -0.001 -20"><span class='ocrx_word' id='word_1_185' title='bbox 723 2452 1181 2538; x_wconf 82' lang='lat' dir='ltr'>CCCXXV.</span> <span class='ocrx_word' id='word_1_186' title='bbox 1237 2456 1443 2538; x_wconf 79' lang='lat' dir='ltr'>God.</span> <span class='ocrx_word' id='word_1_187' title='bbox 1497 2458 1714 2541; x_wconf 78' lang='lat'>1351.</span> <span class='ocrx_word' id='word_1_188' title='bbox 1768 2458 1877 2541; x_wconf 78' lang='lat'>20</span> <span class='ocrx_word' id='word_1_189' title='bbox 1932 2458 2382 2557; x_wconf 79' lang='lat' dir='ltr'>kolovoza‚</span> <span class='ocrx_word' id='word_1_190' title='bbox 2436 2480 2496 2538; x_wconf 92' lang='lat' dir='ltr'>u</span> <span class='ocrx_word' id='word_1_191' title='bbox 2549 2454 2940 2538; x_wconf 84' lang='lat' dir='ltr'>Mletcih.</span> 
     </span>
    </p>
   </div>
   <div class='ocr_carea' id='block_1_8' title="bbox 456 2580 3184 2923">
    <p class='ocr_par' dir='ltr' id='par_1_9' title="bbox 465 2580 3181 2660">
     <span class='ocr_line' id='line_1_22' title="bbox 465 2580 3181 2660; baseline -0.001 -21"><span class='ocrx_word' id='word_1_192' title='bbox 465 2580 776 2656; x_wconf 70' lang='lat' dir='ltr'>Odyovara</span> <span class='ocrx_word' id='word_1_193' title='bbox 819 2597 880 2640; x_wconf 83' lang='lat' dir='ltr'>se</span> <span class='ocrx_word' id='word_1_194' title='bbox 925 2581 1122 2640; x_wconf 81' lang='lat' dir='ltr'>Jelem·</span> <span class='ocrx_word' id='word_1_195' title='bbox 1167 2584 1430 2658; x_wconf 69' lang='lat' dir='ltr'>kneqinjc&#39;</span> <span class='ocrx_word' id='word_1_196' title='bbox 1474 2584 1719 2658; x_wconf 60' lang='lat' dir='ltr'>kliskoj,</span> <span class='ocrx_word' id='word_1_197' title='bbox 1767 2586 1847 2644; x_wconf 87' lang='lat' dir='ltr'>da</span> <span class='ocrx_word' id='word_1_198' title='bbox 1894 2585 1955 2645; x_wconf 70' lang='lat' dir='ltr'>ce</span> <span class='ocrx_word' id='word_1_199' title='bbox 2003 2586 2098 2659; x_wconf 79' lang='lat' dir='ltr'>joj</span> <span class='ocrx_word' id='word_1_200' title='bbox 2144 2603 2183 2643; x_wconf 80' lang='lat' dir='ltr'><strong><em>u</em></strong></span> <span class='ocrx_word' id='word_1_201' title='bbox 2219 2584 2477 2660; x_wconf 73' lang='lat' dir='ltr'>patrichi</span> <span class='ocrx_word' id='word_1_202' title='bbox 2538 2583 2778 2641; x_wconf 73' lang='lat' dir='ltr'>knezovi</span> <span class='ocrx_word' id='word_1_203' title='bbox 2828 2582 3112 2640; x_wconf 68' lang='lat' dir='ltr'>zadarski</span> <span class='ocrx_word' id='word_1_204' title='bbox 3159 2582 3181 2637; x_wconf 81' lang='lat' dir='ltr'>i</span> 
     </span>
    </p>

    <p class='ocr_par' dir='ltr' id='par_1_10' title="bbox 459 2669 3184 2746">
     <span class='ocr_line' id='line_1_23' title="bbox 459 2669 3184 2746; baseline -0.001 -18"><span class='ocrx_word' id='word_1_205' title='bbox 459 2671 744 2728; x_wconf 65' lang='lat' dir='ltr'>sibenidki</span> <span class='ocrx_word' id='word_1_206' title='bbox 779 2669 1015 2742; x_wconf 69' lang='lat' dir='ltr'>pruie&#39;ti</span> <span class='ocrx_word' id='word_1_207' title='bbox 1058 2673 1240 2744; x_wconf 75' lang='lat' dir='ltr'>vojuu</span> <span class='ocrx_word' id='word_1_208' title='bbox 1283 2673 1497 2744; x_wconf 68' lang='lat' dir='ltr'>pomod.</span> <span class='ocrx_word' id='word_1_209' title='bbox 1560 2673 1787 2733; x_wconf 65' lang='lat' dir='ltr'>Nalaie</span> <span class='ocrx_word' id='word_1_210' title='bbox 1847 2691 1909 2733; x_wconf 83' lang='lat' dir='ltr'>se</span> <span class='ocrx_word' id='word_1_211' title='bbox 1970 2676 2278 2733; x_wconf 63' lang='lat' dir='ltr'>lanczo-vom</span> <span class='ocrx_word' id='word_1_212' title='bbox 2329 2673 2581 2746; x_wconf 76' lang='lat' dir='ltr'>Troyira</span> <span class='ocrx_word' id='word_1_213' title='bbox 2627 2673 2648 2729; x_wconf 76' lang='lat' dir='ltr'>i</span> <span class='ocrx_word' id='word_1_214' title='bbox 2705 2670 2966 2746; x_wconf 78' lang='lat' dir='ltr'>Sijeta,</span> <span class='ocrx_word' id='word_1_215' title='bbox 3029 2671 3184 2727; x_wconf 78' lang='lat' dir='ltr'>nelca</span> 
     </span>
    </p>

    <p class='ocr_par' dir='ltr' id='par_1_11' title="bbox 456 2759 3183 2923">
     <span class='ocr_line' id='line_1_24' title="bbox 456 2759 3183 2835; baseline -0 -19"><span class='ocrx_word' id='word_1_216' title='bbox 456 2759 685 2829; x_wconf 78' lang='lat' dir='ltr'>nastoje</span> <span class='ocrx_word' id='word_1_217' title='bbox 733 2759 1008 2817; x_wconf 71' lang='lat' dir='ltr'>ara-vnati</span> <span class='ocrx_word' id='word_1_218' title='bbox 1068 2761 1390 2819; x_wconf 74' lang='lat' dir='ltr'>razmiricu</span> <span class='ocrx_word' id='word_1_219' title='bbox 1450 2761 1738 2834; x_wconf 67' lang='lat' dir='ltr'>obstojecfu</span> <span class='ocrx_word' id='word_1_220' title='bbox 1796 2762 1996 2835; x_wconf 78' lang='lat' dir='ltr'>medju</span> <span class='ocrx_word' id='word_1_221' title='bbox 2060 2764 2230 2821; x_wconf 78' lang='lat' dir='ltr'>istom</span> <span class='ocrx_word' id='word_1_222' title='bbox 2291 2761 2625 2834; x_wconf 67' lang='lat' dir='ltr'>kvaeyinjom</span> <span class='ocrx_word' id='word_1_223' title='bbox 2673 2759 2694 2815; x_wconf 83' lang='lat' dir='ltr'>i</span> <span class='ocrx_word' id='word_1_224' title='bbox 2737 2759 2936 2816; x_wconf 52' lang='lat' dir='ltr'>&amp;enom</span> <span class='ocrx_word' id='word_1_225' title='bbox 2996 2759 3183 2816; x_wconf 76' lang='lat' dir='ltr'>kneza</span> 
     </span>
     <span class='ocr_line' id='line_1_25' title="bbox 837 2846 2794 2923; baseline -0.001 -18"><span class='ocrx_word' id='word_1_226' title='bbox 837 2846 1048 2916; x_wconf 76' lang='grc' dir='ltr'><strong><em>Ραυία,</em></strong></span> <span class='ocrx_word' id='word_1_227' title='bbox 1096 2865 1135 2905; x_wconf 87' lang='grc' dir='ltr'><em>α</em></span> <span class='ocrx_word' id='word_1_228' title='bbox 1181 2849 1301 2906; x_wconf 81' lang='lat' dir='ltr'>kad</span> <span class='ocrx_word' id='word_1_229' title='bbox 1346 2849 1477 2907; x_wconf 77' lang='lat' dir='ltr'>nebi</span> <span class='ocrx_word' id='word_1_230' title='bbox 1522 2850 1755 2923; x_wconf 56' lang='lat' dir='ltr'>uspjele,</span> <span class='ocrx_word' id='word_1_231' title='bbox 1802 2851 1955 2909; x_wconf 75' lang='lat' dir='ltr'>nelca</span> <span class='ocrx_word' id='word_1_232' title='bbox 2002 2871 2033 2909; x_wconf 92' lang='grc' dir='ltr'><em>ο</em></span> <span class='ocrx_word' id='word_1_233' title='bbox 2081 2855 2195 2909; x_wconf 76' lang='lat' dir='ltr'>tom</span> <span class='ocrx_word' id='word_1_234' title='bbox 2241 2848 2479 2909; x_wconf 66' lang='lat' dir='ltr'>izviescfe</span> <span class='ocrx_word' id='word_1_235' title='bbox 2506 2847 2794 2921; x_wconf 72' lang='lat' dir='ltr'>podnesu.</span> 
     </span>
    </p>
   </div>
   <div class='ocr_carea' id='block_1_9' title="bbox 454 2965 3178 3667">
    <p class='ocr_par' dir='ltr' id='par_1_12' title="bbox 454 2965 3178 3667">
     <span class='ocr_line' id='line_1_26' title="bbox 672 2965 3176 3051; baseline 0.002 -26"><span class='ocrx_word' id='word_1_236' title='bbox 672 2967 859 3030; x_wconf 83' lang='lat'>1351.</span> <span class='ocrx_word' id='word_1_237' title='bbox 909 2966 1008 3031; x_wconf 92' lang='lat' dir='ltr'>die</span> <span class='ocrx_word' id='word_1_238' title='bbox 1054 2967 1172 3031; x_wconf 89' lang='lat' dir='ltr'>XX</span> <span class='ocrx_word' id='word_1_239' title='bbox 1219 2969 1491 3051; x_wconf 84' lang='lat' dir='ltr'>augusti.</span> <span class='ocrx_word' id='word_1_240' title='bbox 1542 2967 1653 3033; x_wconf 88' lang='lat' dir='ltr'>Ser</span> <span class='ocrx_word' id='word_1_241' title='bbox 1714 2969 2010 3034; x_wconf 88' lang='lat' dir='ltr'>Nicolaus</span> <span class='ocrx_word' id='word_1_242' title='bbox 2069 2969 2259 3047; x_wconf 89' lang='lat' dir='ltr'>Lion,</span> <span class='ocrx_word' id='word_1_243' title='bbox 2326 2988 2423 3033; x_wconf 89' lang='lat' dir='ltr'>ser</span> <span class='ocrx_word' id='word_1_244' title='bbox 2488 2966 2837 3049; x_wconf 85' lang='lat' dir='ltr'>Stephanus</span> <span class='ocrx_word' id='word_1_245' title='bbox 2885 2965 3176 3047; x_wconf 88' lang='lat' dir='ltr'>Belegn0.</span> 
     </span>
     <span class='ocr_line' id='line_1_27' title="bbox 460 3051 3178 3139; baseline 0.001 -24"><span class='ocrx_word' id='word_1_246' title='bbox 460 3051 690 3134; x_wconf 87' lang='lat' dir='ltr'>Capta:</span> <span class='ocrx_word' id='word_1_247' title='bbox 742 3052 1072 3136; x_wconf 85' lang='lat' dir='ltr'>diligenter</span> <span class='ocrx_word' id='word_1_248' title='bbox 1115 3056 1481 3121; x_wconf 79' lang='lat' dir='ltr'>examinatis</span> <span class='ocrx_word' id='word_1_249' title='bbox 1529 3058 1592 3121; x_wconf 91' lang='lat' dir='ltr'>et</span> <span class='ocrx_word' id='word_1_250' title='bbox 1641 3056 1935 3122; x_wconf 88' lang='lat' dir='ltr'>discussis</span> <span class='ocrx_word' id='word_1_251' title='bbox 1982 3057 2212 3121; x_wconf 89' lang='lat' dir='ltr'>litteris</span> <span class='ocrx_word' id='word_1_252' title='bbox 2261 3057 2468 3121; x_wconf 87' lang='lat' dir='ltr'>missis</span> <span class='ocrx_word' id='word_1_253' title='bbox 2518 3075 2625 3139; x_wconf 94' lang='lat' dir='ltr'>per</span> <span class='ocrx_word' id='word_1_254' title='bbox 2671 3053 3178 3134; x_wconf 21' lang='lat' dir='ltr'>dominam-Ele·</span> 
     </span>
     <span class='ocr_line' id='line_1_28' title="bbox 457 3138 3175 3227; baseline 0 -26"><span class='ocrx_word' id='word_1_255' title='bbox 457 3158 599 3202; x_wconf 90' lang='lat' dir='ltr'>nam</span> <span class='ocrx_word' id='word_1_256' title='bbox 643 3138 818 3204; x_wconf 86' lang='lat' dir='ltr'>Clisii</span> <span class='ocrx_word' id='word_1_257' title='bbox 867 3142 1268 3219; x_wconf 88' lang='lat' dir='ltr'>comitissam,</span> <span class='ocrx_word' id='word_1_258' title='bbox 1338 3163 1443 3224; x_wconf 89' lang='lat' dir='ltr'>per</span> <span class='ocrx_word' id='word_1_259' title='bbox 1489 3161 1640 3226; x_wconf 89' lang='lat' dir='ltr'>quas</span> <span class='ocrx_word' id='word_1_260' title='bbox 1705 3147 1860 3227; x_wconf 88' lang='lat' dir='ltr'>petit</span> <span class='ocrx_word' id='word_1_261' title='bbox 1930 3144 2395 3209; x_wconf 87' lang='lat' dir='ltr'>subventionem</span> <span class='ocrx_word' id='word_1_262' title='bbox 2464 3143 2747 3227; x_wconf 90' lang='lat' dir='ltr'>gentium</span> <span class='ocrx_word' id='word_1_263' title='bbox 2808 3163 2844 3207; x_wconf 84' lang='lat' dir='ltr'>a</span> <span class='ocrx_word' id='word_1_264' title='bbox 2891 3141 3066 3206; x_wconf 91' lang='lat' dir='ltr'>nobis</span> <span class='ocrx_word' id='word_1_265' title='bbox 3115 3141 3175 3202; x_wconf 91' lang='lat' dir='ltr'>in</span> 
     </span>
     <span class='ocr_line' id='line_1_29' title="bbox 457 3228 3174 3313; baseline 0.001 -24"><span class='ocrx_word' id='word_1_266' title='bbox 457 3245 621 3304; x_wconf 90' lang='lat' dir='ltr'>casu,</span> <span class='ocrx_word' id='word_1_267' title='bbox 668 3246 785 3309; x_wconf 89' lang='lat' dir='ltr'>quo</span> <span class='ocrx_word' id='word_1_268' title='bbox 831 3228 891 3291; x_wconf 94' lang='lat' dir='ltr'>in</span> <span class='ocrx_word' id='word_1_269' title='bbox 942 3228 1268 3293; x_wconf 85' lang='lat' dir='ltr'>Sclavenia</span> <span class='ocrx_word' id='word_1_270' title='bbox 1312 3231 1613 3296; x_wconf 87' lang='lat' dir='ltr'>novitates</span> <span class='ocrx_word' id='word_1_271' title='bbox 1661 3253 1793 3297; x_wconf 89' lang='lat' dir='ltr'>esse</span> <span class='ocrx_word' id='word_1_272' title='bbox 1841 3233 2150 3309; x_wconf 88' lang='lat' dir='ltr'>deberent,</span> <span class='ocrx_word' id='word_1_273' title='bbox 2217 3231 2549 3297; x_wconf 89' lang='lat' dir='ltr'>consulunt</span> <span class='ocrx_word' id='word_1_274' title='bbox 2611 3230 2953 3313; x_wconf 90' lang='lat' dir='ltr'>sapientes,</span> <span class='ocrx_word' id='word_1_275' title='bbox 3018 3229 3174 3310; x_wconf 90' lang='lat' dir='ltr'>quod</span> 
     </span>
     <span class='ocr_line' id='line_1_30' title="bbox 460 3313 3173 3402; baseline 0 -25"><span class='ocrx_word' id='word_1_276' title='bbox 460 3313 662 3378; x_wconf 89' lang='lat' dir='ltr'>eidem</span> <span class='ocrx_word' id='word_1_277' title='bbox 706 3315 951 3380; x_wconf 90' lang='lat' dir='ltr'>domine</span> <span class='ocrx_word' id='word_1_278' title='bbox 999 3317 1456 3398; x_wconf 84' lang='lat' dir='ltr'>respondeatur,</span> <span class='ocrx_word' id='word_1_279' title='bbox 1507 3320 1663 3401; x_wconf 89' lang='lat' dir='ltr'>quod</span> <span class='ocrx_word' id='word_1_280' title='bbox 1713 3321 1833 3402; x_wconf 87' lang='lat' dir='ltr'>ipsi</span> <span class='ocrx_word' id='word_1_281' title='bbox 1880 3320 2035 3385; x_wconf 91' lang='lat' dir='ltr'>satis</span> <span class='ocrx_word' id='word_1_282' title='bbox 2078 3321 2174 3383; x_wconf 89' lang='lat' dir='ltr'>est</span> <span class='ocrx_word' id='word_1_283' title='bbox 2222 3321 2471 3398; x_wconf 91' lang='lat' dir='ltr'>notum,</span> <span class='ocrx_word' id='word_1_284' title='bbox 2543 3321 2840 3401; x_wconf 89' lang='lat' dir='ltr'>quantum</span> <span class='ocrx_word' id='word_1_285' title='bbox 2902 3333 3173 3381; x_wconf 87' lang='lat' dir='ltr'>amorem</span> 
     </span>
     <span class='ocr_line' id='line_1_31' title="bbox 454 3401 3175 3488; baseline 0 -23"><span class='ocrx_word' id='word_1_286' title='bbox 454 3406 518 3467; x_wconf 91' lang='lat' dir='ltr'>et</span> <span class='ocrx_word' id='word_1_287' title='bbox 559 3401 952 3467; x_wconf 88' lang='lat' dir='ltr'>dilectionem</span> <span class='ocrx_word' id='word_1_288' title='bbox 996 3404 1303 3486; x_wconf 88' lang='lat' dir='ltr'>gessimus</span> <span class='ocrx_word' id='word_1_289' title='bbox 1351 3408 1562 3471; x_wconf 89' lang='lat' dir='ltr'>comiti</span> <span class='ocrx_word' id='word_1_290' title='bbox 1609 3407 1925 3472; x_wconf 88' lang='lat' dir='ltr'>Maladino</span> <span class='ocrx_word' id='word_1_291' title='bbox 1970 3407 2230 3471; x_wconf 89' lang='lat' dir='ltr'>condam</span> <span class='ocrx_word' id='word_1_292' title='bbox 2255 3408 2385 3472; x_wconf 88' lang='lat' dir='ltr'>viro</span> <span class='ocrx_word' id='word_1_293' title='bbox 2433 3417 2561 3485; x_wconf 76' lang='lat' dir='ltr'>su‘o,</span> <span class='ocrx_word' id='word_1_294' title='bbox 2614 3410 2677 3471; x_wconf 88' lang='lat' dir='ltr'>et</span> <span class='ocrx_word' id='word_1_295' title='bbox 2718 3404 2962 3488; x_wconf 88' lang='lat' dir='ltr'>quantis</span> <span class='ocrx_word' id='word_1_296' title='bbox 3007 3403 3175 3466; x_wconf 85' lang='lat' dir='ltr'>favo-</span> 
     </span>
     <span class='ocr_line' id='line_1_32' title="bbox 456 3490 3172 3577; baseline 0 -24"><span class='ocrx_word' id='word_1_297' title='bbox 456 3490 626 3554; x_wconf 89' lang='lat' dir='ltr'>ribus</span> <span class='ocrx_word' id='word_1_298' title='bbox 673 3509 917 3573; x_wconf 87' lang='lat' dir='ltr'>semper</span> <span class='ocrx_word' id='word_1_299' title='bbox 960 3490 1442 3559; x_wconf 87' lang='lat' dir='ltr'>desideravimus</span> <span class='ocrx_word' id='word_1_300' title='bbox 1485 3496 1548 3558; x_wconf 91' lang='lat' dir='ltr'>et</span> <span class='ocrx_word' id='word_1_301' title='bbox 1592 3498 2056 3577; x_wconf 88' lang='lat' dir='ltr'>procuravimus</span> <span class='ocrx_word' id='word_1_302' title='bbox 2119 3494 2284 3574; x_wconf 89' lang='lat' dir='ltr'>eius,</span> <span class='ocrx_word' id='word_1_303' title='bbox 2352 3495 2735 3561; x_wconf 90' lang='lat' dir='ltr'>subditorum</span> <span class='ocrx_word' id='word_1_304' title='bbox 2792 3496 2854 3557; x_wconf 93' lang='lat' dir='ltr'>et</span> <span class='ocrx_word' id='word_1_305' title='bbox 2900 3492 3172 3556; x_wconf 85' lang='lat' dir='ltr'>locorum</span> 
     </span>
     <span class='ocr_line' id='line_1_33' title="bbox 456 3577 3173 3667; baseline -0 -26"><span class='ocrx_word' id='word_1_306' title='bbox 456 3596 707 3642; x_wconf 90' lang='lat' dir='ltr'>suorum</span> <span class='ocrx_word' id='word_1_307' title='bbox 750 3581 1151 3661; x_wconf 88' lang='lat' dir='ltr'>augmentum</span> <span class='ocrx_word' id='word_1_308' title='bbox 1201 3582 1266 3645; x_wconf 92' lang='lat' dir='ltr'>et</span> <span class='ocrx_word' id='word_1_309' title='bbox 1310 3584 1582 3659; x_wconf 85' lang='lat' dir='ltr'>statum;</span> <span class='ocrx_word' id='word_1_310' title='bbox 1627 3584 1689 3646; x_wconf 92' lang='lat' dir='ltr'>et</span> <span class='ocrx_word' id='word_1_311' title='bbox 1735 3602 2114 3667; x_wconf 89' lang='lat' dir='ltr'>quamquam</span> <span class='ocrx_word' id='word_1_312' title='bbox 2162 3603 2269 3665; x_wconf 90' lang='lat' dir='ltr'>per</span> <span class='ocrx_word' id='word_1_313' title='bbox 2315 3602 2502 3660; x_wconf 89' lang='lat' dir='ltr'>nova,</span> <span class='ocrx_word' id='word_1_314' title='bbox 2554 3602 2671 3665; x_wconf 89' lang='lat' dir='ltr'>que</span> <span class='ocrx_word' id='word_1_315' title='bbox 2715 3581 3046 3657; x_wconf 80' lang='lat' dir='ltr'>habemuS,</span> <span class='ocrx_word' id='word_1_316' title='bbox 3095 3577 3173 3640; x_wconf 86' lang='lat' dir='ltr'>ad</span> 
     </span>
    </p>
   </div>
   <div class='ocr_carea' id='block_1_10' title="bbox 318 3667 3173 3754">
    <p class='ocr_par' dir='ltr' id='par_1_13' title="bbox 318 3667 3173 3754">
     <span class='ocr_line' id='line_1_34' title="bbox 318 3667 3173 3754; baseline 0.001 -25"><span class='ocrx_word' id='word_1_317' title='bbox 318 3693 345 3712; x_wconf 69' lang='lat'>=·</span> <span class='ocrx_word' id='word_1_318' title='bbox 455 3684 703 3746; x_wconf 86' lang='lat' dir='ltr'>presens</span> <span class='ocrx_word' id='word_1_319' title='bbox 752 3684 868 3730; x_wconf 91' lang='lat' dir='ltr'>non</span> <span class='ocrx_word' id='word_1_320' title='bbox 916 3667 1239 3733; x_wconf 87' lang='lat' dir='ltr'>credamus</span> <span class='ocrx_word' id='word_1_321' title='bbox 1288 3670 1560 3754; x_wconf 87' lang='lat' dir='ltr'>aliquam</span> <span class='ocrx_word' id='word_1_322' title='bbox 1610 3672 1951 3736; x_wconf 88' lang='lat' dir='ltr'>novitatem</span> <span class='ocrx_word' id='word_1_323' title='bbox 2000 3673 2061 3735; x_wconf 92' lang='lat' dir='ltr'>in</span> <span class='ocrx_word' id='word_1_324' title='bbox 2109 3671 2392 3754; x_wconf 89' lang='lat' dir='ltr'>partibus</span> <span class='ocrx_word' id='word_1_325' title='bbox 2427 3671 2748 3735; x_wconf 88' lang='lat' dir='ltr'>Sclavonie</span> <span class='ocrx_word' id='word_1_326' title='bbox 2782 3669 3001 3734; x_wconf 87' lang='lat' dir='ltr'>debere</span> <span class='ocrx_word' id='word_1_327' title='bbox 3030 3686 3173 3732; x_wconf 87' lang='lat' dir='ltr'>con-</span> 
     </span>
    </p>
   </div>
   <div class='ocr_carea' id='block_1_11' title="bbox 452 3752 3177 4816">
    <p class='ocr_par' dir='ltr' id='par_1_14' title="bbox 452 3752 3177 4621">
     <span class='ocr_line' id='line_1_35' title="bbox 455 3752 3173 3841; baseline 0.001 -25"><span class='ocrx_word' id='word_1_328' title='bbox 455 3752 713 3836; x_wconf 87' lang='lat' dir='ltr'>tingere,</span> <span class='ocrx_word' id='word_1_329' title='bbox 766 3757 994 3833; x_wconf 83' lang='lat' dir='ltr'>tamen,</span> <span class='ocrx_word' id='word_1_330' title='bbox 1037 3758 1109 3820; x_wconf 95' lang='lat' dir='ltr'>ut</span> <span class='ocrx_word' id='word_1_331' title='bbox 1148 3755 1283 3838; x_wconf 90' lang='lat' dir='ltr'>ipsa</span> <span class='ocrx_word' id='word_1_332' title='bbox 1330 3758 1481 3823; x_wconf 89' lang='lat' dir='ltr'>bene</span> <span class='ocrx_word' id='word_1_333' title='bbox 1546 3759 1842 3837; x_wconf 89' lang='lat' dir='ltr'>dicernat,</span> <span class='ocrx_word' id='word_1_334' title='bbox 1886 3777 1997 3822; x_wconf 90' lang='lat' dir='ltr'>nos</span> <span class='ocrx_word' id='word_1_335' title='bbox 2063 3760 2276 3841; x_wconf 89' lang='lat' dir='ltr'>optare</span> <span class='ocrx_word' id='word_1_336' title='bbox 2343 3759 2570 3823; x_wconf 90' lang='lat' dir='ltr'>bonum</span> <span class='ocrx_word' id='word_1_337' title='bbox 2634 3761 2871 3822; x_wconf 84' lang='lat' dir='ltr'>statum</span> <span class='ocrx_word' id='word_1_338' title='bbox 2921 3760 2985 3821; x_wconf 91' lang='lat' dir='ltr'>et</span> <span class='ocrx_word' id='word_1_339' title='bbox 3031 3774 3173 3820; x_wconf 92' lang='lat' dir='ltr'>con-</span> 
     </span>
     <span class='ocr_line' id='line_1_36' title="bbox 454 3842 3177 3928; baseline 0 -23"><span class='ocrx_word' id='word_1_340' title='bbox 454 3842 863 3907; x_wconf 89' lang='lat' dir='ltr'>servationem</span> <span class='ocrx_word' id='word_1_341' title='bbox 911 3843 1207 3922; x_wconf 89' lang='lat' dir='ltr'>eiusdem,</span> <span class='ocrx_word' id='word_1_342' title='bbox 1254 3845 1575 3910; x_wconf 90' lang='lat' dir='ltr'>denotetur</span> <span class='ocrx_word' id='word_1_343' title='bbox 1621 3847 1695 3924; x_wconf 90' lang='lat' dir='ltr'>ei,</span> <span class='ocrx_word' id='word_1_344' title='bbox 1745 3846 1903 3928; x_wconf 93' lang='lat' dir='ltr'>quod</span> <span class='ocrx_word' id='word_1_345' title='bbox 1952 3847 2310 3911; x_wconf 88' lang='lat' dir='ltr'>comisimus</span> <span class='ocrx_word' id='word_1_346' title='bbox 2369 3849 2554 3928; x_wconf 89' lang='lat' dir='ltr'>atque</span> <span class='ocrx_word' id='word_1_347' title='bbox 2602 3845 3030 3910; x_wconf 88' lang='lat' dir='ltr'>mandavimus</span> <span class='ocrx_word' id='word_1_348' title='bbox 3078 3862 3177 3907; x_wconf 85' lang='lat' dir='ltr'>co-</span> 
     </span>
     <span class='ocr_line' id='line_1_37' title="bbox 455 3929 3174 4017; baseline 0.001 -25"><span class='ocrx_word' id='word_1_349' title='bbox 455 3929 716 3995; x_wconf 85' lang='lat' dir='ltr'>mitibus</span> <span class='ocrx_word' id='word_1_350' title='bbox 764 3931 993 3995; x_wconf 89' lang='lat' dir='ltr'>nostris</span> <span class='ocrx_word' id='word_1_351' title='bbox 1040 3932 1230 3996; x_wconf 83' lang='lat' dir='ltr'>Jadre</span> <span class='ocrx_word' id='word_1_352' title='bbox 1269 3934 1334 3997; x_wconf 91' lang='lat' dir='ltr'>et</span> <span class='ocrx_word' id='word_1_353' title='bbox 1380 3932 1662 4012; x_wconf 89' lang='lat' dir='ltr'>Sibinici,</span> <span class='ocrx_word' id='word_1_354' title='bbox 1712 3934 1871 4017; x_wconf 92' lang='lat' dir='ltr'>quod</span> <span class='ocrx_word' id='word_1_355' title='bbox 1920 3932 1993 3998; x_wconf 87' lang='lat' dir='ltr'>ad</span> <span class='ocrx_word' id='word_1_356' title='bbox 2041 3953 2284 3999; x_wconf 92' lang='lat' dir='ltr'>omnem</span> <span class='ocrx_word' id='word_1_357' title='bbox 2325 3933 2789 4016; x_wconf 89' lang='lat' dir='ltr'>requisitionem</span> <span class='ocrx_word' id='word_1_358' title='bbox 2837 3933 3032 4015; x_wconf 90' lang='lat' dir='ltr'>ipsius</span> <span class='ocrx_word' id='word_1_359' title='bbox 3065 3932 3174 3995; x_wconf 90' lang='lat' dir='ltr'>do-</span> 
     </span>
     <span class='ocr_line' id='line_1_38' title="bbox 456 4016 3175 4104; baseline 0.001 -25"><span class='ocrx_word' id='word_1_360' title='bbox 456 4016 621 4083; x_wconf 92' lang='lat' dir='ltr'>mine</span> <span class='ocrx_word' id='word_1_361' title='bbox 669 4019 866 4083; x_wconf 91' lang='lat' dir='ltr'>eidem</span> <span class='ocrx_word' id='word_1_362' title='bbox 917 4018 992 4082; x_wconf 93' lang='lat' dir='ltr'>de</span> <span class='ocrx_word' id='word_1_363' title='bbox 1041 4038 1163 4083; x_wconf 86' lang='lat' dir='ltr'>una</span> <span class='ocrx_word' id='word_1_364' title='bbox 1210 4020 1499 4085; x_wconf 89' lang='lat' dir='ltr'>banderia</span> <span class='ocrx_word' id='word_1_365' title='bbox 1545 4022 1821 4104; x_wconf 90' lang='lat' dir='ltr'>peditum</span> <span class='ocrx_word' id='word_1_366' title='bbox 1880 4040 1988 4104; x_wconf 90' lang='lat' dir='ltr'>pro</span> <span class='ocrx_word' id='word_1_367' title='bbox 2036 4022 2306 4104; x_wconf 90' lang='lat' dir='ltr'>quolibet</span> <span class='ocrx_word' id='word_1_368' title='bbox 2368 4020 2633 4086; x_wconf 90' lang='lat' dir='ltr'>debeant</span> <span class='ocrx_word' id='word_1_369' title='bbox 2696 4020 3054 4097; x_wconf 89' lang='lat' dir='ltr'>subvenire,</span> <span class='ocrx_word' id='word_1_370' title='bbox 3106 4025 3175 4083; x_wconf 91' lang='lat' dir='ltr'>ut</span> 
     </span>
     <span class='ocr_line' id='line_1_39' title="bbox 462 4103 3175 4186; baseline 0.001 -18"><span class='ocrx_word' id='word_1_371' title='bbox 462 4103 598 4186; x_wconf 90' lang='lat' dir='ltr'>ipsa</span> <span class='ocrx_word' id='word_1_372' title='bbox 643 4125 708 4170; x_wconf 89' lang='lat' dir='ltr'>se</span> <span class='ocrx_word' id='word_1_373' title='bbox 753 4109 816 4170; x_wconf 87' lang='lat' dir='ltr'>et</span> <span class='ocrx_word' id='word_1_374' title='bbox 864 4106 1143 4171; x_wconf 89' lang='lat' dir='ltr'>subditos</span> <span class='ocrx_word' id='word_1_375' title='bbox 1192 4127 1334 4173; x_wconf 89' lang='lat' dir='ltr'>suos</span> <span class='ocrx_word' id='word_1_376' title='bbox 1382 4108 1458 4173; x_wconf 91' lang='lat' dir='ltr'>ad</span> <span class='ocrx_word' id='word_1_377' title='bbox 1505 4109 1796 4173; x_wconf 89' lang='lat' dir='ltr'>honorem</span> <span class='ocrx_word' id='word_1_378' title='bbox 1847 4113 2124 4173; x_wconf 89' lang='lat' dir='ltr'>nostrum</span> <span class='ocrx_word' id='word_1_379' title='bbox 2187 4112 2251 4174; x_wconf 90' lang='lat' dir='ltr'>et</span> <span class='ocrx_word' id='word_1_380' title='bbox 2312 4108 2532 4174; x_wconf 91' lang='lat' dir='ltr'>bonum</span> <span class='ocrx_word' id='word_1_381' title='bbox 2602 4111 2834 4173; x_wconf 90' lang='lat' dir='ltr'>statum</span> <span class='ocrx_word' id='word_1_382' title='bbox 2884 4127 3061 4172; x_wconf 90' lang='lat' dir='ltr'>suum</span> <span class='ocrx_word' id='word_1_383' title='bbox 3111 4125 3175 4170; x_wconf 92' lang='lat' dir='ltr'>se</span> 
     </span>
     <span class='ocr_line' id='line_1_40' title="bbox 453 4192 3173 4278; baseline 0.001 -24"><span class='ocrx_word' id='word_1_384' title='bbox 453 4192 656 4256; x_wconf 79' lang='lat' dir='ltr'>valeat</span> <span class='ocrx_word' id='word_1_385' title='bbox 703 4211 1095 4271; x_wconf 78' lang='lat' dir='ltr'>conservar03</span> <span class='ocrx_word' id='word_1_386' title='bbox 1147 4195 1485 4262; x_wconf 90' lang='lat' dir='ltr'>inducendo</span> <span class='ocrx_word' id='word_1_387' title='bbox 1551 4216 1687 4262; x_wconf 89' lang='lat' dir='ltr'>eam</span> <span class='ocrx_word' id='word_1_388' title='bbox 1735 4216 1874 4262; x_wconf 88' lang='lat' dir='ltr'>cum</span> <span class='ocrx_word' id='word_1_389' title='bbox 1939 4197 2057 4260; x_wconf 88' lang='lat' dir='ltr'>hiis</span> <span class='ocrx_word' id='word_1_390' title='bbox 2119 4198 2182 4261; x_wconf 90' lang='lat' dir='ltr'>et</span> <span class='ocrx_word' id='word_1_391' title='bbox 2244 4197 2383 4261; x_wconf 88' lang='lat' dir='ltr'>aliis</span> <span class='ocrx_word' id='word_1_392' title='bbox 2448 4196 2688 4274; x_wconf 79' lang='lat' dir='ltr'>verbiS,</span> <span class='ocrx_word' id='word_1_393' title='bbox 2740 4216 2856 4278; x_wconf 90' lang='lat' dir='ltr'>que</span> <span class='ocrx_word' id='word_1_394' title='bbox 2903 4195 3173 4260; x_wconf 89' lang='lat' dir='ltr'>dominio</span> 
     </span>
     <span class='ocr_line' id='line_1_41' title="bbox 453 4277 3175 4356; baseline 0.003 -16"><span class='ocrx_word' id='word_1_395' title='bbox 453 4277 840 4356; x_wconf 88' lang='lat' dir='ltr'>videbuntur,</span> <span class='ocrx_word' id='word_1_396' title='bbox 889 4282 968 4345; x_wconf 87' lang='lat' dir='ltr'>ad</span> <span class='ocrx_word' id='word_1_397' title='bbox 1015 4301 1287 4348; x_wconf 87' lang='lat' dir='ltr'>amorem</span> <span class='ocrx_word' id='word_1_398' title='bbox 1333 4288 1397 4350; x_wconf 91' lang='lat' dir='ltr'>et</span> <span class='ocrx_word' id='word_1_399' title='bbox 1442 4285 1810 4350; x_wconf 87' lang='lat' dir='ltr'>fidelitatem</span> <span class='ocrx_word' id='word_1_400' title='bbox 1861 4284 2230 4349; x_wconf 88' lang='lat' dir='ltr'>servandum</span> <span class='ocrx_word' id='word_1_401' title='bbox 2279 4288 2489 4349; x_wconf 87' lang='lat' dir='ltr'>nostro</span> <span class='ocrx_word' id='word_1_402' title='bbox 2534 4283 2821 4348; x_wconf 92' lang='lat' dir='ltr'>dominio.</span> <span class='ocrx_word' id='word_1_403' title='bbox 2870 4284 2955 4347; x_wconf 89' lang='lat' dir='ltr'>Et</span> <span class='ocrx_word' id='word_1_404' title='bbox 3000 4301 3175 4347; x_wconf 90' lang='lat' dir='ltr'>man-</span> 
     </span>
     <span class='ocr_line' id='line_1_42' title="bbox 452 4364 3173 4455; baseline 0.002 -27"><span class='ocrx_word' id='word_1_405' title='bbox 452 4364 635 4429; x_wconf 89' lang='lat' dir='ltr'>detur</span> <span class='ocrx_word' id='word_1_406' title='bbox 681 4368 1004 4433; x_wconf 88' lang='lat' dir='ltr'>comitibus</span> <span class='ocrx_word' id='word_1_407' title='bbox 1069 4371 1418 4450; x_wconf 80' lang='lat' dir='ltr'>antedictiS,</span> <span class='ocrx_word' id='word_1_408' title='bbox 1483 4373 1642 4454; x_wconf 90' lang='lat' dir='ltr'>quod</span> <span class='ocrx_word' id='word_1_409' title='bbox 1707 4373 1787 4436; x_wconf 90' lang='lat' dir='ltr'>ad</span> <span class='ocrx_word' id='word_1_410' title='bbox 1848 4391 2089 4436; x_wconf 91' lang='lat' dir='ltr'>omnem</span> <span class='ocrx_word' id='word_1_411' title='bbox 2159 4373 2615 4454; x_wconf 86' lang='lat' dir='ltr'>requisitionem</span> <span class='ocrx_word' id='word_1_412' title='bbox 2681 4372 2874 4455; x_wconf 88' lang='lat' dir='ltr'>ipsius</span> <span class='ocrx_word' id='word_1_413' title='bbox 2920 4371 3173 4435; x_wconf 90' lang='lat' dir='ltr'>domine</span> 
     </span>
     <span class='ocr_line' id='line_1_43' title="bbox 453 4451 3172 4542; baseline 0.003 -28"><span class='ocrx_word' id='word_1_414' title='bbox 453 4451 651 4516; x_wconf 89' lang='lat' dir='ltr'>eidem</span> <span class='ocrx_word' id='word_1_415' title='bbox 699 4454 977 4534; x_wconf 89' lang='lat' dir='ltr'>debeant,</span> <span class='ocrx_word' id='word_1_416' title='bbox 1031 4462 1100 4519; x_wconf 91' lang='lat' dir='ltr'>ut</span> <span class='ocrx_word' id='word_1_417' title='bbox 1146 4461 1242 4522; x_wconf 89' lang='lat' dir='ltr'>est</span> <span class='ocrx_word' id='word_1_418' title='bbox 1279 4462 1530 4538; x_wconf 90' lang='lat' dir='ltr'>dictum,</span> <span class='ocrx_word' id='word_1_419' title='bbox 1581 4462 1654 4526; x_wconf 91' lang='lat' dir='ltr'>de</span> <span class='ocrx_word' id='word_1_420' title='bbox 1701 4479 1824 4526; x_wconf 88' lang='lat' dir='ltr'>una</span> <span class='ocrx_word' id='word_1_421' title='bbox 1869 4459 2165 4524; x_wconf 89' lang='lat' dir='ltr'>banderia</span> <span class='ocrx_word' id='word_1_422' title='bbox 2212 4459 2490 4542; x_wconf 90' lang='lat' dir='ltr'>peditum</span> <span class='ocrx_word' id='word_1_423' title='bbox 2547 4478 2655 4541; x_wconf 91' lang='lat' dir='ltr'>pro</span> <span class='ocrx_word' id='word_1_424' title='bbox 2702 4459 2982 4542; x_wconf 90' lang='lat' dir='ltr'>quolibet</span> <span class='ocrx_word' id='word_1_425' title='bbox 3027 4459 3172 4522; x_wconf 90' lang='lat' dir='ltr'>sub-</span> 
     </span>
     <span class='ocr_line' id='line_1_44' title="bbox 452 4540 1801 4621; baseline 0.008 -19"><span class='ocrx_word' id='word_1_426' title='bbox 452 4540 676 4606; x_wconf 79' lang='lat' dir='ltr'>venire.</span> <span class='ocrx_word' id='word_1_427' title='bbox 725 4540 821 4604; x_wconf 91' lang='lat' dir='ltr'>De</span> <span class='ocrx_word' id='word_1_428' title='bbox 862 4559 978 4607; x_wconf 93' lang='lat' dir='ltr'>non</span> <span class='ocrx_word' id='word_1_429' title='bbox 1027 4546 1085 4621; x_wconf 77' lang='lat'>2,</span> <span class='ocrx_word' id='word_1_430' title='bbox 1135 4564 1255 4610; x_wconf 91' lang='lat' dir='ltr'>non</span> <span class='ocrx_word' id='word_1_431' title='bbox 1302 4549 1524 4613; x_wconf 88' lang='lat' dir='ltr'>sinceri</span> <span class='ocrx_word' id='word_1_432' title='bbox 1572 4550 1631 4612; x_wconf 82' lang='lat'>2.</span> <span class='ocrx_word' id='word_1_433' title='bbox 1786 4565 1801 4572; x_wconf 78' lang='grc'><strong><em>’</em></strong></span> 
     </span>
    </p>

    <p class='ocr_par' dir='ltr' id='par_1_15' title="bbox 454 4628 3176 4816">
     <span class='ocr_line' id='line_1_45' title="bbox 667 4628 3171 4718; baseline 0.002 -26"><span class='ocrx_word' id='word_1_434' title='bbox 667 4628 988 4710; x_wconf 88' lang='lat' dir='ltr'>Sapientes</span> <span class='ocrx_word' id='word_1_435' title='bbox 1034 4634 1312 4712; x_wconf 88' lang='lat' dir='ltr'>predicti.</span> <span class='ocrx_word' id='word_1_436' title='bbox 1363 4633 1589 4718; x_wconf 87' lang='lat' dir='ltr'>Capta:</span> <span class='ocrx_word' id='word_1_437' title='bbox 1638 4634 1712 4700; x_wconf 90' lang='lat' dir='ltr'>ad</span> <span class='ocrx_word' id='word_1_438' title='bbox 1759 4634 2101 4717; x_wconf 88' lang='lat' dir='ltr'>capitulum</span> <span class='ocrx_word' id='word_1_439' title='bbox 2143 4636 2216 4699; x_wconf 91' lang='lat' dir='ltr'>de</span> <span class='ocrx_word' id='word_1_440' title='bbox 2262 4652 2352 4712; x_wconf 80' lang='lat'>00,</span> <span class='ocrx_word' id='word_1_441' title='bbox 2404 4635 2559 4717; x_wconf 92' lang='lat' dir='ltr'>quod</span> <span class='ocrx_word' id='word_1_442' title='bbox 2598 4636 3004 4718; x_wconf 84' lang='lat' dir='ltr'>conqueratur</span> <span class='ocrx_word' id='word_1_443' title='bbox 3037 4632 3171 4717; x_wconf 88' lang='lat' dir='ltr'>ipsa</span> 
     </span>
     <span class='ocr_line' id='line_1_46' title="bbox 454 4715 3176 4816; baseline 0.002 -37"><span class='ocrx_word' id='word_1_444' title='bbox 454 4715 772 4782; x_wconf 87' lang='lat' dir='ltr'>comitissa</span> <span class='ocrx_word' id='word_1_445' title='bbox 818 4716 893 4780; x_wconf 90' lang='lat' dir='ltr'>de</span> <span class='ocrx_word' id='word_1_446' title='bbox 935 4735 1118 4784; x_wconf 84' lang='lat' dir='ltr'>uxore</span> <span class='ocrx_word' id='word_1_447' title='bbox 1164 4723 1405 4787; x_wconf 86' lang='lat' dir='ltr'>comitis</span> <span class='ocrx_word' id='word_1_448' title='bbox 1455 4723 1651 4804; x_wconf 88' lang='lat' dir='ltr'>Pauli,</span> <span class='ocrx_word' id='word_1_449' title='bbox 1715 4723 2045 4788; x_wconf 89' lang='lat' dir='ltr'>consulunt</span> <span class='ocrx_word' id='word_1_450' title='bbox 2116 4721 2459 4816; x_wconf 78' lang='lat' dir='ltr'>sapienteS,</span> <span class='ocrx_word' id='word_1_451' title='bbox 2523 4721 2680 4803; x_wconf 92' lang='lat' dir='ltr'>quod</span> <span class='ocrx_word' id='word_1_452' title='bbox 2740 4722 3048 4787; x_wconf 88' lang='lat' dir='ltr'>scribatur</span> <span class='ocrx_word' id='word_1_453' title='bbox 3113 4725 3176 4785; x_wconf 92' lang='lat' dir='ltr'>et</span> 
     </span>
    </p>
   </div>
  </div>
 </body>
</html>
