3620 5282
439 329 568 395 382

391 517 398 523 ·
446 505 594 568 XL:
642 521 739 567 ser
785 501 1106 566 Bertuzius
1153 503 1438 584 Georgio,
1488 521 1586 565 ser
1627 502 2103 566 Bartholomeus
2151 500 2428 580 Quirino,
2480 522 2581 566 ser
2627 503 2995 567 Laurentius
3044 502 3159 567 Su-

447 592 759 674 perancio:
810 590 966 670 quod
1017 589 1218 653 dictus
1268 608 1365 653 ser
1412 589 1681 653 Michael
1728 590 1976 653 Faletro
2038 590 2122 653 sit
2182 594 2474 671 perpetuo
2546 590 2820 671 privatus
2875 591 3160 655 omuibus

448 676 740 751 consiliiS,
791 677 1219 758 regiminibuS,
1266 677 1683 758 capitaneriiS,
1733 676 1950 740 officiis
1999 680 2061 741 et
2109 678 2420 741 beneficiis
2469 678 2813 742 communis
2868 677 3161 742 Venecia-

449 785 583 830 rum
632 765 798 827 iutus
846 767 909 827 et
954 768 1144 828 extra.
1185 765 1268 828 Et
1312 765 1425 828 hec
1471 784 1589 828 non
1639 764 1835 847 possit
1883 765 2154 828 revocari
2203 767 2318 828 sub
2367 783 2524 847 pena
2572 766 2706 829 duc.
2737 765 2875 828 MM
2903 766 3160 829 cuilibet

436 852 809 926 consiliariO,
838 851 1025 933 capiti
1054 855 1116 915 et
1140 852 1246 915 alii
1270 854 1514 933 ponenti
1538 853 1630 915 vel
1651 853 2057 916 consentienti
2077 854 2318 934 partem
2340 853 2401 915 in
2429 853 2824 916 contrarium.
2847 853 2993 928 247,
3014 853 3159 917 270.

653 939 1114 1004 Advocatores:
1164 941 1325 1020 quod
1373 939 1490 1002 iste
1538 958 1633 1002 ser
1681 938 1946 1002 Michael
1997 939 2253 1003 Faledro
2313 940 2796 1021 condempnetur
2857 941 2933 1003 ad
2991 944 3159 1004 stan-

436 1029 585 1091 dum
640 1027 877 1090 duobus
924 1026 1101 1090 aunis
1146 1026 1206 1089 in
1255 1044 1374 1090 uno
1420 1044 1735 1090 carcerum
1770 1024 2147 1104 inferiorum,
2196 1027 2302 1108 qui
2337 1026 2457 1090 sibi
2492 1030 2705 1091 statim
2762 1032 2945 1109 capta
2984 1033 3160 1110 parte

437 1117 775 1196 deputetur
822 1132 932 1196 per
980 1113 1316 1190 dominum,
1367 1113 1765 1190 consiliarioS,
1815 1115 2018 1194 capita
2065 1116 2137 1177 de
2183 1116 2294 1178 XL
2340 1116 2448 1177 aut
2493 1134 2600 1196 per
2669 1113 2965 1178 maiorem
3022 1134 3159 1196 par-

445 1209 568 1266 tem
627 1220 836 1265 eorum
885 1201 959 1264 ad
1010 1200 1284 1264 bussolos
1332 1215 1396 1265 et
1449 1201 1731 1264 ballotas.
1798 1201 1880 1263 Et
1938 1202 1991 1264 si
2053 1219 2239 1265 causa
2295 1201 2692 1266 infirmatatis
2756 1202 2851 1265 vel
2915 1202 3042 1266 alia
3088 1202 3163 1266 de

442 1307 625 1353 causa
674 1290 1000 1370 poneretur
1048 1289 1107 1352 in
1157 1288 1371 1351 leniori
1419 1306 1662 1352 carcere
1711 1287 1785 1351 ad
1826 1289 2106 1369 tempuS,
2174 1289 2232 1351 id
2280 1292 2560 1370 tempuS,
2625 1290 2783 1371 quod
2846 1291 3051 1354 staret
3099 1291 3160 1352 in

444 1395 686 1441 carcere
733 1375 966 1451 leviori,
1017 1394 1130 1438 non
1167 1378 1560 1457 computetur
1597 1375 1712 1438 sibi
1763 1377 1825 1437 in
1874 1393 1942 1438 eo
1976 1377 2251 1457 tempore
2285 1378 2541 1440 duorum
2574 1395 2892 1453 annorum,
2935 1377 3158 1460 quibus

442 1468 608 1528 stare
657 1464 838 1526 debet
885 1480 1127 1526 carcere
1176 1462 1465 1543 deputato
1510 1482 1616 1543 per
1676 1463 1914 1525 dictum
1981 1463 2307 1527 consilium
2372 1466 2437 1528 et
2497 1465 2740 1546 capita,
2806 1468 2876 1528 ut
2922 1467 3017 1528 est
3065 1465 3159 1529 di-

442 1555 646 1621 ctum;
697 1554 761 1613 et
805 1549 970 1613 ultra
1017 1551 1129 1613 hoc
1176 1550 1501 1614 banniatur
1546 1551 1809 1632 quinque
1866 1550 2043 1614 annis
2113 1551 2424 1614 continuis
2472 1551 2546 1613 de
2589 1552 2868 1615 Venetiis
2918 1555 2981 1616 et
3030 1553 3159 1615 eius

446 1639 757 1715 districtu,
806 1637 1090 1701 videlicet
1149 1656 1184 1700 a
1230 1636 1434 1701 Grado
1498 1656 1690 1718 usque
1752 1637 1828 1701 ad
1877 1636 2079 1718 Caput
2130 1638 2369 1720 ageris;
2419 1640 2532 1702 hoc
2577 1640 2819 1716 addito,
2885 1639 3047 1721 quod
3109 1640 3160 1703 si

378 1749 381 1754 ⁸
443 1728 661 1790 evadet
708 1727 780 1787 de
828 1725 1149 1788 caneribus
1196 1725 1338 1788 ante
1382 1725 1718 1788 terminum
1766 1725 2137 1805 predictum,
2200 1744 2306 1789 seu
2348 1725 2666 1805 frangeret
2724 1726 2992 1791 confines
3039 1727 3157 1791 sibi

440 1813 640 1885 datos,
695 1812 982 1876 videlicet
1029 1813 1078 1874 si
1130 1812 1387 1876 intraret
1433 1812 1729 1875 Venecias
1780 1812 1878 1876 vel
1924 1814 2056 1876 eius
2102 1812 2478 1890 districtum,
2532 1834 2602 1877 ex
2649 1817 2793 1878 tunc
2821 1813 3158 1878 banniatur

443 1903 740 1984 perpetuo
787 1900 860 1963 de
907 1899 1207 1975 VeneciiS,
1258 1903 1322 1963 et
1367 1918 1439 1963 ex
1484 1918 1644 1962 nunc
1691 1901 1874 1981 prout
1921 1920 1991 1963 ex
2039 1902 2183 1964 tunc
2231 1900 2616 1982 intelligatur
2664 1920 2797 1965 esse
2846 1903 2909 1965 in
2956 1902 3154 1966 banno

442 1991 738 2071 perpetuo
786 1987 862 2049 de
907 1986 1185 2050 Venetiis
1233 1990 1296 2050 et
1342 1988 1470 2050 eius
1518 1987 1824 2050 districtu.
1874 1987 1957 2050 Et
2003 1987 2166 2051 ultra
2213 1987 2329 2051 hoc
2377 1990 2652 2070 privetur
2677 1993 2972 2071 perpetuo
3025 2010 3156 2053 om-

440 2076 622 2140 nibus
671 2073 1074 2157 regiminibus
1143 2074 1566 2138 veneciarum.
1640 2074 1719 2138 Et
1763 2075 1837 2138 de
1903 2074 2201 2156 predictis
2263 2075 2547 2140 omnibus
2611 2079 2674 2140 et
2721 2077 2983 2158 singulis
3035 2097 3154 2141 non

441 2164 637 2246 possit
678 2164 730 2225 ei
779 2162 911 2226 fieri
960 2162 1185 2242 gratia,
1235 2161 1484 2238 donum,
1529 2163 2061 2243 recompensatiO,
2136 2165 2454 2245 suspensio
2523 2166 2703 2227 modo
2768 2166 2864 2228 vel
2912 2165 3158 2247 ingenio

442 2250 556 2315 sub
595 2267 753 2332 pena
797 2249 1163 2330 privationis
1210 2249 1484 2312 omnium
1534 2248 1889 2328 offitiorum,
1940 2250 2340 2314 consiliorum
2376 2254 2438 2315 et
2486 2251 2912 2317 benefitiorum
2960 2254 3161 2317 Vene-

443 2339 679 2403 ciarum
728 2336 896 2400 intus
942 2339 1005 2400 et
1050 2341 1222 2399 extra
1268 2336 1527 2400 cuilibet
1570 2337 1939 2413 consiliario,
2003 2338 2213 2419 capiti,
2263 2339 2361 2403 vel
2409 2339 2530 2403 alio
2578 2341 2828 2420 ponenti
2876 2341 2974 2404 vel
3021 2360 3161 2405 con-

445 2424 743 2490 sentienti
787 2425 1026 2505 partem
1076 2423 1138 2486 in
1187 2423 1584 2501 contrarium,
1635 2426 1698 2488 et
1732 2425 2061 2489 heredibus
2113 2426 2321 2504 illius,
2387 2427 2492 2508 qui
2561 2432 2815 2509 poneret
2871 2428 2967 2492 vel
3013 2445 3157 2492 con-

440 2513 698 2577 sentiret
738 2513 977 2594 partem
1030 2511 1093 2574 in
1137 2512 1536 2575 contrarium.
1596 2513 1736 2575 113.

650 2599 716 2666 Si
767 2599 1007 2663 videtur
1056 2598 1228 2664 vobis
1275 2599 1350 2663 de
1397 2598 1778 2681 procedendo
1824 2601 2038 2665 contra
2081 2598 2427 2666 Simeonem
2484 2601 2561 2666 de
2611 2601 2935 2680 Ferraria,
3007 2603 3156 2669 olim

438 2688 666 2754 sotium
708 2706 806 2751 ser
852 2686 1177 2751 M·chaelis
1244 2686 1507 2764 Faletro,
1574 2687 1672 2750 cui
1733 2689 1997 2753 comissa
2057 2691 2194 2753 erat
2254 2690 2529 2754 custodia
2590 2691 2701 2754 illa
2765 2694 2982 2769 nocte,
3032 2711 3153 2775 qua

448 2776 681 2841 amissa
744 2774 862 2839 fuit
913 2774 1124 2840 Jadra.
1195 2772 1424 2856 Capta:
1490 2775 1709 2857 prima,
1760 2776 1923 2857 quod
1988 2778 2350 2858 procedatur
2413 2778 2576 2853 282;
2648 2780 2929 2858 secunda,
2997 2781 3155 2862 quod

443 2883 582 2942 non,
632 2862 797 2938 219;
847 2863 1040 2926 tercia
1086 2880 1205 2926 non
1254 2862 1473 2927 sinceri
1521 2861 1625 2926 62.

658 2950 978 3029 DominuS‚
1029 2949 1365 3014 consiliarii
1414 2953 1474 3013 et
1520 2950 1743 3031 capita.
1815 2949 2045 3033 Capta:
2094 2951 2251 3033 quod
2293 2951 2412 3017 iste
2459 2952 2672 3017 Simon
2730 2954 2897 3018 stare
2935 2955 3154 3019 debeat

443 3037 647 3102 medio
698 3056 854 3101 anno
901 3040 961 3099 in
1012 3057 1129 3101 uno
1177 3056 1486 3101 carcerum
1536 3036 1915 3114 inferiorum,
1965 3041 2029 3103 et
2065 3039 2149 3103 sit
2191 3042 2486 3122 perpetuo
2536 3040 2816 3122 privatus
2862 3042 3148 3106 omnibus

440 3126 652 3190 offitiis
700 3128 763 3188 et
809 3124 1116 3188 beneficiis
1160 3124 1506 3188 communis
1557 3125 1983 3205 veneciarum,
2032 3145 2141 3190 nec
2190 3128 2387 3209 possit
2449 3147 2718 3209 unquam
2765 3129 2989 3193 habere
3036 3129 3151 3193 ali-

440 3214 599 3295 quod
646 3211 1039 3293 stipendium,
1090 3212 1387 3276 salarium
1436 3210 1533 3275 vel
1580 3213 1987 3293 provisionem
2050 3214 2394 3279 communis
2442 3215 2843 3280 Venetiarum
2893 3216 2991 3282 vel
3037 3217 3158 3281 ali-

440 3299 615 3364 cuius
662 3299 893 3380 recepti
929 3298 1024 3362 vel
1069 3298 1254 3362 officii
1302 3300 1645 3362 communis
1695 3299 2102 3364 Veneciarum
2150 3303 2319 3366 intus
2367 3302 2464 3366 vel
2511 3306 2702 3367 extra.
2750 3304 2897 3368 431.

648 3386 1066 3451 Advocatores
1109 3387 1489 3450 communis:
1545 3387 1698 3469 quod
1765 3387 1884 3451 iste
1955 3387 2168 3453 Simon
2232 3391 2356 3454 stet
2420 3391 2618 3455 medio
2685 3410 2841 3456 anno
2905 3391 2968 3456 in
3034 3412 3150 3457 uno

439 3492 754 3539 carcerum
802 3472 1174 3552 inferiorum,
1225 3475 1288 3537 et
1335 3475 1624 3555 perpetuo
1668 3474 1998 3539 banniatur
2043 3475 2118 3540 de
2170 3477 2454 3541 Veneciis
2517 3481 2580 3541 et
2625 3478 2913 3543 districtu
2962 3483 3025 3544 et
3071 3479 3145 3543 de

442 3562 725 3627 omnibus
773 3561 955 3625 terris
1002 3566 1066 3626 et
1109 3560 1262 3625 locis
1308 3561 1571 3624 subditis
1619 3562 1928 3626 communi
1956 3563 2402 3640 Veneciarum3
2453 3567 2516 3628 et
2561 3567 2613 3629 si
2659 3568 3046 3646 permitteret
3084 3586 3150 3631 se

448 3650 697 3731 reperiri
743 3648 804 3712 in
853 3649 1134 3713 Veneciis
1183 3648 1278 3712 vel
1324 3648 1530 3730 aliqua
1579 3651 1881 3714 terrarum
1929 3652 1993 3714 et
2037 3651 2307 3715 locorum
2372 3655 2759 3730 nostrorum,
2829 3657 2996 3719 stare
3042 3654 3148 3718 de-

447 3738 591 3802 beat
636 3737 835 3800 medio
880 3754 1038 3800 anno
1082 3736 1144 3800 in
1193 3736 1356 3800 dicto
1402 3754 1675 3811 carcere3
1740 3740 1802 3799 et
1850 3738 1961 3802 hoc
2006 3740 2187 3803 toties
2235 3741 2549 3818 servetur,
2614 3742 2854 3823 quoties
2902 3761 2968 3805 se
3013 3761 3154 3824 per-

444 3824 724 3889 mitteret
769 3824 1044 3905 reperiri.
1092 3824 1199 3895 42,
1239 3840 1356 3886 non
1405 3823 1628 3888 sinceri
1673 3824 1777 3888 42.

526 3913 737 3973 Maius
784 3912 1128 3973 Consileum.
1160 3913 1408 3973 Novella
1456 3915 1555 3984 55,
1603 3933 1645 3973 u
1689 3916 1906 3974 arkivu
1941 3916 2299 3976 mletackom.

772 4103 1162 4185 DXLIX.
1240 4103 1445 4185 God.
1501 4103 1723 4187 1358.
1782 4105 1877 4187 13
1930 4106 2272 4209 ozujka,
2327 4132 2387 4190 u
2439 4108 2828 4192 Mletcih.

436 4230 729 4289 Mletcani
772 4231 1126 4303 zahtjevaju‚
1173 4230 1253 4288 da
1300 4231 1419 4303 jim
1467 4231 1735 4304 oyladski
1782 4234 2095 4305 patrijczrh
2150 4238 2387 4308 povrati
2448 4239 2611 4310 njeki
2672 4241 2858 4313 yrad,
2919 4260 2958 4299 a
2997 4243 3160 4317 ylede

442 4318 845 4391 inplacivanja
890 4319 1093 4376 danka
1131 4318 1155 4375 i
1192 4318 1563 4391 povrac‘anja
1623 4320 1810 4377 svetih
1855 4321 2059 4379 tielesa
2102 4324 2257 4385 nelca
2300 4340 2428 4383 sam
2475 4326 2637 4397 kralj
2679 4328 2834 4386 sudi.
2910 4327 3041 4390 Can
3085 4331 3155 4390 dc

1065 4406 1127 4462 la
1171 4405 1351 4464 Scala
1412 4406 1658 4464 uvrscen
1710 4408 1909 4481 medju
1953 4411 2307 4483 uyovornike
2350 4414 2522 4471 mira.

655 4522 843 4587 1358.
890 4523 988 4587 die
1033 4523 1187 4587 XIII
1237 4524 1468 4602 marcii,
1515 4525 1849 4590 indictione
1896 4527 2004 4591 XI.
2068 4529 2388 4608 Dominus,
2449 4533 2809 4612 consiliarii,
2858 4556 2957 4602 ser
2998 4539 3150 4603 Ber·

374 4680 380 4685 ,
439 4607 641 4674 tucius
689 4608 955 4691 Georgio
1001 4614 1187 4691 caput
1232 4610 1363 4689 XL,
1429 4614 1493 4676 et
1538 4631 1636 4676 ser
1682 4614 1906 4677 Petrus
1953 4616 2284 4682 Tervisano
2345 4619 2605 4699 sapiens,
2687 4620 2918 4705 Capta:
2982 4626 3144 4708 quod

440 4695 877 4778 respondeatur
922 4698 1418 4763 ambaxatoribus
1464 4698 1697 4763 domini
1742 4702 1905 4783 regis
1951 4701 2305 4786 Hungarie‚
2367 4708 2530 4789 quod
2577 4707 2739 4773 sicut
2791 4711 2987 4792 pridie
3032 4733 3142 4795 per
