3620 5282
509 359 595 424 62

511 537 896 619 negotiorum
945 538 1289 601 nostrorum
1338 535 1489 600 utile
1535 530 1871 618 reputetur,
1918 537 2076 619 quod
2124 535 2276 601 dicti
2322 538 2747 603 ambaxatores
2780 539 3008 603 domini
3040 540 3207 605 Mas-

510 626 622 689 tini
674 625 902 689 vadant
950 624 1219 708 separati
1257 644 1292 689 a
1336 625 1582 703 nostriS,
1632 644 1768 689 cum
1819 624 1944 689 illis
1991 624 2222 706 pulcris
2269 626 2331 688 et
2376 625 2734 690 decentibus
2799 623 3035 706 vefbiS,
3085 648 3203 710 que

511 712 897 791 videbuntur,
948 714 1330 791 inducantur,
1380 712 1540 796 quod
1588 732 1694 794 per
1736 732 1799 777 se
1847 712 2091 790 vadant,
2146 715 2210 777 et
2249 715 2584 796 separatim
2631 734 2668 779 a
2714 715 2938 781 nostris
2993 717 3206 781 amba-

507 801 817 865 xatoribus
864 802 1174 882 predictis.

720 888 947 970 Capta:
1014 890 1239 954 nostris
1296 889 1502 970 itaque
1567 888 2064 953 ambaxatoribus
2123 889 2583 969 committatur,
2647 893 2804 974 quod
2865 892 3205 957 accelerent

509 977 630 1041 iter
675 996 851 1040 suum
900 997 1110 1041 versus
1155 975 1502 1059 Neapolim,
1549 994 1667 1039 non
1715 978 2083 1059 expectando
2130 979 2448 1060 propterea
2494 980 2556 1042 in
2603 979 2808 1061 aliqua
2853 984 3028 1062 parte
3074 1000 3205 1045 am-

513 1064 834 1130 baxatores
882 1064 1112 1129 domini
1158 1065 1448 1143 Mastini3
1494 1067 1557 1128 et
1597 1066 1773 1149 quod,
1822 1067 2145 1148 postquam
2183 1068 2362 1131 erunt
2396 1067 2457 1130 in
2483 1067 2806 1149 Neapolim
2852 1068 3039 1132 simul
3064 1088 3204 1134 cum

509 1154 1006 1217 ambaxatoribus
1038 1153 1270 1217 domini
1294 1153 1550 1223 Mastini
1588 1154 1879 1217 videbunt
1902 1154 2202 1217 maneries
2236 1158 2299 1217 et
2327 1153 2798 1233 familiaritateS,
2850 1175 2963 1238 que
2998 1158 3200 1220 osten-

509 1241 730 1305 dentur
773 1242 836 1305 et
879 1243 1247 1306 tenebuntur
1293 1244 1421 1305 tam
1470 1261 1576 1324 per
1618 1241 1937 1305 dominum
1983 1261 2190 1324 regem
2237 1261 2418 1323 quam
2465 1261 2606 1307 suos
2652 1261 2799 1327 erga
2830 1244 3022 1308 dictos
3067 1263 3200 1307 am-

509 1330 866 1405 baxatores3
915 1331 978 1393 et
1024 1331 1077 1393 si
1122 1349 1227 1411 per
1273 1348 1361 1406 ea,
1410 1349 1523 1412 que
1570 1329 1849 1406 viderint,
1900 1332 2233 1411 sperarent,
2283 1330 2437 1412 quod
2465 1332 2735 1396 executio
2781 1331 2900 1395 sibi
2947 1331 3203 1396 commi-

510 1436 713 1481 sorum
778 1436 884 1499 per
945 1417 1465 1498 interpositionem
1530 1417 1798 1499 ipsorum
1862 1419 2321 1482 ambaxatorum
2382 1419 2606 1482 melius
2675 1420 2944 1483 obtinere
2991 1423 3199 1502 posset

512 1525 698 1588 quam
745 1505 940 1583 aliter,
989 1506 1366 1587 relinquatur
1424 1506 1486 1568 in
1546 1506 1908 1570 discretione
1968 1507 2271 1570 dictorum
2326 1509 2670 1570 nostrorum
2733 1507 3201 1571 ambaxatorum

510 1593 608 1657 vel
660 1593 908 1658 maioris
954 1594 1147 1674 partis
1194 1594 1256 1656 in
1303 1593 1627 1676 aperiendo
1674 1611 1738 1657 se
1784 1593 1955 1676 ipsiS,
2006 1595 2069 1657 et
2130 1595 2195 1657 in
2234 1594 2540 1673 faciendo,
2604 1594 2761 1677 quod
2824 1614 2886 1659 se
2934 1597 3201 1677 interpo-

509 1683 658 1744 nant
703 1681 763 1743 in
814 1682 940 1745 toto
986 1680 1081 1745 vel
1125 1684 1299 1765 parte
1348 1681 1731 1765 negotiorum
1778 1682 1897 1745 sibi
1944 1681 2429 1760 commissorum,
2491 1684 2649 1747 sicut
2693 1682 2780 1746 eis
2826 1702 2933 1764 pro
2978 1684 3200 1748 honore

507 1771 715 1833 nostro
763 1771 825 1834 et
871 1786 981 1832 suo
1049 1773 1110 1833 et
1179 1770 1328 1833 bono
1389 1771 1773 1851 negotiorum
1841 1773 2185 1834 nostrornm
2255 1770 2474 1834 melius
2524 1771 2879 1853 apparebit,
2941 1789 3198 1853 quorum

505 1875 794 1940 personas
845 1856 1127 1921 continue
1174 1859 1442 1922 tractare
1485 1861 1549 1921 et
1583 1859 1881 1922 honorare
1926 1857 2209 1938 debeant,
2253 1858 2416 1921 sicut
2461 1858 2726 1922 viderint
2764 1859 3062 1942 expedire.

594 1947 751 2007 Scor.
797 1965 948 2006 cons
998 1952 1180 2023 νομαί.
1227 1948 1302 2007 A.
1354 1952 1495 2018 100,
1542 1968 1583 2007 u
1629 1950 1845 2008 arkivu
1886 1949 2240 2008 mlctac‘kom.

889 2137 1182 2220 CXIV.
1237 2134 1440 2221 God.
1495 2138 1722 2220 1348.
1775 2139 1875 2220 10
1929 2139 2268 2240 ozujka,
2321 2162 2380 2220 u
2433 2138 2819 2221 Mletcih.

821 2265 1000 2338 Dakia
1045 2282 1076 2324 o
1120 2266 1394 2337 naputku
1432 2282 1507 2325 za
1540 2266 1852 2338 poslanike
1897 2266 2284 2338 odpremb'ene
2324 2266 2644 2339 aqam-hrt).
2689 2267 2904 2339 kraljw

725 2386 905 2459 1348,
957 2384 1049 2447 die
1097 2384 1154 2447 X
1201 2384 1428 2463 martii,
1476 2387 1688 2467 capta:
1737 2388 1800 2450 et
1846 2386 1898 2448 si
1944 2405 2049 2467 per
2108 2385 2423 2449 dominum
2471 2404 2678 2469 regem
2744 2386 3047 2452 diceretur
3092 2405 3200 2452 seu

505 2474 927 2540 recordaretur
972 2472 1199 2555 aliquid
1252 2473 1329 2536 de
1378 2474 1751 2537 novitatibus
1783 2472 1994 2551 Jadre,
2031 2474 2450 2555 respondeant,
2504 2474 2662 2555 quod
2710 2475 2881 2540 nulla
2926 2493 3198 2558 unquam

503 2582 613 2648 pro
674 2563 846 2647 parte
912 2563 1119 2625 nostra
1182 2560 1298 2624 fuit
1364 2563 1506 2626 data
1567 2581 1675 2626 nec
1738 2563 1986 2625 daretur
2049 2580 2229 2626 causa
2276 2561 2548 2626 scandali
2609 2563 2705 2627 vel
2768 2563 2989 2628 erroris
3038 2565 3199 2627 inter

506 2671 683 2717 suam
725 2650 1113 2715 maiestatem
1160 2652 1223 2712 et
1263 2668 1390 2728 neS,
1437 2652 1578 2732 quia
1624 2652 1675 2715 si
1723 2651 2038 2716 civitatem
2086 2651 2459 2733 predictam,
2509 2670 2691 2733 quam
2737 2654 2858 2716 iam
2906 2653 3198 2717 trecentis

504 2740 682 2805 annis
725 2742 788 2804 et
835 2740 998 2802 ultra
1041 2737 1444 2822 possedimus,
1471 2757 1827 2821 recuperare
1871 2738 2194 2816 voluimuS,
2243 2740 2306 2804 et
2346 2756 2383 2802 a
2434 2757 2544 2803 sua
2568 2739 2842 2805 indebita
2866 2740 3197 2805 rebellione

503 2845 782 2894 revocare
828 2826 1022 2910 ipsius
1069 2845 1311 2891 summa
1356 2827 1757 2909 providentia,
1823 2828 1935 2891 hoc
1997 2827 2116 2890 sibi
2181 2826 2257 2890 ad
2322 2827 2687 2911 gravitatem
2752 2830 3033 2910 reputare
3075 2848 3196 2892 non

504 2917 750 3001 poterat
794 2934 903 2980 nec
952 2916 1171 2997 potest,
1221 2915 1382 2978 sicut
1422 2934 1532 2979 nec
1577 2915 1853 2980 fecerunt
1896 2915 2349 2997 predecessores
2385 2916 2498 2994 sui,
2548 2920 2612 2980 et
2648 2915 2930 2981 dominus
2961 2918 3201 3000 genitor

503 3024 668 3081 suuS‚
717 3003 861 3067 dum
908 3001 1126 3067 fuisset
1171 3001 1245 3066 de
1289 3004 1404 3067 hoc
1446 3003 1791 3086 specialiter
1838 3002 2188 3086 requisituS,
2238 3003 2341 3086 qui
2386 3003 2449 3066 in
2496 3023 2641 3067 casu
2674 3005 3044 3081 rebellionis,
3094 3005 3198 3086 qui

502 3092 731 3176 pluries
775 3091 1055 3174 contigit,
1104 3109 1167 3154 se
1214 3090 1287 3154 de
1335 3092 1465 3173 ipsa
1511 3091 1862 3156 nullatenus
1908 3091 2321 3156 intromittere
2386 3091 2738 3171 voluerunt,
2784 3112 2925 3177 ymo
2970 3093 3197 3174 permi-

505 3182 715 3245 serunt
761 3198 869 3244 nos
914 3180 1108 3243 facere
1153 3177 1318 3242 facta
1364 3180 1589 3258 nostra,
1640 3183 2092 3261 perseverantes
2156 3180 2471 3244 nobiscum
2533 3182 2594 3244 in
2658 3181 2907 3262 antiqua
2952 3183 3015 3243 et
3058 3199 3196 3261 spe-

502 3269 644 3334 ciali
690 3267 1012 3332 dilectione
1058 3265 1347 3349 predicta.
1397 3265 1621 3332 Sumus
1683 3267 1869 3333 etiam
1937 3268 2126 3344 certi,
2177 3268 2335 3350 quod
2392 3267 2508 3331 nisi
2568 3268 2787 3333 suisset
2832 3268 3083 3331 sinistra
3130 3269 3193 3330 et

501 3377 617 3422 non
666 3375 806 3422 vera
852 3354 1197 3419 informatio
1243 3354 1728 3433 Jadratinorum,
1774 3374 1951 3419 aures
2000 3374 2107 3418 sue
2153 3354 2530 3419 celsitudinis
2576 3356 2638 3419 in
2686 3356 2849 3419 sacto
2912 3354 3187 3436 predicto

502 3446 752 3510 minime
801 3444 1172 3520 inclinasset,
1222 3460 1363 3507 cum
1411 3445 1665 3508 honores
1712 3464 1819 3507 sue
1862 3461 2075 3508 corone
2120 3462 2358 3526 semper
2382 3443 2771 3508 dilexerimus
2819 3444 2883 3507 et
2926 3442 3189 3525 diligere

499 3532 875 3599 intendimus
921 3534 1052 3595 toto
1098 3530 1294 3594 corde.
1350 3530 1574 3596 Omnes
1621 3532 1696 3596 de
1744 3533 1940 3613 parte.

715 3620 944 3701 Capta:
996 3620 1049 3683 si
1085 3636 1222 3683 vero
1268 3619 1551 3683 dominus
1600 3640 1701 3684 rex
1741 3621 1981 3703 peteret
2024 3619 2353 3684 transitum
2402 3639 2434 3683 a
2481 3618 2655 3683 nobis
2701 3636 2840 3683 cum
2883 3617 3081 3700 galeis
3130 3620 3195 3684 et

504 3710 768 3793 navigiis
812 3708 1038 3772 nostris
1085 3725 1191 3789 pro
1238 3707 1608 3772 transeundo
1670 3709 1730 3771 in
1782 3708 2168 3773 Sclavoniam
2228 3726 2407 3772 causa
2468 3706 2649 3771 eundi
2702 3707 2764 3770 in
2809 3706 3195 3789 Hungariam

498 3797 699 3882 ipsum
752 3796 847 3863 vel
896 3796 969 3860 de
1016 3796 1163 3873 suis,
1211 3798 1664 3879 respondeatur,
1712 3795 1874 3879 quod
1919 3795 2072 3859 alias
2134 3796 2195 3858 in
2240 3794 2430 3859 simili
2496 3813 2644 3858 casu
2702 3794 3184 3876 complacuimus

500 3884 1026 3970 predecessoribus
1072 3884 1199 3948 suis
1247 3885 1310 3947 et
1355 3885 1542 3948 etiam
1589 3884 1750 3965 patri
1795 3888 1858 3947 et
1904 3883 2088 3948 matri
2134 3885 2298 3960 eius3
2367 3884 2429 3946 et
2473 3882 2562 3946 sic
2607 3883 2683 3947 ob
2731 3901 3002 3947 amorem
3046 3904 3188 3965 pre-

499 3974 732 4039 dictum
778 3973 976 4056 parati
1012 3991 1222 4037 sumus
1270 3973 1334 4036 et
1378 3973 1608 4036 erimus
1657 3972 2038 4055 complacere
2098 3991 2201 4034 sue
2260 3971 2592 4034 maiestati.
2671 3971 2751 4035 Et
2804 3971 3093 4035 similiter
3139 3972 3193 4037 si

500 4065 734 4145 peteret
783 4062 1109 4126 transitum
1158 4077 1264 4142 pro
1312 4079 1494 4123 uxore
1542 4063 1606 4123 et
1649 4080 1758 4142 pro
1803 4060 1943 4125 aliis
1990 4059 2064 4124 de
2109 4059 2236 4124 suis
2283 4059 2357 4124 de
2404 4059 2718 4142 Hungaria
2763 4059 2826 4121 in
2872 4059 3196 4142 Apuleam,

499 4151 920 4233 respondeant,
970 4148 1129 4232 quod
1176 4165 1287 4230 pro
1336 4149 1675 4212 reverentia
1723 4167 1830 4214 sue
1878 4148 2256 4213 celsitudinis
2283 4167 2496 4212 sumus
2544 4151 2607 4212 et
2647 4149 2873 4213 erimus
2919 4148 2998 4211 ad
3031 4167 3198 4213 com-

498 4239 860 4321 placendum
908 4238 963 4302 ei
1003 4236 1290 4301 similiter
1335 4237 1671 4319 preparati.
1720 4235 1952 4301 Omnes
1998 4236 2072 4300 de
2119 4240 2308 4319 parte.

706 4326 937 4409 Capta:
984 4327 1274 4407 preterea,
1325 4325 1376 4387 si
1416 4344 1556 4388 cum
1604 4324 1698 4390 dei
1739 4325 1966 4388 auxilio
2027 4323 2385 4408 compositio
2433 4324 2574 4403 fiet,
2638 4328 2701 4388 et
2747 4324 3027 4389 dominus
3088 4344 3192 4389 rex

498 4433 604 4497 pro
649 4416 873 4479 honore
920 4413 1015 4477 sui
1062 4413 1309 4490 diceret,
1361 4411 1516 4493 quod
1580 4414 1906 4495 postquam
1969 4415 2277 4494 presentia
2340 4416 2547 4477 nostra
2607 4432 2727 4476 non
2794 4415 2889 4476 est
2933 4413 3057 4489 ibi,
3102 4413 3197 4476 in-

499 4503 695 4567 tendit
731 4502 961 4566 factum
1006 4500 1250 4564 firmare
1298 4498 1585 4563 similiter
1630 4520 1737 4583 per
1770 4500 2039 4564 sindicos
2074 4501 2225 4575 einS,
2273 4501 2467 4565 nostri
2510 4502 2938 4565 ambaxatores
2987 4501 3059 4564 de
3085 4502 3196 4564 hoc

497 4590 684 4654 etiam
733 4591 859 4655 sint
902 4588 1193 4665 contenti,
1242 4586 1570 4651 dummodo
1617 4588 1972 4653 huiusmodi
2020 4589 2238 4652 sindici
2297 4589 2654 4653 mandatum
2701 4591 2966 4653 habeant
3013 4590 3075 4651 et
3120 4587 3197 4651 li-

498 4678 799 4743 bertatem
849 4677 925 4740 ad
970 4675 1240 4758 plenum.
1288 4675 1567 4757 Insuper,
1615 4678 1665 4740 si
1714 4676 1776 4739 in
1820 4679 2135 4742 contractu
2182 4696 2288 4740 seu
2334 4677 2657 4760 scripturis
2704 4677 2920 4741 fiendis
2955 4676 3030 4739 de
3062 4694 3198 4756 pre-

496 4766 678 4832 dictis
726 4765 1003 4832 dominus
1054 4783 1156 4829 rex
1201 4765 1452 4845 poneret
1494 4763 1556 4827 in
1603 4782 1711 4828 suo
1772 4764 1957 4829 titulo
2022 4765 2403 4829 Dalmatiam
2464 4767 2528 4829 et
2582 4763 2927 4844 Oroatiam,
2994 4764 3198 4828 noster
