3620 5282
2997 387 3128 453 315

609 565 720 630 Ser
770 566 994 630 Petrus
1039 566 1199 631 Zane
1249 566 1495 648 sapiens
1544 568 1679 631 vult
1723 568 1959 649 partem
2010 566 2492 650 suprascriptam
2539 565 2806 644 domiui,
2868 565 3126 629 duorum

398 653 889 719 consiliariorum
936 656 1001 717 et
1048 655 1241 718 trium
1290 656 1663 737 sapientum,
1714 658 1777 719 et
1823 657 2070 719 tantum
2112 655 2275 738 plus,
2324 655 2480 737 quod
2522 656 2584 719 in
2632 672 2816 726 casu,
2863 672 2979 736 quo
3023 671 3129 715 rex

400 742 862 805 contentaretur
906 742 1235 806 concedere
1283 740 1571 806 Clissiam
1622 761 1732 824 pro
1782 742 2021 806 ducatis
2073 744 2139 806 M
2181 742 2517 818 annuatim,
2569 743 2632 806 et
2678 742 2917 823 peteret
2963 739 3131 804 solu-

399 827 637 892 cionem
683 829 828 892 ante
869 828 989 893 XX
1034 847 1332 893 annorum
1378 848 1487 911 per
1533 831 1822 908 modum,
1872 847 1992 912 quo
2053 829 2239 912 petiit
2302 832 2546 894 centum
2613 829 2786 892 mille
2852 829 3124 905 ducatos,

400 916 470 980 de
514 917 633 981 hoc
678 916 795 999 ipsi
843 916 1271 981 ambaxatores
1319 916 1592 980 contenti
1658 916 1803 981 sint.
1879 918 2109 981 Verum
2170 917 2277 981 ubi
2324 917 2573 992 dicitur,
2642 915 2802 999 quod
2852 917 2913 979 in
2960 933 3131 992 casu,

401 1022 519 1085 quo
566 1022 685 1068 non
735 1004 946 1084 posset
991 1003 1254 1068 obtineri
1306 1003 1627 1086 Clipsium,
1676 1006 2039 1082 rescribant,
2107 1004 2483 1087 expectando
2546 1005 2940 1079 mandatum,
2990 1002 3130 1067 vult

400 1091 561 1172 quod
608 1091 672 1154 in
722 1108 869 1154 casu
916 1092 1209 1174 predict0,
1260 1091 1309 1155 si
1359 1111 1461 1155 rex
1510 1093 1970 1156 contentabitnr
2032 1093 2103 1156 de
2165 1093 2384 1175 primis
2431 1091 2973 1174 promissionibus,
3047 1089 3133 1153 si-

401 1178 549 1243 licet
590 1179 647 1243 V
692 1177 864 1242 mille
913 1178 1271 1243 ducatorum
1322 1180 1431 1243 aut
1474 1178 1550 1243 de
1592 1181 1839 1244 centum
1890 1179 2081 1256 mille,
2131 1179 2249 1261 ipsi
2313 1181 2737 1245 ambaxatores
2800 1177 3134 1261 procedant

399 1267 474 1330 ad
512 1264 948 1330 affirmandum
996 1268 1356 1343 tractatum,
1405 1285 1522 1331 non
1570 1267 1875 1344 obstante,
1925 1268 2085 1349 quod
2135 1267 2426 1332 Clissiam
2494 1286 2614 1331 non
2665 1267 2980 1349 potuerint
3025 1264 3134 1329 ob-

399 1354 617 1417 tinere.
662 1353 723 1431 3,
773 1355 844 1417 de
890 1372 1007 1418 non
1042 1354 1144 1429 21,
1194 1354 1298 1431 27,
1349 1372 1467 1417 non
1516 1355 1739 1418 sinceri
1796 1356 1892 1433 13,
1955 1356 2050 1418 14.

611 1456 845 1540 Capta:
894 1458 1052 1541 quod
1101 1457 1408 1524 scribatur
1472 1460 1718 1524 domino
1781 1461 1912 1543 regi
1971 1463 2034 1524 et
2098 1461 2556 1543 archiepiscopo
2605 1458 3014 1543 Strigoniensi
3064 1459 3129 1523 et

402 1543 569 1624 aliis,
617 1546 841 1627 quibus
887 1546 1217 1624 videbitur,
1266 1548 1340 1611 de
1406 1548 1700 1611 missione
1764 1549 2231 1612 ambaxatorum
2296 1550 2686 1626 nostrorum,
2767 1546 3127 1624 excusando,

400 1633 453 1697 si
500 1632 662 1697 forte
708 1635 839 1697 tam
893 1633 1016 1699 cito
1063 1653 1181 1698 non
1230 1636 1439 1698 essent
1488 1636 1564 1698 ad
1612 1654 1751 1699 eum
1800 1638 2052 1717 propter
2080 1654 2337 1711 moram,
2387 1655 2572 1718 quam
2599 1634 2806 1699 nuncii
2853 1634 3132 1698 fecerunt

400 1721 477 1783 ad
522 1720 910 1799 veniendum,
958 1721 1065 1785 sed
1113 1723 1273 1804 quod
1320 1722 1484 1804 ipsos
1531 1721 1834 1805 eligemus
1883 1727 1946 1787 et
1995 1724 2318 1787 mittemus
2352 1722 2733 1805 quamcicius
2769 1723 3133 1804 poterimus.

613 1825 937 1904 Dominus,
986 1846 1085 1890 ser
1131 1826 1437 1891 Fantinus
1484 1827 1874 1905 Mauroceno,
1924 1847 2021 1891 ser
2055 1826 2313 1892 Alexius
2360 1826 2647 1904 Cornaro,
2694 1846 2791 1890 ser
2825 1826 3134 1908 Mapheus

400 1912 578 1989 Emo,
624 1931 723 1976 ser
763 1913 1044 1978 Andreas
1085 1913 1458 1989 Justiniano,
1493 1914 1849 1979 consiliarii.
1900 1913 2127 1997 Capta:
2171 1914 2327 1997 quod
2360 1915 2466 1979 isti
2500 1914 2948 1989 ambaxatores,
2984 1913 3135 1977 ituri

401 2001 462 2064 in
510 2000 918 2083 Hungariam,
968 2002 1096 2065 sint
1140 2005 1268 2065 tres
1310 2020 1452 2066 curn
1500 2002 1726 2066 salario
1774 2005 1838 2067 et
1882 2003 2338 2067 condicionibus
2385 2004 2646 2068 aliorum
2698 2002 2982 2078 duorum,
3032 2000 3138 2083 qui

404 2087 678 2169 proxime
730 2090 992 2167 iverunt,
1042 2092 1106 2154 et
1150 2089 1390 2171 possint
1430 2090 1624 2171 accipi
1675 2090 1749 2154 de
1798 2091 1965 2154 omni
2012 2090 2170 2167 loco,
2218 2109 2334 2155 non
2383 2091 2693 2173 perdendo
2739 2088 3031 2166 officium,
3083 2088 3136 2151 si

401 2178 566 2239 esset
612 2175 999 2254 continuum,
1044 2180 1108 2241 et
1148 2177 1336 2241 etiam
1380 2177 1434 2241 si
1480 2180 1689 2241 essent
1748 2177 1932 2242 electi
1995 2179 2057 2242 in
2121 2177 2464 2262 regimine,
2531 2177 2607 2242 ad
2656 2177 2819 2260 quod
2867 2176 3134 2241 nondum

401 2263 679 2328 ivissent.
728 2281 850 2328 non
896 2264 1201 2346 perdendo
1248 2264 1456 2347 ipsum
1503 2266 1816 2346 regimen,
1892 2265 1957 2329 et
1997 2283 2116 2329 non
2177 2266 2448 2330 refutent
2503 2266 2623 2330 sub
2671 2282 2828 2347 pena
2874 2264 3135 2327 ducato-

404 2369 541 2415 rum
588 2351 834 2415 centum
884 2369 992 2433 pro
1039 2352 1334 2435 quolibet.
1380 2351 1486 2414 48.

492 2480 499 2487 ι
613 2435 724 2501 Ser
769 2438 1039 2503 Thomas
1084 2439 1441 2521 Maripetro,
1505 2458 1601 2503 ser
1648 2438 1917 2504 Zaninus
1964 2440 2301 2518 Baduario,
2368 2441 2573 2524 capita
2632 2441 2706 2504 de
2752 2439 2882 2516 XL,
2925 2438 3137 2504 volunt

402 2526 645 2608 partem
693 2526 1202 2609 suprascriptam,
1249 2527 1355 2591 sed
1401 2526 1559 2610 quod
1608 2545 1777 2609 -pena
1841 2526 1925 2592 sit
1988 2527 2187 2593 solum
2233 2528 2308 2593 de
2354 2528 2545 2593 libris
2597 2526 2667 2606 C,
2735 2530 2799 2593 et
2844 2528 2971 2591 sint
3017 2525 3138 2589 duo

406 2613 856 2678 ambaxatores.
910 2613 1011 2679 18.

615 2701 730 2767 Ser
776 2702 1023 2766 Marcus
1070 2701 1446 2782 Justiniano,
1497 2721 1596 2767 ser
1629 2703 1909 2768 Marinus
1946 2703 2250 2782 Grimani,
2287 2705 2634 2786 sapientes:
2685 2704 2845 2787 quod
2880 2703 2942 2766 in
2974 2702 3137 2767 bona

406 2788 613 2869 gratia
660 2788 1085 2855 ambaxatores
1126 2790 1275 2854 ituri
1336 2792 1412 2854 ad
1475 2791 1792 2855 dominum
1858 2810 2069 2871 regem
2109 2793 2429 2875 Hungarie
2490 2792 2617 2855 sint
2669 2792 2787 2855 duo
2827 2808 2968 2855 cum
3020 2809 3137 2854 uno

407 2876 626 2952 iudice,
674 2876 780 2958 qui
826 2876 1157 2959 eligantur,
1205 2877 1356 2941 fiant
1402 2879 1467 2942 et
1515 2879 1744 2948 vadant
1789 2897 1899 2960 per
1944 2878 2125 2942 illum
2175 2881 2440 2943 modum
2506 2879 2822 2944 electionis
2886 2879 2951 2942 et
2994 2896 3136 2941 cum

405 2962 512 3026 illo
558 2962 787 3028 salario
833 2965 897 3029 et
941 2964 1180 3029 familia
1226 2967 1290 3028 et
1335 2965 1793 3030 condicionibus
1843 2966 2148 3044 omnibuS,
2199 2984 2340 3031 cum
2374 2965 2598 3049 quibus
2629 2966 2815 3031 electi
2862 2966 2926 3029 et
2958 2963 3136 3030 missi

407 3049 654 3114 fuerunt
702 3070 864 3115 nunc
909 3052 1130 3116 ultimo
1180 3070 1278 3116 ser
1324 3052 1605 3118 Marinus
1658 3053 1918 3117 Faledro
1963 3055 2025 3117 et
2071 3072 2169 3118 ser
2215 3055 2462 3119 Marcus
2524 3052 2815 3119 Cornario
2840 3103 2855 3132 ,
2931 3055 2994 3118 et
3041 3056 3135 3116 te-

407 3140 666 3202 neantur
711 3140 1028 3204 reccedere
1074 3140 1153 3203 ad
1200 3139 1661 3222 beneplacitum
1707 3141 2175 3206 dominacionis,
2232 3141 2330 3206 17.

618 3224 729 3290 Ser
772 3226 1083 3292 ,Iohannes
1110 3226 1414 3310 Delphino
1437 3230 1815 3310 procurator,
1857 3248 1953 3292 ser
1988 3229 2211 3293 Petrus
2237 3231 2416 3306 Zane,
2454 3248 2552 3294 ser
2596 3229 2868 3295 Jacobus
2899 3228 3138 3306 Mauro,

409 3312 752 3394 sapientes.
801 3315 961 3398 quod
1010 3314 1163 3379 dicti
1210 3316 1641 3380 ambaxatores
1688 3316 1816 3379 sint
1862 3317 1989 3381 tres
2034 3336 2176 3381 cum
2224 3335 2345 3381 uno
2396 3317 2597 3383 iudice
2645 3335 2785 3382 cum
2833 3316 3137 3382 conditio-

413 3400 588 3464 nibus
634 3401 920 3465 omnibus
967 3402 1429 3485 suprascriptis,
1477 3401 1536 3478 3,
1588 3401 1664 3466 de
1712 3422 1829 3468 non
1876 3406 1939 3481 O,
1988 3423 2105 3468 non
2153 3405 2376 3512 sinceri
2421 3406 2486 3470 Ο.

494 3489 673 3550 Misce·
722 3492 854 3550 XX
862 3492 1003 3551 V11
1043 3495 1143 3562 66,
1189 3511 1231 3550 u
1276 3493 1616 3552 mletadkom
1647 3495 1880 3552 arkivu.

651 3705 1271 3790 ccchlel.
1327 3708 1534 3791 God.
1565 3709 1794 3793 1356.
1838 3708 1940 3792 28
1996 3710 2336 3811 OZnjka,
2389 3731 2449 3791 u
2503 3707 2893 3792 Mletcih.

627 3830 976 3911 Odredjeno,
1024 3835 1105 3893 da
1149 3853 1211 3895 se
1254 3853 1329 3895 za
1373 3836 1525 3894 sada
1561 3836 1796 3908 potrosi
1840 3837 1913 3895 do
1943 3839 2075 3897 200
2120 3838 2257 3900 dulc.
2303 3853 2378 3896 za
2421 3836 2613 3898 stvari
2658 3836 2927 3910 uyarske.

625 3951 812 4016 1356.
862 3952 963 4017 die
1010 3955 1093 4017 28
1139 3954 1375 4030 marcii,
1425 3957 1641 4038 capta:
1691 3958 1850 4038 quod
1901 3975 2010 4038 pro
2037 3956 2191 4020 bono
2224 3956 2622 4039 agendorum,
2670 3974 2787 4037 que
2835 3952 3137 4018 habemus

413 4039 606 4138 facere
654 4060 797 4191 clum
845 4059 991 4192 reffe
1037 4042 1377 4126 Hungarie,
1427 4042 1664 4124 possint
1706 4043 1965 4127 expendi
2030 4061 2140 4126 pro
2187 4061 2345 4108 nunc
2393 4060 2584 4125 usque
2631 4041 2837 4106 ducati
2887 4040 3004 4107 CC.
3055 4041 3138 4104 Et

411 4144 460 4189 s1
505 4144 831 4192 consilum
880 4149 911 4192 e
945 4148 997 4194 c.

500 4215 678 4276 Mista·
728 4219 1009 4278 XXVII.
1060 4222 1159 4290 66,
1206 4237 1248 4278 u
1286 4221 1502 4279 arkivu
1540 4222 1901 4281 mletadkom.

610 4432 1271 4518 CCCCLXVIII.
1343 4436 1549 4520 God.
1605 4439 1835 4523 1356.
1888 4439 1991 4522 29
2046 4437 2387 4538 0211ᾰί18,
2440 4459 2500 4519 11
2557 4435 2949 4518 Mletcih.

537 4558 934 4635 Opredieljuje
979 4579 1041 4621 se
1086 4563 1279 4623 koliko
1323 4581 1496 4638 moyn
1541 4582 1624 4623 na
1670 4565 1792 4624 dan
1839 4565 2034 4623 ίνοὲἰιὶ
2067 4563 2371 4636 poslanici
2411 4563 2574 4622 iduc'i
2617 4581 2661 4622 u
2718 4563 3014 4637 Uyarsku.

623 4680 811 4745 1356.
861 4682 964 4747 die
1008 4683 1224 4748 XXIX
1267 4684 1501 4763 marcii,
1566 4686 1777 4767 capta.
1843 4684 2003 4766 quod
2067 4684 2172 4747 isti
2231 4684 2655 4747 ambaxatores
2716 4681 2868 4746 ituri
2914 4679 2992 4744 ad
3042 4695 3136 4740 re-

409 4784 554 4848 gem
599 4766 921 4852 Hungarie
966 4770 1209 4853 possint
1255 4772 1314 4835 in
1363 4772 1652 4838 omnibus
1697 4771 1980 4854 expensis
2040 4769 2610 4851 quomodocumque
2673 4764 3133 4834 occurrentibus
