3620 5282
2979 372 3109 437 243
3163 378 3168 379 ’

385 547 526 612 cent
569 546 915 612 manifestis
961 546 1250 630 periculis
1278 596 1293 624 ,
1355 546 1524 612 sicut
1586 566 1695 629 per
1755 545 2204 629 experienciam
2270 548 2469 611 visum
2535 547 2671 611 est:
2732 546 2903 611 vadit
2945 566 3107 630 pare,

384 633 545 717 quod
592 635 901 699 scribatur
946 635 1364 718 provisoribus
1414 635 1648 699 nostris
1697 634 2041 711 Sclavenie,
2092 634 2248 717 quod
2298 635 2562 699 libenter
2593 634 2915 713 vellemne,
2949 635 3109 718 quod
3208 620 3270 665 *s

383 722 550 787 dicta
595 721 731 787 loca
774 741 882 805 pro
929 723 1097 787 omni
1148 724 1305 787 bona
1350 741 1535 787 causa
1583 723 1791 788 forent
1837 723 1901 786 in
1949 722 2325 803 protectione
2387 724 2451 785 et
2516 722 2799 787 custodia
2856 726 3105 798 nostra:

385 812 449 874 et
492 814 820 893 propterea
864 810 1187 888 vellemne,
1238 810 1398 893 quod
1448 828 1587 875 oum
1643 810 1772 874 illis
1820 810 2023 874 verbis
2089 811 2153 874 et
2212 811 2445 887 modis,
2507 811 2614 892 qui
2660 810 2780 874 sibi
2826 812 3114 876 conveni·-

387 899 658 962 enciores
704 899 770 962 et
813 898 1094 962 utiliores
1140 898 1529 975 videbuntur,
1578 898 1848 962 debeant
1895 897 2168 962 conferre
2215 917 2354 962 cum
2402 897 2571 961 dicta
2626 898 2982 981 comitissa,
3047 899 3112 962 et

386 1004 520 1050 eam
569 1004 680 1050 suo
728 1003 906 1068 posse
947 986 1252 1064 inducere,
1304 985 1463 1069 quod
1510 988 1647 1068 ipsa
1691 987 1885 1068 ponat
1947 989 2012 1050 et
2057 985 2263 1050 tradat
2309 986 2473 1050 dicta
2535 988 2739 1050 castra
2792 985 2854 1050 in
2901 989 3110 1067 prote-

387 1073 586 1138 ctione
633 1074 697 1138 et
744 1073 1024 1137 custodia
1071 1077 1300 1150 nostra,
1359 1073 1552 1139 donec
1609 1075 1738 1138 eius
1785 1073 1952 1138 filius
2017 1072 2096 1136 ad
2158 1074 2386 1138 etatem
2449 1073 2829 1156 legittimam
2898 1073 3105 1151 fuerit,

386 1179 524 1224 cum
573 1161 699 1226 illis
746 1162 1115 1244 avantagiis,
1164 1161 1696 1244 promissionibus,
1746 1160 2258 1226 convencionibus
2307 1162 2370 1225 et
2417 1161 2632 1238 modiS‚
2677 1161 2781 1243 qui
2830 1161 3110 1226 videren-

392 1250 496 1312 tur
541 1249 849 1327 decenteS,
893 1250 1289 1327 ostendendo,
1339 1249 1496 1330 quod
1545 1250 1661 1313 hoc
1708 1249 1932 1313 dicitur
1978 1249 2181 1312 solum
2228 1268 2336 1331 pro
2383 1248 2689 1313 evitandis
2722 1249 3015 1332 periculis
3049 1252 3113 1313 et

397 1336 660 1416 damnis,
711 1356 826 1419 que
871 1336 1090 1401 leviter
1138 1342 1385 1420 possent
1432 1337 1550 1419 ipsi
1599 1340 1662 1402 et
1706 1336 1836 1400 filio
1882 1337 2235 1418 pervenire,
2285 1337 2425 1418 quia
2494 1337 2654 1401 tales
2701 1355 2958 1419 persone
3004 1354 3116 1402 au-

389 1424 605 1488 derent
645 1428 861 1489 contra
921 1443 1058 1489 eam
1108 1427 1171 1488 et
1229 1425 1422 1489 filium
1468 1425 1665 1489 facere
1713 1425 2071 1502 novitatem,
2134 1443 2251 1505 que
2298 1427 2510 1488 contra
2557 1443 2699 1502 noe,
2767 1424 2820 1489 si
2867 1425 3114 1502 scirent,

392 1510 531 1576 loca
576 1512 891 1577 custodire
937 1514 1002 1577 et
1047 1512 1271 1577 salvari
1319 1532 1426 1594 per
1470 1532 1599 1588 noS,
1649 1531 1769 1576 non
1814 1512 2116 1576 auderent
2163 1513 2338 1575 modo
2386 1512 2593 1595 aliquo
2632 1513 2959 1577 attentare.
3033 1512 3119 1576 Et

390 1599 715 1680 vellemne,
764 1603 928 1682 quod
971 1600 1133 1664 circa
1178 1601 1294 1664 hoc
1339 1599 1536 1681 ipsam
1584 1598 1820 1664 hortari
1868 1599 2167 1676 debeant,
2216 1601 2279 1663 et
2323 1599 2572 1677 trahere
2619 1600 2695 1663 ab
2744 1619 2816 1665 ea
2866 1599 3116 1665 finalem

395 1686 807 1752 intencionem
854 1707 1051 1765 suam,
1100 1691 1164 1751 et
1205 1687 1393 1750 illam*
1422 1689 1648 1752 seriose
1695 1687 1870 1752 nobis
1943 1687 2278 1751 rescribere
2329 1706 2513 1768 quam
2577 1688 2769 1752 cicius
2827 1706 2963 1752 esse
3009 1706 3116 1771 po-

391 1777 534 1854 test,
583 1780 647 1839 et
693 1794 907 1839 eorum
954 1775 1302 1840 consilium.
1353 1775 1584 1841 Verum
1633 1774 1778 1857 quia
1825 1774 1940 1856 ipsi
1985 1775 2326 1856 provisores
2373 1774 2478 1837 diu
2534 1773 2784 1838 fuerunt
2851 1775 2913 1838 in
2976 1794 3114 1856 par·
3203 1806 3234 1851 ,ι

391 1863 558 1927 tibus
606 1862 950 1940 Sclavenie,
999 1865 1063 1927 et
1109 1868 1444 1945 potuerunt
1490 1863 1719 1927 sentire
1768 1863 1834 1926 et
1879 1880 2241 1945 cognoscere
2290 1862 2552 1926 multum
2589 1863 2662 1949 de
2703 1862 3114 1943 disposicione

390 1952 452 2014 et
491 1949 838 2016 intencione
881 1970 1011 2029 sua,
1061 1951 1463 2033 relinquimus
1511 1951 1573 2015 in
1621 1968 1831 2015 eorum
1880 1950 2247 2015 discretione
2296 1949 2589 2031 tangendi
2637 1951 2825 2014 verba
2875 1949 3116 2030 prefata

332 2094 341 2103 .
388 2037 507 2120 ipsi
549 2037 795 2103 domine
842 2039 940 2104 vel
985 2056 1103 2102 non
1151 2037 1464 2122 tangendi,
1513 2039 1676 2103 sicut
1721 2039 1808 2102 eis
1856 2056 1963 2119 pro
2024 2037 2251 2102 honore
2310 2040 2374 2101 et
2423 2038 2574 2101 bono
2638 2041 2846 2102 nostro
2894 2038 3106 2102 habito

390 2125 455 2189 in
495 2144 740 2191 omnem
788 2127 1031 2208 partem
1078 2130 1361 2209 respectu
1410 2127 1634 2190 melius
1676 2126 1976 2190 videatur.
2769 2146 2770 2149 ¹

474 2215 655 2276 Misti
703 2216 947 2277 XXVI.
995 2219 1095 2287 97,
1141 2235 1184 2275 u
1230 2217 1446 2275 arkivu
1490 2217 1849 2277 mletafflcom.

728 2403 1154 2517 CCCLXI.
1228 2406 1437 2489 θοὰ.
1492 2404 1716 2489 1352.
1770 2406 1866 2488 27
1922 2406 2208 2507 ruina,
2263 2428 2322 2488 u
2375 2405 2771 2490 Mletclh.

394 2517 567 2605 Salia
610 2549 672 2591 se
715 2534 886 2592 πονοι·
929 2551 972 2592 u
1019 2532 1226 2592 Zadar
1269 2550 1345 2593 za
1374 2532 1569 2606 place.
1619 2533 1787 2593 Knez
1833 2534 1856 2589 i
1900 2532 2110 2591 οϋόίηα
2140 2533 2538 2592 herculanska
2573 2534 2846 2606 pristaju
2881 2551 2967 2592 na
2997 2534 3113 2592 rie-

835 2620 996 2695 §enJ'e
1043 2622 1277 2696 njihove
1320 2622 1630 2682 razmirt'ce
1664 2638 1748 2694 po
1785 2621 2078 2696 predloqu
2122 2621 2288 2681 vieda
2327 2622 2702 2697 mletackoya.

611 2741 798 2806 1352.
845 2741 1235 2808 dieXXVII
1281 2742 1669 2826 septembris»,
1730 2745 1940 2824 capta:
2008 2741 2169 2823 quod
2216 2761 2323 2824 pro
2370 2742 2546 2824 pagis
2607 2742 3006 2806 soldadorum
3060 2745 3122 2806 et

395 2829 533 2894 aliis
580 2829 861 2912 expensis
907 2830 1267 2913 opportunis
1316 2832 1648 2894 mittantur
1691 2830 1954 2894 Jadram
2003 2829 2209 2892 ducati
2243 2829 2588 2907 duomillia,
2636 2830 2710 2893 de
2758 2831 2981 2913 quibus
3018 2849 3121 2895 ca-

396 2918 644 2982 merarii
688 2918 763 2982 de
808 2917 948 2981 inde
995 2918 1259 2983 debeant
1303 2918 1447 2982 dare
1494 2918 1910 3000 provisoribus
1957 2917 2187 2980 nostris
2249 2935 2358 2999 pro
2424 2917 2701 2998 expensis
2748 2919 3117 3001 opportunis

397 3004 525 3070 fieri
576 3024 687 3088 pro
736 3007 966 3070 nostris
1014 3006 1286 3071 servitiis
1336 3006 1454 3070 sibi
1503 3006 1870 3082 commissis,
1922 3004 2085 3067 sicut
2129 3004 2248 3067 erit
2293 3017 2560 3069 necesse,

605 3093 833 3175 Capta:
908 3112 1050 3158 cum
1112 3112 1317 3158 comes
1381 3091 1633 3158 Curzole
1703 3112 1812 3176 pro
1886 3093 2062 3175 parte
2109 3111 2220 3156 sua
2266 3093 2329 3155 et
2375 3092 2611 3174 syndici
2672 3093 3116 3173 universitatis

405 3181 751 3246 communis
796 3182 862 3245 et
901 3181 1223 3246 hominum
1265 3179 1516 3245 Curzole
1561 3200 1669 3264 pro
1714 3182 1893 3263 parte
1940 3198 2052 3244 sua
2084 3181 2431 3244 reverenter
2462 3183 2950 3246 contentaverint
2981 3201 3122 3247 cum

401 3267 561 3334 bono
608 3270 672 3334 et
719 3268 958 3333 sincero
1006 3270 1212 3333 animo
1259 3269 1333 3333 ad
1383 3288 1472 3345 ea,
1524 3289 1640 3351 que
1687 3271 1868 3350 capta
1911 3268 2159 3332 suerunt
2206 3268 2267 3330 in
2314 3266 2436 3332 isto
2471 3268 2744 3346 consilio,
2795 3271 2858 3334 et
2905 3270 2976 3333 de
3008 3270 3124 3335 hoc

400 3356 486 3420 sit
531 3358 785 3439 rogatus
831 3375 942 3439 per
980 3360 1185 3438 partes
1227 3358 1577 3421 contractus
1626 3358 1688 3420 in
1743 3355 2056 3437 presentia
2117 3356 2554 3419 dominationis
2619 3358 2958 3421 secundum
3005 3356 3127 3422 for-

396 3463 565 3508 mam
613 3444 1073 3527 infrascriptam
1117 3445 1217 3509 hio
1262 3444 1522 3514 lectam:
1571 3444 1742 3508 vadit
1786 3461 1951 3525 pars,
2000 3443 2159 3525 quod
2217 3446 2647 3525 acceptentur,
2697 3445 3121 3527 approbentur

395 3533 459 3595 et
502 3532 887 3596 ratificentur
930 3551 1039 3614 per
1084 3531 1252 3596 istud
1298 3531 1628 3596 consilium
1694 3533 2184 3595 contentationes
2234 3533 2297 3594 et
2344 3531 2687 3596 oblationes
2751 3535 2815 3596 et
2877 3533 3116 3616 obliga·

394 3620 590 3684 tiones
638 3619 934 3701 premisse
980 3621 1314 3683 secundum
1363 3619 1626 3683 formam
1673 3618 1822 3681 dicti
1884 3619 2252 3682 contractus.
2333 3618 2415 3681 Et
2461 3620 2605 3700 quia
2671 3622 2929 3702 utraque
2976 3639 3131 3701 par—

395 3707 555 3771 tium
609 3707 760 3771 facit
805 3708 870 3770 et
913 3705 1112 3771 facere
1159 3707 1426 3771 intendit
1471 3705 1710 3789 aliquas
1756 3704 2188 3787 requisitiones
2236 3706 2355 3770 sibi
2387 3706 2664 3770 vicissim
2711 3708 2774 3770 et
2820 3708 2981 3788 apud
3014 3707 3127 3769 do-

397 3793 679 3871 minium,
730 3794 1039 3877 eligantur
1084 3796 1211 3858 tres
1258 3794 1569 3876 sapientes
1614 3812 1724 3875 per
1763 3793 2128 3857 electionem
2171 3791 2234 3855 in
2282 3792 2401 3857 isto
2448 3794 2722 3870 consili0,
2780 3796 2884 3875 qui
2928 3793 3113 3856 audi—

396 3885 568 3946 entes
615 3882 679 3946 et
723 3880 1145 3946 examinantes
1193 3882 1621 3964 requisitiones
1671 3880 1997 3963 predictas,
2043 3881 2192 3944 dent
2229 3881 2406 3944 nobis
2450 3900 2628 3944 suum
2674 3880 3007 3943 consilium
3055 3881 3123 3943 in

399 3970 665 4052 scriptiS,
710 3988 850 4034 cum
898 3988 1016 4052 quo
1065 3968 1293 4034 erimus
1341 3969 1463 4045 hic,
1512 3970 1576 4031 et
1619 3968 1728 4032 fiet
1774 3969 1936 4032 sicut
1981 3968 2327 4045 videbitur3
2378 3970 2441 4032 et
2486 3967 2749 4050 quilibet
2780 3968 2979 4049 possit
3013 3985 3124 4049 po-

398 4075 539 4121 nere
579 4058 819 4140 partem
866 4059 931 4121 et
975 4056 1244 4121 habeant
1287 4057 1622 4121 terminum
1670 4075 1866 4138 usque
1913 4055 1990 4118 ad
2041 4055 2312 4119 medium
2340 4074 2616 4119 mensem
2662 4054 2961 4118 futurum.
3014 4055 3118 4133 28,

400 4142 475 4209 de
519 4162 641 4209 non
693 4144 793 4222 lO,
838 4163 962 4209 non
1007 4145 1231 4210 sinceri
1277 4144 1340 4208 8.
3009 4181 3014 4184 ·

606 4232 810 4297 Electi
849 4232 1197 4314 sapientes:
1246 4251 1344 4296 ser
1387 4230 1672 4296 Andreas
1704 4231 2062 4296 Lauredano
2111 4229 2307 4294 sancti
2349 4229 2655 4308 Canciani,
2694 4249 2793 4293 ser
2837 4228 3131 4294 Nicolaus

401 4317 726 4384 Trivisano
774 4320 975 4385 sancti
1029 4319 1271 4403 Angeli,
1322 4338 1422 4384 ser
1465 4319 1840 4385 Laurentius
1898 4317 2283 4401 Superantio.

484 4410 665 4469 Misti
713 4408 946 4471 XXVI
986 4413 1088 4479 97,
1133 4428 1177 4469 u
1220 4410 1561 4470 mletackom
1608 4411 1840 4469 arkivu.
