3620 5282
491 341 538 406 4

495 515 812 598 posuerint
857 514 1120 595 partem,
1165 511 1432 596 quilibet
1476 510 1744 576 aliorum
1789 510 1986 592 possit
2029 508 2223 574 etiam
2268 525 2492 591 ponere
2540 508 2798 590 partem,
2838 508 2904 571 et
2935 523 3051 570 non
3080 522 3219 587 pos-

495 602 581 667 sit
625 600 822 683 accipi
863 601 1089 682 aliquis
1137 602 1210 664 de
1255 618 1327 665 ca
1360 599 1571 664 Zorzio
1598 617 1709 662 nec
1756 598 1851 662 sui
1900 595 2222 680 propinqui
2266 596 2600 660 secundum
2634 593 2898 658 formam
2949 591 3211 669 consilii,

493 691 558 755 et
616 689 887 758 habeant
952 689 1284 753 terminum
1349 706 1457 770 per
1518 687 1718 751 totum
1781 704 2055 749 mensem
2118 683 2256 747 iulii
2322 682 2617 747 futurum.
2665 681 2863 745 Electi
2913 679 3222 762 sapientes

493 795 592 840 ser
636 775 964 840 Bertucius
1028 775 1345 852 Marcello,
1417 792 1516 838 ser
1578 772 1858 838 Moretus
1911 771 2137 854 Coppo,
2186 789 2286 835 ser
2339 769 2621 834 Marinus
2685 769 2923 848 Baseio,
2973 787 3072 831 ser
3119 765 3231 830 Ni-

494 863 703 929 colaus
751 861 1138 945 Superantio,
1187 880 1286 927 ser
1334 860 1602 926 Jacobus
1653 861 1944 924 Barbam.

584 970 800 1029 Maius
838 969 1170 1031 consilium.
1207 968 1458 1029 Novella
1505 969 1608 1045 61,
1656 985 1698 1025 u
1744 967 1899 1027 mlet.
1949 967 2182 1025 arkivu.

1001 1175 1150 1256 xl.
1205 1173 1414 1256 God.
1467 1170 1695 1256 1358.
1748 1173 1793 1253 ’7
1848 1171 2152 1272 srpnja
2203 1192 2264 1250 u
2315 1168 2707 1251 Mletcih.

495 1319 706 1380 Prima
749 1336 829 1396 se,
878 1319 959 1378 da
1001 1336 1063 1378 se
1108 1318 1360 1391 odpravi
1393 1317 1679 1390 poslam‘k
1740 1333 1824 1373 na
1881 1316 2129 1389 uqarski
2175 1315 2320 1372 dvor
2362 1330 2394 1372 s
2438 1314 2779 1385 naputkom,
2823 1313 2979 1371 nelca
3023 1328 3056 1370 o
3107 1314 3222 1370 tom

491 1409 732 1481 nastoji,
778 1408 858 1466 da
903 1424 964 1466 se
1009 1406 1213 1465 utvrdi
1256 1422 1354 1464 sve
1402 1408 1457 1463 to
1488 1404 1618 1463 vecie
1655 1404 2058 1476 prijateljstvo
2088 1402 2286 1474 medjzc
2311 1403 2466 1459 onim
2500 1401 2747 1472 kraljem
2779 1401 2802 1458 i
2833 1400 3216 1472 republikom.

713 1560 880 1624 1358
928 1560 1027 1623 die
1073 1558 1194 1624 VII
1242 1558 1396 1623 iulii.
1446 1556 1769 1632 Dominus,
1820 1555 2175 1631 consiliarii,
2217 1557 2423 1638 capita
2468 1556 2543 1620 de
2587 1557 2698 1621 XL
2746 1557 2810 1619 et
2856 1574 2957 1620 εει·
2992 1555 3216 1618 Petrus

504 1647 685 1712 Zane.
733 1646 938 1727 Quum
984 1649 1307 1728 postquam
1355 1646 1502 1709 deus
1549 1663 1658 1708 nos
1702 1644 1989 1725 perduxit
2033 1645 2107 1707 ad
2157 1662 2364 1724 pacem
2404 1661 2542 1707 cum
2578 1644 2823 1707 domino
2874 1661 3018 1725 rege
3048 1643 3227 1706 Hun-

491 1735 682 1818 garie,
725 1736 877 1798 utile
897 1753 967 1798 ac
1016 1732 1502 1798 commendabile
1541 1733 1626 1796 sit
1658 1750 1768 1814 pro
1794 1734 1966 1795 statu
1993 1733 2200 1794 nostro
2217 1750 2325 1795 nos
2350 1748 2710 1795 conservare
2739 1733 2803 1795 et
2855 1731 3076 1794 havere
3122 1745 3229 1805 pro

498 1824 653 1887 bono
696 1822 911 1898 amico,
959 1822 1024 1885 et
1070 1820 1326 1884 fundare
1387 1838 1458 1884 ac
1519 1821 1752 1883 nutrire
1816 1837 1957 1882 cum
2016 1837 2086 1881 eo
2149 1819 2621 1884 benivolentiam
2688 1820 2752 1882 et
2796 1836 3090 1893 amorem,
3136 1819 3226 1879 ita

494 1910 653 1991 quod
707 1909 936 1974 habeat
998 1925 1249 1972 causam
1310 1907 1559 1989 optandi
1623 1907 1847 1970 bonum
1901 1908 2198 1983 nostrum,
2249 1907 2313 1970 et
2356 1906 2593 1970 favendi
2645 1907 2820 1970 nobis
2870 1906 2930 1969 in
2977 1904 3225 1969 casibus

495 1995 880 2080 opportunis,
943 1995 1214 2059 maxime
1261 1996 1410 2076 quia
1457 1995 1678 2058 stando
1743 1994 1897 2057 bene
1958 2012 2099 2057 cum
2146 2011 2237 2069 eo,
2286 2011 2394 2074 per
2451 1993 2547 2057 dei
2597 1993 2867 2076 gratiam
2928 1993 3004 2056 de
3051 1993 3226 2055 statu

494 2086 703 2148 nostro
749 2085 846 2147 est
891 2082 1197 2147 modicum
1262 2081 1714 2156 dubitandum3
1763 2083 1830 2145 et
1885 2082 1961 2144 ad
2024 2079 2377 2145 faciendum
2424 2081 2537 2145 hoc
2599 2078 2863 2144 multum
2915 2079 3230 2160 prodesset

493 2169 720 2235 habere
766 2170 1036 2252 aliquem
1085 2172 1366 2233 nostrum
1427 2169 1699 2233 nobilem
1768 2170 2108 2250 expertum,
2174 2169 2276 2250 qui
2325 2187 2434 2250 per
2491 2167 2742 2250 aliquod
2797 2169 3040 2249 tempus
3087 2183 3233 2229 con·

495 2258 853 2321 versaretur
898 2259 962 2321 et
1023 2257 1537 2320 domesticaretur
1584 2255 1645 2319 in
1710 2256 1883 2318 curia
1943 2256 2107 2337 regis
2171 2255 2431 2336 predicti
2478 2273 2618 2319 cum
2661 2253 2772 2318 tali
2823 2254 3112 2318 libertate
3171 2257 3233 2315 et

494 2342 864 2409 auctoritate
910 2342 1312 2426 expendendi,
1362 2345 1521 2425 quod
1570 2343 1770 2424 possit
1817 2341 2017 2405 facere
2082 2341 2369 2405 honorem
2419 2345 2482 2406 et
2527 2342 2939 2406 curialitatem
2989 2338 3234 2405 baroni-

494 2429 616 2495 bus
663 2432 727 2494 et
772 2429 1085 2494 nobilibus
1132 2429 1372 2507 deinde,
1418 2432 1482 2494 et
1548 2430 1798 2510 captare
1866 2427 2346 2492 benivolenciam
2415 2447 2593 2493 suam
2658 2432 2722 2493 et
2769 2446 3089 2510 procurare
3120 2429 3232 2492 ho-

494 2535 708 2581 norem
755 2520 1038 2581 nostrum
1085 2518 1148 2581 et
1198 2535 1397 2593 suum,
1447 2516 1619 2579 cuius
1668 2534 1841 2579 mora
1887 2521 2056 2579 esset
2105 2515 2443 2581 utilissima
2489 2516 2565 2578 ad
2616 2518 2993 2580 turbandum
3048 2516 3230 2591 mala,

494 2621 611 2687 que
661 2622 771 2686 per
818 2603 1055 2669 emulos
1107 2604 1312 2668 status
1359 2603 1551 2668 nostri
1599 2603 1911 2685 procurari
1965 2605 2232 2683 possent,
2287 2604 2351 2667 et
2396 2603 2472 2667 ad
2516 2603 3001 2687 promovendum
3033 2603 3232 2667 multa

493 2690 654 2756 bona
699 2692 763 2755 et
796 2691 980 2756 utilia
1027 2709 1138 2773 pro
1182 2691 1381 2768 nobis,
1434 2695 1497 2754 et
1545 2691 1727 2754 modo
1775 2691 2116 2754 habeamus
2163 2690 2315 2754 satis
2366 2692 2555 2756 bonas
2589 2693 2652 2756 et
2691 2693 3056 2774 apparentes
3089 2709 3232 2755 cau·

495 2795 596 2842 sas
631 2776 717 2842 vde
763 2777 1067 2843 mittendo
1115 2780 1248 2843 tam
1298 2796 1408 2861 pro
1459 2778 1624 2842 facto
1673 2777 2086 2842 restitutionis
2133 2776 2483 2856 Casamate,
2549 2798 2733 2862 quam
2796 2797 2904 2862 pro
2950 2778 3092 2842 aliis
3142 2777 3232 2842 fa-

493 2864 633 2941 ctis,
680 2884 798 2947 que
844 2867 1209 2930 occurrunt:
1277 2864 1448 2931 vadit
1513 2883 1677 2946 pare,
1742 2865 1906 2949 quod
1963 2866 2026 2928 in
2089 2866 2337 2930 nomine
2398 2869 2528 2930 iesu
2590 2865 2806 2930 christi
2855 2866 3122 2948 eligatur
3169 2867 3233 2928 et

495 2953 787 3015 mittatur
854 2970 1013 3016 unus
1065 2951 1361 3017 solemnis
1410 2952 1772 3016 ambaxator
1817 2952 1892 3015 ad
1942 2951 2178 3016 dictum
2230 2972 2434 3035 regem
2483 2953 2621 3016 istis
2654 2954 2729 3017 de
2761 2954 2981 3031 causiS,
3016 2954 3080 3017 et
3123 2952 3229 3017 fiat

494 3056 603 3119 per
648 3041 774 3103 tres
825 3058 965 3103 man
984 3058 1059 3103 us
1106 3039 1425 3104 electionis
1473 3039 1533 3102 in
1566 3039 1682 3103 hoc
1712 3038 1989 3115 consili0,
2023 3041 2085 3103 et
2131 3042 2493 3121 respendeat
2538 3039 2700 3104 infra
2732 3041 2988 3104 tercium
3047 3040 3228 3110 diem,

494 3125 560 3189 et
602 3125 912 3189 vadatad
982 3126 1441 3209 beneplacitum
1489 3126 1762 3201 dominii,
1817 3129 1880 3189 et
1945 3126 2172 3189 habeat
2233 3128 2306 3190 de
2380 3127 2609 3192 salario
2678 3129 2864 3192 libras
2913 3125 3060 3192 CCC
3125 3144 3230 3208 pro

508 3212 713 3275 tribus
782 3213 1116 3284 mensibus,
1178 3215 1244 3275 et
1293 3213 1371 3275 ab
1434 3212 1573 3275 inde
1636 3214 1698 3274 in
1760 3215 1942 3274 antea
2003 3213 2195 3276 libras
2256 3214 2306 3276 L
2352 3213 2414 3277 in
2462 3233 2685 3292 mense,
2732 3219 2796 3278 et
2858 3214 3084 3277 habea-t
3147 3213 3234 3277 lV

496 3297 873 3361 domicellos
947 3297 1213 3375 indutoS,
1273 3316 1464 3362 unum
1531 3299 1951 3379 interpretem,
2038 3318 2224 3362 unum
2311 3302 2589 3379 cochum,
2661 3321 2850 3365 unum
2921 3302 3228 3366 notarium

498 3400 643 3446 cum
692 3401 810 3447 uno
868 3383 1122 3461 famulo,
1175 3388 1236 3448 et
1277 3385 1477 3466 possit
1524 3384 1859 3465 expendere
1906 3386 1966 3448 in
2014 3387 2299 3450 omnibus
2346 3390 2625 3469 expensis
2671 3389 2928 3452 ducatos
2963 3389 3229 3471 quinque

493 3468 559 3532 in
605 3470 718 3533 die.
766 3467 903 3533 Non
935 3470 998 3548 5,
1047 3487 1167 3534 non
1199 3471 1422 3534 sinceri
1469 3472 1529 3546 3,
1580 3471 1685 3534 alii
1731 3471 1806 3534 de
1856 3474 2050 3553 parte.
2090 3508 2170 3518 —
2230 3476 2294 3535 ll
2344 3475 2498 3538 iulii.
2561 3474 2809 3540 Electus
2872 3476 3230 3541 ambaxator

498 3573 599 3619 ser
647 3555 1003 3619 Leonardus
1054 3557 1337 3622 Dandulo
1383 3560 1635 3623 condam
1670 3557 1901 3623 domini
1937 3559 2142 3636 ducis;
2175 3560 2406 3642 plezius
2439 3580 2536 3625 ser
2564 3562 2834 3628 ‚Iacobus
2867 3562 3223 3647 Marangon.

581 3662 761 3721 Misce
809 3662 1115 3723 XXVIII
1152 3666 1252 3737 61,
1298 3683 1341 3724 u
1384 3666 1536 3725 mlet.
1587 3667 1825 3728 arkivu.

978 3869 1166 3951 ΧΙΙ.
1224 3868 1431 3952 God.
1486 3871 1712 3954 1358.
1769 3873 1821 3954 9
1870 3874 2196 3973 srpnja‚
2251 3896 2307 3954 u
2362 3874 2757 3958 Mletclh.

837 4012 1009 4072 Nelea
1045 4013 1328 4086 poslanik
1371 4031 1446 4074 za
1498 4013 1775 4089 Uyarsku
1821 4034 1862 4074 u
1905 4016 2152 4075 velikom
2196 4016 2359 4076 υἰεέιι
2405 4018 2656 4079 izabran
2701 4019 2872 4080 buda.

714 4165 879 4230 1358
950 4166 1047 4230 die
1109 4165 1203 4229 IX
1266 4167 1423 4231 iulii.
1487 4168 1789 4238 Dominus
1854 4166 1992 4244 dux,
2057 4189 2154 4233 ser
2217 4172 2439 4235 Petrus
2509 4171 2735 4249 Mem0,
2805 4192 2905 4238 ser
2961 4174 3206 4239 Marcus

497 4249 885 4329 MaurocenO,
934 4271 1032 4316 ser
1088 4251 1366 4318 Andreas
1425 4254 1798 4332 Justiniano‚
1850 4275 1946 4319 ser
1990 4257 2307 4322 Johannes
2366 4261 2694 4335 Mozenico‚
2764 4279 2862 4325 ser
2923 4261 3218 4326 Nicolaus

497 4337 765 4403 Faletro.
815 4336 984 4417 Quod
1035 4357 1175 4418 pars
1224 4342 1403 4422 capta
1448 4342 1644 4423 pridie
1701 4343 1774 4406 de
1821 4343 2213 4408 ambaxatore
2255 4345 2453 4411 fiendo
2502 4348 2575 4411 ad
2624 4347 2937 4412 dominum
3013 4366 3217 4431 regem

495 4423 818 4505 Hungarie
849 4426 909 4489 in
962 4426 1083 4491 isto
1130 4428 1386 4492 consilio
1423 4431 1736 4493 revocetur
1769 4431 1831 4493 in
1880 4434 2146 4508 tantum,
2194 4432 2355 4513 quod
2412 4432 2526 4500 fiat
2571 4433 2632 4496 in
2698 4436 2911 4498 maiori
2960 4437 3214 4500 consilio

498 4528 607 4590 per
655 4513 917 4591 quatuor
962 4531 1178 4576 manus
1225 4513 1630 4592 ellecionum3
1678 4517 1742 4580 et
1781 4517 1833 4580 si
1891 4517 2099 4581 nullus
2144 4518 2400 4583 habebit
2441 4520 2731 4585 maiorem
2781 4525 3022 4604 partem
3077 4541 3217 4587 con-

498 4594 646 4671 silii,
697 4594 804 4659 fiat
849 4597 1093 4661 ellectio
1141 4618 1176 4662 a
1222 4601 1440 4682 capite.
1492 4603 1584 4665 De
1632 4608 1806 4685 parte
1855 4603 1958 4683 22,
2010 4607 2192 4687 capta
2237 4607 2310 4669 de
2355 4624 2474 4670 non
2522 4608 2627 4686 59,
2677 4627 2792 4673 non
2840 4609 3060 4674 sinceri
3112 4609 3171 4675 6.

593 4698 773 4759 Misti
820 4700 1060 4760 XVIII
1105 4705 1208 4783 62,
1255 4722 1298 4763 u
1340 4706 1493 4765 ndei.
1536 4709 1770 4768 arkivu.
