3620 5282
2986 370 3117 437 245

397 567 580 634 quam
612 548 834 614 habuit
879 550 1104 615 nobilis
1150 549 1245 615 vir
1289 567 1386 614 ser
1431 548 1805 614 Benedictus
1851 546 2197 614 Contareno
2242 547 2457 613 consul
2486 545 2800 630 Dulcigni,
2836 549 2939 631 qui
2973 567 3110 613 eam

400 637 777 721 presentavit
823 638 887 702 in
934 640 1200 720 quadam
1249 639 1419 721 parte
1465 634 1596 702 folii
1646 636 1826 702 unius
1874 637 2070 719 papiri
2112 636 2426 718 scriptam.

605 726 687 790 Al
737 744 913 791 nome
959 726 1036 790 de
1083 728 1180 791 dio
1229 724 1872 804 MCCCLXXXVIII,
1935 725 2012 789 de
2057 723 2335 789 XXVIII
2391 723 2614 802 semer,
2679 724 2743 789 in
2789 725 3110 809 Dolcigno.

398 812 524 878 Nui
552 813 763 896 ’Gorgi
812 815 884 879 de
934 813 1257 879 Strazimir
1304 815 1516 897 signor
1562 814 1637 878 de
1684 813 1878 878 Zenta
1924 814 2338 895 promectemo
2398 831 2436 876 a
2475 814 2628 878 tutti
2674 811 2719 877 li
2774 813 3103 892 Viniziani‚

397 902 509 967 che
556 921 669 968 usa
716 904 845 967 star
893 903 955 967 in
1004 904 1331 986 Dulcigno‚
1374 902 1612 967 franchi
1657 923 1688 966 e
1735 901 1916 966 liberi
1964 920 1996 965 e
2037 901 2132 965 far
2176 899 2236 965 le
2282 918 2392 965 suo
2443 901 2850 966 mercatantie
2895 921 3006 967 con
3054 902 3111 965 le

398 1009 622 1055 usanze
682 992 858 1055 stade
904 992 1070 1055 sotto
1117 992 1163 1055 li
1209 992 1334 1055 mie
1380 991 1660 1073 passadi;
1725 1010 1758 1055 e
1796 991 1861 1054 in
1908 1007 2080 1067 caso,
2143 988 2258 1053 che
2315 988 2499 1053 alcun
2543 989 2620 1054 de
2667 990 2761 1054 lor
2806 1007 2956 1054 ouer
3001 1009 3113 1055 suo

396 1079 760 1143 mercatanti
809 1098 1124 1145 recevesse
1170 1079 1349 1144 alcun
1399 1078 1597 1143 danno
1643 1096 1754 1160 par
1801 1078 1866 1141 la
1913 1080 2123 1143 nostra
2169 1078 2468 1142 contrada
2514 1078 2638 1143 fina
2684 1079 2743 1142 el
2808 1078 3028 1162 Dagno
3078 1101 3110 1142 e

394 1186 502 1249 per
547 1169 721 1232 tutta
765 1167 828 1232 la
872 1170 1086 1232 nostra
1131 1167 1445 1246 contrada‚
1498 1184 1620 1249 nuy
1664 1165 1856 1249 Gorgi
1903 1186 1969 1230 se
2014 1164 2324 1248 obligemo
2370 1184 2407 1230 a
2452 1165 2641 1231 deuer
2687 1166 2851 1230 refar
2897 1168 3100 1250 hogno

395 1255 611 1333 danao,
661 1256 773 1320 che
827 1255 875 1319 li
921 1256 1037 1320 diti
1084 1274 1419 1322 receuesse.
1483 1254 1567 1319 Et
1624 1274 1730 1336 per
1775 1254 2286 1319 comandamento
2330 1253 2430 1319 del
2486 1254 2617 1318 dito
2680 1255 2868 1318 miser
2916 1255 3106 1338 Gorgi

394 1343 482 1407 mi
529 1343 650 1408 Ilia
694 1346 767 1408 de
815 1343 1021 1408 Marin
1079 1344 1289 1409 scrissi
1349 1343 1425 1408 de
1471 1343 1598 1408 mia
1640 1362 1824 1422 man,
1886 1345 1951 1407 et
2014 1361 2120 1425 per
2165 1341 2314 1425 pluy
2359 1341 2626 1407 fermeza
2674 1342 2862 1407 miser
2909 1343 3103 1427 Gorgi

396 1450 564 1497 mese
610 1431 669 1496 el
708 1450 776 1496 so
823 1432 1055 1515 sigillo,
1103 1451 1135 1496 e
1182 1432 1499 1497 conferma
1543 1433 1761 1515 questo
1803 1431 1992 1496 scrito
2040 1430 2114 1495 de
2161 1449 2228 1495 so
2270 1449 2436 1494 man.

605 1534 731 1601 Aah
775 1553 1140 1616 romonum>
1186 1536 1409 1619 Proprb
1453 1553 1692 1618 perron,
1737 1553 2066 1601 flammam
2112 1552 2272 1618 onya
2318 1552 2539 1618 nunry.

489 1642 1061 1707 Commemorialium
1117 1646 1300 1709 V111.
1355 1649 1500 1709 153.
1548 1664 1590 1707 u
1633 1646 1788 1707 ποῖοι.
1837 1646 2073 1708 arkivu.

744 1851 1130 1936 occul.
1186 1853 1383 1937 cod.
1441 1853 1668 1938 1388.
1725 1854 1823 1936 19
1876 1853 2218 1956 oquka,
2267 1876 2327 1936 u
2379 1852 2771 1938 metam.

741 2000 1032 2074 Napatak
1075 2016 1150 2060 sa
1179 2002 1573 2076 pomorskoqa
1617 2001 1920 2074 kapetana
1958 2017 2001 2059 u
2033 1998 2216 2074 postu
2260 2000 2478 2061 obrane
2533 1999 2757 2060 Draco.

606 2137 795 2205 1388.
844 2139 999 2205 XIX
1045 2141 1283 2205 marcii.
1335 2140 1447 2207 Ser
1494 2140 1716 2206 Petrus
1764 2137 2082 2205 Mocenico
2130 2140 2506 2221 procurator,
2557 2157 2656 2203 ser
2703 2139 2926 2205 Petrus
2963 2140 3111 2206 Cor-

397 2229 566 2293 nario
607 2231 987 2316 procurator,
1038 2248 1138 2293 ser
1182 2228 1520 2294 Panthaleo
1570 2229 1771 2301 miles,
1820 2229 2125 2311 sapientes
2170 2225 2433 2291 consilii.
2500 2225 2693 2309 Capta
2749 2247 2890 2293 cum
2939 2228 3108 2294 addi-

396 2316 563 2381 tione
609 2317 832 2382 ultima
877 2317 1075 2399 posita
1137 2336 1244 2399 per
1306 2336 1404 2382 ser
1449 2317 1799 2384 Johannem
1847 2316 2106 2382 Alberto
2170 2315 2515 2397 sapientem
2581 2317 2898 2381 ordinum:
2946 2318 3108 2400 quod

393 2405 458 2467 in
508 2404 666 2469 bona
712 2405 916 2488 gratia
960 2405 1074 2469 fiat
1117 2407 1469 2471 commissio
1517 2406 1710 2472 nobili
1756 2405 1888 2471 viro
1952 2424 2052 2469 ser
2099 2403 2357 2470 Nicolao
2406 2404 2769 2486 Superantio
2817 2421 3106 2487 supraco-

394 2492 546 2556 mito
593 2494 819 2572 nostro,
867 2494 929 2558 in
973 2495 1089 2559 hac
1134 2493 1349 2572 forma,
1398 2494 1721 2559 videlicet:
1768 2493 1931 2577 quod
1991 2493 2211 2559 debeat
2241 2511 2381 2557 cum
2411 2492 2590 2576 galea
2621 2492 2741 2557 sibi
2779 2495 3109 2559 commissa

394 2579 483 2645 ire
528 2580 607 2645 ad
654 2584 858 2664 partes
892 2582 1208 2663 Durachii,
1257 2586 1320 2647 et
1366 2583 1673 2666 applicato
1722 2584 1799 2649 ad
1844 2582 2051 2648 locum
2084 2579 2400 2657 Durachii,
2448 2583 2513 2646 et
2551 2581 2765 2647 habita
2810 2582 3106 2648 informa-

395 2670 561 2734 tione
607 2687 645 2733 a
691 2669 936 2735 consule
984 2673 1191 2735 nostro
1236 2673 1309 2737 de
1371 2672 1512 2736 inde
1562 2674 1626 2737 et
1685 2674 1761 2736 ab
1810 2671 1952 2737 aliis
1999 2689 2186 2755 quam
2233 2669 2455 2734 melius
2502 2672 2734 2752 poterit
2780 2673 2852 2735 de
2899 2673 3105 2737 condi-

394 2757 561 2822 tione
606 2758 726 2822 loci
789 2758 1083 2823 Durachii
1153 2761 1218 2822 et
1277 2759 1513 2824 domini
1578 2760 1695 2825 loci
1756 2759 2020 2843 predicti
2080 2762 2143 2825 et
2188 2759 2261 2823 de
2310 2758 2480 2823 novis
2528 2762 2593 2823 et
2648 2758 3104 2826 conditionibus

390 2845 809 2923 Turchorum‚
859 2845 1076 2912 debeat
1121 2865 1261 2911 cum
1322 2847 1551 2912 nostris
1614 2848 1846 2913 litteris
1892 2847 2278 2913 credulitatis
2332 2864 2687 2929 comparere
2730 2849 2806 2911 ad
2855 2867 3104 2930 presen—

391 2934 542 3000 tiam
591 2935 824 3000 domini
872 2934 1145 3017 predicti,
1195 2954 1312 3000 non
1361 2937 1775 3019 permittendo
1818 2937 1965 3002 tunc
1998 2936 2366 3001 descendere
2411 2935 2740 3000 interram
2784 2936 2904 3000 nisi
2939 2937 3103 3016 illos,

392 3042 543 3105 quos
592 3022 783 3089 vollet
826 3025 1047 3089 ducere
1094 3043 1303 3088 secum
1350 3023 1413 3087 in
1461 3025 1827 3108 compagnia
1871 3043 1979 3107 pro
2026 3026 2252 3090 honore
2306 3024 2502 3089 nostri
2549 3023 2807 3089 dominii
2855 3027 2920 3090 et
2967 3045 3104 3108 per-

391 3130 535 3176 sone
583 3130 724 3189 sue,
785 3112 885 3176 cui
930 3111 1177 3176 domino
1222 3112 1515 3178 Durachii
1573 3113 1739 3178 facta
1785 3112 2158 3178 salutatione
2221 3114 2285 3177 et
2344 3111 2654 3177 oblatione
2700 3115 2979 3197 generali
3029 3133 3100 3179 ex

391 3201 566 3283 parte
614 3201 807 3264 nostri
853 3200 1110 3265 dominii
1156 3219 1298 3265 cum
1331 3201 1532 3266 verbis
1579 3201 1807 3266 amoris
1839 3204 1904 3267 et
1935 3198 2296 3280 dilectioniS,
2324 3218 2621 3284 exponere
2662 3200 2907 3279 debeat,
2942 3204 3100 3285 quod

387 3307 495 3370 per
540 3288 811 3353 nobilem
859 3290 1059 3354 virum
1105 3308 1205 3353 ser
1249 3288 1598 3355 Johannem
1646 3289 1986 3355 Barbadico
2036 3289 2300 3354 militem
2357 3291 2504 3353 tunc
2549 3288 2943 3372 capitaneum
2990 3310 3101 3354 no·

388 3379 588 3441 strum
621 3376 766 3441 culfi
812 3381 874 3441 et
916 3396 1022 3460 per
1062 3376 1332 3442 nobilem
1371 3378 1575 3443 virum
1606 3397 1705 3443 ser
1736 3379 2018 3443 Marcum
2044 3379 2212 3445 Geno
2245 3379 2442 3442 civem
2490 3382 2772 3444 nostrum
2804 3380 2869 3442 et
2906 3378 3098 3444 etiam

397 3483 507 3547 per
553 3464 798 3530 litteras
847 3466 1039 3547 ipsius
1085 3465 1313 3529 domini
1363 3466 1658 3531 Durachii
1726 3469 1979 3550 propter
2041 3465 2361 3532 molestias
2407 3466 2812 3543 Turchorum‚
2861 3468 2935 3531 de
2981 3488 3102 3551 quo
3165 3470 3169 3475 ’

393 3552 733 3634 recepimus
796 3554 860 3617 et
920 3552 1249 3636 recipimus
1327 3553 1392 3618 in
1466 3554 1752 3619 cordibus
1815 3557 1879 3619 et
1941 3554 2255 3620 mentibus
2314 3554 2542 3619 nostris
2605 3555 2912 3621 maxinam
2976 3557 3104 3621 dis—

395 3641 760 3724 plicentiam
809 3642 1124 3724 tamquam
1172 3641 1248 3706 de
1295 3643 1616 3707 carissimo
1663 3644 1795 3708 cive
1843 3645 1907 3708 et
1953 3641 2402 3726 specialissimo
2436 3643 2633 3708 amico
2666 3644 2873 3707 nostre
2905 3645 3102 3709 domi-

390 3729 677 3809 nationis,
725 3728 900 3794 cuius
949 3732 1182 3795 statum
1215 3731 1278 3794 et
1308 3730 1839 3796 conservationem
1880 3731 2053 3797 velut
2083 3732 2362 3798 nostrum
2394 3731 2712 3814 proprium
2743 3735 3102 3813 reputamus

391 3819 456 3881 et
497 3817 876 3883 intendimus
923 3820 1217 3902 perpetuo
1264 3823 1567 3902 reputare,
1618 3818 2063 3904 subiungendo,
2114 3820 2275 3904 quod
2305 3838 2376 3883 ex
2408 3822 2582 3902 parte
2613 3821 2802 3884 nostri
2840 3821 3097 3886 dominii

388 3907 701 3988 presentat
746 3925 810 3970 se
860 3925 1003 3971 cum
1049 3908 1170 3971 ista
1215 3906 1393 3990 galea
1440 3908 1651 3972 nostra
1696 3909 1774 3972 ad
1821 3908 2199 3992 presentiam
2248 3908 2440 3990 ipsius
2481 3907 2715 3973 domini
2761 3906 2840 3971 ad
2889 3910 3100 3974 ortan-

387 3995 529 4058 dum
580 3995 1106 4078 magnificentiam
1154 4013 1332 4059 suam
1379 4016 1450 4060 ex
1497 3997 1673 4078 parte
1732 3998 1962 4075 nostra,
2027 3998 2184 4080 quod
2231 3996 2454 4061 debeat
2499 4014 2634 4060 esse
2681 3998 2970 4061 constans
3032 3998 3099 4061 et

384 4082 565 4147 fortis
631 4084 709 4147 ad
769 4083 1236 4148 substinendum
1301 4086 1530 4148 statum
1594 4086 1658 4147 et
1701 4084 1837 4149 loca
1894 4104 2025 4164 sua,
2074 4087 2163 4149 ita
2209 4085 2365 4169 quod
2413 4084 2585 4149 locus
2633 4084 2927 4149 Durachii
2976 4104 3096 4150 non

387 4171 571 4235 vadat
616 4171 691 4235 ad
739 4189 959 4236 manus
1003 4170 1410 4249 Turchorum‚
1472 4174 1549 4237 ad
1613 4172 1987 4238 offerendum
2034 4192 2099 4238 se
2161 4172 2410 4237 domino
2472 4172 2763 4255 predicto,
2827 4172 2987 4255 quod
3043 4174 3098 4237 si

386 4258 572 4337 videt,
631 4259 792 4341 quod
855 4278 964 4342 per
1026 4261 1304 4326 nostram
1367 4260 1853 4326 dominationem
1916 4262 2053 4326 fieri
2127 4260 2321 4343 possit
2379 4259 2614 4343 aliquid
2674 4278 2783 4343 pro
2834 4262 2985 4326 bono
3032 4265 3097 4326 et

384 4347 847 4414 conservatione
905 4350 1105 4414 status
1173 4351 1290 4428 sui,
1363 4350 1633 4415 inveniet
1694 4368 1802 4415 nos
1864 4368 2111 4433 semper
2171 4347 2498 4430 dispositos
2560 4350 2625 4413 et
2686 4348 2810 4413 leta
2891 4352 3096 4415 mente

383 4437 648 4520 paratos,

591 4523 822 4589 Audita
846 4543 987 4590 vero
1029 4525 1420 4609 responsione
1460 4525 1696 4592 domini
1736 4527 1998 4611 predicti
2037 4527 2116 4592 ad
2156 4527 2344 4592 verba
2385 4525 2679 4609 predicta,
2721 4525 2775 4591 si
2815 4527 3097 4593 dominus

385 4612 680 4679 Durachii
703 4612 1161 4696 requiret‚sicut
1184 4614 1358 4680 nobis
1385 4614 1563 4680 misit
1586 4615 1842 4681 dicendo
1867 4635 1974 4699 per
2001 4614 2270 4681 nobilem
2294 4614 2495 4679 virum
2521 4632 2619 4677 ser
2633 4615 2914 4681 Marcum
2937 4616 3099 4681 Zeno

382 4701 754 4784 predictum,
781 4701 1068 4767 videlicet
1098 4704 1171 4768 de
1205 4702 1459 4768 volendo
1485 4704 1836 4769 balistarios
1867 4704 1966 4769 vel
1990 4704 2143 4770 alias
2167 4706 2381 4788 gentes
2405 4704 2481 4769 ad
2506 4721 2685 4767 suum
2712 4703 2956 4768 soldum
2990 4723 3097 4786 pro

380 4789 510 4855 suis
541 4788 832 4870 denariis,
872 4791 933 4855 in
979 4790 1095 4856 hoc
1125 4809 1271 4856 casu
1304 4791 1759 4874 supracomitus
1800 4793 2011 4857 noster
2050 4792 2267 4859 offerat
2296 4811 2362 4857 se
2400 4790 2475 4857 de
2499 4788 2769 4856 fatiendo
2801 4791 2943 4856 illos
2977 4791 3095 4856 sibi
