3620 5282
3042 357 3166 422 123

841 526 1747 618 cxc.o0‹1.1349.s
1799 536 2166 636 mauja,
2220 557 2280 616 ιι
2335 512 2783 617 sibonum.

446 641 788 717 Sibeuicani
833 658 1214 733 odpravhqq'u
1254 677 1433 735 svoya
1475 662 1791 734 poslanika
1837 679 1879 720 u
1914 661 1994 718 M
1998 662 2161 731 lethe
2211 662 2364 720 nelca
2405 677 2466 719 se
2510 677 2582 719 sa
2628 659 2934 760 Sphecaan'
2963 660 2986 716 i
3022 659 3166 718 Tro·

436 746 646 821 yirani
690 763 728 803 a
772 762 803 805 s
833 747 1198 820 odobrenjem
1243 749 1521 808 mletaefke
1565 749 1737 807 vlade
1781 750 2154 822 sporazumi,
2202 750 2353 807 kako
2399 748 2480 807 da
2523 747 2720 808 alcino
2761 749 2918 820 stoja
2963 748 3168 807 kotare

1197 835 1273 893 od
1315 836 1706 896 dusmanskih
1750 837 2104 910 napadanja
2151 838 2384 895 obrane.

653 971 1007 1036 Sindicatus
1054 970 1563 1039 Sibeuicensium.
1607 975 1678 1038 In
1711 970 1947 1037 Christi
1977 973 2222 1037 nomine
2260 990 2459 1036 amen.
2509 972 2687 1037 Anno
2723 970 3166 1036 incarnationis

436 1058 712 1122 eiusdem
758 1059 1093 1125 millesimo
1140 1061 1575 1126 trecentesimo
1625 1060 2103 1144 quadragesimo
2149 1078 2329 1139 nono,
2371 1059 2705 1124 indictione
2738 1059 3022 1137 secunda,
3067 1059 3167 1123 die

434 1149 651 1211 octavo
697 1148 931 1211 mensis
977 1148 1163 1221 maii3
1215 1151 1511 1231 regnante
1561 1148 1810 1212 domino
1859 1149 2164 1212 Lodovico
2213 1148 2604 1212 serenissimo
2638 1166 2780 1230 rege
2820 1146 3164 1229 Hungarie,

435 1235 714 1315 tempore
761 1233 952 1298 etiam
999 1236 1232 1300 domini
1280 1236 1526 1300 Andree
1574 1235 1867 1300 Dandulo
1931 1236 2130 1300 incliti
2196 1234 2368 1300 ducis
2434 1234 2830 1299 Venetiarum
2880 1238 2942 1298 et
2989 1253 3169 1299 vene-

438 1320 661 1385 rabilis
709 1322 904 1402 patris
950 1322 1187 1387 domini
1251 1322 1467 1388 fratris
1528 1323 1835 1388 Bonifacii
1896 1322 1994 1387 dei
2052 1323 2255 1405 gratia
2315 1321 2727 1387 Sibeuicensis
2786 1321 3050 1403 episcopi
3097 1339 3170 1385 ac

436 1407 673 1472 domiui
721 1407 1054 1475 Hermolai
1101 1409 1448 1476 Gradonico
1496 1412 1729 1494 egregii
1783 1411 2030 1475 comitis
2077 1409 2240 1474 dicte
2304 1410 2575 1474 civitatis
2623 1408 3057 1487 SibenioensiS,
3106 1411 3171 1472 et

437 1513 692 1560 suorum
740 1496 1014 1562 iudicum
1068 1497 1347 1580 Bogdani
1413 1499 1668 1564 condam
1716 1498 2000 1581 Gregorii
2052 1498 2349 1581 Stricicg,
2412 1497 2596 1561 Helie
2657 1496 2917 1560 condam
2964 1494 3171 1560 Rado-

437 1583 583 1648 vani
631 1586 696 1647 et
742 1583 1062 1657 Nadeslun
1111 1588 1367 1650 condam
1416 1584 1667 1670 Georgii
1716 1585 2126 1669 Crusuegnac.
2177 1584 2564 1667 congregato
2610 1584 2862 1648 consilio
2908 1582 3167 1665 quinde-

439 1670 561 1735 cim
612 1670 967 1753 sapientum
1018 1672 1294 1737 civitatis
1339 1673 1609 1738 Sibeuici
1671 1674 1733 1737 in
1798 1673 1966 1757 logia
2028 1673 2372 1737 communis
2435 1671 2672 1754 prefate
2739 1671 3012 1736 civitatis
3057 1687 3167 1753 pro

438 1757 840 1841 infrascripta
889 1777 1075 1825 causa
1120 1761 1470 1842 specialiter
1516 1763 1864 1838 convocato,
1923 1762 1983 1824 in
2033 1778 2154 1842 quo
2203 1758 2485 1824 interfuit
2528 1759 2842 1841 predictus
2888 1759 3168 1822 dominus

444 1863 656 1910 comes
704 1865 841 1910 cum
892 1847 1199 1912 iudicibus
1247 1851 1312 1912 et
1356 1866 1467 1913 sua
1513 1850 1683 1913 curia
1731 1867 1804 1913 ac
1852 1849 2048 1912 maior
2093 1865 2236 1930 pars
2284 1847 2775 1911 consiliariorum
2823 1846 2977 1910 dicti
3025 1864 3170 1910 con-

440 1933 569 1997 silii
616 1933 966 2016 sapientum
1018 1935 1316 2000 habentes
1363 1936 1610 2018 plenam
1661 1936 2097 2000 auctoritatem
2144 1937 2209 1998 et
2252 1935 2510 2000 liberam
2537 1934 2913 2017 potestatem
2956 1951 2992 1997 a
3037 1951 3170 1996 ma-

440 2020 560 2085 iori
606 2024 670 2084 et
715 2022 989 2103 generali
1039 2022 1298 2087 consilio
1342 2024 1506 2087 dicte
1554 2024 1828 2088 civitatis
1890 2043 2074 2106 super
2135 2022 2420 2086 omnibus
2483 2024 2548 2085 et
2583 2020 2845 2102 singulis
2903 2018 3169 2103 negotiis

439 2106 595 2171 dicti
643 2110 1009 2185 communis,
1057 2128 1272 2174 omnes
1335 2113 1398 2175 et
1458 2112 1685 2194 singuli
1747 2112 1823 2174 de
1879 2111 2045 2175 dicto
2106 2110 2363 2174 consilio
2426 2128 2534 2192 per
2596 2128 2696 2173 me
2750 2108 3059 2172 notarium
3107 2109 3172 2171 et

440 2196 862 2260 cancelarium
910 2196 1373 2280 infrascriptum
1401 2198 1802 2281 singulariter
1850 2201 1913 2263 et
1956 2200 2243 2262 oretenus
2271 2198 2573 2280 requisiti,
2622 2195 2894 2278 ipsorum
2927 2195 3170 2259 nemine

440 2282 834 2365 discrepante
875 2283 1177 2361 fecerunt,
1227 2287 1683 2350 constituerunt
1742 2289 1807 2350 et
1870 2286 2309 2351 ordinaverunt
2369 2285 2638 2349 nobilem
2708 2286 2772 2348 et
2826 2282 3170 2365 sapientem

440 2369 645 2435 virum
695 2370 1034 2454 Georgium
1085 2374 1341 2437 condam
1393 2372 1663 2455 Cipriani
1713 2374 1987 2439 Gradich
2023 2391 2186 2437 nunc
2233 2372 2519 2437 Veneciis
2566 2372 2866 2436 existente
2911 2370 3168 2434 absente

441 2460 768 2540 tamquam
836 2461 1119 2541 presente
1163 2480 1341 2525 suum
1391 2464 1455 2525 et
1499 2460 1653 2526 dicti
1713 2460 2060 2525 communis
2116 2459 2526 2525 Sibeuicensis
2571 2477 2644 2523 ac
2689 2459 2882 2523 totius
2927 2457 3172 2522 univer-

441 2543 654 2609 sitatis
703 2545 834 2609 eius
881 2547 945 2611 et
990 2548 1265 2612 omnium
1316 2549 1379 2613 et
1423 2548 1809 2631 singularum
1876 2566 2277 2630 personarum
2331 2547 2674 2611 communis
2722 2544 2983 2628 predicti
3030 2563 3174 2628 syn-

439 2631 677 2709 dicum,
724 2638 1219 2716 procuratorem,
1283 2637 1574 2715 actorem,
1640 2636 2025 2719 negotiorum
2081 2654 2332 2701 suorum
2394 2637 2699 2718 gestorem
2760 2652 2832 2698 ac
2880 2633 3172 2698 nuncium

443 2721 793 2804 specialem
843 2723 1195 2804 specialiter
1236 2724 1311 2789 ad
1358 2743 1423 2787 se
1471 2725 2016 2806 representandum
2064 2724 2312 2788 nomine
2354 2723 2502 2787 dicti
2556 2722 2899 2786 communis
2959 2739 3030 2786 ac
3077 2722 3176 2785 to-

442 2810 576 2873 tius
624 2810 1048 2874 universitatis
1098 2812 1229 2875 eius
1275 2814 1339 2876 et
1385 2811 1793 2894 singularium
1861 2830 2258 2895 personarum
2325 2811 2516 2893 ipsius
2579 2809 2913 2874 excelentia
2962 2826 3034 2872 ac
3079 2826 3177 2872 se-

442 2897 697 2960 renitati
743 2898 939 2961 nostri
986 2898 1226 2963 ducalis
1272 2899 1533 2963 dominii
1582 2899 1988 2963 Veneciarum
2041 2901 2106 2962 et
2150 2899 2433 2962 omuibus
2458 2897 2824 2962 officialibus
2872 2895 3003 2960 eius
3037 2914 3176 2978 pre·
3243 2967 3252 2979 ,

443 2983 730 3048 sentibus
783 2985 848 3048 et
892 2985 1122 3050 suturis
1190 2987 1594 3067 ubicumque,
1658 2987 2225 3069 quomodocumque
2286 2988 2350 3049 et
2403 2985 2932 3067 quocienscunque
2988 2982 3178 3047 fuerit

443 3078 859 3153 opportunum
912 3075 975 3136 et
1021 3072 1099 3136 ad
1148 3073 1519 3138 offerendum
1570 3074 1814 3138 nomine
1861 3074 2157 3156 sepedicti
2205 3073 2547 3137 communis
2593 3071 3027 3148 tractandum,
3077 3088 3175 3134 or-

442 3159 797 3235 dinandum,
842 3160 1211 3224 firmandum
1278 3164 1344 3225 et
1405 3161 1840 3244 complendum
1904 3161 2193 3244 quicquid
2258 3161 2466 3224 nostro
2520 3159 2756 3242 prefato
2822 3159 3022 3223 ducali
3067 3159 3176 3223 do-

444 3246 640 3310 minio
675 3246 986 3311 videbitur
1047 3251 1112 3311 et
1171 3248 1440 3330 placebit
1501 3267 1683 3331 super
1735 3249 1898 3314 facto
1963 3249 2204 3313 unionis
2262 3248 2523 3312 istarum
2588 3249 2778 3311 trium
2826 3246 3172 3323 civitatum,

444 3333 696 3397 scilicet
745 3333 1035 3411 Sibeuici,
1084 3335 1367 3418 Tragurii
1417 3338 1481 3400 et
1529 3336 1765 3418 Spaleti
1814 3340 1878 3400 et
1914 3336 2186 3400 omnium
2236 3336 2502 3399 aliarum
2547 3334 2896 3412 civitatum,
2945 3336 3176 3398 castro-

442 3439 583 3484 rum
649 3423 713 3484 et
774 3420 1050 3487 locorum
1116 3442 1254 3487 cum
1322 3424 1809 3506 quibuscumque
1860 3424 2127 3488 dominis
2190 3426 2254 3487 et
2314 3424 2628 3505 personia,
2676 3424 2840 3487 sicut
2883 3423 2948 3486 et
2992 3422 3176 3503 prout

442 3508 564 3591 ipsi
614 3509 824 3572 nostro
873 3510 1148 3575 dominio
1195 3510 1504 3577 videbitur
1550 3515 1614 3575 et
1658 3512 1946 3592 placebit,
1996 3516 2059 3576 et
2090 3510 2465 3594 superfacto
2497 3510 2812 3575 calvacate
2850 3508 3174 3574 statuendo

443 3599 506 3659 et
552 3594 896 3677 paginatici
932 3596 1125 3661 fiendi
1171 3597 1236 3662 in
1283 3598 1565 3681 partibus
1613 3599 1753 3663 istis
1799 3599 1980 3676 sicut,
2029 3599 2334 3681 quomodo
2382 3601 2446 3662 et
2489 3598 2592 3662 ubi
2657 3616 2729 3662 ac
2775 3597 3017 3680 quando
3064 3612 3174 3679 pro

443 3684 723 3765 tempore
771 3702 843 3747 ac
889 3686 1182 3767 perpetuo
1230 3688 1598 3750 duraturum
1643 3686 1919 3769 prefacto
1965 3689 2176 3750 nostro
2222 3685 2492 3750 dominio
2532 3686 2841 3750 videbitur
2873 3683 3173 3766 expedire,

442 3787 516 3834 ac
564 3770 849 3834 omnibus
895 3771 1268 3837 officialibus
1318 3774 1470 3849 eiuS,
1524 3791 1884 3856 quocunque
1930 3774 2173 3837 nomine
2236 3774 2599 3838 censeantur
2658 3792 2765 3855 per
2811 3772 3014 3853 ipsum
3062 3787 3176 3833 no-

443 3859 645 3921 strum
694 3859 1073 3923 antedictum
1116 3858 1464 3923 dominium
1529 3879 1712 3943 super
1758 3860 2055 3943 predictis
2121 3861 2430 3943 deputatis
2476 3863 2540 3925 et
2585 3860 2885 3924 ordinatis
2933 3876 3178 3940 presen-

444 3944 614 4008 tibus
659 3945 724 4008 et
767 3944 1014 4024 futuriS,
1065 3951 1126 4010 et
1173 3947 1248 4011 ad
1298 3947 1698 4029 obligandum
1735 3948 2012 4012 homines
2047 3953 2110 4012 et
2147 3948 2303 4011 bona
2336 3948 2486 4012 dicti
2522 3948 2868 4012 communis
2902 3943 3171 4010 Sibeuici

444 4031 866 4097 occasionibus
939 4034 1309 4115 supradictis
1355 4052 1495 4098 cum
1542 4036 1828 4100 omuibus
1885 4035 2399 4119 solepnitatibus,
2464 4035 2928 4110 ordinamentis,
2978 4032 3174 4115 penis,

446 4118 649 4184 modis
692 4121 759 4184 et
806 4119 1041 4197 formis,
1090 4121 1316 4203 quibus
1363 4121 1671 4204 prefatum
1718 4125 1999 4187 nostrum
2039 4123 2255 4187 ducale
2315 4122 2659 4187 dominium
2724 4121 2971 4186 duxerit
3013 4118 3177 4184 ordi-

447 4206 743 4284 nandum,
791 4213 857 4271 et
904 4210 981 4272 ad
1029 4209 1507 4291 presentandum
1550 4229 1732 4292 super
1779 4210 2067 4275 omnibus
2115 4213 2180 4273 et
2225 4210 2485 4293 singulis
2533 4210 2909 4292 supradictis
2971 4226 3177 4272 sacra-

446 4297 728 4359 mentum
775 4295 842 4358 in
887 4298 1159 4360 animam
1209 4297 1357 4361 dicti
1406 4298 1747 4362 communis
1795 4317 1866 4362 ac
1911 4298 2185 4361 omnium
2235 4300 2298 4360 et
2343 4298 2724 4380 singularum
2773 4314 3178 4379 personarum

443 4380 522 4445 de
569 4382 866 4447 servando
921 4388 984 4448 et
1029 4383 1421 4466 adimplendo
1471 4385 1674 4449 omnia
1712 4388 1776 4449 et
1823 4385 2086 4467 singula,
2135 4403 2251 4467 que
2300 4385 2361 4447 iu
2395 4385 2686 4466 predictis
2734 4389 2799 4449 et
2844 4385 3004 4448 circa
3036 4401 3177 4465 pre-

442 4468 611 4534 dicta
657 4489 729 4534 ac
777 4471 858 4534 ab
906 4470 995 4534 eis
1029 4470 1441 4553 dependentia
1487 4473 1552 4536 et
1595 4489 1866 4537 connexa
1927 4472 2302 4554 prelibatum
2349 4475 2627 4536 nostrum
2676 4473 3018 4537 dominium
3065 4470 3180 4534 du-

443 4558 601 4621 xerit
644 4558 1062 4636 statuendum,
1112 4560 1327 4623 dantes
1378 4560 1443 4622 et
1489 4559 1889 4624 concedentes
1922 4560 2085 4624 dicto
2132 4576 2344 4622 eorum
2390 4553 2640 4642 syndico
2689 4563 2754 4625 et
2798 4557 3178 4642 procuratori

446 4644 508 4708 in
555 4645 841 4711 omnibus
887 4647 953 4709 et
998 4645 1261 4729 singulis
1310 4664 1497 4728 supra
1543 4646 1728 4710 dictis
1771 4649 1835 4710 et
1876 4647 1954 4710 ab
1988 4646 2218 4710 eisdem
2251 4645 2737 4728 dependentibus
2784 4648 2848 4710 et
2892 4644 3177 4708 connexis

450 4732 721 4814 plenum,
770 4733 1039 4798 liberum
1091 4734 1155 4797 et
1201 4733 1487 4816 generale
1524 4733 1888 4799 mandatum
1935 4752 2076 4798 cum
2125 4731 2325 4814 plena,
2392 4732 2594 4797 libera
2640 4736 2702 4798 et
2746 4730 3019 4816 generali
3065 4730 3177 4791 ad-
