3620 5282
2895 320 3026 404 514⁷

315 520 420 583 pro
465 505 839 589 accipiend0,
886 502 1285 588 gubernando
1333 504 1399 568 et
1445 501 1857 567 conservando
1906 501 2134 565 dictam
2185 498 2507 565 civitatem
2541 497 2655 560 sub
2698 496 2904 597 fortia,
2936 515 3032 558 re-

318 591 548 671 gimine
587 595 654 657 et
696 593 1075 677 protectione
1122 594 1351 669 nostra,
1394 593 1459 653 et
1504 589 1582 652 ad
1631 590 1921 653 honorem
1972 591 2036 652 et
2080 588 2314 651 statum
2363 602 2586 650 corone
2623 584 2943 666 Hungane
2969 585 3032 682 et

320 677 512 742 nostri
559 678 836 758 dominii,
885 680 1197 744 reservato
1244 696 1490 759 semper
1538 676 1701 739 dicte
1747 692 1965 738 corone
2013 673 2462 738 iurisditionem
2513 672 2607 735 sui
2656 670 3035 742 trentesim1‚

321 763 395 827 de
442 784 559 845 quo
604 768 822 833 civitas
869 766 1057 831 Jadre
1104 768 1349 830 tenetur
1393 764 1557 827 dicte
1603 780 1840 839 corone,
1890 765 1952 825 et
1999 779 2118 825 non
2163 759 2238 824 de
2282 761 2408 824 alia
2449 778 2531 830 re,
2569 758 2713 840 quia
2746 776 3033 839 expresse

323 855 776 933 cognoscimus,
823 856 980 937 quod
1031 871 1151 917 non
1212 850 1567 934 accipiendo
1635 849 1869 914 dictam
1941 850 2195 926 terram,
2263 846 2567 929 capitabit
2634 846 2887 910 omnino
2970 844 3033 906 in

327 939 612 1006 manibus
659 943 1049 1006 inimicorum
1096 958 1316 1004 corone
1364 936 1704 1018 Hungarie,
1753 937 1917 1019 quod
1964 938 2132 999 esset
2177 934 2520 999 certissime
2591 933 2766 996 nobis
2842 932 3036 995 mole-

327 1025 679 1092 stissimum
727 1032 793 1094 et
836 1027 1273 1112 gravissimum
1325 1043 1430 1107 pro
1474 1025 1701 1089 honore
1747 1041 1968 1087 corone
2013 1022 2366 1104 Hungarie3
2437 1026 2501 1085 et
2573 1022 2732 1101 quod
2781 1019 2899 1083 hoc
2948 1020 3038 1091 sit,

328 1131 543 1177 verum
594 1119 658 1180 et
706 1115 1005 1199 appareat
1045 1134 1156 1196 per
1200 1113 1486 1177 effectum
1531 1112 1736 1176 subito
1780 1110 1997 1174 habita
2043 1110 2211 1172 dicta
2254 1111 2420 1171 terra
2487 1125 2703 1171 sumus
2755 1108 3038 1197 conteut-l

327 1203 391 1262 et
436 1199 720 1284 dispositi
767 1205 1017 1268 mittere
1065 1202 1338 1265 nostram
1388 1199 1829 1264 ambassiatam
1876 1196 1940 1260 in
1985 1196 2370 1278 Hungariam
2449 1198 2527 1258 ad
2577 1194 3014 1257 notificandum

330 1304 604 1367 causam,
656 1293 901 1372 propter
946 1307 1130 1372 quam
1179 1307 1289 1352 nos
1338 1287 1689 1369 accepimus
1736 1285 1966 1349 dictam
2013 1287 2241 1348 terram
2286 1283 2400 1346 sub
2463 1280 2645 1346 fortia
2690 1283 2754 1344 et
2803 1282 3040 1362 protec-

332 1374 497 1439 tione
544 1380 779 1455 nostra,
829 1380 893 1441 et
934 1378 1011 1440 ad
1059 1376 1447 1441 tractandum
1495 1393 1584 1451 ea,
1650 1391 1768 1455 que
1837 1371 1962 1434 sint
2031 1370 2279 1434 honoris
2340 1387 2561 1433 corone
2607 1368 2928 1450 Hungarie
2978 1369 3042 1431 et

331 1462 527 1526 nostri
575 1467 639 1527 et
689 1464 911 1529 bonum
960 1464 1126 1527 dicte
1170 1460 1445 1527 civitatis
1492 1466 1555 1525 et
1600 1460 1826 1525 civium
1869 1459 2083 1540 ipsius,

541 1550 626 1613 Et
670 1554 740 1616 ut
786 1551 936 1615 dicti
987 1551 1276 1633 quattuor
1322 1547 1556 1614 nobiles
1601 1546 1956 1622 Jadrenses‚
2004 1544 2108 1626 qui
2154 1544 2419 1610 offerunt
2481 1544 2626 1608 dare
2688 1542 2865 1608 nobis
2914 1545 3042 1609 dic-

336 1635 465 1699 tam
514 1637 851 1715 civitatem,
902 1637 1202 1718 incipiant
1248 1635 1453 1699 videre
1498 1639 1560 1698 et
1605 1635 1836 1698 sentire
1882 1649 2154 1697 amorem
2189 1635 2254 1696 et
2284 1631 2730 1713 benignitatem
2765 1636 3042 1695 nostram

336 1724 399 1784 et
448 1723 666 1789 bonam
714 1725 1206 1809 dispositionem,
1252 1741 1437 1806 qnam
1483 1722 1784 1787 habemus
1832 1723 1900 1784 et
1945 1718 2325 1783 intendimus
2372 1719 2598 1783 habere
2644 1719 2930 1782 continue
2983 1721 3044 1781 in

340 1807 617 1875 futurum
664 1813 816 1895 ipsis
860 1815 928 1878 et
973 1811 1105 1877 suis
1153 1810 1486 1875 heredibus
1532 1811 1599 1873 et
1642 1807 1903 1872 cuilibet
1948 1824 2178 1885 eorum,
2213 1825 2286 1870 ac
2315 1805 2502 1870 etiam
2537 1807 2610 1869 ut
2649 1804 2761 1868 alii
2807 1805 3048 1887 possint

343 1914 592 1978 sperare
640 1918 884 1983 semper
931 1901 1242 1982 reportare
1286 1896 1591 1980 premium
1640 1898 1703 1958 et
1752 1895 2021 1977 gratiam
2066 1913 2100 1958 a
2150 1895 2360 1957 nostro
2406 1891 2703 1968 dominio,
2770 1892 2931 1974 quod
2978 1911 3050 1956 ex

351 2003 513 2049 nunc
558 1987 988 2067 promittimus
1034 1986 1220 2050 dictis
1267 1986 1533 2067 quatuor
1574 1982 1885 2047 nobilibus
1933 1984 1996 2044 et
2044 1980 2346 2057 volumus,
2418 1981 2596 2063 quod,
2666 1980 2880 2044 habita
2942 1998 3051 2062 per

345 2089 458 2136 nos
506 2072 674 2137 dicta
721 2076 887 2139 terra
935 2076 1053 2139 sub
1097 2073 1398 2155 potentia,
1448 2069 1748 2153 regimine
1790 2071 1855 2132 et
1901 2069 2278 2148 protectione
2322 2072 2555 2144 nostra,
2591 2067 2741 2131 dicti
2790 2067 3051 2149 quatuor

348 2158 590 2224 nobiles
636 2179 710 2225 ac
755 2162 1020 2243 quilibet
1064 2179 1272 2225 eorum
1322 2161 1384 2221 et
1416 2158 1508 2222 sui
1556 2158 1814 2222 heredes
1861 2155 1988 2219 sint
2028 2154 2268 2219 nobiles
2337 2155 2504 2219 cives
2574 2155 2769 2220 nostri
2839 2162 2901 2222 et
2976 2159 3052 2224 de

348 2247 557 2311 nostro
608 2249 826 2313 maiori
871 2247 1145 2325 consilio,
1194 2247 1284 2310 ita
1331 2244 1489 2328 quod
1537 2244 1776 2326 possint
1821 2244 2088 2325 gaudere
2135 2241 2420 2306 omnibus
2465 2242 2593 2306 illis
2626 2244 2957 2313 honoribus
2990 2252 3053 2313 et

343 2332 871 2414 immunitatibus,
921 2335 1145 2416 quibus
1191 2333 1465 2416 gandent
1509 2331 1745 2397 nobiles
1794 2330 1959 2394 cives
2006 2329 2200 2393 nostri
2250 2331 2450 2395 veneti
2519 2331 2860 2412 originarii,
2941 2334 3050 2418 qui

346 2421 495 2484 sunt
539 2422 613 2486 de
660 2427 870 2487 nostro
917 2420 1138 2487 maiori
1185 2420 1464 2496 consilio,
1511 2422 1576 2483 et
1621 2418 1789 2482 ultra
1829 2416 1963 2494 hoc,
2012 2416 2170 2507 quod
2220 2417 2485 2500 quilibet
2521 2419 2826 2484 dictorum
2900 2440 3053 2503 qua-

347 2509 485 2571 tuor
534 2508 836 2574 nobilium
883 2510 1109 2574 habere
1157 2509 1378 2573 debeat
1423 2508 1486 2571 in
1533 2505 1665 2571 vita
1731 2523 1846 2569 sua
1890 2504 1965 2568 de
2034 2505 2376 2586 provisione
2439 2524 2477 2569 a
2523 2509 2734 2572 nostro
2781 2507 3053 2574 dominio

348 2593 721 2662 ducatorum
764 2594 964 2663 CCCC
1011 2614 1119 2679 pro
1164 2593 1439 2679 quolibet
1482 2593 1799 2659 annuatim
1847 2591 1921 2656 de
1967 2591 2223 2674 pecunia
2274 2594 2470 2658 nostri
2518 2595 2886 2676 communis,
2919 2600 3056 2682 qui-

353 2683 466 2746 bus
513 2684 824 2749 nobilibus
870 2684 1133 2750 debeant
1178 2684 1383 2748 dictus
1429 2683 1638 2746 noster
1683 2679 1994 2755 fideliset
2031 2678 2201 2744 dicta
2223 2699 2498 2762 persona,
2524 2703 2642 2765 qne
2667 2684 2789 2747 erit
2820 2704 3053 2764 secum,

348 2768 538 2834 simul
585 2772 785 2836 dicere
831 2772 893 2835 in
942 2771 1342 2847 conclusione,
1393 2769 1553 2852 quod
1601 2768 1926 2832 subventio
1969 2768 2313 2833 necessaria
2358 2788 2466 2852 pro
2511 2770 2632 2834 isto
2679 2774 2929 2854 negocio
2959 2780 3056 2837 est

352 2859 416 2920 et
461 2860 583 2921 erit
626 2859 691 2923 in
737 2859 968 2937 ordine,
1016 2860 1177 2942 quod
1246 2856 1392 2922 data
1463 2855 1893 2920 informatione
1962 2853 2127 2919 dicto
2193 2859 2400 2920 nostro
2456 2858 2699 2936 nuncio,
2765 2878 2884 2940 quo
2930 2860 3052 2938 die,

349 2942 501 3009 hora
546 2947 610 3009 et
654 2946 733 3010 ad
765 2965 948 3027 quem
975 2945 1181 3010 locum
1214 2945 1331 3026 ipsi
1371 2943 1580 3007 volent
1608 2941 1840 3005 dictam
1875 2943 2340 3007 subventionem
2376 2944 2651 3026 gentium
2688 2949 3057 3021 nostrarum,

346 3029 485 3112 ipsa
532 3031 652 3097 erit
710 3036 930 3115 parata
972 3035 1038 3098 et
1082 3035 1289 3114 presta
1334 3033 1416 3094 ad
1459 3031 1877 3111 exequendum
1923 3029 2188 3106 ordines,
2236 3032 2337 3112 qni
2386 3032 2699 3097 dabuntur
2745 3052 2853 3115 per
2895 3033 3060 3115 ipsos

341 3118 404 3180 in
450 3118 564 3184 hoc
610 3118 793 3185 facto.

560 3207 744 3272 Dicto
790 3226 932 3272 vero
974 3206 1142 3273 fideli
1183 3208 1392 3272 nostro
1438 3206 1756 3272 tractatori
1807 3205 1989 3273 huius
2015 3211 2340 3286 tractatuS,
2391 3213 2461 3276 ut
2508 3212 2593 3274 sit
2622 3210 2962 3276 ferventior
2994 3215 3060 3278 et

352 3296 553 3378 magis
601 3294 881 3360 solicitus
928 3295 1005 3359 ad
1054 3297 1500 3376 procurandum
1550 3295 1970 3360 executionem
2004 3300 2069 3361 et
2112 3297 2564 3362 conclusionem
2608 3298 2790 3362 huius
2822 3302 3061 3382 negocii

351 3382 688 3449 secundum
738 3384 1012 3448 nostram
1061 3383 1481 3461 intentionem,
1528 3383 1748 3447 debeat
1805 3385 2090 3465 promitti
2163 3404 2270 3467 per
2341 3387 2619 3449 nostrum
2695 3385 3059 3465 dominium,

350 3471 511 3552 quod
554 3470 771 3534 habita
818 3489 928 3552 per
977 3487 1084 3533 nos
1124 3469 1295 3534 dicta
1340 3475 1509 3538 terra
1547 3471 1610 3533 in
1654 3470 1858 3548 fortia,
1908 3472 2182 3551 potentia
2229 3475 2294 3536 et
2339 3473 2452 3536 sub
2498 3471 2800 3555 regimine
2829 3476 2893 3537 et
2924 3493 3063 3556 pro-

354 3559 627 3621 tectione
676 3560 908 3635 nostra,
958 3575 1175 3621 snmus
1222 3558 1495 3621 contenti
1543 3561 1607 3622 et
1654 3556 1958 3635 volumuS,
2006 3558 2165 3641 quod
2214 3558 2274 3622 in
2325 3561 2880 3625 remunerationem
2961 3581 3064 3626 su-

353 3643 528 3709 orum
578 3646 882 3722 laborum,
929 3646 1075 3727 quia
1117 3662 1231 3708 sua
1276 3644 1543 3708 fidelitas
1590 3663 1706 3708 non
1754 3648 1968 3727 posset
2034 3645 2328 3726 premiari
2398 3648 2699 3729 quantum
2770 3651 3062 3726 meretur,

355 3733 585 3798 habeat
631 3735 697 3797 et
735 3733 959 3796 habere
1008 3732 1228 3796 debeat
1270 3732 1423 3813 ipse,
1471 3732 1568 3795 sui
1634 3731 1745 3795 filii
1818 3732 2077 3796 masculi
2147 3737 2211 3796 et
2286 3732 2511 3797 semine
2564 3735 2638 3797 de
2687 3734 2945 3817 pecunia
2991 3735 3066 3800 de

354 3821 700 3904 provisione
740 3819 1059 3884 annuatim
1110 3820 1363 3883 ducatos
1410 3820 1788 3901 quincentoS.
1838 3819 1924 3882 Et
1967 3820 2111 3901 quia
2158 3820 2465 3885 laboravit
2506 3822 2668 3884 circa
2712 3822 2828 3885 ista
2879 3841 3067 3904 nego-

354 3911 450 3974 cia
495 3911 560 3972 et
606 3926 724 3972 non
773 3907 903 3970 sine
939 3924 1162 3988 magna
1208 3925 1319 3970 sua
1362 3924 1644 3988 expensa,
1713 3910 1779 3969 et
1847 3910 2127 3970 nostrum
2191 3925 2517 3972 commune
2576 3908 2800 3972 melius
2858 3912 3068 3990 potest

358 3996 486 4078 pati
532 3996 760 4059 dictam
811 4011 1136 4074 expensam
1184 4011 1372 4074 quam
1419 3993 1571 4074 ipse,
1619 3992 1779 4073 quod
1828 3993 2009 4057 detur
2054 4014 2122 4057 ex
2172 4012 2332 4058 nunc
2377 3993 2542 4059 dicto
2588 3996 2908 4059 tractatori
2956 3997 3067 4060 du-

360 4085 481 4147 cati
528 4085 775 4146 centum
825 4079 957 4229 {uri
1006 4081 1080 4143 de
1127 4081 1384 4159 pecunia
1430 4080 1625 4144 nostri
1674 4082 2016 4145 communis
2061 4098 2170 4161 pro
2240 4080 2570 4146 refectione
2638 4099 3064 4164 expensarum,

355 4188 505 4252 quas
551 4170 681 4251 ipse
727 4168 842 4232 feci
881 4218 892 4229 .

561 4273 831 4336 Persona
875 4289 1040 4348 vero,
1089 4290 1207 4352 que
1251 4271 1648 4353 deputabitur
1693 4273 1770 4335 ad
1817 4273 1947 4350 hoc,
1996 4273 2216 4337 debeat
2256 4292 2391 4338 esse
2437 4292 2699 4355 persona
2723 4275 3068 4340 sufficienss

353 4365 416 4424 et
456 4361 554 4424 cui
604 4359 975 4441 sperandum
1022 4357 1125 4434 sit,
1175 4358 1338 4439 quod
1385 4359 1534 4423 dicti
1582 4359 1820 4423 nobiles
1868 4359 2132 4424 debeant
2175 4364 2240 4423 et
2283 4365 2521 4441 possint
2559 4363 2703 4427 dare
2748 4363 2951 4442 fidem,
3001 4382 3066 4427 et

353 4448 577 4510 debeat
621 4446 771 4528 eligi
819 4465 927 4527 per
966 4446 1337 4509 scrutinium
1387 4446 1446 4507 in
1495 4446 1753 4528 collegio
1793 4447 2055 4523 domini,
2103 4448 2613 4520 consiliariorum,
2688 4451 2960 4530 capitum
3009 4457 3064 4514 e‘

353 4535 704 4615 sapientum
751 4533 1073 4596 ambarum
1121 4533 1414 4613 partium,
1463 4552 1581 4613 que
1628 4533 1964 4598 informata
2008 4534 2084 4597 de
2134 4534 2448 4609 relatione,
2498 4555 2683 4617 quam
2723 4536 2866 4600 fecit
2897 4537 3072 4601 nobit

344 4620 547 4683 dictus
593 4621 889 4683 tractator
937 4620 1182 4695 missus,
1230 4637 1302 4683 ac
1343 4619 1419 4682 de
1468 4621 1858 4700 responsione
1905 4620 2070 4684 facta
2117 4640 2226 4701 per
2273 4639 2382 4685 nos
2430 4622 2596 4685 dicto
2643 4624 2965 4687 tractatori
3007 4627 3071 4687 et

342 4705 416 4770 de
465 4707 677 4770 nostra
722 4706 1160 4770 deliberatione
1207 4707 1502 4789 predicta,
1551 4707 1774 4770 debeat
1823 4707 2207 4788 prestissime
2254 4710 2318 4772 et
2361 4713 2664 4792 quantum
2713 4712 2954 4775 secrete
3003 4714 3070 4776 et
