3620 5282
491 327 619 394 194

467 505 565 570 cui
613 503 836 569 cuncta
883 503 1031 567 sunt
1077 500 1346 584 cognita,
1395 518 1505 565 nos
1554 502 1874 584 tamquam
1924 500 2216 566 catholici
2244 504 2306 565 et
2346 500 2736 567 devotissimi
2786 500 2931 566 fidei
2975 519 3225 584 semper

468 593 798 658 habuimus
845 592 910 654 et
954 589 1182 653 habere
1231 590 1611 653 intendimus
1639 589 2026 672 singularem
2052 590 2465 655 reverentiam
2514 592 2578 654 et
2623 590 2919 654 honorem
2970 590 3047 654 ad
3078 608 3226 653 san-

468 685 636 745 ctam
697 680 959 744 matrem
1028 677 1378 742 eeclesiam·
1403 680 1465 740 et
1512 677 1573 741 iu
1622 677 1877 759 speciali
1941 679 2018 742 ad
2066 678 2539 743 sanctissimum
2607 678 2927 742 dominum
2992 696 3212 760 papam

468 767 812 843 Urbanum,
861 765 1163 831 habemus
1210 766 1401 829 etiam
1435 767 1499 829 et
1546 765 1769 829 habere
1817 765 2196 831 intendimus
2245 766 2532 830 intimam
2581 767 2646 829 et
2703 766 3062 848 precipuam
3109 764 3218 830 de·

470 857 785 921 votionem
846 855 909 917 et
972 853 1354 917 affectionem
1419 851 1498 916 ad
1544 853 1837 917 honorem
1888 855 1951 918 et
2011 855 2249 918 statum
2299 854 2691 917 serenissime
2740 852 3033 936 reginalis
3082 871 3219 916 ma·

471 944 713 1008 iestatis
760 942 1084 1024 Hungarie
1134 941 1198 1005 et
1243 942 1319 1004 ad
1357 940 1823 1005 serenissimum
1860 943 2176 1005 dominum
2224 959 2432 1024 regem
2480 941 2804 1018 Karolnm‚
2839 943 2947 1005 sed
2982 940 3217 1023 prefate

470 1030 731 1115 reginali
780 1029 1090 1095 maiestati
1137 1028 1456 1110 Hungarie
1504 1029 1567 1092 et
1612 1028 1729 1092 toti
1778 1028 2009 1093 mundo
2064 1029 2193 1093 noti
2242 1031 2390 1094 sunt
2422 1029 2712 1094 immensi
2744 1028 2988 1093 labores
3023 1028 3217 1093 nostri

471 1120 535 1184 et
578 1137 860 1201 expense,
925 1134 1080 1202 quos
1126 1121 1191 1182 et
1250 1135 1401 1198 quas
1462 1117 1628 1198 passi
1696 1135 1911 1181 snmus
1957 1135 2067 1198 pro
2116 1116 2402 1182 maximis
2448 1116 2689 1200 guerris
2734 1135 2931 1199 nuper
2973 1115 3215 1198 elapsis,

467 1225 584 1289 que
630 1206 781 1271 licet
822 1205 1011 1269 dante
1055 1204 1168 1269 deo
1215 1203 1413 1286 sopite
1460 1204 1607 1278 sint,
1656 1209 1867 1269 tamen
1893 1206 2094 1269 adhuc
2140 1222 2468 1270 commune
2515 1207 2792 1269 nostrum
2839 1202 3015 1270 valde
3077 1222 3219 1287 gra-

470 1296 686 1360 vatum
733 1296 830 1358 est
892 1293 1139 1371 debitis,
1188 1293 1411 1373 quibus
1457 1293 1703 1356 tenetur
1749 1291 1987 1357 civibus
2029 1296 2092 1357 et
2137 1292 2420 1358 fidelibus
2465 1293 2717 1372 nostris,
2766 1293 2832 1357 et
2877 1294 3074 1357 restat
3113 1293 3224 1356 ad-

469 1382 591 1447 huc
637 1382 850 1464 exequi
896 1381 1128 1446 factum
1174 1379 1424 1452 Tenedi,
1474 1397 1582 1461 pro
1651 1397 1770 1461 quo
1832 1379 2091 1445 fecimus
2138 1386 2201 1445 et
2246 1379 2509 1446 facimus
2555 1399 2626 1446 ac
2668 1380 2870 1446 facere
2946 1380 3214 1444 intendi-

470 1489 609 1535 mus
676 1488 853 1552 posse
922 1471 1208 1533 nostrum
1277 1486 1386 1550 pro
1434 1467 1865 1533 observatione
1928 1468 2374 1551 promissorum
2438 1488 2547 1551 per
2607 1486 2741 1547 noS‚
2791 1469 2955 1533 sicut
2999 1473 3095 1532 est
3139 1466 3216 1531 de

471 1558 738 1623 naturali
787 1575 963 1622 more
1005 1557 1235 1634 nostro,
1284 1558 1350 1620 et
1394 1554 1552 1620 alias
1616 1553 1906 1620 misimus
1954 1557 2233 1638 potentes
2296 1557 2604 1621 exercitus
2669 1557 2910 1621 nostros
2977 1555 3220 1619 mariti-

467 1664 602 1711 mos
643 1647 708 1711 et
766 1648 1095 1710 terrestres
1141 1645 1219 1708 ad
1268 1645 1468 1708 dictas
1557 1644 1763 1725 partes
1814 1644 2065 1721 Tenedi,
2114 1651 2179 1707 et
2225 1662 2386 1709 nunc
2435 1646 2509 1709 de
2574 1662 2751 1709 novo
2790 1642 3214 1708 renfreschare

464 1735 529 1798 et
591 1733 840 1798 mittere
902 1731 1286 1798 intendimus
1329 1729 1405 1796 ad
1454 1731 1652 1813 ipsum
1701 1733 2040 1795 exercitum
2088 1733 2149 1796 in
2196 1734 2365 1796 terra
2403 1734 2469 1798 et
2515 1731 2577 1796 in
2621 1732 2780 1797 mari
2826 1750 2969 1796 cum
3019 1729 3219 1796 maxi—

463 1822 583 1886 mis
629 1823 694 1886 et
717 1819 1107 1904 gravissimis
1131 1820 1414 1902 expensis
1448 1818 1695 1883 nostris.
1742 1817 1982 1897 Quibus
2013 1821 2300 1884 omnibus
2336 1820 2741 1885 consideratis
2770 1839 2886 1885 non
2912 1819 3210 1894 videmus,

462 1908 623 1992 quod
666 1909 793 1974 ullo
853 1907 1037 1973 modo
1098 1909 1409 1990 possimus
1481 1925 1588 1970 nos
1662 1907 1959 1988 impedire
2029 1926 2139 1972 nec
2209 1910 2530 1974 attendere
2578 1911 2653 1973 ad
2701 1909 2824 1973 ista
2868 1906 3051 1984 facta,
3099 1905 3210 1971 sed

463 1997 758 2063 debemus
785 2016 922 2061 esse
945 1994 1108 2079 apud
1149 2013 1363 2060 omnes
1413 1993 1868 2058 rationabiliter
1907 1995 2199 2077 excusati,
2233 1998 2573 2062 lutanando
2619 2015 2728 2061 nos
2775 2014 2813 2061 a
2858 1995 3021 2059 facto
3069 2012 3211 2058 cum

463 2084 587 2150 hiis
634 2087 701 2150 et
740 2085 880 2150 aliis
925 2084 1155 2161 verbis,
1203 2103 1319 2166 que
1365 2082 1550 2148 utilia
1598 2080 1992 2147 videbuntur.

553 2190 736 2251 nisti
786 2190 1185 2251 XXXVIII.
1236 2192 1294 2264 4,
1343 2207 1386 2248 u
1430 2189 1589 2250 mlct.
1636 2190 1871 2250 arkivu.

749 2377 1225 2463 CCLXXV.
1279 2377 1484 2462 God.
1539 2378 1764 2463 1383.
1819 2378 1922 2461 10
1976 2377 2338 2484 velja6e‚
2392 2402 2453 2463 u
2506 2379 2902 2465 Mletclh.

467 2524 672 2586 Uelied
708 2524 891 2584 molbe
936 2523 1191 2598 kraljice
1250 2523 1515 2599 Uyarske
1551 2524 1867 2597 edredieno
1903 2525 2302 2597 posriedovati
2339 2525 2456 2585 mir
2499 2527 2697 2600 medin
2742 2517 3045 2604 oqqu'skim
3077 2546 3201 2602 pa-

1461 2612 1751 2672 triarhom
1795 2613 1821 2672 i
1866 2613 2181 2676 Fur-lanei.

669 2732 860 2799 1382.
907 2733 1003 2798 die
1052 2732 1293 2797 decimo
1359 2732 1672 2798 februarii.
1724 2734 2044 2814 Dominae,
2107 2728 2463 2815 consiliarii,
2513 2738 2720 2820 capita
2770 2741 2834 2804 et
2880 2739 3215 2822 sapientes·
3332 2787 3349 2793 -

456 2821 718 2889 consilii.
747 2820 975 2904 Capta:
1020 2820 1178 2902 quod
1228 2839 1336 2903 pro
1382 2820 1941 2903 contemplantione
1989 2841 2096 2887 sue
2138 2824 2531 2889 serenissime
2571 2830 2635 2889 et
2666 2826 3195 2893 excellentissime

452 2911 695 2976 domine
767 2911 977 2992 regine
1044 2908 1386 2991 Hungarie‚
1435 2927 1551 2990 que
1596 2911 1670 2973 de
1715 2909 1830 2974 hoc
1875 2909 2094 2975 fecerit
2162 2911 2612 2977 instantissime
2659 2933 2767 2978 nos
2813 2915 3020 2998 rogari
3084 2935 3196 2999 per

455 2998 890 3065 ambaxatores
961 3015 1105 3061 suos
1175 2999 1240 3060 et
1301 2996 1489 3060 etiam
1558 3016 1667 3080 pro
1724 2997 1954 3062 honore
2003 2999 2197 3063 nostri
2242 2999 2498 3064 dominii
2550 3002 2614 3065 et
2660 3021 2769 3083 pro
2815 3004 2985 3068 omni
3033 3003 3193 3071 bono

461 3088 743 3169 respectu
811 3086 1150 3160 ordinetur,
1215 3085 1375 3167 quod
1443 3083 1775 3167 collegium
1846 3085 2052 3150 silicet
2106 3086 2413 3165 dominae,
2453 3088 2813 3167 consiliarii,
2862 3091 3073 3173 capita
3120 3095 3187 3157 et

455 3175 765 3257 sapientes
813 3170 1054 3239 consilii
1079 3172 1349 3236 habeant
1393 3171 1751 3238 libertatem
1798 3172 2090 3238 mittendi
2115 3174 2511 3239 ambaxatam
2545 3177 2621 3241 ad
2651 3181 2858 3261 partes
2893 3179 3197 3245 Foroiulii

453 3281 560 3345 pro
606 3262 928 3326 tractando
959 3260 1349 3325 concordium
1383 3260 1545 3324 iuter
1590 3262 2174 3326 reverendissimum
2221 3262 2462 3344 patrem
2511 3266 2576 3328 et
2620 3265 2942 3331 dominum
2992 3266 3196 3332 domi-

454 3369 604 3414 num
652 3350 1025 3413 cardinalem
1075 3350 1139 3412 et
1195 3346 1614 3430 patriarcham
1677 3348 2185 3431 Aquilegiensem
2234 3352 2298 3413 et
2344 3350 2483 3416 illos
2509 3353 2583 3416 de
2631 3354 2837 3436 patria
2881 3354 3181 3419 Foroiulii

452 3441 520 3500 et
564 3437 828 3515 aliunde,
878 3436 984 3519 qui
1049 3454 1161 3499 non
1234 3440 1379 3499 sunt
1453 3435 1851 3501 hebedientes
1898 3438 2143 3501 domino
2189 3437 2491 3503 cardinali
2534 3442 2598 3504 et
2641 3442 2993 3524 patrIarche
3043 3462 3186 3525 pre-

452 3524 635 3602 dicte,
664 3527 730 3590 et
790 3525 950 3610 circa
1010 3524 1126 3588 hoc
1187 3522 1458 3587 fiendum
1525 3527 1588 3587 et
1648 3526 2103 3607 procurandum
2165 3526 2277 3590 fiat
2340 3527 2543 3592 totum
2603 3532 2669 3593 et
2713 3529 3000 3612 quioquid
3048 3529 3185 3595 fieri

450 3614 680 3695 poterit
741 3632 848 3693 per
914 3611 1094 3675 illum
1163 3610 1432 3689 modum,
1481 3629 1624 3676 cum
1669 3612 1779 3676 illo
1826 3612 2039 3677 ordine
2085 3615 2150 3677 et
2210 3614 2375 3678 sicut
2415 3615 2727 3682 videbitur
2774 3616 3043 3702 collegio
3087 3618 3190 3684 vel

450 3700 670 3765 maiori
720 3700 904 3781 parti.

658 3787 1090 3851 Terminatum
1141 3805 1248 3869 per
1292 3787 1646 3870 collegium,
1695 3788 1858 3870 quod
1887 3790 2252 3854 reverendus
2276 3792 2454 3871 pater
2490 3790 2779 3857 dominus
2826 3793 3178 3876 patriarcha

450 3876 786 3942 Gradensis
843 3874 1029 3938 vadat
1073 3876 1394 3940 amarator
1436 3875 1512 3941 ad
1555 3880 1758 3958 partes
1785 3876 2080 3941 Foroiulii
2112 3896 2219 3959 pro
2248 3871 2518 3944 tractatu
2545 3881 2854 3945 concordii
2901 3885 2965 3947 et
2995 3883 3185 3966 pacis.

535 3984 716 4045 Misti
765 3980 1159 4043 XXXVIII.
1213 3979 1270 4054 7,
1315 4002 1357 4043 u
1402 3984 1558 4044 mlet.
1600 3986 1837 4044 arkivu.

764 4171 1279 4257 chxxvl.
1337 4171 1542 4255 (3011.
1596 4173 1822 4257 1383.
1880 4175 1930 4256 8
1984 4177 2300 4278 OZqua
2353 4201 2413 4260 u
2465 4178 2861 4264 Mleteih.

445 4312 734 4391 Depre-§ta
779 4333 858 4387 se,
904 4317 984 4375 da
1037 4316 1258 4377 Nikola
1311 4317 1532 4392 Basejo
1575 4319 1761 4392 primi
1804 4320 2014 4380 slubbu
2054 4322 2371 4395 admirata,
2425 4325 2770 4398 podieh'enu
2830 4346 2931 4387 mu
2978 4330 3055 4388 od
3085 4332 3184 4392 bo-

1526 4408 1825 4482 sanskoya
1867 4409 2087 4483 kralja.

659 4523 846 4588 1383.
899 4524 1235 4590 indictione
1283 4529 1474 4606 sexta,
1525 4529 1621 4592 die
1668 4529 1822 4593 VIII
1879 4532 2113 4604 marcii,
2177 4534 2396 4614 capta*-
2447 4551 2587 4597 cum
2634 4536 3065 4602 serenissimus
3112 4540 3179 4605 et

444 4608 1003 4677 excellentissimus
1050 4614 1336 4678 dominus
1384 4635 1488 4679 rex
1537 4615 1727 4681 Raxie
1776 4637 1969 4701 nuper
2017 4610 2260 4682 miserit
2292 4622 2619 4701 quemdam
2657 4624 2945 4688 nuncium
2989 4644 3177 4691 suum

442 4697 772 4784 specialem
816 4719 961 4765 cum
1006 4700 1189 4766 litera
1234 4700 1627 4768 credulitatis
1678 4703 1871 4769 nobili
1916 4706 2056 4770 vivo
2104 4725 2205 4770 ser
2230 4705 2489 4772 Nicolao
2524 4708 2742 4775 Baseio
2776 4710 2895 4776 civi
2942 4715 3177 4795 nostro,
