3620 5282
3024 358 3154 425 255

666 529 1245 615 CCCLXXVI.
1328 531 1534 615 God.
1591 532 1817 617 1353.
1875 534 1975 614 14
2027 530 2389 634 venece,
2442 554 2502 614 u
2554 531 2944 615 Mletcih.

429 658 769 732 Naredjeno
814 659 914 718 ved
957 660 1337 733 obstojedemu
1384 660 1606 719 odboru
1650 677 1726 718 za
1769 661 2023 719 hvarske
2064 661 2320 733 poslove,
2369 659 2449 719 da
2495 660 2728 720 razvidi
2760 660 2966 733 pisma
2999 661 3149 733 pod-

428 747 647 806 nesena
692 748 771 805 od
812 747 1148 806 svecenstva
1187 750 1212 806 i
1258 747 1334 806 od
1378 748 1578 806 obdine
1622 746 1875 808 hvarske
1922 748 2160 821 teccv'em
2208 748 2442 820 njihove
2501 765 2715 822 razpre
2734 792 2748 817 ,
2796 750 2820 805 i
2864 748 2945 807 da
2989 749 3147 821 svoJe

1286 838 1544 908 mnienje
1588 853 1620 894 o
1667 840 1778 894 tom
1816 838 2087 908 pismeno
2133 837 2301 906 dade,

643 973 830 1037 1352.
882 972 1216 1038 indictione
1258 974 1365 1051 VI,
1416 973 1514 1038 die
1562 972 1714 1037 XIV
1760 972 2076 1052 februarii,
2125 975 2342 1055 capta:
2392 973 2556 1056 quod
2587 974 3021 1039 committatur
3054 993 3153 1039 sa-

428 1060 758 1141 pientibus,
808 1062 917 1143 qui
962 1062 1120 1126 alias
1168 1060 1417 1127 fuerunt
1478 1061 1663 1127 electi
1705 1079 1816 1143 pro
1879 1060 2060 1126 factis
2115 1061 2638 1141 differentiarum,
2704 1081 2820 1145 que
2866 1065 3043 1126 erant
3088 1065 3154 1127 et

427 1150 570 1211 sunt
615 1149 778 1214 inter
823 1149 1183 1232 episcopum
1235 1151 1431 1214 Lesne
1477 1151 1540 1213 et
1581 1149 1837 1214 clericos
1884 1168 2025 1214 suos
2075 1169 2145 1213 ex
2194 1168 2314 1213 una
2360 1152 2556 1232 parte,
2603 1152 2667 1214 et
2711 1168 3035 1215 commune
3086 1151 3151 1215 et

426 1234 704 1301 homines
750 1236 914 1301 dicte
961 1239 1124 1301 terre
1163 1256 1235 1302 ex
1278 1238 1495 1316 altera,
1543 1238 1699 1319 quod
1748 1237 1984 1302 dictum
2034 1238 2386 1320 episcopum
2436 1240 2501 1302 et
2544 1257 2691 1302 suos
2738 1240 2801 1303 et
2853 1237 3150 1302 ambaxa-

427 1324 591 1388 tores
638 1323 850 1403 Lesne,
896 1324 1001 1405 qui
1047 1325 1165 1389 huc
1217 1324 1531 1389 redierunt
1575 1343 1684 1406 pro
1716 1325 1897 1389 dictis
1944 1323 2326 1403 differentiis,
2361 1325 2625 1389 debeant
2668 1326 2882 1390 audire
2916 1328 2981 1389 et
3012 1344 3155 1390 exa-

429 1411 660 1475 minare
710 1413 839 1475 tam
890 1412 1230 1494 scripturas
1268 1413 1464 1477 factas
1512 1413 1576 1476 et
1624 1412 1952 1495 productas
2000 1430 2109 1494 pro
2155 1412 2521 1477 differentiis
2567 1413 2909 1497 premissis,
2961 1432 3148 1497 quam

429 1499 635 1562 omnia
682 1500 823 1579 alia,
872 1518 989 1582 que
1032 1499 1194 1563 dicte
1242 1504 1450 1581 partes
1496 1499 1732 1564 discere
1778 1503 1842 1563 et
1885 1499 2159 1581 allegare
2226 1500 2491 1577 vellent,
2558 1504 2620 1565 et
2679 1501 2865 1565 etiam
2936 1518 3149 1565 omnes

427 1586 581 1650 alias
628 1586 1010 1652 differencias
1056 1590 1123 1653 et
1162 1589 1516 1669 questiones
1564 1589 1897 1652 suscitatas
1930 1588 2004 1651 de
2039 1607 2188 1652 novo
2235 1589 2395 1653 inter
2441 1605 2565 1667 εοε,
2617 1589 2682 1651 et
2726 1606 2816 1665 ea,
2867 1607 2982 1671 que
3016 1589 3149 1653 tam

430 1673 492 1736 in
538 1674 786 1757 scriptis
828 1693 1013 1757 quam
1050 1678 1337 1740 oretenus
1385 1675 1587 1739 dicere
1637 1675 1962 1751 voluerint,
2032 1679 2095 1739 et
2132 1675 2304 1739 nobis
2351 1695 2535 1756 super
2578 1676 2668 1740 eis
2715 1694 2898 1740 suum
2944 1677 3150 1741 consi-

426 1760 581 1825 lium
617 1763 763 1827 dare
804 1763 869 1827 in
915 1762 1185 1845 scriptis,
1235 1782 1379 1828 cum
1430 1780 1549 1847 quo
1595 1762 1828 1827 erimus
1875 1763 1994 1839 hic,
2044 1765 2108 1826 et
2151 1763 2277 1841 fiet,
2327 1763 2489 1827 sicut
2522 1763 2866 1842 videbitur3
2915 1767 2977 1826 et
3009 1763 3150 1845 qui-

426 1847 581 1913 libet
612 1851 811 1932 possit
856 1869 1077 1932 ponere
1125 1853 1387 1932 partem,
1436 1853 1499 1914 et
1545 1853 1797 1914 vocetur
1843 1850 2171 1915 consilium
2217 1852 2385 1914 omni
2447 1851 2578 1915 vice
2624 1849 2718 1914 ‘ad
2765 1869 2942 1914 suam
2991 1851 3153 1932 peti-

426 1937 658 2001 tionem
704 1937 819 2002 sub
867 1956 1025 2020 pena
1071 1939 1403 2002 solidorum
1452 1937 1588 2002 XX.
1640 1937 1875 2002 Verum
1923 1940 1977 2001 si
2022 1937 2225 2020 alique
2271 1956 2343 2003 ex
2389 1938 2572 2003 dictis
2619 1937 3049 2021 questionibus
3085 1938 3150 2001 et

428 2023 792 2089 differentiis
854 2025 1055 2090 forent
1100 2044 1136 2090 a
1183 2026 1357 2090 libris
1405 2024 1452 2089 C
1499 2026 1597 2091 vel
1642 2025 1784 2090 inde
1826 2025 2003 2100 infra.
2052 2024 2319 2090 debeant
2373 2044 2477 2089 eas
2537 2025 2906 2103 terminare,
2977 2026 3041 2088 et
3085 2025 3150 2089 in

429 2112 518 2176 eis
568 2114 945 2177 sententiare
990 2115 1056 2177 et
1100 2112 1341 2177 difinire
1389 2113 1579 2191 illud,
1648 2114 1807 2195 quod
1870 2113 2090 2177 maiori
2152 2114 2317 2195 parti
2383 2131 2597 2178 eorum
2656 2112 2963 2178 videbitur
3015 2131 3151 2177 esse

425 2199 676 2278 iustum,
724 2200 809 2264 Et
854 2219 963 2283 pro
1025 2200 1410 2283 expeditione
1474 2201 1694 2265 horum
1758 2202 2086 2264 teneantur
2146 2201 2346 2265 tribus
2407 2200 2623 2266 diebus
2683 2199 3021 2265 ebdomade
3088 2201 3151 2263 in

426 2304 602 2352 mane
644 2287 742 2353 vel
788 2292 927 2371 post
970 2306 1232 2366 nonam,
1300 2289 1465 2353 sicut
1524 2289 1747 2354 melius
1812 2288 2137 2366 voluerint,
2201 2288 2523 2353 convenire
2577 2287 2657 2351 ad
2719 2306 3029 2370 canpanas
3078 2291 3143 2352 et

424 2374 603 2438 horas
650 2376 962 2441 ordinatas
1010 2376 1086 2440 ad
1133 2376 1522 2454 audiendum,
1575 2376 2050 2441 examinandum
2111 2376 2176 2439 et
2220 2376 2666 2458 expediendum
2728 2375 2986 2458 negocia
3012 2394 3135 2461 ‚su-

426 2462 702 2544 pradicta
749 2465 863 2528 sub
908 2482 1064 2546 pena
1109 2465 1391 2529 ordinata
1440 2467 1504 2528 et
1542 2466 1799 2542 statuta,
1851 2464 2091 2546 quando
2131 2481 2252 2529 non
2286 2463 2656 2528 conveniunt
2701 2465 3035 2545 sapienteS,
3072 2464 3138 2527 et

430 2550 702 2615 notarius
749 2568 963 2616 eorum
1008 2550 1115 2616 det
1160 2551 1447 2617 fallentes
1493 2569 1604 2633 pro
1650 2551 1892 2616 cadutis
1923 2552 2405 2629 advocatoribus,
2453 2552 2557 2633 qui
2603 2551 2852 2635 exigant
2894 2568 3140 2633 penam,

429 2636 722 2704 habentes
771 2643 1010 2723 partem
1058 2640 1129 2705 ut
1170 2638 1245 2705 de
1295 2638 1437 2704 aliis
1485 2640 1656 2722 penis
1703 2638 1888 2705 officii
1936 2640 2064 2713 sui;
2128 2641 2194 2704 et
2238 2639 2506 2704 habeant
2570 2640 2907 2703 terminum
2953 2658 3138 2720 expe-

431 2724 634 2790 diendi
681 2746 745 2792 se
795 2746 984 2811 usque
1031 2747 1221 2792 unum
1269 2747 1582 2803 mensem;
1627 2728 1692 2792 et
1735 2727 1791 2792 si
1837 2730 1981 2792 ante
2025 2726 2254 2792 fuerint
2299 2727 2603 2811 expediti,
2664 2731 2808 2791 ante
2854 2727 3137 2791 venietur

430 2813 504 2877 ad
548 2815 895 2880 consilium.
943 2815 1028 2879 Et
1072 2815 1126 2879 si
1171 2815 1496 2880 consilium
1544 2818 1661 2880 etc.

510 2903 688 2965 Misti
732 2905 976 2967 XXVI.
1027 2909 1172 2975 107,
1216 2923 1258 2965 u
1301 2906 1640 2966 mletadkom
1685 2907 1917 2965 arkivu.

659 3092 1283 3176 cccnxxvn.
1338 3092 1546 3177 sou.
1588 3036 1822 3176 1353.
1878 3096 1978 3176 14
2029 3094 2370 3196 ozujka,
2422 3115 2482 3175 u
2536 3094 2924 3177 motem.

1077 3219 1377 3296 οᾱροουεη
1418 3222 1525 3280 rol„-
1572 3221 1794 3280 odboru
1839 3238 1914 3280 aa
1957 3222 2211 3282 hvarske
2245 3222 2503 3296 poszove.

639 3340 825 3406 1353.
872 3340 972 3406 die
1019 3340 1170 3406 XIV
1217 3341 1455 3420 marcii,
1504 3342 1722 3424 capta:
1770 3341 1935 3425 quod
1979 3342 2283 3408 terminus
2330 3342 2676 3425 sapientum
2725 3343 2921 3407 Lesne
2978 3342 3147 3408 elon·

429 3428 601 3511 getur
637 3447 829 3512 usque
870 3430 947 3493 ad
994 3429 1267 3494 medium
1315 3428 1546 3494 mensis
1592 3428 1815 3494 futuri.

507 3519 686 3579 Misti
734 3518 977 3580 XXVI.
1027 3521 1166 3589 110,
1208 3538 1252 3579 u
1298 3520 1514 3580 arkivu
1556 3520 1915 3580 mletackom.

658 3706 1310 3793 CCCLXXVlll.
1385 3707 1591 3790 God.
1641 3708 1862 3794 1353.
1918 3711 1961 3790 1
2011 3711 2386 3813 travnja,
2436 3732 2497 3791 u
2549 3710 2940 3794 Mletcih.

430 3831 618 3904 Odbor
655 3852 731 3895 za
774 3836 1027 3896 hvarske
1058 3836 1296 3910 poslove
1341 3835 1614 3909 prcdlaie
1657 3836 1816 3909 svoje
1844 3837 2100 3911 mnienje
2145 3856 2178 3896 ο
2224 3835 2488 3916 rissenju
2517 3839 2826 3898 razmirice
2870 3835 3147 3910 obstojece

1092 3925 1291 3997 medju
1335 3924 1724 3984 svecenstvom
1768 3925 1792 3983 i
1838 3926 2098 3985 obcinom
2142 3926 2474 3986 hvarskom.

628 4044 703 4107 In
748 4043 965 4108 christi
1013 4044 1260 4109 nomine
1307 4063 1507 4109 amen.
1570 4044 1754 4108 1353.
1795 4044 1895 4109 die
1930 4046 2127 4127 primo
2159 4047 2392 4130 aerIs,
2443 4047 2660 4128 capta:
2709 4063 2848 4109 cum
2898 4043 3137 4109 nobiles

424 4129 538 4195 viri
585 4149 685 4196 ser
727 4131 1030 4214 Mapheus
1076 4132 1442 4211 Barbadi00‚
1492 4150 1591 4196 ser
1636 4133 1861 4198 Petrus
1906 4134 2118 4197 Errizo
2165 4137 2229 4197 et
2270 4153 2367 4198 ser
2416 4133 2470 4197 N
2480 4135 2709 4199 icolans
2757 4133 3007 4208 Viadr0‚
3045 4151 3144 4198 sa-

424 4217 661 4299 pientes
708 4219 891 4284 electi
936 4238 1042 4301 per
1091 4219 1311 4285 ducale
1359 4220 1703 4284 dominium
1748 4221 1830 4284 ad
1876 4220 2317 4285 consulendum
2359 4240 2542 4303 super
2582 4221 2926 4297 discordii3‚
2971 4218 3146 4284 diffe-

422 4306 634 4369 rentiis
701 4307 765 4371 et
825 4307 1251 4388 questionibus
1313 4311 1447 4371 tam
1505 4309 1679 4372 novis
1747 4326 1934 4389 quam
1995 4309 2306 4373 veteribus
2372 4311 2525 4373 ortis
2571 4309 2734 4372 inter
2790 4309 3145 4392 episcopum

422 4391 633 4470 Lesas,
683 4396 746 4459 et
792 4394 1026 4459 clerum
1073 4414 1257 4460 suum
1305 4414 1377 4460 ex
1427 4413 1550 4458 una
1587 4397 1785 4478 parte,
1835 4398 1901 4460 et
1943 4398 2339 4479 potestatem,
2388 4415 2717 4461 commune
2760 4399 2825 4462 et
2863 4397 3144 4461 homines

423 4480 581 4546 dicte
628 4484 791 4547 terre
838 4501 912 4547 ex
958 4483 1173 4558 altera,
1223 4483 1538 4549 occasione
1586 4483 1767 4547 unius
1815 4484 2075 4566 zuppani
2114 4487 2233 4549 etc.

628 4570 702 4634 Id
748 4571 909 4635 circo
954 4571 1219 4652 predicti
1265 4571 1577 4654 sapientes
1623 4570 1899 4635 volentes
1947 4571 2192 4636 obedire
2240 4571 2553 4636 mandatis
2598 4570 2834 4635 ducalis
2866 4571 3142 4644 dominii,

422 4672 491 4720 ac
533 4658 850 4740 cupientes
898 4657 1117 4724 sedare
1164 4657 1502 4723 discordias
1567 4656 1953 4740 supradictas
1997 4661 2063 4723 et
2106 4677 2330 4741 ponere
2376 4659 2765 4723 concordiam
2810 4659 2874 4723 et
2917 4658 3143 4721 bonam

425 4744 802 4811 voluntatem
848 4744 1012 4814 inter
1054 4747 1224 4828 ipsas
1267 4748 1476 4830 partes
1496 4793 1515 4826 ,
1569 4744 1802 4810 auditis
1849 4747 1916 4809 et
1958 4746 2202 4830 plenius
2247 4746 2580 4811 intellectis
2634 4743 3135 4827 requisitionibus
