3620 5282
449 306 538 373 64

449 478 838 547 attendendis
899 497 1112 545 omnes
1173 478 1576 561 suprascripti
1636 482 1768 544 tam
1832 480 2205 563 principales
2261 500 2446 564 quam
2510 480 2901 546 fideiussores
2956 484 3174 564 sponte

449 568 883 651 obligaverunt
950 585 1015 631 se
1086 584 1266 649 posse
1327 568 1634 631 conveniri
1700 568 1951 632 realiter
2011 571 2075 632 et
2136 568 2541 650 personaliter
2598 587 2670 633 ac
2733 570 2995 633 detineri
3066 588 3177 651 per

329 684 342 691 ·
450 658 652 719 totum
698 654 1061 718 comitatum
1109 653 1497 718 dominorum
1545 655 1844 718 comitum
1893 656 2187 737 Stephani
2230 660 2294 719 et
2337 656 2641 720 Johannis
2703 660 2767 719 et
2823 657 3177 738 specialiter

449 741 695 824 Segnie,
739 740 954 823 Vegle,
1004 740 1354 806 Modrussie
1379 746 1441 803 et
1473 759 1581 823 per
1624 746 1825 805 totum
1877 761 2137 825 regnum
2183 742 2523 825 Hungarie,
2574 743 2837 808 Venecie
2885 746 2947 808 et
2990 762 3179 826 gene-

447 829 663 892 raliter
711 826 933 910 ubique
979 828 1249 894 locorum
1297 830 1363 892 et
1407 830 1707 892 terrarum
1757 828 1985 907 taliter,
2034 831 2193 913 quod
2238 830 2613 912 ubicumque
2644 830 2880 895 inventi
2923 831 3173 908 fuerint,

447 916 533 979 ibi
582 918 815 980 solvere
860 916 924 978 et
967 916 1214 980 reficere
1247 918 1606 990 teneantu13
1650 916 2148 981 renuntiantibus
2184 918 2337 999 ipsis
2373 918 2833 982 fideiussoribus
2865 920 2930 981 et
2961 935 3172 981 eorum

449 1003 731 1085 quolibet
776 1001 901 1084 legi
947 1001 1237 1086 loquenti,
1297 1004 1457 1085 quod
1502 1004 1673 1084 prius
1719 1004 2029 1069 conveniri
2075 1005 2298 1069 debeat
2356 1005 2715 1087 principalis
2780 1022 2966 1087 quam
3027 1004 3179 1069 fide-

451 1090 650 1154 iussor
695 1107 767 1153 ac
813 1090 980 1153 omni
1027 1090 1134 1154 alii
1183 1090 1300 1153 iuri
1348 1089 1557 1172 legum
1607 1108 1678 1154 ac
1723 1089 2009 1169 decretiS,
2058 1092 2312 1156 statutis
2336 1096 2402 1157 et
2439 1090 2986 1157 reformacionibus
3031 1109 3176 1156 con—
3219 1137 3225 1143 ·
3315 1150 3318 1153 Α

451 1175 581 1240 silii
625 1177 912 1258 omnique
957 1175 1067 1240 alii
1114 1176 1361 1249 rationi,
1406 1176 1627 1260 quibus
1674 1196 1711 1241 a
1756 1179 2195 1260 suprascriptis
2241 1180 2338 1243 vel
2371 1179 2933 1261 suprascriptorum
2974 1178 3180 1260 aliquo

450 1281 517 1327 se
567 1265 811 1344 possent
855 1263 1212 1346 aliqualiter
1257 1263 1577 1328 defendere
1642 1265 1738 1327 vel
1801 1266 1959 1329 tueri
2021 1268 2140 1331 etc.
2204 1269 2390 1350 prout
2448 1266 2687 1348 plenius
2751 1264 2883 1330 fieri
2953 1265 3182 1347 poterit

449 1350 792 1415 secundum
836 1351 1251 1415 substantiam
1299 1353 1731 1434 predictorum.

658 1438 788 1521 Ego
833 1438 1113 1503 Andreas
1159 1440 1503 1503 vicecomes
1552 1438 1776 1520 Segnis
1823 1438 2209 1504 examinator
2251 1458 2504 1504 manum
2556 1440 2719 1504 misi.

660 1525 789 1608 Ego
835 1525 1180 1590 Micchinus
1222 1526 1386 1590 filius
1433 1543 1532 1589 ser
1578 1526 1808 1608 Bayoui
1856 1527 1929 1590 de
1976 1526 2422 1609 Bocchaziupis
2465 1529 2538 1592 de
2584 1528 2838 1591 Ancona
2871 1526 3178 1608 imperiali

452 1611 822 1676 auctoritate
869 1613 1141 1677 notarius
1202 1616 1267 1675 et
1319 1612 1661 1676 communis
1709 1610 1934 1695 Segnie
1973 1614 2210 1678 iuratus
2258 1617 2328 1678 ut
2373 1633 2558 1697 supra
2618 1614 2845 1696 legitur
2889 1616 3174 1678 omnibus

449 1697 722 1777 interfui,
768 1699 988 1781 scripsi
1037 1702 1100 1765 et
1144 1698 1472 1783 publicavi,
1521 1700 1773 1782 rogatus
1823 1719 2077 1783 meoque
2123 1702 2302 1784 signo
2348 1703 2533 1766 solito
2584 1702 2885 1766 roboravi,

543 1806 1110 1867 Commemoviazium
1167 1808 1296 1866 1⁷11
1338 1809 1442 1877 30,
1487 1824 1530 1866 u
1574 1808 1728 1866 mlet.
1776 1809 2010 1870 arkivu.

908 1992 1125 2076 cxi.
1180 1993 1381 2076 sou.
1436 1973 1664 2077 1364.
1717 1994 1767 2077 5
1821 1994 2162 2096 ozujka,
2213 2019 2273 2078 u
2326 1997 2718 2080 Mleteih.

659 2133 1085 2201 Committitur
1130 2133 1365 2199 notario
1410 2133 1654 2198 Andree
1700 2133 1774 2197 de
1813 2132 2054 2212 Oltedo,
2103 2137 2174 2199 ut
2218 2156 2283 2201 se
2315 2137 2392 2202 ad
2425 2138 2954 2221 archiepiscopum
2989 2137 3174 2204 Crete

399 2280 402 2291 .
450 2224 516 2288 et
559 2224 637 2287 ad
684 2221 1121 2287 cancellarium
1168 2221 1401 2285 domini
1448 2222 1612 2303 regis
1639 2219 1808 2303 Cipri
1855 2220 2147 2299 conferat,
2199 2224 2575 2289 excitaturus
2623 2245 2747 2302 eos,
2792 2231 2862 2290 ut
2893 2226 3172 2292 scribant

456 2309 740 2385 ‚domino
785 2309 917 2393 regi
962 2308 1298 2392 Hungarie,
1368 2308 1472 2391 qui
1519 2307 1707 2373 habet
1765 2309 1998 2373 multas
2067 2311 2265 2375 terras
2328 2314 2392 2375 et
2443 2311 2576 2375 loca
2629 2313 2994 2389 marittima,
3065 2332 3172 2395 per

448 2415 601 2480 quas
644 2397 858 2479 gentes
904 2396 1171 2479 passagii
1218 2396 1555 2460 transitum
1599 2394 1877 2459 habituri
1922 2398 2131 2475 erunt,
2171 2398 2244 2462 ut
2287 2399 2650 2481 provideant
2691 2401 2767 2465 de
2802 2400 3173 2466 victualibus

448 2484 513 2548 in
553 2483 735 2548 dietis
781 2484 965 2549 terris
1003 2482 1232 2561 taliter,
1276 2481 1434 2564 quod
1495 2480 1656 2545 dicte
1699 2482 1917 2564 gentes
1980 2481 2120 2549 inde
2188 2484 2583 2551 transeuntes
2653 2488 2891 2570 possint
2949 2487 3176 2553 habere

454 2570 577 2635 sibi
622 2570 967 2635 necessaria
1006 2588 1115 2652 pro
1155 2588 1265 2635 sua
1316 2568 1639 2653 pecunia“.

539 2660 779 2722 Secreta
822 2661 1057 2721 consilii
1098 2664 1459 2736 roqatorum.

857 2848 1127 2931 oxu.
1182 2846 1391 2930 God.
1445 2847 1673 2931 1364.
1727 2851 1816 2930 11
1870 2849 2215 2950 omnm,
2268 2873 2328 2932 u
2379 2851 2771 2933 Mletcih.

450 2991 784 3065 Republika
823 3008 900 3065 po
947 2991 1268 3064 bibeiniku
1314 2991 1676 3066 obaviesc‘zv'e
1710 2993 2069 3066 patrijarha
2112 2994 2458 3069 oylejskoqa,
2504 2995 2585 3054 da
2626 2996 2959 3070 agan-bro).
3016 2996 3180 3071 Iera&

450 3080 673 3152 nastoji
716 3096 750 3137 o
791 3083 927 3150 tom,
976 3080 1058 3139 da
1098 3097 1200 3138 mu
1246 3079 1395 3138 bade
1441 3079 1605 3137 dana
1653 3076 1819 3139 Istra
1863 3097 1906 3139 u
1950 3083 2176 3154 najam,
2224 3085 2277 3140 te
2316 3099 2397 3156 qa
2440 3083 2596 3159 moli,
2646 3083 2800 3142 nelca
2843 3100 2955 3143 svu
3003 3080 3179 3158 briqn

449 3167 625 3237 ulvis,
671 3166 751 3226 da
799 3170 867 3226 tu
907 3182 1150 3236 osnovu,
1197 3167 1338 3240 Iroja
1380 3168 1600 3226 smiera
1644 3184 1728 3226 na
1766 3168 2016 3242 meqovu
2065 3173 2323 3242 propast
2382 3170 2407 3228 i
2464 3187 2549 3229 na
2600 3171 2862 3245 poyt'beb’
2917 3187 2993 3232 za
3049 3173 3180 3245 πόα,

1686 3259 1943 3328 ναείερε.

669 3353 853 3417 1364.
901 3353 1001 3417 die
1048 3352 1131 3417 Vl
1179 3352 1412 3417 marcii.
1462 3351 1688 3435 Capta:
1736 3354 1900 3438 quod
1941 3355 2054 3419 fiat
2120 3355 2473 3420 commissio
2535 3355 2950 3440 infrascripta,
3009 3360 3180 3424 vide-

451 3440 634 3504 licet:
682 3458 793 3504 nos
837 3439 1206 3505 Laurencius
1255 3438 1422 3504 Celsi
1467 3440 1565 3504 dei
1607 3443 1814 3523 gratia
1877 3444 1998 3506 dux
2056 3441 2484 3521 veneciarum,
2547 3445 2998 3510 committimus
3059 3445 3179 3510 tibi

452 3526 704 3610 provido
766 3526 895 3591 viro
956 3527 1232 3591 Amadeo
1306 3527 1382 3591 de
1442 3528 2003 3611 Bonguadagnanis
2066 3529 2304 3593 notario
2364 3531 2428 3594 et
2487 3528 2652 3594 fideli
2716 3537 2954 3611 nostro,
3017 3534 3178 3616 quod

451 3614 639 3680 vadas
688 3615 766 3678 ad
813 3612 1211 3678 reverendum
1263 3613 1325 3677 in
1373 3614 1604 3679 christo
1650 3618 1891 3698 patrem
1955 3616 2273 3680 dominum
2335 3617 2403 3680 L.
2467 3618 2881 3699 patriarcham
2943 3621 3178 3701 aquile-

451 3702 749 3787 giensem,
818 3719 939 3784 quo
983 3701 1254 3765 salutato
1300 3719 1411 3783 pro
1460 3705 1634 3783 parte
1683 3707 1910 3779 nostra,
1960 3722 2240 3786 expones,
2289 3706 2447 3785 quod
2495 3725 2687 3788 nuper
2732 3706 3040 3771 sensimus
3099 3707 3175 3770 de

451 3789 641 3868 curia,
688 3788 849 3871 quod
897 3788 1179 3853 dominus
1227 3806 1329 3852 rex
1374 3788 1696 3871 Hungarie
1742 3790 1894 3854 facit
1939 3791 2272 3873 supplicari
2319 3791 2566 3857 domino
2613 3811 2789 3874 pape,
2837 3795 2996 3877 quod
3045 3794 3174 3876 ipse

451 3877 781 3944 concedere
825 3876 1208 3960 dignaretur,
1257 3878 1415 3959 quod
1462 3876 1626 3940 idem
1674 3876 2027 3958 patriarcha
2075 3877 2533 3962 Aquilegiensis
2582 3883 2788 3960 posset
2851 3881 2969 3944 sibi
3033 3899 3177 3946 con-

450 3965 664 4031 cedere
709 3963 824 4029 sub
867 3981 1068 4029 annuo
1114 3981 1299 4027 censu
1340 3963 1611 4039 Istriam‚
1655 3963 1916 4028 offerens
1972 3964 2117 4029 dare
2181 3965 2303 4029 sibi
2361 3962 2527 4029 ultra
2586 3984 2775 4047 quam
2835 3967 2945 4032 alii
3005 3969 3171 4043 dent,

453 4053 518 4118 et
559 4050 719 4135 quod
765 4051 1050 4117 dominus
1097 4069 1256 4133 papa
1301 4053 1367 4114 et
1412 4051 1581 4114 curia
1628 4049 1960 4115 noluerunt
2001 4050 2199 4132 ipsam
2249 4053 2608 4132 petitionem
2655 4053 3009 4129 admittere,
3073 4055 3177 4119 sed

456 4140 819 4205 invenerunt
861 4138 1118 4204 modum
1162 4138 1503 4215 dilacionis,
1551 4137 1844 4216 dicenteS,
1893 4139 2051 4220 quod
2107 4138 2395 4203 volebant
2435 4158 2501 4204 se
2563 4141 2910 4205 informare.
2976 4141 3175 4220 Quare

453 4246 596 4291 cum
639 4225 817 4304 alias,
865 4226 1029 4291 sicut
1071 4224 1236 4289 inter
1297 4243 1441 4288 eum
1502 4227 1567 4287 et
1628 4241 1740 4288 nos
1785 4243 1971 4307 supra
2028 4226 2152 4289 ista
2217 4227 2478 4291 materia
2537 4228 2809 4292 colatum
2873 4232 2988 4308 est,
3054 4228 3175 4293 ista

454 4333 570 4377 res.
619 4312 674 4377 si
717 4312 1095 4395 procederet,
1139 4314 1304 4377 esset
1350 4311 1692 4376 destructio
1732 4311 1991 4377 ecclesie
2052 4312 2532 4395 AquilegiensiS,
2596 4319 2660 4378 et
2720 4315 2938 4380 modus
3000 4317 3178 4381 redu-

456 4400 626 4461 cendi
674 4416 811 4464 eam
856 4399 923 4465 in
966 4397 1351 4475 servitutem,
1403 4401 1469 4462 et
1514 4399 1732 4463 modus
1780 4399 1970 4464 etiam
2017 4400 2308 4480 perdendi
2355 4403 2579 4477 totum,
2642 4402 2804 4482 quod
2873 4404 3008 4483 ipsa
3075 4420 3175 4467 ec—

455 4485 644 4547 clesia
690 4487 888 4565 tenet,
950 4487 1017 4552 et
1076 4484 1268 4551 etiam
1329 4487 1495 4550 esset
1550 4485 1817 4565 periculo
1871 4505 2116 4552 summo
2175 4493 2473 4568 quantum
2527 4506 2663 4552 esse
2722 4491 2922 4569 potest
2965 4490 3178 4552 statui

458 4575 687 4646 nostro,
734 4590 916 4653 quem
961 4575 1096 4655 ipse
1138 4572 1260 4637 scit
1301 4573 1366 4637 et
1412 4575 1696 4654 expertus
1743 4577 1857 4651 est,
1905 4591 2038 4637 esse
2085 4591 2265 4637 suum
2300 4573 2636 4656 proprium,
2683 4575 2885 4656 sitque
2930 4574 3178 4639 salubre

458 4657 703 4722 obstare
750 4658 1085 4742 principiis,
1125 4659 1444 4727 notificare
1490 4659 1610 4724 sibi
1653 4660 1933 4741 predicta
1976 4664 2350 4739 curavimus,
2397 4661 2715 4726 credentes
2760 4678 2893 4725 esse
2926 4661 3176 4741 bonum,
