3620 5282
503 337 624 403 154

493 531 874 595 quecumque
919 532 1025 595 per
1070 513 1234 596 ipsos
1281 516 1711 597 procuratores
1757 533 1902 580 suos
1948 517 2014 580 et
2075 515 2418 599 quemlibet
2478 516 2751 599 ipsorum
2814 518 2879 581 in
2940 516 3204 583 solidum

492 601 679 679 dicta,
729 602 911 679 facta,
960 605 1155 684 gesta.
1205 604 1525 684 promissa,
1575 604 1861 669 conclusa
1905 610 1969 668 et
2003 606 2279 669 ordinata
2340 605 2571 670 fuerint
2632 605 2694 670 in
2759 606 3081 689 premissis
3145 609 3209 672 et

491 691 653 755 circa
696 690 998 772 premissa
1044 693 1108 754 et
1151 691 1429 773 quolibet
1473 691 1907 774 premissorum
1957 694 2021 757 et
2056 693 2119 756 in
2165 692 2653 776 dependentibus
2699 695 2765 758 et
2795 695 3082 759 connexis
3126 695 3204 759 ab

495 778 603 854 eis,
652 781 716 841 et
761 796 878 842 non
926 779 1342 843 contrafacere
1389 782 1487 844 vel
1534 782 1738 845 venire
1783 781 1993 863 aliqua
2038 782 2272 847 ratione
2321 782 2416 847 vel
2463 800 2650 846 causa
2697 783 2770 846 de
2816 781 2947 846 iure
2995 783 3091 846 vel
3133 783 3208 847 de

495 866 657 931 facto
704 867 818 931 sub
862 885 974 931 sua
1018 887 1089 932 ac
1135 867 1429 932 heredum
1477 871 1540 933 et
1585 888 2005 934 successorum
2040 888 2287 933 suorum
2335 872 2399 934 et
2442 871 2785 934 communis
2816 871 3022 934 Padue
3052 871 3211 935 obli-

493 954 741 1037 gatione
785 974 859 1018 ac
907 954 1201 1019 bonorum
1251 958 1520 1020 omnium
1569 959 1870 1041 ypotheca
1902 958 2222 1022 mobilium
2273 960 2336 1023 et
2379 958 2790 1023 immobilium
2824 959 3205 1041 presentium

495 1047 559 1105 et
601 1043 968 1108 futurorum.
1016 1044 1148 1126 Ego
1197 1045 1510 1108 Bandinus
1578 1046 1742 1110 filius
1798 1046 2023 1129 Angeli
2088 1048 2304 1109 notarii
2360 1047 2435 1109 de
2504 1047 2778 1111 Bandino
2848 1049 2922 1111 de
2972 1047 3206 1125 BraziS,

495 1132 649 1195 civis
696 1132 761 1195 et
804 1132 1115 1196 habitator
1184 1134 1453 1197 civitatis
1524 1133 1733 1198 Padue
1801 1134 1864 1197 in
1933 1134 2246 1218 quarterio
2306 1135 2468 1199 domi
2515 1134 2876 1198 Centenario
2938 1140 3003 1198 et
3064 1154 3206 1199 con-

494 1222 694 1284 tracta
740 1222 951 1284 sancte
997 1221 1203 1297 Lucie,
1247 1220 1551 1303 imperiali
1615 1222 1986 1286 auctoritate
2035 1222 2307 1287 notarius
2368 1225 2431 1286 et
2490 1223 2665 1286 iudex
2726 1222 3071 1287 ordinarius
3133 1242 3222 1288 ac·

496 1307 719 1389 prefati
771 1308 1080 1391 magnifici
1129 1310 1357 1373 domini
1407 1310 1714 1374 Francisci
1763 1313 1836 1375 de
1882 1310 2162 1375 Carraria
2206 1312 2416 1374 Padue
2464 1313 2580 1374 etc.
2631 1312 2850 1389 scriba,
2907 1311 3028 1375 hiis
3074 1329 3203 1375 om-

500 1397 677 1461 nibus
726 1396 997 1474 interfui,
1046 1398 1108 1461 et
1154 1402 1400 1479 rogatus
1446 1399 1558 1462 hec
1604 1399 1808 1463 omnia
1854 1398 2009 1463 bona
2056 1399 2171 1463 fide
2217 1400 2455 1480 scripsi.

704 1485 900 1549 Tenor
945 1488 1278 1547 sindicatus
1309 1491 1630 1548 communis
1654 1491 1880 1551 Padue.
1929 1487 1999 1550 ln
2034 1486 2276 1550 nomine
2310 1487 2537 1551 domini
2573 1488 2760 1552 nostri
2794 1487 2947 1552 Jesu
2972 1485 3206 1552 Christi

493 1591 689 1637 amen.
742 1571 923 1637 Anno
965 1573 1239 1637 eiusdem
1287 1573 1634 1638 nativitatis
1682 1575 2017 1639 millesimo
2062 1576 2492 1639 trecentesimo
2540 1577 2956 1658 octuagesimo
2986 1576 3202 1659 primo,

495 1661 826 1724 indictione
889 1665 1124 1744 quarta,
1188 1662 1285 1725 die
1347 1664 1547 1727 sabati
1611 1664 1906 1746 vigesimo
1969 1664 2195 1727 mensis
2255 1664 2468 1745 aprilis
2526 1666 2666 1745 post
2732 1682 2954 1745 nonam
3024 1681 3207 1746 super

493 1749 627 1812 sala
676 1751 927 1814 maioris
972 1749 1211 1814 consilii
1259 1751 1604 1815 communis
1653 1752 1880 1829 Padue,
1922 1752 2308 1835 presentibus
2355 1751 2624 1834 providis
2694 1753 2845 1816 viris
2891 1771 2992 1816 ser
3038 1751 3206 1815 Mar-

495 1838 635 1900 silio
682 1837 983 1903 Roverino
1030 1838 1265 1903 notario
1307 1840 1606 1921 quondam
1648 1839 1881 1903 domini
1932 1840 2229 1904 Anthonii
2278 1842 2352 1904 de
2383 1841 2696 1904 contracta
2725 1839 3001 1904 omnium
3034 1857 3207 1903 sanc-

497 1928 720 2002 torum,
769 1946 869 1989 ser
911 1926 1213 1990 Jacobino
1260 1927 1388 1990 filio
1434 1947 1532 1990 ser
1576 1926 1736 1991 Ture
1782 1929 1856 1992 de
1899 1930 2209 1992 contracta
2256 1929 2453 1992 sancti
2501 1927 2811 1992 Johannis‘
2852 1946 2888 1991 a
2923 1929 3201 2003 navibus,

493 2033 593 2077 ser
639 2013 952 2079 Anthonio
996 2015 1232 2078 notario
1280 2015 1585 2096 quondam
1638 2016 1871 2080 domini
1919 2016 2163 2079 Alberti
2212 2035 2248 2079 a
2277 2016 2525 2098 Toaglis
2558 2015 2633 2079 de
2663 2017 2979 2081 contracta
3010 2017 3204 2080 sancti

501 2103 799 2178 DanieliS,
847 2122 945 2166 ser
989 2103 1271 2167 Gilberto
1317 2104 1557 2167 notario
1604 2104 1909 2185 quondam
1958 2104 2192 2167 domini
2240 2105 2516 2168 Danielis
2563 2123 2598 2168 a
2644 2105 2897 2168 statutis
2949 2106 3023 2168 de
3069 2123 3209 2168 con-

497 2192 698 2254 tracta
743 2191 940 2255 sancti
985 2190 1470 2255 Bartholommei
1518 2194 1581 2255 et
1636 2194 1912 2274 sapiente
1957 2192 2088 2256 viro
2140 2192 2386 2256 domino
2448 2193 2775 2256 Francisco
2832 2193 2910 2257 de
2973 2190 3205 2275 Raynis

495 2280 800 2360 quondam
852 2279 1136 2361 magistri
1180 2280 1479 2345 Johannis
1529 2282 1603 2343 de
1648 2282 1964 2345 contracta
2029 2282 2228 2344 sancti
2291 2282 2553 2359 Andree,
2616 2281 2902 2344 omnibus
2965 2280 3203 2344 civibus

503 2368 747 2430 l'atavis
793 2370 872 2432 ad
916 2370 1025 2431 hec
1069 2367 1421 2450 specialiter
1471 2369 1718 2445 vocatis,
1783 2367 2013 2433 habitis
2060 2371 2124 2431 et
2169 2369 2418 2451 rogatis,
2468 2371 2531 2431 et
2576 2367 2736 2433 aliia.
2795 2370 2867 2432 In
2912 2368 3092 2450 pleno
3139 2370 3201 2430 et

495 2455 768 2536 generali
816 2457 1071 2520 consilio
1113 2458 1454 2520 communis
1515 2459 1578 2519 et
1637 2457 1952 2522 hominum
2010 2457 2285 2521 civitatis
2350 2456 2557 2521 Padue
2618 2458 2691 2521 ad
2756 2474 2973 2520 sonum
3037 2474 3204 2520 cam-

498 2562 646 2621 pane
693 2561 837 2608 voce
884 2543 1168 2626 preconia
1211 2564 1378 2609 more
1425 2551 1488 2607 et
1531 2544 1662 2609 loco
1709 2544 1910 2609 solitis
1958 2544 2021 2608 in
2055 2564 2241 2608 unum
2273 2546 2660 2628 congregato,
2710 2545 2771 2608 in
2803 2562 2923 2628 quo
2956 2543 3203 2627 quidem

494 2630 744 2696 consilio
815 2630 1255 2698 interfuerunt:
1319 2634 1606 2716 egregius
1669 2635 1733 2697 et
1790 2633 2145 2716 spectabilis
2205 2633 2386 2697 miles
2454 2634 2736 2698 dominus
2779 2632 3072 2699 Bizardus
3134 2632 3208 2697 de

498 2723 708 2784 sancto
756 2720 1063 2785 Bonifatio
1112 2740 1317 2786 comes
1366 2722 1621 2795 Verone,
1671 2720 1944 2787 civitatis
1978 2721 2183 2787 Padne
2215 2721 2593 2787 honorabilis
2630 2723 2919 2803 potestaS,
2968 2721 3210 2803 sapiens

495 2809 561 2871 et
604 2808 979 2873 honorabilis
1023 2810 1115 2873 vir
1160 2809 1443 2874 dominus
1490 2809 1942 2893 Machagninus
1984 2811 2055 2875 de
2095 2810 2370 2891 Grumpo
2416 2811 2489 2874 de
2538 2809 2748 2874 Padua
2807 2811 3019 2891 legum
3065 2808 3210 2873 doc-

501 2899 650 2973 tore,
697 2896 879 2960 iudex
926 2897 1311 2963 dominorum
1361 2898 1777 2962 Ancianorum
1826 2898 2099 2962 civitatis
2147 2898 2357 2962 Padue
2398 2917 2471 2963 ac
2503 2897 2654 2962 iuris
2686 2897 3018 2974 sufficiens,
3067 2916 3208 2962 con-

501 2983 900 3063 siliariorum,
949 2986 1365 3063 ancianorum,
1415 2986 1868 3069 gastaldionum
1919 2986 2319 3051 fratalearum
2365 2985 2529 3050 dicte
2554 2986 2825 3050 civitatis
2859 2986 3065 3050 Padue
3113 3003 3208 3049 se—

497 3073 762 3137 cundum
812 3093 1046 3139 morem
1081 3078 1141 3137 et
1178 3075 1365 3140 ritum
1416 3075 1609 3156 ipsius
1655 3073 1928 3138 civitatis
1972 3074 2199 3151 Padue,
2248 3074 2362 3157 ipsi
2412 3072 2643 3139 domini
2689 3075 2979 3156 potestaS,
3029 3074 3206 3137 iudex

496 3160 916 3238 ancianorum,
979 3163 1252 3240 anciani,
1325 3163 1744 3245 gastaldiones
1818 3165 1881 3224 et
1941 3161 2272 3227 consiliarii
2336 3161 2500 3226 dicte
2559 3161 2831 3226 civitatis
2875 3163 3078 3226 Padue
3142 3163 3207 3224 et

496 3250 840 3313 communis
889 3250 1098 3315 Padue
1146 3249 1519 3315 unanimiter
1564 3252 1628 3314 et
1669 3252 2054 3315 concorditer
2102 3248 2342 3314 nemine
2389 3250 2792 3333 discrepante,
2841 3252 2971 3332 ipse
3004 3249 3209 3312 silicet

497 3337 778 3402 dominus
823 3340 1095 3418 potestas
1135 3358 1254 3401 una
1300 3357 1436 3401 cum
1485 3337 1613 3420 ipso
1653 3339 1895 3402 domino
1941 3338 2140 3402 iudice
2171 3338 2586 3415 ancianorum,
2634 3338 2929 3414 ancianiS,
2977 3338 3208 3420 gastal-

496 3425 780 3489 dionibus
825 3430 886 3487 et
932 3426 1298 3490 consiliariis
1345 3429 1410 3490 et
1452 3425 1615 3490 idem
1664 3426 1945 3490 dominus
1993 3427 2171 3491 iudex
2207 3426 2622 3503 ancianorum,
2671 3426 2928 3504 anniani,
2975 3425 3210 3509 gastal-

495 3514 703 3576 dioues
751 3515 814 3576 et
860 3515 1200 3580 consiliarii
1247 3533 1369 3578 una
1413 3534 1554 3578 cum
1604 3516 1735 3595 ipso
1779 3514 2026 3579 domino
2074 3516 2377 3596 potestate
2410 3518 2608 3579 totum
2645 3534 2968 3579 commune
3001 3512 3210 3579 Padue

497 3603 917 3682 presentantes
961 3602 1128 3667 omni
1176 3601 1371 3679 modo,
1419 3603 1570 3680 iure,
1621 3605 1720 3666 via
1745 3606 1807 3666 et
1838 3604 2051 3680 forma,
2101 3604 2323 3685 quibus
2371 3602 2595 3667 melius
2640 3606 2703 3668 et
2749 3602 3058 3667 efficacius
3104 3620 3209 3684 po-

499 3691 752 3753 tuerunt
795 3693 858 3753 et
907 3693 1178 3773 possunt,
1230 3709 1339 3773 pro
1386 3710 1451 3755 se
1498 3694 1562 3755 et
1607 3691 2063 3756 successoribus
2109 3693 2237 3755 suis
2298 3710 2371 3755 ac
2434 3693 2677 3755 nomine
2729 3693 2792 3754 et
2851 3691 2980 3754 vice
3040 3708 3209 3755 com-

497 3777 700 3841 munis
747 3778 953 3844 Padue
1016 3779 1310 3858 fecerunt,
1375 3781 1844 3857 constituerunt,
1910 3781 2271 3844 creaverunt
2329 3782 2392 3844 et
2452 3779 2890 3845 ordinaverunt
2949 3778 3212 3842 honora-

495 3866 684 3930 bilem
735 3867 799 3930 et
843 3867 1158 3951 egregium
1209 3869 1416 3948 legum
1464 3870 1769 3933 doctorem
1836 3868 2150 3932 dominum
2208 3866 2511 3933 ‚Iacobum
2556 3868 2946 3950 ‘Turchetum
3016 3881 3204 3949 quon—

496 3956 636 4019 dam
684 3953 915 4020 domini
964 3955 1216 4020 Antonii
1264 3955 1559 4020 Turcheti
1607 3956 1804 4021 civem
1850 3956 2059 4020 Padue
2103 3956 2424 4020 absentem
2475 3959 2787 4039 tamquam
2860 3958 3206 4037 presentem

495 4062 674 4107 suum
723 4048 785 4108 et
828 4043 980 4108 dicti
1022 4044 1363 4109 communis
1410 4045 1617 4108 Padue
1660 4048 1897 4108 certum
1943 4043 2254 4122 nuncium,
2325 4046 2614 4120 actorem,
2678 4042 2963 4121 missum,
3025 4059 3207 4126 nego-

497 4133 725 4195 tiorum
795 4135 1102 4215 gestorem
1172 4135 1236 4197 et
1302 4132 1653 4217 legitimum
1720 4135 1784 4196 et
1840 4132 2105 4215 speciale
2165 4133 2467 4197 sindicum
2528 4135 2592 4196 et
2642 4133 3093 4215 procuratorem
3144 4133 3209 4193 et

496 4219 785 4302 quicquid
834 4221 1051 4304 magis,
1100 4220 1366 4304 amplius
1412 4223 1597 4304 atque
1643 4220 1863 4285 melius
1911 4221 2161 4298 censeri,
2209 4219 2330 4285 dici
2377 4222 2441 4284 et
2482 4239 2618 4284 esse
2658 4221 2860 4302 potest
2916 4219 2979 4283 in
3012 4219 3208 4283 omni-

498 4308 610 4371 bus
656 4327 867 4372 eorum
912 4310 1132 4387 causis,
1183 4309 1421 4389 litibus,
1470 4309 1877 4374 controversis
1926 4310 1988 4372 et
2032 4307 2296 4391 guerelis
2333 4307 2620 4372 civilibus
2666 4309 2729 4373 et
2773 4307 3205 4372 criminalibus

497 4396 881 4476 presentibus
927 4401 991 4461 et
1036 4397 1279 4474 suturiS,
1345 4397 1692 4480 specialiter
1729 4396 1806 4462 ad
1870 4397 2276 4475 tractandum,
2330 4397 2687 4475 ineundum,
2748 4396 3202 4479 complendum,

498 4483 860 4562 faciendum,
909 4485 1296 4563 firmandum,
1344 4485 1762 4550 ultimaudum
1810 4486 1875 4550 et
1918 4485 2398 4550 concludendum
2445 4485 2686 4549 nomine
2731 4483 2882 4549 dicti
2929 4501 3207 4549 commu-

499 4571 592 4634 nis
640 4571 848 4636 Padue
889 4571 1135 4652 bonam,
1185 4592 1413 4647 veram,
1460 4592 1695 4656 puram,
1756 4574 2081 4652 sinceram,
2142 4573 2522 4655 perpetuam,
2588 4571 2851 4637 solidam
2912 4575 2977 4637 et
3037 4573 3205 4637 tran-

499 4657 755 4741 quillam
805 4677 1039 4741 pacem,
1088 4661 1561 4726 unanimitatem
1607 4664 1672 4726 et
1712 4662 2100 4726 concordiam
2147 4679 2285 4725 cum
2333 4661 2570 4725 illustri
2618 4662 2680 4725 et
2730 4661 3057 4744 magnifico
3101 4662 3204 4723 do-

503 4746 671 4809 mino
719 4747 963 4811 domino
1010 4748 1258 4814 Andrea
1304 4747 1646 4814 Contareno
1690 4749 1789 4814 dei
1836 4751 2059 4833 gratia,
2107 4749 2257 4814 duce
2306 4749 2707 4815 venetiarum
2767 4752 2885 4815 etc.
2948 4749 3013 4813 et
3069 4765 3207 4813 cum
