<?xml version="1.0" encoding="UTF-8"?>
<!DOCTYPE html PUBLIC "-//W3C//DTD XHTML 1.0 Transitional//EN"
    "http://www.w3.org/TR/xhtml1/DTD/xhtml1-transitional.dtd">
<html xmlns="http://www.w3.org/1999/xhtml" xml:lang="en" lang="en">
 <head>
  <title>
</title>
<meta http-equiv="Content-Type" content="text/html;charset=utf-8" />
  <meta name='ocr-system' content='tesseract 3.04.00' />
  <meta name='ocr-capabilities' content='ocr_page ocr_carea ocr_par ocr_line ocrx_word'/>
</head>
<body>
  <div class='ocr_page' id='page_1' title='image "./monumentaspecta02umjegoog_0329.png"; bbox 0 0 3620 5282; ppageno 0'>
   <div class='ocr_carea' id='block_1_1' title="bbox 3060 362 3189 466">
    <p class='ocr_par' dir='ltr' id='par_1_1' title="bbox 3060 362 3189 466">
     <span class='ocr_line' id='line_1_1' title="bbox 3060 362 3189 466; baseline -0.023 -38"><span class='ocrx_word' id='word_1_1' title='bbox 3060 362 3189 466; x_wconf 63' lang='grc'>277</span> 
     </span>
    </p>
   </div>
   <div class='ocr_carea' id='block_1_2' title="bbox 461 536 3193 2096">
    <p class='ocr_par' dir='ltr' id='par_1_2' title="bbox 461 536 3193 1758">
     <span class='ocr_line' id='line_1_2' title="bbox 462 536 3185 621; baseline 0 -20"><span class='ocrx_word' id='word_1_2' title='bbox 462 555 567 601; x_wconf 87' lang='lat' dir='ltr'>sus</span> <span class='ocrx_word' id='word_1_3' title='bbox 615 537 926 601; x_wconf 86' lang='lat' dir='ltr'>extraneis</span> <span class='ocrx_word' id='word_1_4' title='bbox 978 536 1160 601; x_wconf 89' lang='lat' dir='ltr'>dictis</span> <span class='ocrx_word' id='word_1_5' title='bbox 1208 536 1476 621; x_wconf 85' lang='lat' dir='ltr'>syndicis</span> <span class='ocrx_word' id='word_1_6' title='bbox 1524 540 1587 602; x_wconf 92' lang='lat' dir='ltr'>et</span> <span class='ocrx_word' id='word_1_7' title='bbox 1632 538 2125 621; x_wconf 78' lang='lat' dir='ltr'>procuratoribus</span> <span class='ocrx_word' id='word_1_8' title='bbox 2188 538 2575 603; x_wconf 86' lang='lat' dir='ltr'>videbuntur.</span> <span class='ocrx_word' id='word_1_9' title='bbox 2648 539 2880 604; x_wconf 88' lang='lat' dir='ltr'>Dantes</span> <span class='ocrx_word' id='word_1_10' title='bbox 2929 541 2992 602; x_wconf 90' lang='lat' dir='ltr'>et</span> <span class='ocrx_word' id='word_1_11' title='bbox 3038 555 3185 603; x_wconf 90' lang='lat' dir='ltr'>con-</span> 
     </span>
     <span class='ocr_line' id='line_1_3' title="bbox 467 623 3189 708; baseline 0 -20"><span class='ocrx_word' id='word_1_12' title='bbox 467 623 754 688; x_wconf 80' lang='lat' dir='ltr'>cedentes</span> <span class='ocrx_word' id='word_1_13' title='bbox 803 625 891 688; x_wconf 89' lang='lat' dir='ltr'>eis</span> <span class='ocrx_word' id='word_1_14' title='bbox 933 624 1206 707; x_wconf 87' lang='lat' dir='ltr'>plenum,</span> <span class='ocrx_word' id='word_1_15' title='bbox 1269 624 1533 688; x_wconf 90' lang='lat' dir='ltr'>liberum</span> <span class='ocrx_word' id='word_1_16' title='bbox 1583 628 1648 689; x_wconf 90' lang='lat' dir='ltr'>et</span> <span class='ocrx_word' id='word_1_17' title='bbox 1690 626 1974 708; x_wconf 88' lang='lat' dir='ltr'>generale</span> <span class='ocrx_word' id='word_1_18' title='bbox 2040 626 2401 691; x_wconf 90' lang='lat' dir='ltr'>mandatum</span> <span class='ocrx_word' id='word_1_19' title='bbox 2451 627 2514 691; x_wconf 91' lang='lat' dir='ltr'>et</span> <span class='ocrx_word' id='word_1_20' title='bbox 2560 625 2862 708; x_wconf 84' lang='lat' dir='ltr'>speciale,</span> <span class='ocrx_word' id='word_1_21' title='bbox 2914 626 3017 689; x_wconf 92' lang='lat' dir='ltr'>ubi</span> <span class='ocrx_word' id='word_1_22' title='bbox 3067 624 3189 689; x_wconf 84' lang='lat' dir='ltr'>exi-</span> 
     </span>
     <span class='ocr_line' id='line_1_4' title="bbox 463 711 3184 795; baseline -0 -20"><span class='ocrx_word' id='word_1_23' title='bbox 463 711 657 795; x_wconf 88' lang='lat' dir='ltr'>gitur,</span> <span class='ocrx_word' id='word_1_24' title='bbox 704 730 845 776; x_wconf 90' lang='lat' dir='ltr'>cum</span> <span class='ocrx_word' id='word_1_25' title='bbox 893 712 1098 795; x_wconf 88' lang='lat' dir='ltr'>plena,</span> <span class='ocrx_word' id='word_1_26' title='bbox 1148 712 1344 776; x_wconf 89' lang='lat' dir='ltr'>libera</span> <span class='ocrx_word' id='word_1_27' title='bbox 1393 713 1456 776; x_wconf 90' lang='lat' dir='ltr'>et</span> <span class='ocrx_word' id='word_1_28' title='bbox 1510 713 1784 795; x_wconf 89' lang='lat' dir='ltr'>generali</span> <span class='ocrx_word' id='word_1_29' title='bbox 1847 713 2380 778; x_wconf 74' lang='lat' dir='ltr'>administratione</span> <span class='ocrx_word' id='word_1_30' title='bbox 2429 716 2493 778; x_wconf 88' lang='lat' dir='ltr'>et</span> <span class='ocrx_word' id='word_1_31' title='bbox 2539 715 2852 795; x_wconf 75' lang='lat' dir='ltr'>potestate</span> <span class='ocrx_word' id='word_1_32' title='bbox 2900 711 3184 788; x_wconf 89' lang='lat' dir='ltr'>faciendi,</span> 
     </span>
     <span class='ocr_line' id='line_1_5' title="bbox 461 797 3189 884; baseline -0 -21"><span class='ocrx_word' id='word_1_33' title='bbox 461 799 749 863; x_wconf 87' lang='lat' dir='ltr'>firmandi</span> <span class='ocrx_word' id='word_1_34' title='bbox 798 800 863 864; x_wconf 91' lang='lat' dir='ltr'>et</span> <span class='ocrx_word' id='word_1_35' title='bbox 909 797 1258 881; x_wconf 89' lang='lat' dir='ltr'>complendi</span> <span class='ocrx_word' id='word_1_36' title='bbox 1309 799 1372 862; x_wconf 90' lang='lat' dir='ltr'>in</span> <span class='ocrx_word' id='word_1_37' title='bbox 1413 800 1706 881; x_wconf 82' lang='lat' dir='ltr'>predictis</span> <span class='ocrx_word' id='word_1_38' title='bbox 1755 801 1820 864; x_wconf 87' lang='lat' dir='ltr'>et</span> <span class='ocrx_word' id='word_1_39' title='bbox 1864 801 2027 865; x_wconf 89' lang='lat' dir='ltr'>circa</span> <span class='ocrx_word' id='word_1_40' title='bbox 2083 801 2358 884; x_wconf 87' lang='lat' dir='ltr'>predicta</span> <span class='ocrx_word' id='word_1_41' title='bbox 2403 800 2694 884; x_wconf 90' lang='lat' dir='ltr'>quicquid</span> <span class='ocrx_word' id='word_1_42' title='bbox 2742 800 2830 864; x_wconf 90' lang='lat' dir='ltr'>eis</span> <span class='ocrx_word' id='word_1_43' title='bbox 2880 799 3189 864; x_wconf 86' lang='lat' dir='ltr'>videbitur</span> 
     </span>
     <span class='ocr_line' id='line_1_6' title="bbox 468 884 3186 971; baseline 0 -21"><span class='ocrx_word' id='word_1_44' title='bbox 468 888 532 950; x_wconf 85' lang='lat' dir='ltr'>et</span> <span class='ocrx_word' id='word_1_45' title='bbox 575 884 870 968; x_wconf 84' lang='lat' dir='ltr'>placebit,</span> <span class='ocrx_word' id='word_1_46' title='bbox 920 905 989 951; x_wconf 88' lang='lat' dir='ltr'>ac</span> <span class='ocrx_word' id='word_1_47' title='bbox 1036 887 1086 950; x_wconf 89' lang='lat' dir='ltr'>si</span> <span class='ocrx_word' id='word_1_48' title='bbox 1136 885 1211 950; x_wconf 90' lang='lat' dir='ltr'>de</span> <span class='ocrx_word' id='word_1_49' title='bbox 1259 887 1348 951; x_wconf 90' lang='lat' dir='ltr'>eis</span> <span class='ocrx_word' id='word_1_50' title='bbox 1398 888 1458 949; x_wconf 93' lang='lat' dir='ltr'>in</span> <span class='ocrx_word' id='word_1_51' title='bbox 1509 889 1778 969; x_wconf 86' lang='lat' dir='ltr'>presenti</span> <span class='ocrx_word' id='word_1_52' title='bbox 1829 887 2146 971; x_wconf 87' lang='lat' dir='ltr'>syndicatu</span> <span class='ocrx_word' id='word_1_53' title='bbox 2182 887 2342 953; x_wconf 89' lang='lat' dir='ltr'>foret</span> <span class='ocrx_word' id='word_1_54' title='bbox 2388 890 2546 953; x_wconf 86' lang='lat' dir='ltr'>facta</span> <span class='ocrx_word' id='word_1_55' title='bbox 2596 888 2827 951; x_wconf 90' lang='lat' dir='ltr'>mentio</span> <span class='ocrx_word' id='word_1_56' title='bbox 2877 887 3186 969; x_wconf 83' lang='lat' dir='ltr'>specialiS,</span> 
     </span>
     <span class='ocr_line' id='line_1_7' title="bbox 473 974 3189 1058; baseline 0 -21"><span class='ocrx_word' id='word_1_57' title='bbox 473 992 580 1038; x_wconf 90' lang='lat' dir='ltr'>nec</span> <span class='ocrx_word' id='word_1_58' title='bbox 632 991 750 1038; x_wconf 93' lang='lat' dir='ltr'>non</span> <span class='ocrx_word' id='word_1_59' title='bbox 798 974 1231 1056; x_wconf 86' lang='lat' dir='ltr'>promittentes</span> <span class='ocrx_word' id='word_1_60' title='bbox 1263 974 1405 1038; x_wconf 92' lang='lat' dir='ltr'>hinc</span> <span class='ocrx_word' id='word_1_61' title='bbox 1440 976 1647 1038; x_wconf 91' lang='lat' dir='ltr'>tenere</span> <span class='ocrx_word' id='word_1_62' title='bbox 1695 978 1757 1039; x_wconf 88' lang='lat' dir='ltr'>et</span> <span class='ocrx_word' id='word_1_63' title='bbox 1803 975 2242 1040; x_wconf 89' lang='lat' dir='ltr'>inviolabiliter</span> <span class='ocrx_word' id='word_1_64' title='bbox 2273 976 2593 1040; x_wconf 89' lang='lat' dir='ltr'>observare</span> <span class='ocrx_word' id='word_1_65' title='bbox 2627 982 3007 1058; x_wconf 87' lang='lat' dir='ltr'>quecumque</span> <span class='ocrx_word' id='word_1_66' title='bbox 3040 974 3189 1038; x_wconf 84' lang='lat' dir='ltr'>dicti</span> 
     </span>
     <span class='ocr_line' id='line_1_8' title="bbox 473 1061 3192 1148; baseline 0.001 -25"><span class='ocrx_word' id='word_1_67' title='bbox 473 1079 683 1124; x_wconf 90' lang='lat' dir='ltr'>eorum</span> <span class='ocrx_word' id='word_1_68' title='bbox 732 1061 970 1145; x_wconf 83' lang='lat' dir='ltr'>syndici</span> <span class='ocrx_word' id='word_1_69' title='bbox 1018 1063 1081 1125; x_wconf 88' lang='lat' dir='ltr'>et</span> <span class='ocrx_word' id='word_1_70' title='bbox 1127 1064 1549 1144; x_wconf 86' lang='lat' dir='ltr'>procuratores</span> <span class='ocrx_word' id='word_1_71' title='bbox 1615 1062 1919 1127; x_wconf 86' lang='lat' dir='ltr'>firmanda</span> <span class='ocrx_word' id='word_1_72' title='bbox 1980 1065 2041 1127; x_wconf 77' lang='lat' dir='ltr'>et</span> <span class='ocrx_word' id='word_1_73' title='bbox 2103 1063 2519 1146; x_wconf 87' lang='lat' dir='ltr'>promittenda</span> <span class='ocrx_word' id='word_1_74' title='bbox 2566 1063 2881 1148; x_wconf 82' lang='lat' dir='ltr'>duxerint,</span> <span class='ocrx_word' id='word_1_75' title='bbox 2952 1067 3014 1126; x_wconf 87' lang='lat' dir='ltr'>et</span> <span class='ocrx_word' id='word_1_76' title='bbox 3072 1079 3192 1125; x_wconf 92' lang='lat' dir='ltr'>non</span> 
     </span>
     <span class='ocr_line' id='line_1_9' title="bbox 463 1147 3193 1232; baseline 0 -20"><span class='ocrx_word' id='word_1_77' title='bbox 463 1147 877 1214; x_wconf 87' lang='lat' dir='ltr'>contrafacere</span> <span class='ocrx_word' id='word_1_78' title='bbox 927 1149 1024 1213; x_wconf 85' lang='lat' dir='ltr'>vel</span> <span class='ocrx_word' id='word_1_79' title='bbox 1071 1151 1285 1213; x_wconf 86' lang='lat' dir='ltr'>venire</span> <span class='ocrx_word' id='word_1_80' title='bbox 1334 1149 1449 1212; x_wconf 90' lang='lat' dir='ltr'>sub</span> <span class='ocrx_word' id='word_1_81' title='bbox 1497 1149 1874 1232; x_wconf 81' lang='lat' dir='ltr'>obligatione</span> <span class='ocrx_word' id='word_1_82' title='bbox 1919 1152 2192 1215; x_wconf 90' lang='lat' dir='ltr'>omnium</span> <span class='ocrx_word' id='word_1_83' title='bbox 2259 1151 2552 1215; x_wconf 88' lang='lat' dir='ltr'>bonorum</span> <span class='ocrx_word' id='word_1_84' title='bbox 2603 1149 2950 1214; x_wconf 91' lang='lat' dir='ltr'>communis</span> <span class='ocrx_word' id='word_1_85' title='bbox 2996 1150 3193 1212; x_wconf 89' lang='lat' dir='ltr'>Vene-</span> 
     </span>
     <span class='ocr_line' id='line_1_10' title="bbox 461 1236 3186 1320; baseline 0 -21"><span class='ocrx_word' id='word_1_86' title='bbox 461 1238 717 1299; x_wconf 88' lang='lat' dir='ltr'>ciarum.</span> <span class='ocrx_word' id='word_1_87' title='bbox 767 1237 837 1300; x_wconf 86' lang='lat' dir='ltr'>In</span> <span class='ocrx_word' id='word_1_88' title='bbox 885 1254 1145 1319; x_wconf 90' lang='lat' dir='ltr'>quorum</span> <span class='ocrx_word' id='word_1_89' title='bbox 1192 1236 1382 1300; x_wconf 86' lang='lat' dir='ltr'>fidem</span> <span class='ocrx_word' id='word_1_90' title='bbox 1434 1239 1498 1300; x_wconf 90' lang='lat' dir='ltr'>et</span> <span class='ocrx_word' id='word_1_91' title='bbox 1555 1237 1930 1302; x_wconf 87' lang='lat' dir='ltr'>evidenciam</span> <span class='ocrx_word' id='word_1_92' title='bbox 1987 1238 2324 1320; x_wconf 87' lang='lat' dir='ltr'>pleniorem</span> <span class='ocrx_word' id='word_1_93' title='bbox 2390 1237 2665 1320; x_wconf 89' lang='lat' dir='ltr'>prefatus</span> <span class='ocrx_word' id='word_1_94' title='bbox 2714 1238 3000 1301; x_wconf 92' lang='lat' dir='ltr'>dominus</span> <span class='ocrx_word' id='word_1_95' title='bbox 3064 1236 3186 1301; x_wconf 82' lang='lat' dir='ltr'>dux</span> 
     </span>
     <span class='ocr_line' id='line_1_11' title="bbox 467 1322 3185 1409; baseline 0.001 -23"><span class='ocrx_word' id='word_1_96' title='bbox 467 1322 786 1387; x_wconf 85' lang='lat' dir='ltr'>mandavit</span> <span class='ocrx_word' id='word_1_97' title='bbox 851 1343 1100 1405; x_wconf 85' lang='lat' dir='ltr'>presens</span> <span class='ocrx_word' id='word_1_98' title='bbox 1165 1325 1873 1400; x_wconf 82' lang='lat' dir='ltr'>instrumentumfieri,</span> <span class='ocrx_word' id='word_1_99' title='bbox 1946 1344 2173 1409; x_wconf 88' lang='lat' dir='ltr'>suaque</span> <span class='ocrx_word' id='word_1_100' title='bbox 2220 1325 2392 1390; x_wconf 89' lang='lat' dir='ltr'>bulla</span> <span class='ocrx_word' id='word_1_101' title='bbox 2456 1326 2745 1407; x_wconf 85' lang='lat' dir='ltr'>plumbea</span> <span class='ocrx_word' id='word_1_102' title='bbox 2793 1324 3185 1389; x_wconf 91' lang='lat' dir='ltr'>communiri.</span> 
     </span>
     <span class='ocr_line' id='line_1_12' title="bbox 467 1410 3186 1495; baseline 0 -21"><span class='ocrx_word' id='word_1_103' title='bbox 467 1411 697 1474; x_wconf 86' lang='lat' dir='ltr'>Actum</span> <span class='ocrx_word' id='word_1_104' title='bbox 745 1411 812 1474; x_wconf 94' lang='lat' dir='ltr'>in</span> <span class='ocrx_word' id='word_1_105' title='bbox 858 1410 1062 1476; x_wconf 89' lang='lat' dir='ltr'>ducali</span> <span class='ocrx_word' id='word_1_106' title='bbox 1110 1411 1348 1494; x_wconf 88' lang='lat' dir='ltr'>palacio</span> <span class='ocrx_word' id='word_1_107' title='bbox 1394 1411 1801 1476; x_wconf 76' lang='lat' dir='ltr'>veneciarum</span> <span class='ocrx_word' id='word_1_108' title='bbox 1848 1414 1910 1476; x_wconf 89' lang='lat' dir='ltr'>in</span> <span class='ocrx_word' id='word_1_109' title='bbox 1972 1412 2104 1477; x_wconf 90' lang='lat' dir='ltr'>sala</span> <span class='ocrx_word' id='word_1_110' title='bbox 2153 1413 2402 1479; x_wconf 90' lang='lat' dir='ltr'>maioris</span> <span class='ocrx_word' id='word_1_111' title='bbox 2451 1412 2724 1490; x_wconf 82' lang='lat' dir='ltr'>consilii,</span> <span class='ocrx_word' id='word_1_112' title='bbox 2794 1411 3186 1495; x_wconf 82' lang='lat' dir='ltr'>presentibus</span> 
     </span>
     <span class='ocr_line' id='line_1_13' title="bbox 464 1498 3186 1584; baseline -0 -23"><span class='ocrx_word' id='word_1_113' title='bbox 464 1498 740 1579; x_wconf 87' lang='lat' dir='ltr'>sapiente</span> <span class='ocrx_word' id='word_1_114' title='bbox 783 1498 911 1562; x_wconf 91' lang='lat' dir='ltr'>viro</span> <span class='ocrx_word' id='word_1_115' title='bbox 960 1500 1204 1563; x_wconf 91' lang='lat' dir='ltr'>domino</span> <span class='ocrx_word' id='word_1_116' title='bbox 1252 1499 1626 1563; x_wconf 87' lang='lat' dir='ltr'>Bonintendi</span> <span class='ocrx_word' id='word_1_117' title='bbox 1674 1500 1746 1563; x_wconf 90' lang='lat' dir='ltr'>de</span> <span class='ocrx_word' id='word_1_118' title='bbox 1789 1500 2187 1584; x_wconf 86' lang='lat' dir='ltr'>Ravagnanis</span> <span class='ocrx_word' id='word_1_119' title='bbox 2252 1501 2510 1565; x_wconf 85' lang='lat' dir='ltr'>ducatus</span> <span class='ocrx_word' id='word_1_120' title='bbox 2574 1498 2986 1564; x_wconf 84' lang='lat' dir='ltr'>Veneciarum</span> <span class='ocrx_word' id='word_1_121' title='bbox 3036 1517 3186 1564; x_wconf 89' lang='lat' dir='ltr'>can-</span> 
     </span>
     <span class='ocr_line' id='line_1_14' title="bbox 464 1585 3189 1671; baseline 0.001 -23"><span class='ocrx_word' id='word_1_122' title='bbox 464 1585 736 1664; x_wconf 90' lang='lat' dir='ltr'>cellario,</span> <span class='ocrx_word' id='word_1_123' title='bbox 786 1604 857 1650; x_wconf 93' lang='lat' dir='ltr'>ac</span> <span class='ocrx_word' id='word_1_124' title='bbox 906 1586 1175 1668; x_wconf 86' lang='lat' dir='ltr'>providis</span> <span class='ocrx_word' id='word_1_125' title='bbox 1223 1586 1371 1650; x_wconf 85' lang='lat' dir='ltr'>viris</span> <span class='ocrx_word' id='word_1_126' title='bbox 1418 1586 1697 1650; x_wconf 91' lang='lat' dir='ltr'>Amadeo</span> <span class='ocrx_word' id='word_1_127' title='bbox 1745 1586 1820 1650; x_wconf 92' lang='lat' dir='ltr'>de</span> <span class='ocrx_word' id='word_1_128' title='bbox 1852 1588 2331 1671; x_wconf 90' lang='lat' dir='ltr'>Bonguadagnis</span> <span class='ocrx_word' id='word_1_129' title='bbox 2381 1590 2445 1652; x_wconf 92' lang='lat' dir='ltr'>et</span> <span class='ocrx_word' id='word_1_130' title='bbox 2489 1586 2799 1670; x_wconf 88' lang='lat' dir='ltr'>Stephano</span> <span class='ocrx_word' id='word_1_131' title='bbox 2832 1586 3010 1652; x_wconf 82' lang='lat' dir='ltr'>Ciera</span> <span class='ocrx_word' id='word_1_132' title='bbox 3040 1587 3189 1651; x_wconf 89' lang='lat' dir='ltr'>dicti</span> 
     </span>
     <span class='ocr_line' id='line_1_15' title="bbox 463 1673 2681 1758; baseline 0.001 -22"><span class='ocrx_word' id='word_1_133' title='bbox 463 1673 723 1737; x_wconf 87' lang='lat' dir='ltr'>ducatus</span> <span class='ocrx_word' id='word_1_134' title='bbox 771 1674 1049 1753; x_wconf 79' lang='lat' dir='ltr'>notariiS,</span> <span class='ocrx_word' id='word_1_135' title='bbox 1100 1673 1369 1738; x_wconf 87' lang='lat' dir='ltr'>testibus</span> <span class='ocrx_word' id='word_1_136' title='bbox 1416 1673 1498 1737; x_wconf 90' lang='lat' dir='ltr'>ad</span> <span class='ocrx_word' id='word_1_137' title='bbox 1545 1674 1660 1737; x_wconf 88' lang='lat' dir='ltr'>hoc</span> <span class='ocrx_word' id='word_1_138' title='bbox 1707 1677 1943 1739; x_wconf 86' lang='lat' dir='ltr'>vocatis</span> <span class='ocrx_word' id='word_1_139' title='bbox 1991 1676 2055 1740; x_wconf 92' lang='lat' dir='ltr'>et</span> <span class='ocrx_word' id='word_1_140' title='bbox 2100 1675 2355 1758; x_wconf 78' lang='lat' dir='ltr'>rogatiS,</span> <span class='ocrx_word' id='word_1_141' title='bbox 2406 1677 2471 1739; x_wconf 88' lang='lat' dir='ltr'>et</span> <span class='ocrx_word' id='word_1_142' title='bbox 2516 1674 2681 1739; x_wconf 83' lang='lat' dir='ltr'>aliis.</span> 
     </span>
    </p>

    <p class='ocr_par' dir='ltr' id='par_1_3' title="bbox 462 1760 3187 2019">
     <span class='ocr_line' id='line_1_16' title="bbox 678 1760 3185 1846; baseline 0.002 -24"><span class='ocrx_word' id='word_1_143' title='bbox 678 1760 746 1823; x_wconf 91' lang='lat' dir='ltr'>L.</span> <span class='ocrx_word' id='word_1_144' title='bbox 795 1760 855 1826; x_wconf 87' lang='lat' dir='ltr'>S.</span> <span class='ocrx_word' id='word_1_145' title='bbox 903 1761 1034 1844; x_wconf 86' lang='lat' dir='ltr'>Ego</span> <span class='ocrx_word' id='word_1_146' title='bbox 1080 1760 1376 1826; x_wconf 89' lang='lat' dir='ltr'>Nicolaus</span> <span class='ocrx_word' id='word_1_147' title='bbox 1423 1760 1499 1824; x_wconf 92' lang='lat' dir='ltr'>de</span> <span class='ocrx_word' id='word_1_148' title='bbox 1545 1761 1858 1826; x_wconf 88' lang='lat' dir='ltr'>Pharizeis</span> <span class='ocrx_word' id='word_1_149' title='bbox 1906 1764 1979 1826; x_wconf 89' lang='lat' dir='ltr'>de</span> <span class='ocrx_word' id='word_1_150' title='bbox 2021 1763 2249 1828; x_wconf 87' lang='lat' dir='ltr'>Parma</span> <span class='ocrx_word' id='word_1_151' title='bbox 2293 1762 2582 1846; x_wconf 89' lang='lat' dir='ltr'>publicus</span> <span class='ocrx_word' id='word_1_152' title='bbox 2614 1762 2922 1844; x_wconf 89' lang='lat' dir='ltr'>imperiali</span> <span class='ocrx_word' id='word_1_153' title='bbox 2970 1763 3185 1826; x_wconf 89' lang='lat' dir='ltr'>aucto-</span> 
     </span>
     <span class='ocr_line' id='line_1_17' title="bbox 464 1847 3187 1932; baseline 0.001 -22"><span class='ocrx_word' id='word_1_154' title='bbox 464 1847 650 1912; x_wconf 89' lang='lat' dir='ltr'>ritate</span> <span class='ocrx_word' id='word_1_155' title='bbox 697 1848 976 1914; x_wconf 87' lang='lat' dir='ltr'>notarius</span> <span class='ocrx_word' id='word_1_156' title='bbox 1024 1851 1087 1914; x_wconf 90' lang='lat' dir='ltr'>et</span> <span class='ocrx_word' id='word_1_157' title='bbox 1133 1850 1393 1912; x_wconf 89' lang='lat' dir='ltr'>ducatus</span> <span class='ocrx_word' id='word_1_158' title='bbox 1442 1848 1846 1913; x_wconf 88' lang='lat' dir='ltr'>Veneciarum</span> <span class='ocrx_word' id='word_1_159' title='bbox 1897 1850 2120 1929; x_wconf 89' lang='lat' dir='ltr'>scriba,</span> <span class='ocrx_word' id='word_1_160' title='bbox 2171 1849 2461 1932; x_wconf 87' lang='lat' dir='ltr'>predictis</span> <span class='ocrx_word' id='word_1_161' title='bbox 2510 1849 2797 1914; x_wconf 90' lang='lat' dir='ltr'>omnibus</span> <span class='ocrx_word' id='word_1_162' title='bbox 2828 1850 2892 1913; x_wconf 92' lang='lat' dir='ltr'>et</span> <span class='ocrx_word' id='word_1_163' title='bbox 2924 1848 3187 1930; x_wconf 87' lang='lat' dir='ltr'>singulis</span> 
     </span>
     <span class='ocr_line' id='line_1_18' title="bbox 462 1934 2885 2019; baseline 0 -21"><span class='ocrx_word' id='word_1_164' title='bbox 462 1953 710 2017; x_wconf 87' lang='lat' dir='ltr'>presens</span> <span class='ocrx_word' id='word_1_165' title='bbox 759 1934 867 2014; x_wconf 88' lang='lat' dir='ltr'>fui,</span> <span class='ocrx_word' id='word_1_166' title='bbox 918 1955 1106 2019; x_wconf 89' lang='lat' dir='ltr'>eaque</span> <span class='ocrx_word' id='word_1_167' title='bbox 1154 1936 1230 2000; x_wconf 91' lang='lat' dir='ltr'>de</span> <span class='ocrx_word' id='word_1_168' title='bbox 1282 1935 1569 2001; x_wconf 88' lang='lat' dir='ltr'>mandato</span> <span class='ocrx_word' id='word_1_169' title='bbox 1615 1935 1840 2018; x_wconf 87' lang='lat' dir='ltr'>prefati</span> <span class='ocrx_word' id='word_1_170' title='bbox 1886 1938 2088 2002; x_wconf 89' lang='lat' dir='ltr'>incliti</span> <span class='ocrx_word' id='word_1_171' title='bbox 2138 1938 2367 2002; x_wconf 90' lang='lat' dir='ltr'>domini</span> <span class='ocrx_word' id='word_1_172' title='bbox 2417 1937 2590 2001; x_wconf 88' lang='lat' dir='ltr'>ducis</span> <span class='ocrx_word' id='word_1_173' title='bbox 2638 1937 2885 2018; x_wconf 88' lang='lat' dir='ltr'>scripsi.</span> 
     </span>
    </p>

    <p class='ocr_par' dir='ltr' id='par_1_4' title="bbox 546 2025 1897 2096">
     <span class='ocr_line' id='line_1_19' title="bbox 546 2025 1897 2096; baseline -0.001 -11"><span class='ocrx_word' id='word_1_174' title='bbox 546 2025 893 2085; x_wconf 73' lang='lat' dir='ltr'>Sindicatus</span> <span class='ocrx_word' id='word_1_175' title='bbox 940 2027 993 2085; x_wconf 90' lang='lat'>1.</span> <span class='ocrx_word' id='word_1_176' title='bbox 1044 2028 1143 2096; x_wconf 84' lang='lat'>65,</span> <span class='ocrx_word' id='word_1_177' title='bbox 1191 2045 1235 2085; x_wconf 84' lang='lat' dir='ltr'>u</span> <span class='ocrx_word' id='word_1_178' title='bbox 1280 2028 1496 2086; x_wconf 72' lang='lat' dir='ltr'>arkivu</span> <span class='ocrx_word' id='word_1_179' title='bbox 1541 2027 1897 2086; x_wconf 68' lang='lat' dir='ltr'>mletackom.</span> 
     </span>
    </p>
   </div>
   <div class='ocr_carea' id='block_1_3' title="bbox 690 2211 2954 2318">
    <p class='ocr_par' dir='ltr' id='par_1_5' title="bbox 690 2211 2954 2318">
     <span class='ocr_line' id='line_1_20' title="bbox 690 2211 2954 2318; baseline 0 -21"><span class='ocrx_word' id='word_1_180' title='bbox 690 2211 1244 2297; x_wconf 84' lang='lat' dir='ltr'>CCCCXVlll.</span> <span class='ocrx_word' id='word_1_181' title='bbox 1318 2215 1524 2298; x_wconf 79' lang='lat' dir='ltr'>God.</span> <span class='ocrx_word' id='word_1_182' title='bbox 1578 2215 1802 2299; x_wconf 75' lang='lat'>1355.</span> <span class='ocrx_word' id='word_1_183' title='bbox 1859 2218 1909 2299; x_wconf 84' lang='grc'><strong>6</strong></span> <span class='ocrx_word' id='word_1_184' title='bbox 1964 2215 2420 2318; x_wconf 84' lang='lat' dir='ltr'>listopada,</span> <span class='ocrx_word' id='word_1_185' title='bbox 2474 2239 2534 2297; x_wconf 90' lang='lat' dir='ltr'>u</span> <span class='ocrx_word' id='word_1_186' title='bbox 2588 2215 2954 2300; x_wconf 85' lang='lat' dir='ltr'>Mletcih</span> 
     </span>
    </p>
   </div>
   <div class='ocr_carea' id='block_1_4' title="bbox 456 2339 3190 2767">
    <p class='ocr_par' dir='ltr' id='par_1_6' title="bbox 473 2339 3187 2417">
     <span class='ocr_line' id='line_1_21' title="bbox 473 2339 3187 2417; baseline 0 -17"><span class='ocrx_word' id='word_1_187' title='bbox 473 2339 739 2413; x_wconf 59' lang='lat' dir='ltr'>Upuenje</span> <span class='ocrx_word' id='word_1_188' title='bbox 797 2356 859 2399; x_wconf 85' lang='lat' dir='ltr'>se</span> <span class='ocrx_word' id='word_1_189' title='bbox 918 2341 1066 2400; x_wconf 73' lang='lat' dir='ltr'>knez</span> <span class='ocrx_word' id='word_1_190' title='bbox 1125 2341 1411 2401; x_wconf 74' lang='lat' dir='ltr'>zadarski</span> <span class='ocrx_word' id='word_1_191' title='bbox 1474 2342 1627 2399; x_wconf 83' lang='lat' dir='ltr'>kako</span> <span class='ocrx_word' id='word_1_192' title='bbox 1689 2342 1770 2400; x_wconf 83' lang='lat' dir='ltr'>da</span> <span class='ocrx_word' id='word_1_193' title='bbox 1830 2343 2005 2402; x_wconf 74' lang='lat' dir='ltr'>bruni</span> <span class='ocrx_word' id='word_1_194' title='bbox 2046 2343 2202 2417; x_wconf 75' lang='lat' dir='ltr'>qrad</span> <span class='ocrx_word' id='word_1_195' title='bbox 2245 2344 2270 2401; x_wconf 73' lang='lat' dir='ltr'><em>i</em></span> <span class='ocrx_word' id='word_1_196' title='bbox 2314 2343 2673 2408; x_wconf 62' lang='lat' dir='ltr'>dusmanske</span> <span class='ocrx_word' id='word_1_197' title='bbox 2725 2346 2929 2402; x_wconf 75' lang='lat' dir='ltr'>nasrte</span> <span class='ocrx_word' id='word_1_198' title='bbox 2975 2342 3187 2414; x_wconf 78' lang='lat' dir='ltr'>odbije.</span> 
     </span>
    </p>

    <p class='ocr_par' dir='ltr' id='par_1_7' title="bbox 459 2426 3187 2505">
     <span class='ocr_line' id='line_1_22' title="bbox 459 2426 3187 2505; baseline 0.001 -19"><span class='ocrx_word' id='word_1_199' title='bbox 459 2428 671 2486; x_wconf 76' lang='lat' dir='ltr'>Knezu</span> <span class='ocrx_word' id='word_1_200' title='bbox 720 2426 967 2501; x_wconf 77' lang='lat' dir='ltr'>Gryuru</span> <span class='ocrx_word' id='word_1_201' title='bbox 1012 2429 1425 2501; x_wconf 70' lang='lat' dir='ltr'>Kurjaloovicu</span> <span class='ocrx_word' id='word_1_202' title='bbox 1471 2429 1741 2501; x_wconf 74' lang='lat' dir='ltr'>izloazuje</span> <span class='ocrx_word' id='word_1_203' title='bbox 1786 2447 1848 2489; x_wconf 82' lang='lat' dir='ltr'>se</span> <span class='ocrx_word' id='word_1_204' title='bbox 1890 2430 2239 2490; x_wconf 77' lang='lat' dir='ltr'>zahvalnost</span> <span class='ocrx_word' id='word_1_205' title='bbox 2299 2448 2382 2488; x_wconf 83' lang='lat' dir='ltr'>na</span> <span class='ocrx_word' id='word_1_206' title='bbox 2426 2432 2673 2505; x_wconf 69' lang='lat' dir='ltr'>m&#39;eyovu</span> <span class='ocrx_word' id='word_1_207' title='bbox 2717 2431 3031 2489; x_wconf 77' lang='lat' dir='ltr'>naklonost</span> <span class='ocrx_word' id='word_1_208' title='bbox 3077 2447 3187 2488; x_wconf 75' lang='lat' dir='ltr'>na-</span> 
     </span>
    </p>

    <p class='ocr_par' dir='ltr' id='par_1_8' title="bbox 456 2515 3190 2595">
     <span class='ocr_line' id='line_1_23' title="bbox 456 2515 3190 2595; baseline 0 -22"><span class='ocrx_word' id='word_1_209' title='bbox 456 2533 629 2587; x_wconf 77' lang='lat' dir='ltr'>pram</span> <span class='ocrx_word' id='word_1_210' title='bbox 672 2515 997 2593; x_wconf 78' lang='lat' dir='ltr'>republici3</span> <span class='ocrx_word' id='word_1_211' title='bbox 1044 2533 1084 2573; x_wconf 84' lang='lat' dir='ltr'>a</span> <span class='ocrx_word' id='word_1_212' title='bbox 1116 2517 1508 2589; x_wconf 69' lang='lat' dir='ltr'>providarum</span> <span class='ocrx_word' id='word_1_213' title='bbox 1555 2533 1597 2574; x_wconf 78' lang='lat' dir='ltr'>u</span> <span class='ocrx_word' id='word_1_214' title='bbox 1635 2517 1964 2591; x_wconf 62' lang='lat' dir='ltr'>Dalmactji</span> <span class='ocrx_word' id='word_1_215' title='bbox 2010 2517 2219 2577; x_wconf 59' lang='lat' dir='ltr'>natale</span> <span class='ocrx_word' id='word_1_216' title='bbox 2259 2535 2338 2595; x_wconf 83' lang='lat' dir='ltr'>se,</span> <span class='ocrx_word' id='word_1_217' title='bbox 2410 2518 2491 2577; x_wconf 83' lang='lat' dir='ltr'>da</span> <span class='ocrx_word' id='word_1_218' title='bbox 2548 2518 2953 2592; x_wconf 63' lang='lat' dir='ltr'>nastavb‘ajuo‘</span> <span class='ocrx_word' id='word_1_219' title='bbox 2999 2516 3190 2576; x_wconf 77' lang='lat' dir='ltr'>raditi</span> 
     </span>
    </p>

    <p class='ocr_par' dir='ltr' id='par_1_9' title="bbox 456 2603 3187 2767">
     <span class='ocr_line' id='line_1_24' title="bbox 456 2603 3187 2680; baseline 0 -18"><span class='ocrx_word' id='word_1_220' title='bbox 456 2619 488 2661; x_wconf 90' lang='grc' dir='ltr'><strong><em>ο</em></strong></span> <span class='ocrx_word' id='word_1_221' title='bbox 533 2603 720 2677; x_wconf 79' lang='lat' dir='ltr'>svojoj</span> <span class='ocrx_word' id='word_1_222' title='bbox 756 2603 967 2663; x_wconf 58' lang='lat' dir='ltr'>zadae-i</span> <span class='ocrx_word' id='word_1_223' title='bbox 1011 2621 1083 2663; x_wconf 82' lang='lat' dir='ltr'>sa</span> <span class='ocrx_word' id='word_1_224' title='bbox 1126 2605 1457 2679; x_wconf 70' lang='lat' dir='ltr'>kneyinjom</span> <span class='ocrx_word' id='word_1_225' title='bbox 1505 2604 1754 2664; x_wconf 66' lang='lat' dir='ltr'>loli-§hom</span> <span class='ocrx_word' id='word_1_226' title='bbox 1805 2606 2000 2679; x_wconf 77' lang='lat' dir='ltr'>podju</span> <span class='ocrx_word' id='word_1_227' title='bbox 2046 2622 2129 2664; x_wconf 83' lang='lat' dir='ltr'>na</span> <span class='ocrx_word' id='word_1_228' title='bbox 2173 2606 2422 2680; x_wconf 76' lang='lat' dir='ltr'>doyovor</span> <span class='ocrx_word' id='word_1_229' title='bbox 2465 2622 2538 2665; x_wconf 82' lang='lat' dir='ltr'>sa</span> <span class='ocrx_word' id='word_1_230' title='bbox 2581 2607 2821 2667; x_wconf 69' lang='lat' dir='ltr'>knezom</span> <span class='ocrx_word' id='word_1_231' title='bbox 2875 2605 3187 2680; x_wconf 72' lang='lat' dir='ltr'>Gryurom,</span> 
     </span>
     <span class='ocr_line' id='line_1_25' title="bbox 528 2680 3106 2767; baseline 0 -18"><span class='ocrx_word' id='word_1_232' title='bbox 528 2693 555 2749; x_wconf 79' lang='lat' dir='ltr'><strong><em>i</em></strong></span> <span class='ocrx_word' id='word_1_233' title='bbox 597 2691 677 2749; x_wconf 81' lang='lat' dir='ltr'>da</span> <span class='ocrx_word' id='word_1_234' title='bbox 721 2693 957 2767; x_wconf 71' lang='lat' dir='ltr'>m&#39;eqove</span> <span class='ocrx_word' id='word_1_235' title='bbox 1000 2693 1162 2751; x_wconf 80' lang='lat' dir='ltr'>misli</span> <span class='ocrx_word' id='word_1_236' title='bbox 1201 2693 1524 2766; x_wconf 61' lang='lat' dir='ltr'>sasluscv&#39;u.</span> <span class='ocrx_word' id='word_1_237' title='bbox 1590 2680 1754 2766; x_wconf 62' lang='lat' dir='ltr'>Sabe</span> <span class='ocrx_word' id='word_1_238' title='bbox 1798 2710 1860 2753; x_wconf 86' lang='lat' dir='ltr'>se</span> <span class='ocrx_word' id='word_1_239' title='bbox 1904 2711 2093 2753; x_wconf 79' lang='lat' dir='ltr'>novae</span> <span class='ocrx_word' id='word_1_240' title='bbox 2136 2709 2212 2753; x_wconf 74' lang='lat' dir='ltr'>za</span> <span class='ocrx_word' id='word_1_241' title='bbox 2254 2694 2483 2766; x_wconf 78' lang='lat' dir='ltr'>izplatu</span> <span class='ocrx_word' id='word_1_242' title='bbox 2529 2695 2646 2754; x_wconf 67' lang='lat' dir='ltr'>cete</span> <span class='ocrx_word' id='word_1_243' title='bbox 2690 2713 2731 2753; x_wconf 82' lang='lat' dir='ltr'>u</span> <span class='ocrx_word' id='word_1_244' title='bbox 2779 2694 3106 2754; x_wconf 77' lang='lat' dir='ltr'>Skradinu.</span> 
     </span>
    </p>
   </div>
   <div class='ocr_carea' id='block_1_5' title="bbox 678 2811 3303 2895">
    <p class='ocr_par' dir='ltr' id='par_1_10' title="bbox 678 2811 3303 2895">
     <span class='ocr_line' id='line_1_26' title="bbox 678 2811 3303 2895; baseline 0.003 -21"><span class='ocrx_word' id='word_1_245' title='bbox 678 2811 865 2875; x_wconf 82' lang='lat'>1355.</span> <span class='ocrx_word' id='word_1_246' title='bbox 917 2811 1245 2876; x_wconf 89' lang='lat' dir='ltr'>indictione</span> <span class='ocrx_word' id='word_1_247' title='bbox 1291 2812 1401 2890; x_wconf 88' lang='lat' dir='ltr'>IX,</span> <span class='ocrx_word' id='word_1_248' title='bbox 1449 2811 1548 2876; x_wconf 91' lang='lat' dir='ltr'>die</span> <span class='ocrx_word' id='word_1_249' title='bbox 1595 2813 1683 2876; x_wconf 89' lang='lat' dir='ltr'>Vl</span> <span class='ocrx_word' id='word_1_250' title='bbox 1730 2813 2027 2877; x_wconf 88' lang='lat' dir='ltr'>octubris.</span> <span class='ocrx_word' id='word_1_251' title='bbox 2098 2812 2418 2895; x_wconf 84' lang='lat' dir='ltr'>Sapientes</span> <span class='ocrx_word' id='word_1_252' title='bbox 2465 2812 2819 2879; x_wconf 84' lang='lat' dir='ltr'>Sclavonie:</span> <span class='ocrx_word' id='word_1_253' title='bbox 2869 2831 2966 2878; x_wconf 90' lang='lat' dir='ltr'>ser</span> <span class='ocrx_word' id='word_1_254' title='bbox 3012 2811 3184 2876; x_wconf 87' lang='lat' dir='ltr'>Mar·</span> <span class='ocrx_word' id='word_1_255' title='bbox 3288 2852 3303 2881; x_wconf 64' lang='grc' dir='ltr'>ι</span> 
     </span>
    </p>
   </div>
   <div class='ocr_carea' id='block_1_6' title="bbox 453 2897 3285 4821">
    <p class='ocr_par' dir='ltr' id='par_1_11' title="bbox 453 2897 3285 4821">
     <span class='ocr_line' id='line_1_27' title="bbox 467 2897 3187 2983; baseline 0.001 -22"><span class='ocrx_word' id='word_1_256' title='bbox 467 2917 574 2962; x_wconf 91' lang='lat' dir='ltr'>cus</span> <span class='ocrx_word' id='word_1_257' title='bbox 619 2897 996 2979; x_wconf 88' lang='lat' dir='ltr'>Justiniano,</span> <span class='ocrx_word' id='word_1_258' title='bbox 1046 2918 1146 2964; x_wconf 90' lang='lat' dir='ltr'>ser</span> <span class='ocrx_word' id='word_1_259' title='bbox 1191 2899 1443 2964; x_wconf 88' lang='lat' dir='ltr'>Marcus</span> <span class='ocrx_word' id='word_1_260' title='bbox 1491 2898 1699 2978; x_wconf 87' lang='lat' dir='ltr'>Celsi,</span> <span class='ocrx_word' id='word_1_261' title='bbox 1764 2920 1864 2964; x_wconf 90' lang='lat' dir='ltr'>ser</span> <span class='ocrx_word' id='word_1_262' title='bbox 1919 2900 2150 2965; x_wconf 87' lang='lat' dir='ltr'>Paulus</span> <span class='ocrx_word' id='word_1_263' title='bbox 2211 2901 2575 2965; x_wconf 89' lang='lat' dir='ltr'>Lauredano</span> <span class='ocrx_word' id='word_1_264' title='bbox 2632 2903 3022 2983; x_wconf 85' lang='lat' dir='ltr'>procurator,</span> <span class='ocrx_word' id='word_1_265' title='bbox 3087 2919 3187 2963; x_wconf 90' lang='lat' dir='ltr'>ser</span> 
     </span>
     <span class='ocr_line' id='line_1_28' title="bbox 462 2986 3187 3072; baseline 0.001 -23"><span class='ocrx_word' id='word_1_266' title='bbox 462 2986 684 3050; x_wconf 89' lang='lat' dir='ltr'>Petrus</span> <span class='ocrx_word' id='word_1_267' title='bbox 732 2986 940 3050; x_wconf 84' lang='lat' dir='ltr'>Memo</span> <span class='ocrx_word' id='word_1_268' title='bbox 987 2989 1051 3051; x_wconf 91' lang='lat' dir='ltr'>et</span> <span class='ocrx_word' id='word_1_269' title='bbox 1091 3006 1189 3051; x_wconf 89' lang='lat' dir='ltr'>ser</span> <span class='ocrx_word' id='word_1_270' title='bbox 1237 2986 1569 3052; x_wconf 85' lang='lat' dir='ltr'>Zacharias</span> <span class='ocrx_word' id='word_1_271' title='bbox 1618 2987 1980 3052; x_wconf 76' lang='lat' dir='ltr'>contareno.</span> <span class='ocrx_word' id='word_1_272' title='bbox 2029 2988 2377 3053; x_wconf 89' lang='lat' dir='ltr'>Intellectis</span> <span class='ocrx_word' id='word_1_273' title='bbox 2409 2992 2473 3053; x_wconf 90' lang='lat' dir='ltr'>et</span> <span class='ocrx_word' id='word_1_274' title='bbox 2503 2987 2805 3072; x_wconf 88' lang='lat' dir='ltr'>diligente</span> <span class='ocrx_word' id='word_1_275' title='bbox 2834 2986 3187 3052; x_wconf 86' lang='lat' dir='ltr'>eximinatis</span> 
     </span>
     <span class='ocr_line' id='line_1_29' title="bbox 460 3072 3285 3157; baseline 0.001 -21"><span class='ocrx_word' id='word_1_276' title='bbox 460 3072 714 3151; x_wconf 75' lang='lat' dir='ltr'>licteriS,</span> <span class='ocrx_word' id='word_1_277' title='bbox 765 3093 881 3156; x_wconf 88' lang='lat' dir='ltr'>que</span> <span class='ocrx_word' id='word_1_278' title='bbox 928 3075 1046 3140; x_wconf 84' lang='lat' dir='ltr'>hiis</span> <span class='ocrx_word' id='word_1_279' title='bbox 1092 3074 1309 3139; x_wconf 90' lang='lat' dir='ltr'>diebus</span> <span class='ocrx_word' id='word_1_280' title='bbox 1335 3079 1632 3140; x_wconf 88' lang='lat' dir='ltr'>venerunt</span> <span class='ocrx_word' id='word_1_281' title='bbox 1678 3075 1753 3139; x_wconf 92' lang='lat' dir='ltr'>de</span> <span class='ocrx_word' id='word_1_282' title='bbox 1800 3076 2080 3157; x_wconf 90' lang='lat' dir='ltr'>partibus</span> <span class='ocrx_word' id='word_1_283' title='bbox 2107 3074 2447 3153; x_wconf 84' lang='lat' dir='ltr'>Sclavonie,</span> <span class='ocrx_word' id='word_1_284' title='bbox 2496 3076 2738 3140; x_wconf 90' lang='lat' dir='ltr'>videtur</span> <span class='ocrx_word' id='word_1_285' title='bbox 2778 3074 3192 3157; x_wconf 79' lang='lat' dir='ltr'>sapientibuS,</span> <span class='ocrx_word' id='word_1_286' title='bbox 3254 3090 3285 3121; x_wconf 61' lang='lat'>„-</span> 
     </span>
     <span class='ocr_line' id='line_1_30' title="bbox 462 3161 2954 3247; baseline 0.002 -25"><span class='ocrx_word' id='word_1_287' title='bbox 462 3161 621 3243; x_wconf 88' lang='lat' dir='ltr'>quod</span> <span class='ocrx_word' id='word_1_288' title='bbox 670 3179 777 3244; x_wconf 89' lang='lat' dir='ltr'>pro</span> <span class='ocrx_word' id='word_1_289' title='bbox 826 3181 986 3226; x_wconf 89' lang='lat' dir='ltr'>nunc</span> <span class='ocrx_word' id='word_1_290' title='bbox 1033 3181 1218 3247; x_wconf 88' lang='lat' dir='ltr'>super</span> <span class='ocrx_word' id='word_1_291' title='bbox 1265 3162 1415 3246; x_wconf 89' lang='lat' dir='ltr'>ipsis</span> <span class='ocrx_word' id='word_1_292' title='bbox 1456 3162 1691 3227; x_wconf 89' lang='lat' dir='ltr'>licteris</span> <span class='ocrx_word' id='word_1_293' title='bbox 1738 3164 1822 3227; x_wconf 89' lang='lat' dir='ltr'>sit</span> <span class='ocrx_word' id='word_1_294' title='bbox 1868 3163 2081 3228; x_wconf 89' lang='lat' dir='ltr'>taliter</span> <span class='ocrx_word' id='word_1_295' title='bbox 2128 3164 2583 3247; x_wconf 84' lang='lat' dir='ltr'>providendum,</span> <span class='ocrx_word' id='word_1_296' title='bbox 2632 3162 2954 3239; x_wconf 80' lang='lat' dir='ltr'>videlicet3</span> 
     </span>
     <span class='ocr_line' id='line_1_31' title="bbox 671 3248 3178 3334; baseline 0 -21"><span class='ocrx_word' id='word_1_297' title='bbox 671 3248 903 3331; x_wconf 89' lang='lat' dir='ltr'>Capta:</span> <span class='ocrx_word' id='word_1_298' title='bbox 953 3251 1110 3332; x_wconf 89' lang='lat' dir='ltr'>quod</span> <span class='ocrx_word' id='word_1_299' title='bbox 1159 3250 1470 3315; x_wconf 88' lang='lat' dir='ltr'>scribatur</span> <span class='ocrx_word' id='word_1_300' title='bbox 1516 3250 1732 3315; x_wconf 89' lang='lat' dir='ltr'>comiti</span> <span class='ocrx_word' id='word_1_301' title='bbox 1780 3253 1845 3315; x_wconf 90' lang='lat' dir='ltr'>et</span> <span class='ocrx_word' id='word_1_302' title='bbox 1889 3251 2210 3334; x_wconf 86' lang='lat' dir='ltr'>capitaneo</span> <span class='ocrx_word' id='word_1_303' title='bbox 2259 3252 2469 3316; x_wconf 88' lang='lat' dir='ltr'>nostro</span> <span class='ocrx_word' id='word_1_304' title='bbox 2515 3250 2726 3329; x_wconf 88' lang='lat' dir='ltr'>Jadre,</span> <span class='ocrx_word' id='word_1_305' title='bbox 2783 3251 2945 3333; x_wconf 90' lang='lat' dir='ltr'>quod</span> <span class='ocrx_word' id='word_1_306' title='bbox 2992 3249 3178 3314; x_wconf 90' lang='lat' dir='ltr'>intel-</span> 
     </span>
     <span class='ocr_line' id='line_1_32' title="bbox 462 3335 3180 3421; baseline 0.001 -23"><span class='ocrx_word' id='word_1_307' title='bbox 462 3335 646 3399; x_wconf 89' lang='lat' dir='ltr'>lectis</span> <span class='ocrx_word' id='word_1_308' title='bbox 694 3335 926 3400; x_wconf 90' lang='lat' dir='ltr'>licteris</span> <span class='ocrx_word' id='word_1_309' title='bbox 969 3337 1097 3400; x_wconf 90' lang='lat' dir='ltr'>suis</span> <span class='ocrx_word' id='word_1_310' title='bbox 1146 3338 1307 3401; x_wconf 89' lang='lat' dir='ltr'>datis</span> <span class='ocrx_word' id='word_1_311' title='bbox 1334 3335 1494 3401; x_wconf 89' lang='lat' dir='ltr'>XXI</span> <span class='ocrx_word' id='word_1_312' title='bbox 1522 3338 1894 3420; x_wconf 88' lang='lat' dir='ltr'>septembris</span> <span class='ocrx_word' id='word_1_313' title='bbox 1942 3338 2402 3405; x_wconf 86' lang='lat' dir='ltr'>continentibus</span> <span class='ocrx_word' id='word_1_314' title='bbox 2449 3340 2520 3403; x_wconf 91' lang='lat' dir='ltr'>de</span> <span class='ocrx_word' id='word_1_315' title='bbox 2573 3338 2952 3414; x_wconf 84' lang='lat' dir='ltr'>cavalchata,</span> <span class='ocrx_word' id='word_1_316' title='bbox 2992 3356 3180 3421; x_wconf 88' lang='lat' dir='ltr'>quam</span> 
     </span>
     <span class='ocr_line' id='line_1_33' title="bbox 458 3421 3180 3510; baseline 0.001 -25"><span class='ocrx_word' id='word_1_317' title='bbox 458 3422 587 3486; x_wconf 90' lang='lat' dir='ltr'>fieri</span> <span class='ocrx_word' id='word_1_318' title='bbox 637 3421 785 3487; x_wconf 88' lang='lat' dir='ltr'>fecit</span> <span class='ocrx_word' id='word_1_319' title='bbox 829 3442 938 3506; x_wconf 90' lang='lat' dir='ltr'>per</span> <span class='ocrx_word' id='word_1_320' title='bbox 984 3423 1420 3507; x_wconf 89' lang='lat' dir='ltr'>stipendiarios</span> <span class='ocrx_word' id='word_1_321' title='bbox 1467 3427 1705 3490; x_wconf 81' lang='lat' dir='ltr'>nostros</span> <span class='ocrx_word' id='word_1_322' title='bbox 1753 3427 1818 3490; x_wconf 89' lang='lat' dir='ltr'>et</span> <span class='ocrx_word' id='word_1_323' title='bbox 1863 3426 2018 3492; x_wconf 90' lang='lat' dir='ltr'>alias</span> <span class='ocrx_word' id='word_1_324' title='bbox 2065 3429 2281 3510; x_wconf 87' lang='lat' dir='ltr'>gentes</span> <span class='ocrx_word' id='word_1_325' title='bbox 2329 3428 2571 3492; x_wconf 90' lang='lat' dir='ltr'>nostras</span> <span class='ocrx_word' id='word_1_326' title='bbox 2632 3426 2706 3490; x_wconf 88' lang='lat' dir='ltr'>de</span> <span class='ocrx_word' id='word_1_327' title='bbox 2753 3426 2948 3492; x_wconf 88' lang='lat' dir='ltr'>Jadra</span> <span class='ocrx_word' id='word_1_328' title='bbox 2996 3443 3180 3507; x_wconf 90' lang='lat' dir='ltr'>super</span> 
     </span>
     <span class='ocr_line' id='line_1_34' title="bbox 461 3510 3177 3598; baseline 0 -24"><span class='ocrx_word' id='word_1_329' title='bbox 461 3510 847 3575; x_wconf 89' lang='lat' dir='ltr'>territorium</span> <span class='ocrx_word' id='word_1_330' title='bbox 894 3510 1270 3589; x_wconf 85' lang='lat' dir='ltr'>Ostrovicie,</span> <span class='ocrx_word' id='word_1_331' title='bbox 1320 3514 1384 3577; x_wconf 91' lang='lat' dir='ltr'>et</span> <span class='ocrx_word' id='word_1_332' title='bbox 1437 3513 1512 3578; x_wconf 90' lang='lat' dir='ltr'>de</span> <span class='ocrx_word' id='word_1_333' title='bbox 1578 3513 1864 3596; x_wconf 88' lang='lat' dir='ltr'>dampnis</span> <span class='ocrx_word' id='word_1_334' title='bbox 1933 3514 2114 3579; x_wconf 88' lang='lat' dir='ltr'>factis</span> <span class='ocrx_word' id='word_1_335' title='bbox 2178 3534 2285 3597; x_wconf 89' lang='lat' dir='ltr'>per</span> <span class='ocrx_word' id='word_1_336' title='bbox 2345 3515 2509 3598; x_wconf 90' lang='lat' dir='ltr'>ipsas</span> <span class='ocrx_word' id='word_1_337' title='bbox 2558 3518 2772 3597; x_wconf 87' lang='lat' dir='ltr'>gentes</span> <span class='ocrx_word' id='word_1_338' title='bbox 2822 3517 3064 3579; x_wconf 90' lang='lat' dir='ltr'>nostras</span> <span class='ocrx_word' id='word_1_339' title='bbox 3116 3513 3177 3575; x_wconf 91' lang='lat' dir='ltr'>in</span> 
     </span>
     <span class='ocr_line' id='line_1_35' title="bbox 461 3597 3185 3685; baseline 0.001 -24"><span class='ocrx_word' id='word_1_340' title='bbox 461 3597 595 3662; x_wconf 91' lang='lat' dir='ltr'>loco</span> <span class='ocrx_word' id='word_1_341' title='bbox 642 3599 938 3681; x_wconf 85' lang='lat' dir='ltr'>predicto,</span> <span class='ocrx_word' id='word_1_342' title='bbox 989 3599 1274 3685; x_wconf 83' lang='lat' dir='ltr'>videlicet</span> <span class='ocrx_word' id='word_1_343' title='bbox 1317 3603 1446 3665; x_wconf 90' lang='lat' dir='ltr'>tam</span> <span class='ocrx_word' id='word_1_344' title='bbox 1500 3601 1573 3664; x_wconf 92' lang='lat' dir='ltr'>de</span> <span class='ocrx_word' id='word_1_345' title='bbox 1619 3602 2118 3667; x_wconf 90' lang='lat' dir='ltr'>concremacione</span> <span class='ocrx_word' id='word_1_346' title='bbox 2181 3604 2373 3667; x_wconf 88' lang='lat' dir='ltr'>trium</span> <span class='ocrx_word' id='word_1_347' title='bbox 2419 3601 2706 3667; x_wconf 89' lang='lat' dir='ltr'>villarum</span> <span class='ocrx_word' id='word_1_348' title='bbox 2759 3620 2945 3684; x_wconf 89' lang='lat' dir='ltr'>quam</span> <span class='ocrx_word' id='word_1_349' title='bbox 2994 3599 3185 3663; x_wconf 86' lang='lat' dir='ltr'>etiam</span> 
     </span>
     <span class='ocr_line' id='line_1_36' title="bbox 457 3685 3185 3772; baseline 0.001 -24"><span class='ocrx_word' id='word_1_350' title='bbox 457 3685 532 3749; x_wconf 91' lang='lat' dir='ltr'>de</span> <span class='ocrx_word' id='word_1_351' title='bbox 577 3685 701 3750; x_wconf 90' lang='lat' dir='ltr'>alia</span> <span class='ocrx_word' id='word_1_352' title='bbox 747 3688 934 3768; x_wconf 91' lang='lat' dir='ltr'>preda</span> <span class='ocrx_word' id='word_1_353' title='bbox 980 3687 1165 3765; x_wconf 89' lang='lat' dir='ltr'>facta,</span> <span class='ocrx_word' id='word_1_354' title='bbox 1216 3687 1414 3752; x_wconf 90' lang='lat' dir='ltr'>eidem</span> <span class='ocrx_word' id='word_1_355' title='bbox 1461 3688 1894 3767; x_wconf 85' lang='lat' dir='ltr'>rescribimus,</span> <span class='ocrx_word' id='word_1_356' title='bbox 1944 3690 2106 3772; x_wconf 92' lang='lat' dir='ltr'>quod</span> <span class='ocrx_word' id='word_1_357' title='bbox 2168 3690 2315 3754; x_wconf 90' lang='lat' dir='ltr'>licet</span> <span class='ocrx_word' id='word_1_358' title='bbox 2373 3707 2815 3772; x_wconf 86' lang='lat' dir='ltr'>cognoscamus</span> <span class='ocrx_word' id='word_1_359' title='bbox 2866 3692 2928 3752; x_wconf 89' lang='lat' dir='ltr'>et</span> <span class='ocrx_word' id='word_1_360' title='bbox 2980 3687 3185 3752; x_wconf 85' lang='lat' dir='ltr'>videa-</span> 
     </span>
     <span class='ocr_line' id='line_1_37' title="bbox 458 3773 3181 3859; baseline 0 -23"><span class='ocrx_word' id='word_1_361' title='bbox 458 3792 592 3837; x_wconf 91' lang='lat' dir='ltr'>mus</span> <span class='ocrx_word' id='word_1_362' title='bbox 641 3773 1112 3856; x_wconf 89' lang='lat' dir='ltr'>disposicionem</span> <span class='ocrx_word' id='word_1_363' title='bbox 1155 3793 1329 3840; x_wconf 88' lang='lat' dir='ltr'>suam</span> <span class='ocrx_word' id='word_1_364' title='bbox 1371 3774 1498 3840; x_wconf 87' lang='lat' dir='ltr'>fore</span> <span class='ocrx_word' id='word_1_365' title='bbox 1545 3776 1921 3841; x_wconf 90' lang='lat' dir='ltr'>laudabilem</span> <span class='ocrx_word' id='word_1_366' title='bbox 1967 3780 2151 3859; x_wconf 89' lang='lat' dir='ltr'>atque</span> <span class='ocrx_word' id='word_1_367' title='bbox 2198 3779 2549 3859; x_wconf 87' lang='lat' dir='ltr'>promptam</span> <span class='ocrx_word' id='word_1_368' title='bbox 2601 3776 2677 3840; x_wconf 89' lang='lat' dir='ltr'>ad</span> <span class='ocrx_word' id='word_1_369' title='bbox 2726 3774 3181 3840; x_wconf 87' lang='lat' dir='ltr'>defendendum</span> 
     </span>
     <span class='ocr_line' id='line_1_38' title="bbox 460 3860 3186 3947; baseline 0 -24"><span class='ocrx_word' id='word_1_370' title='bbox 460 3862 523 3923; x_wconf 85' lang='lat' dir='ltr'>et</span> <span class='ocrx_word' id='word_1_371' title='bbox 571 3860 996 3925; x_wconf 90' lang='lat' dir='ltr'>sustinendum</span> <span class='ocrx_word' id='word_1_372' title='bbox 1046 3863 1337 3927; x_wconf 91' lang='lat' dir='ltr'>honorem</span> <span class='ocrx_word' id='word_1_373' title='bbox 1388 3865 1697 3941; x_wconf 89' lang='lat' dir='ltr'>nostrum,</span> <span class='ocrx_word' id='word_1_374' title='bbox 1744 3866 1956 3928; x_wconf 89' lang='lat' dir='ltr'>tamen</span> <span class='ocrx_word' id='word_1_375' title='bbox 2002 3864 2245 3929; x_wconf 88' lang='lat' dir='ltr'>videtur</span> <span class='ocrx_word' id='word_1_376' title='bbox 2305 3865 2480 3929; x_wconf 87' lang='lat' dir='ltr'>nobis</span> <span class='ocrx_word' id='word_1_377' title='bbox 2542 3882 2661 3927; x_wconf 89' lang='lat' dir='ltr'>non</span> <span class='ocrx_word' id='word_1_378' title='bbox 2718 3864 3031 3947; x_wconf 79' lang='lat' dir='ltr'>modicum</span> <span class='ocrx_word' id='word_1_379' title='bbox 3078 3881 3186 3945; x_wconf 91' lang='lat' dir='ltr'>pe-</span> 
     </span>
     <span class='ocr_line' id='line_1_39' title="bbox 456 3948 3186 4036; baseline 0.001 -25"><span class='ocrx_word' id='word_1_380' title='bbox 456 3948 788 4012; x_wconf 89' lang='lat' dir='ltr'>riculosum</span> <span class='ocrx_word' id='word_1_381' title='bbox 835 3950 898 4013; x_wconf 93' lang='lat' dir='ltr'>et</span> <span class='ocrx_word' id='word_1_382' title='bbox 940 3949 1198 4013; x_wconf 91' lang='lat' dir='ltr'>dubium</span> <span class='ocrx_word' id='word_1_383' title='bbox 1246 3950 1322 4014; x_wconf 90' lang='lat' dir='ltr'>ob</span> <span class='ocrx_word' id='word_1_384' title='bbox 1383 3951 1614 4015; x_wconf 89' lang='lat' dir='ltr'>multos</span> <span class='ocrx_word' id='word_1_385' title='bbox 1662 3969 1880 4030; x_wconf 81' lang='lat' dir='ltr'>casuS,</span> <span class='ocrx_word' id='word_1_386' title='bbox 1930 3953 2031 4036; x_wconf 89' lang='lat' dir='ltr'>qui</span> <span class='ocrx_word' id='word_1_387' title='bbox 2095 3951 2371 4018; x_wconf 89' lang='lat' dir='ltr'>accidere</span> <span class='ocrx_word' id='word_1_388' title='bbox 2438 3954 2725 4036; x_wconf 86' lang='lat' dir='ltr'>possent,</span> <span class='ocrx_word' id='word_1_389' title='bbox 2796 3951 3046 4015; x_wconf 89' lang='lat' dir='ltr'>mittere</span> <span class='ocrx_word' id='word_1_390' title='bbox 3096 3949 3186 4013; x_wconf 89' lang='lat' dir='ltr'>sic</span> 
     </span>
     <span class='ocr_line' id='line_1_40' title="bbox 456 4036 3182 4122; baseline 0.001 -25"><span class='ocrx_word' id='word_1_391' title='bbox 456 4036 627 4099; x_wconf 85' lang='lat' dir='ltr'>extra</span> <span class='ocrx_word' id='word_1_392' title='bbox 671 4036 992 4101; x_wconf 87' lang='lat' dir='ltr'>civitatem</span> <span class='ocrx_word' id='word_1_393' title='bbox 1042 4036 1503 4120; x_wconf 87' lang='lat' dir='ltr'>stipendiarios,</span> <span class='ocrx_word' id='word_1_394' title='bbox 1570 4037 1676 4120; x_wconf 90' lang='lat' dir='ltr'>qui</span> <span class='ocrx_word' id='word_1_395' title='bbox 1722 4040 2001 4122; x_wconf 88' lang='lat' dir='ltr'>deputati</span> <span class='ocrx_word' id='word_1_396' title='bbox 2070 4041 2216 4104; x_wconf 89' lang='lat' dir='ltr'>sunt</span> <span class='ocrx_word' id='word_1_397' title='bbox 2282 4041 2344 4104; x_wconf 92' lang='lat' dir='ltr'>et</span> <span class='ocrx_word' id='word_1_398' title='bbox 2406 4042 2573 4104; x_wconf 88' lang='lat' dir='ltr'>stare</span> <span class='ocrx_word' id='word_1_399' title='bbox 2620 4037 2846 4104; x_wconf 90' lang='lat' dir='ltr'>debent</span> <span class='ocrx_word' id='word_1_400' title='bbox 2897 4039 3182 4103; x_wconf 86' lang='lat' dir='ltr'>continue</span> 
     </span>
     <span class='ocr_line' id='line_1_41' title="bbox 453 4121 3181 4209; baseline 0.001 -23"><span class='ocrx_word' id='word_1_401' title='bbox 453 4121 531 4186; x_wconf 90' lang='lat' dir='ltr'>ad</span> <span class='ocrx_word' id='word_1_402' title='bbox 578 4124 921 4188; x_wconf 88' lang='lat' dir='ltr'>custodiam</span> <span class='ocrx_word' id='word_1_403' title='bbox 970 4124 1282 4200; x_wconf 84' lang='lat' dir='ltr'>civitatis;</span> <span class='ocrx_word' id='word_1_404' title='bbox 1330 4142 1518 4208; x_wconf 91' lang='lat' dir='ltr'>quare</span> <span class='ocrx_word' id='word_1_405' title='bbox 1569 4124 1835 4190; x_wconf 87' lang='lat' dir='ltr'>facimus</span> <span class='ocrx_word' id='word_1_406' title='bbox 1883 4146 2024 4191; x_wconf 92' lang='lat' dir='ltr'>eum</span> <span class='ocrx_word' id='word_1_407' title='bbox 2070 4127 2388 4209; x_wconf 81' lang='lat' dir='ltr'>provisum</span> <span class='ocrx_word' id='word_1_408' title='bbox 2443 4130 2507 4192; x_wconf 88' lang='lat' dir='ltr'>et</span> <span class='ocrx_word' id='word_1_409' title='bbox 2552 4126 2673 4191; x_wconf 90' lang='lat' dir='ltr'>sibi</span> <span class='ocrx_word' id='word_1_410' title='bbox 2738 4126 3181 4191; x_wconf 85' lang='lat' dir='ltr'>observandum</span> 
     </span>
     <span class='ocr_line' id='line_1_42' title="bbox 455 4211 3177 4298; baseline -0.001 -21"><span class='ocrx_word' id='word_1_411' title='bbox 455 4211 836 4288; x_wconf 87' lang='lat' dir='ltr'>mandamus,</span> <span class='ocrx_word' id='word_1_412' title='bbox 888 4212 1049 4294; x_wconf 89' lang='lat' dir='ltr'>quod</span> <span class='ocrx_word' id='word_1_413' title='bbox 1099 4212 1379 4277; x_wconf 89' lang='lat' dir='ltr'>decetero</span> <span class='ocrx_word' id='word_1_414' title='bbox 1427 4214 1637 4277; x_wconf 90' lang='lat' dir='ltr'>teneat</span> <span class='ocrx_word' id='word_1_415' title='bbox 1686 4213 1877 4278; x_wconf 88' lang='lat' dir='ltr'>talem</span> <span class='ocrx_word' id='word_1_416' title='bbox 1944 4215 2231 4292; x_wconf 89' lang='lat' dir='ltr'>modum,</span> <span class='ocrx_word' id='word_1_417' title='bbox 2296 4214 2456 4298; x_wconf 92' lang='lat' dir='ltr'>quod</span> <span class='ocrx_word' id='word_1_418' title='bbox 2520 4214 2745 4279; x_wconf 89' lang='lat' dir='ltr'>civitas</span> <span class='ocrx_word' id='word_1_419' title='bbox 2805 4214 3015 4278; x_wconf 87' lang='lat' dir='ltr'>nostra</span> <span class='ocrx_word' id='word_1_420' title='bbox 3059 4230 3177 4277; x_wconf 93' lang='lat' dir='ltr'>non</span> 
     </span>
     <span class='ocr_line' id='line_1_43' title="bbox 456 4299 3182 4385; baseline 0.001 -23"><span class='ocrx_word' id='word_1_421' title='bbox 456 4300 544 4364; x_wconf 89' lang='lat' dir='ltr'>sic</span> <span class='ocrx_word' id='word_1_422' title='bbox 588 4301 907 4363; x_wconf 89' lang='lat' dir='ltr'>remaneat</span> <span class='ocrx_word' id='word_1_423' title='bbox 954 4300 1285 4364; x_wconf 74' lang='lat' dir='ltr'>immunita</span> <span class='ocrx_word' id='word_1_424' title='bbox 1331 4299 1749 4381; x_wconf 86' lang='lat' dir='ltr'>stipendiariis</span> <span class='ocrx_word' id='word_1_425' title='bbox 1799 4301 2054 4380; x_wconf 78' lang='lat' dir='ltr'>nostriS,</span> <span class='ocrx_word' id='word_1_426' title='bbox 2108 4302 2210 4385; x_wconf 92' lang='lat' dir='ltr'>qui</span> <span class='ocrx_word' id='word_1_427' title='bbox 2258 4320 2368 4385; x_wconf 90' lang='lat' dir='ltr'>pro</span> <span class='ocrx_word' id='word_1_428' title='bbox 2416 4303 2547 4367; x_wconf 87' lang='lat' dir='ltr'>eius</span> <span class='ocrx_word' id='word_1_429' title='bbox 2575 4302 2923 4367; x_wconf 84' lang='lat' dir='ltr'>defensione</span> <span class='ocrx_word' id='word_1_430' title='bbox 2969 4304 3032 4365; x_wconf 90' lang='lat' dir='ltr'>et</span> <span class='ocrx_word' id='word_1_431' title='bbox 3074 4319 3182 4366; x_wconf 89' lang='lat' dir='ltr'>cu-</span> 
     </span>
     <span class='ocr_line' id='line_1_44' title="bbox 454 4384 3184 4473; baseline 0.001 -22"><span class='ocrx_word' id='word_1_432' title='bbox 454 4384 652 4453; x_wconf 87' lang='lat' dir='ltr'>stodia</span> <span class='ocrx_word' id='word_1_433' title='bbox 696 4387 842 4450; x_wconf 89' lang='lat' dir='ltr'>sunt</span> <span class='ocrx_word' id='word_1_434' title='bbox 887 4386 1019 4452; x_wconf 89' lang='lat' dir='ltr'>dati</span> <span class='ocrx_word' id='word_1_435' title='bbox 1068 4389 1130 4451; x_wconf 86' lang='lat' dir='ltr'>et</span> <span class='ocrx_word' id='word_1_436' title='bbox 1175 4388 1472 4469; x_wconf 87' lang='lat' dir='ltr'>deputati,</span> <span class='ocrx_word' id='word_1_437' title='bbox 1520 4388 1590 4452; x_wconf 90' lang='lat' dir='ltr'>ut</span> <span class='ocrx_word' id='word_1_438' title='bbox 1637 4386 1873 4451; x_wconf 90' lang='lat' dir='ltr'>dictum</span> <span class='ocrx_word' id='word_1_439' title='bbox 1919 4389 2033 4466; x_wconf 89' lang='lat' dir='ltr'>est,</span> <span class='ocrx_word' id='word_1_440' title='bbox 2090 4391 2158 4453; x_wconf 89' lang='lat' dir='ltr'>ut</span> <span class='ocrx_word' id='word_1_441' title='bbox 2187 4407 2258 4453; x_wconf 85' lang='lat' dir='ltr'>ex</span> <span class='ocrx_word' id='word_1_442' title='bbox 2283 4389 2399 4454; x_wconf 89' lang='lat' dir='ltr'>hoc</span> <span class='ocrx_word' id='word_1_443' title='bbox 2445 4390 2768 4455; x_wconf 89' lang='lat' dir='ltr'>sinistrum</span> <span class='ocrx_word' id='word_1_444' title='bbox 2816 4388 3061 4473; x_wconf 86' lang='lat' dir='ltr'>aliquod</span> <span class='ocrx_word' id='word_1_445' title='bbox 3109 4388 3184 4453; x_wconf 90' lang='lat' dir='ltr'>de</span> 
     </span>
     <span class='ocr_line' id='line_1_45' title="bbox 455 4475 3183 4559; baseline 0.001 -21"><span class='ocrx_word' id='word_1_446' title='bbox 455 4475 587 4559; x_wconf 88' lang='lat' dir='ltr'>ipsa</span> <span class='ocrx_word' id='word_1_447' title='bbox 635 4478 901 4556; x_wconf 89' lang='lat' dir='ltr'>nequeat</span> <span class='ocrx_word' id='word_1_448' title='bbox 946 4475 1206 4538; x_wconf 85' lang='lat' dir='ltr'>evenire.</span> <span class='ocrx_word' id='word_1_449' title='bbox 1259 4475 1488 4538; x_wconf 92' lang='lat' dir='ltr'>Verum</span> <span class='ocrx_word' id='word_1_450' title='bbox 1536 4475 1691 4539; x_wconf 91' lang='lat' dir='ltr'>bene</span> <span class='ocrx_word' id='word_1_451' title='bbox 1740 4478 2178 4541; x_wconf 86' lang='lat' dir='ltr'>contentamur</span> <span class='ocrx_word' id='word_1_452' title='bbox 2225 4480 2288 4541; x_wconf 89' lang='lat' dir='ltr'>et</span> <span class='ocrx_word' id='word_1_453' title='bbox 2356 4477 2561 4558; x_wconf 88' lang='lat' dir='ltr'>placet</span> <span class='ocrx_word' id='word_1_454' title='bbox 2606 4477 2817 4555; x_wconf 92' lang='lat' dir='ltr'>nobis,</span> <span class='ocrx_word' id='word_1_455' title='bbox 2866 4478 3025 4558; x_wconf 88' lang='lat' dir='ltr'>quod</span> <span class='ocrx_word' id='word_1_456' title='bbox 3074 4493 3183 4559; x_wconf 89' lang='lat' dir='ltr'>pro</span> 
     </span>
     <span class='ocr_line' id='line_1_46' title="bbox 456 4560 3186 4646; baseline 0.001 -21"><span class='ocrx_word' id='word_1_457' title='bbox 456 4562 842 4646; x_wconf 87' lang='lat' dir='ltr'>reparatione</span> <span class='ocrx_word' id='word_1_458' title='bbox 891 4566 955 4626; x_wconf 89' lang='lat' dir='ltr'>et</span> <span class='ocrx_word' id='word_1_459' title='bbox 1001 4560 1351 4626; x_wconf 88' lang='lat' dir='ltr'>defensione</span> <span class='ocrx_word' id='word_1_460' title='bbox 1400 4562 1814 4627; x_wconf 90' lang='lat' dir='ltr'>incursionum</span> <span class='ocrx_word' id='word_1_461' title='bbox 1862 4563 2195 4629; x_wconf 88' lang='lat' dir='ltr'>castellani</span> <span class='ocrx_word' id='word_1_462' title='bbox 2242 4564 2584 4629; x_wconf 81' lang='lat' dir='ltr'>Ostrovicie</span> <span class='ocrx_word' id='word_1_463' title='bbox 2649 4568 2714 4629; x_wconf 92' lang='lat' dir='ltr'>et</span> <span class='ocrx_word' id='word_1_464' title='bbox 2775 4564 3034 4629; x_wconf 87' lang='lat' dir='ltr'>aliorum</span> <span class='ocrx_word' id='word_1_465' title='bbox 3079 4565 3186 4627; x_wconf 92' lang='lat' dir='ltr'>de-</span> 
     </span>
     <span class='ocr_line' id='line_1_47' title="bbox 453 4649 3185 4735; baseline 0 -21"><span class='ocrx_word' id='word_1_466' title='bbox 453 4650 851 4732; x_wconf 90' lang='lat' dir='ltr'>predatorum</span> <span class='ocrx_word' id='word_1_467' title='bbox 898 4649 1127 4715; x_wconf 86' lang='lat' dir='ltr'>habeat</span> <span class='ocrx_word' id='word_1_468' title='bbox 1171 4651 1235 4715; x_wconf 86' lang='lat' dir='ltr'>et</span> <span class='ocrx_word' id='word_1_469' title='bbox 1281 4651 1467 4715; x_wconf 89' lang='lat' dir='ltr'>faciat</span> <span class='ocrx_word' id='word_1_470' title='bbox 1515 4649 1691 4714; x_wconf 87' lang='lat' dir='ltr'>illam</span> <span class='ocrx_word' id='word_1_471' title='bbox 1739 4652 2188 4732; x_wconf 86' lang='lat' dir='ltr'>provisionem,</span> <span class='ocrx_word' id='word_1_472' title='bbox 2256 4671 2445 4735; x_wconf 88' lang='lat' dir='ltr'>quarn</span> <span class='ocrx_word' id='word_1_473' title='bbox 2494 4671 2639 4716; x_wconf 90' lang='lat' dir='ltr'>cum</span> <span class='ocrx_word' id='word_1_474' title='bbox 2700 4653 2928 4717; x_wconf 90' lang='lat' dir='ltr'>honore</span> <span class='ocrx_word' id='word_1_475' title='bbox 2978 4653 3185 4715; x_wconf 90' lang='lat' dir='ltr'>nostro</span> 
     </span>
     <span class='ocr_line' id='line_1_48' title="bbox 456 4737 3189 4821; baseline 0 -19"><span class='ocrx_word' id='word_1_476' title='bbox 456 4756 560 4819; x_wconf 88' lang='lat' dir='ltr'>pro</span> <span class='ocrx_word' id='word_1_477' title='bbox 609 4737 979 4817; x_wconf 84' lang='lat' dir='ltr'>defensione,</span> <span class='ocrx_word' id='word_1_478' title='bbox 1035 4737 1238 4802; x_wconf 83' lang='lat' dir='ltr'>salute</span> <span class='ocrx_word' id='word_1_479' title='bbox 1285 4739 1349 4803; x_wconf 91' lang='lat' dir='ltr'>et</span> <span class='ocrx_word' id='word_1_480' title='bbox 1395 4738 1861 4803; x_wconf 83' lang='lat' dir='ltr'>conservatione</span> <span class='ocrx_word' id='word_1_481' title='bbox 1908 4739 2183 4804; x_wconf 87' lang='lat' dir='ltr'>civitatis</span> <span class='ocrx_word' id='word_1_482' title='bbox 2250 4742 2460 4805; x_wconf 88' lang='lat' dir='ltr'>nostre</span> <span class='ocrx_word' id='word_1_483' title='bbox 2521 4739 2794 4821; x_wconf 88' lang='lat' dir='ltr'>predicte</span> <span class='ocrx_word' id='word_1_484' title='bbox 2844 4741 2907 4802; x_wconf 90' lang='lat' dir='ltr'>et</span> <span class='ocrx_word' id='word_1_485' title='bbox 2951 4739 3189 4802; x_wconf 87' lang='lat' dir='ltr'>nostro-</span> 
     </span>
    </p>
   </div>
  </div>
 </body>
</html>
