3620 5282
2979 361 3110 427 345

393 537 577 603 Istrie
627 538 691 602 et
735 537 1072 616 Sclavonie,
1121 537 1224 620 qui
1270 538 1416 602 sunt
1437 539 1514 616 X,
1562 538 1803 621 possint
1847 539 2036 603 etiam
2082 557 2298 622 capere
2332 540 2574 622 partem
2621 558 2761 605 cum
2806 540 3104 604 libertate
3181 528 3218 585 >

378 626 664 710 possendi
713 643 935 709 ponere
979 628 1238 708 partem,
1288 626 1455 690 sicut
1501 628 1761 709 possunt
1806 625 1884 690 ad
1923 645 2195 709 presens
2248 627 2333 691 Et
2374 627 2486 692 hec
2517 627 2751 692 additio
2792 627 2972 692 duret
2997 645 3107 710 per

376 717 512 779 octo
557 715 707 792 dies,
757 714 821 777 et
865 714 1040 778 tanto
1085 714 1245 796 plus,
1293 713 1486 777 donec
1532 714 1943 777 deliberatum
2017 716 2137 778 erit
2192 715 2264 778 de
2310 715 2586 780 faciendo
2647 715 3108 797 responsionem

379 801 909 866 ambaxatoribuS.
958 800 1043 864 Et
1091 801 1143 865 si
1192 800 1518 865 consilium
1568 804 1683 866 etc.
1734 800 1884 877 314,
1934 801 2009 864 de
2055 821 2171 866 non
2217 802 2324 881 57,
2375 822 2491 868 non
2539 802 2760 868 sinceri
2818 802 2915 866 15.

461 892 676 952 Maius
724 889 1069 952 Consilium.
1114 891 1364 950 Novella
1409 892 1510 951 list
1558 893 1658 961 56,
1716 909 1758 949 u
1802 892 2143 965 mletackom
2189 895 2420 952 arkivu.

804 1079 1130 1162 DXIII.
1187 1079 1370 1161 Gon
1407 1079 1626 1163 1357.
1678 1080 1768 1162 17
1823 1080 2135 1181 lipnja,
2189 1103 2250 1162 u
2304 1081 2696 1164 metcih.

345 1196 542 1281 ,salja
586 1224 648 1266 se
684 1207 972 1280 poslanik
1032 1206 1277 1279 despota
1336 1206 1685 1279 Romanije,
1739 1208 1818 1265 da
1863 1208 2002 1265 radi
2045 1225 2130 1265 na
2189 1208 2376 1267 korist
2425 1206 2736 1268 Graciana
2783 1206 3034 1281 ajoryja
3087 1206 3114 1264 i

520 1297 697 1355 brata
740 1311 858 1366 mu,
906 1295 992 1353 ali
1036 1294 1136 1353 bez
1180 1294 1335 1367 ikoje
1382 1294 1787 1368 0d90vornosti
1830 1295 1905 1353 od
1946 1298 2150 1354 strane
2197 1296 2500 1368 republike
2546 1313 2588 1354 u
2620 1297 2703 1369 toj
2746 1297 2952 1354 stvari.

591 1414 781 1478 1357.
831 1413 1161 1478 indictione
1209 1414 1284 1491 X,
1332 1413 1431 1478 die
1479 1414 1662 1478 XVII
1709 1414 1884 1479 iunii.
1959 1415 2293 1493 Dominus,
2365 1414 2694 1480 consiliarii
2758 1418 2820 1480 et
2882 1413 3110 1497 capita,

379 1503 594 1585 capta:
643 1501 801 1585 quod
851 1501 926 1566 ad
976 1501 1317 1565 instantem
1364 1501 1882 1584 supplicationem
1931 1502 2107 1567 nobis
2153 1503 2384 1567 factam
2431 1520 2538 1584 pro
2583 1506 2757 1584 parte
2805 1521 2904 1566 ser
2950 1501 3144 1589 (lra-¹

378 1590 532 1654 tiani
581 1588 844 1672 Georgio
891 1590 954 1652 et
1002 1588 1210 1653 fratris
1258 1591 1453 1671 possit
1502 1589 1671 1652 mitti
1720 1609 1876 1654 unus
1919 1591 1994 1653 de
2040 1590 2296 1654 notariis
2344 1590 2511 1654 curie
2539 1591 2669 1654 suis
2713 1591 2996 1672 expensis
3029 1588 3107 1653 ad

378 1679 695 1742 dominum
745 1676 984 1759 despoti
1036 1677 1339 1741 Romanie
1385 1678 1462 1741 ad
1500 1678 1955 1760 procurandum
2004 1696 2145 1741 cum
2192 1696 2262 1741 eo
2311 1678 2375 1741 et
2430 1677 2590 1753 aliis,
2640 1677 2746 1742 ubi
2796 1680 2961 1741 esset
3005 1694 3110 1740 ex-

379 1766 651 1848 pediens,
699 1764 1060 1828 libertatem
1108 1767 1170 1828 et
1216 1763 1712 1828 reformationem
1759 1783 1933 1829 suam
1984 1783 2123 1828 cum
2188 1784 2261 1830 ea
2307 1766 2627 1830 honestate
2673 1768 2738 1830 et
2783 1764 3108 1842 modestIa,

379 1870 498 1935 que
544 1852 864 1917 conveniet
914 1850 1128 1916 honori
1176 1852 1241 1916 et
1284 1853 1438 1917 bono
1487 1856 1731 1929 nostro,
1795 1854 1859 1916 et
1917 1871 2059 1917 cum
2125 1852 2235 1918 illa
2295 1852 2733 1917 commissione
2782 1853 2848 1915 et
2898 1850 3105 1915 verbis

378 1940 546 2004 circa
586 1941 719 2017 hoc,
767 1958 886 2022 que
933 1937 1204 2003 dominio
1251 1939 1681 2003 convenientia
1730 1938 2134 2017 videbuntur3
2183 1940 2586 2023 intelligendo
2633 1958 2893 2023 semper,
2944 1936 3108 2020 quod

380 2045 499 2092 non
548 2027 787 2110 possint
833 2026 953 2092 dici
1002 2026 1189 2091 verba
1226 2045 1338 2091 nec
1375 2026 1619 2109 operari
1664 2026 1893 2111 aliquis
1940 2028 2135 2107 actus,
2185 2027 2291 2111 qui
2345 2028 2545 2111 possit
2591 2028 2878 2092 inducere
2928 2025 3106 2090 nobis

384 2114 745 2179 scandalum
794 2113 888 2177 vel
931 2113 1253 2179 sinistrum
1303 2116 1416 2178 aut
1461 2114 1702 2198 brigam
1752 2115 2027 2198 aliquam
2077 2114 2252 2180 nobis
2295 2114 2418 2180 ista
2462 2115 2537 2180 de
2582 2133 2785 2180 causa.

470 2205 648 2263 Misti
691 2199 1022 2264 XXVIII.
1064 2206 1121 2274 6,
1160 2221 1203 2263 u
1242 2205 1583 2264 mletackom
1629 2206 1867 2265 arkivu.

786 2393 1095 2475 nxlv.
1151 2393 1359 2477 ooo.
1405 2394 1623 2477 1357.
1678 2393 1775 2476 18
1828 2394 2140 2497 npnja,
2193 2418 2254 2477 u
2308 2396 2704 2478 motem.

461 2519 761 2578 Providur
804 2537 847 2578 u
892 2520 1221 2593 Hrvatskoj
1268 2519 1535 2593 AmdriJa
1589 2519 1752 2580 Geno
1797 2522 2053 2580 izabran
2096 2539 2171 2582 za
2211 2523 2567 2594 sam‘etnika,
2614 2520 3018 2595 nepotvrch'en.

592 2639 781 2705 1357.
831 2640 1164 2705 indictione
1211 2639 1290 2720 Χ,
1339 2640 1438 2706 die
1483 2641 1697 2706 XVIII
1742 2640 1915 2706 iunii.
1961 2640 2028 2707 Si
2077 2644 2316 2708 videtur
2360 2643 2549 2722 vobiS,
2614 2643 2775 2727 quod
2823 2661 2924 2707 ser
2975 2640 3101 2705 An-

383 2730 559 2792 dreas
608 2728 800 2806 Geno,
848 2730 949 2811 qui
1000 2731 1096 2793 est
1140 2729 1417 2811 provisor
1463 2729 1528 2792 in
1575 2729 1859 2812 partibus
1915 2729 2273 2809 Sclavonie,
2324 2733 2388 2796 et
2449 2730 2640 2795 habet
2686 2729 2986 2796 salarium
3032 2745 3105 2793 ac

381 2816 673 2881 transivit
719 2818 999 2896 confinia,
1047 2817 1244 2900 possit
1296 2815 1576 2900 aprobari
1623 2814 2010 2882 consiliarius
2057 2818 2486 2882 Veneciarum.

588 2904 890 2969 Dominus
938 2906 1004 2968 et
1048 2908 1174 2968 tres
1222 2904 1575 2969 consiliarii.
1624 2904 1853 2983 Prima,
1902 2905 2293 2987 quod-possit
2331 2906 2634 2988 aprobari.
2691 2904 2860 2982 1643
2909 2903 3112 2985 capta,

378 2990 537 3073 quod
586 3010 700 3055 non
750 2992 947 3073 possit
990 2991 1240 3075 probari
1286 2990 1449 3065 2883
1500 3009 1619 3055 non
1663 2990 1894 3055 sinceri
1939 2990 2046 3056 42.

465 3082 680 3140 Maius
725 3083 1052 3142 consilium.
1094 3082 1343 3142 Novella
1391 3084 1492 3152 53,
1537 3100 1581 3141 u
1627 3083 1847 3141 arkivu
1890 3083 2249 3143 mletaekom.

832 3271 1093 3352 va.
1147 3270 1356 3354 Gon.
1394 3270 1612 3355 1357.
1667 3272 1765 3354 19
1821 3271 2135 3374 lipnja,
2186 3294 2247 3353 u
2300 3270 2696 3354 metcih.

380 3397 728 3470 Potvrdq'uje
771 3414 834 3457 se
879 3398 1076 3457 hazan
1120 3415 1162 3456 u
1207 3416 1411 3466 novem,
1449 3399 1591 3470 koju
1624 3399 1691 3471 je
1730 3399 1992 3471 izplatiti
2036 3415 2236 3457 morao
2274 3398 2560 3458 Leonard
2608 3396 2940 3458 Contareno
2984 3399 3116 3458 ξιιμ·

559 3486 711 3544 bran·
753 3501 829 3545 za
860 3486 1200 3559 providum
1229 3503 1272 3544 u
1294 3486 1625 3558 Hrvatskoj
1668 3490 1820 3561 uate,
1868 3486 1958 3545 sto
1989 3487 2112 3560 ηϋε
2142 3486 2295 3558 1ιῇεο
2342 3489 2410 3545 tu
2452 3487 2660 3546 slukbu
2681 3488 2940 3560 primiti.

600 3602 789 3666 1357.
836 3604 947 3667 die
985 3603 1135 3668 XIX
1182 3603 1353 3668 iunii.
1404 3603 1560 3669 Cum
1609 3606 1693 3670 sit
1754 3606 2060 3688 quoddam
2122 3604 2446 3670 consilium
2506 3605 2824 3688 imponens
2891 3623 3115 3688 penam

385 3691 889 3756 ambaxatoribus
929 3691 1358 3756 recusantibus
1406 3693 1493 3756 ire
1540 3693 1614 3756 ad
1674 3695 1886 3757 nostra
1931 3692 2223 3770 servicia,
2288 3693 2352 3756 et
2396 3692 2559 3775 quod
2606 3711 2726 3757 non
2764 3692 2973 3759 valeat
3016 3692 3104 3755 eis

386 3778 697 3844 excusatio
747 3777 864 3842 nisi
910 3797 1020 3860 per
1065 3777 1504 3844 infirmitatem
1553 3779 1796 3862 proprie
1844 3798 2121 3863 persone,
2169 3781 2387 3862 patris,
2437 3781 2688 3857 matris,
2754 3779 2960 3844 uxoris
3006 3778 3117 3843 aut

386 3866 502 3930 filii
549 3867 614 3929 et
659 3866 889 3943 fratriS,
939 3868 1002 3929 et
1047 3865 1244 3947 pridie
1292 3865 1517 3931 nobilis
1564 3867 1659 3931 vir
1705 3887 1803 3933 ser
1847 3866 2201 3932 Leonardus
2247 3865 2611 3944 Contareno,
2676 3866 2910 3938 electus
2967 3883 3111 3947 pro-

389 3954 551 4018 visor
597 3952 675 4017 ad
724 3954 993 4017 eundum
1039 3952 1103 4017 in
1150 3953 1560 4033 Sclavoniam,
1600 3954 1789 4020 fuerit
1836 3974 2043 4019 coram
2074 3954 2347 4018 dominio
2380 3954 2607 4032 dicens,
2659 3956 2819 4037 quod
2861 3953 3110 4035 propter

387 4040 595 4123 aliqua
636 4059 749 4104 sua
791 4041 1062 4123 negocia,
1112 4059 1227 4123 que
1275 4041 1544 4106 habebat
1589 4041 1787 4107 facere
1835 4060 1944 4125 pro
1991 4042 2187 4126 galeis
2233 4042 2496 4106 Flandre
2541 4040 2605 4104 in
2653 4042 2929 4123 proximo
2962 4040 3111 4103 tunc

389 4127 573 4192 ituris
620 4127 790 4191 nullo
859 4129 1037 4192 modo
1106 4128 1194 4192 ire
1255 4129 1532 4212 poterat,
1604 4130 1668 4194 et
1734 4130 1927 4195 etiam
1990 4129 2136 4212 quia
2181 4129 2256 4193 de
2301 4146 2452 4193 novo
2496 4147 2646 4192 uxor
2691 4146 2802 4192 sua
2854 4128 2918 4192 et
2960 4144 3117 4190 unus

378 4234 463 4280 ex
509 4214 652 4280 filiis
699 4214 996 4279 infirmati
1057 4219 1267 4293 erant,
1333 4219 1395 4280 et
1440 4216 1602 4298 quod
1648 4218 1785 4281 erat
1831 4218 2079 4300 paratus
2128 4216 2364 4281 solvere
2405 4233 2628 4298 penam
2661 4213 2707 4279 C
2735 4215 3113 4290 ducatorum,

390 4322 506 4386 que
554 4303 754 4367 fuerat
794 4302 1087 4384 imposita
1129 4303 1546 4386 provisoribus
1596 4305 1885 4385 predictis
1933 4303 2387 4380 refutantibu83
2443 4304 2506 4367 et
2553 4320 2711 4367 nunc
2753 4301 3114 4384 compareat

388 4407 597 4455 coram
645 4389 918 4454 dominio
965 4390 1193 4469 dicens,
1244 4390 1402 4474 quod
1449 4408 1567 4454 non
1614 4391 1797 4456 debet
1844 4392 2098 4468 solvere,
2151 4391 2296 4474 quia
2346 4389 2673 4474 ignorabat
2698 4389 2934 4455 dictum
2971 4407 3117 4453 con-

391 4477 624 4554 silium,
675 4478 739 4541 et
786 4476 837 4541 si
882 4477 1085 4559 ipsum
1136 4479 1437 4556 scivisset,
1487 4478 1822 4561 allegasset
1866 4478 2292 4562 principaliter
2339 4477 2765 4542 infirmitatem
2814 4476 3021 4541 uxoris
3054 4477 3120 4540 et

393 4564 526 4648 filii,
576 4565 640 4628 et
679 4564 878 4647 ipsam
926 4565 1208 4643 iurasset,
1255 4568 1317 4630 et
1364 4584 1503 4629 cum
1569 4584 1640 4630 ea
1700 4586 1764 4631 se
1828 4566 2218 4631 excusasset:
2283 4565 2453 4629 vadit
2511 4584 2690 4648 parS,
2755 4566 2808 4629 si
2856 4563 3121 4640 videtur,

393 4651 554 4736 quod
600 4651 825 4716 debeat
871 4651 1081 4716 haberi
1131 4671 1237 4734 pro
1283 4652 1589 4729 excusato,
1638 4653 1914 4731 iurando,
1959 4651 2115 4734 quod
2163 4651 2548 4717 solummodo
2609 4669 2716 4733 pro
2773 4651 2887 4716 illa
2933 4668 3121 4716 causa

394 4738 784 4805 infirmitatis
827 4740 1034 4804 uxoris
1074 4743 1139 4804 et
1181 4740 1291 4804 filii
1341 4741 1711 4804 remanserit
1754 4743 1818 4803 et
1864 4757 1985 4804 non
2028 4739 2171 4820 alia,
2220 4738 2320 4805 vel
2359 4756 2501 4802 non.
2579 4791 2594 4804 .

3181 3025 3226 3062 .·.·
