3620 5282
2987 389 3117 460 437

754 570 1055 661 DGIII.
1111 573 1316 656 God.
1372 574 1596 657 1401.
1653 575 1705 656 8
1754 576 2200 675 kolovoza‚
2249 598 2304 656 u
2359 574 2753 657 Mletcih.

399 712 500 770 Na
545 712 727 770 molbe
773 714 1186 773 Konstantina
1224 718 1561 790 yospodara
1619 719 1901 793 srbskoya
1961 720 1985 776 i
2040 720 2276 792 njeyove
2332 719 2472 777 bene
2514 718 2722 777 Jelene
2767 718 3114 790 dozvob'ava

401 815 480 866 se,
527 799 604 856 da
648 816 818 872 moyn
864 802 1139 861 slobodno
1184 804 1315 862 dodi
1359 821 1399 861 u
1446 805 1725 863 mletadke
1764 807 2022 881 krajeve‚
2064 808 2087 863 i
2155 807 2236 862 da
2295 806 2356 863 όε
2409 803 2529 882 jim
2595 821 2658 863 se
2703 805 2883 876 m‘eka
2926 805 3110 863 dobra

864 891 1178 967 povratiti,
1227 891 1339 948 ako
1383 907 1447 949 se
1490 892 1727 965 dolense,
1777 893 1858 950 da
1883 893 2003 964 jim
2038 910 2232 965 pravo
2273 892 2620 964 pripadaju.

605 1007 791 1071 1401.
835 1008 875 1071 8
923 1009 1197 1089 augusti.
1246 1007 1398 1073 Cum
1452 1011 1573 1074 iam
1621 1011 1900 1090 pluribus
1948 1012 2163 1075 diebus
2210 1009 2628 1090 comparuerit
2702 1009 2777 1072 ad
2827 1010 3104 1073 nostram

389 1096 764 1175 presentiam
813 1094 1065 1175 quidam
1108 1095 1520 1160 ambassiator
1568 1097 1954 1162 Constantini
2019 1097 2248 1162 domini
2320 1096 2546 1171 Servie,
2597 1095 2879 1173 teritorii,
2943 1097 3103 1178 quod

389 1184 485 1244 est
531 1181 692 1245 circa
739 1182 1083 1245 terit-orium
1131 1186 1410 1246 nostrum
1462 1184 1777 1261 Durachii,
1850 1187 1915 1248 et
1991 1184 2399 1248 ambassiator
2447 1182 2637 1246 etiarn
2686 1182 2932 1247 domine
2981 1182 3107 1246 He-

390 1267 523 1330 lene
569 1269 774 1331 uxoris
820 1267 971 1332 dicti
1019 1267 1428 1345 Constantini,
1480 1290 1598 1352 que
1674 1271 1913 1335 Helena
1989 1271 2109 1336 fuit
2184 1288 2353 1334 soror
2402 1268 2637 1332 domini
2682 1267 2953 1351 Georgii,
3002 1269 3105 1351 qui

393 1355 564 1417 nobis
611 1355 781 1418 dedit
825 1354 1142 1419 civitatem
1192 1357 1508 1433 Durachii,
1557 1359 1619 1422 et
1666 1358 1870 1422 dictus
1917 1357 2332 1422 ambassiator
2378 1355 2630 1438 petierit
2677 1355 2921 1420 nomine
2967 1374 3107 1437 pre-

392 1439 718 1518 dictorum,
767 1443 928 1506 sicut
973 1442 1159 1505 etiarn
1209 1443 1490 1507 scribunt
1536 1464 1640 1525 per
1688 1463 1831 1509 suas
1879 1445 2142 1520 litteras,
2214 1444 2375 1525 quod
2454 1441 2639 1506 dictis
2709 1440 3109 1507 Constantino

395 1531 460 1590 et
504 1528 747 1591 domine
793 1529 1027 1593 Helene
1073 1529 1206 1593 fieri
1248 1529 1547 1594 faciamus
1596 1534 1834 1596 nostras
1880 1530 2163 1613 patentes
2208 1531 2474 1606 litteras,
2522 1548 2630 1610 per
2697 1546 2846 1609 quas
2893 1546 3111 1592 66666-

393 1615 610 1678 damus
655 1615 905 1691 eisdem,
953 1615 1114 1698 quod
1162 1635 1301 1681 cum
1348 1618 1477 1682 suis
1547 1617 1714 1697 filiis,
1762 1621 1829 1683 et
1903 1618 2191 1684 similiter
2268 1617 2549 1681 homiues
2598 1617 2661 1677 et
2706 1615 2940 1679 subditi
3007 1614 3105 1679 sui

393 1719 534 1764 cum
584 1719 789 1765 eorum
837 1704 1016 1767 rebus
1062 1707 1125 1766 et
1170 1704 1366 1780 bonis,
1419 1705 1674 1769 famulis
1720 1708 1785 1770 et
1825 1705 2249 1781 servitoribuS,
2301 1703 2547 1769 valeant
2591 1704 2777 1777 stare,
2813 1701 3103 1779 transire,

392 1787 582 1870 recipi
631 1791 696 1853 et
738 1790 995 1854 tractari
1041 1791 1254 1869 libere,
1303 1792 1717 1858 amicabiliter
1762 1793 1829 1856 et
1871 1811 2085 1858 secure
2124 1793 2187 1856 in
2231 1790 2386 1855 locis
2432 1794 2500 1853 et
2543 1789 2726 1852 terris
2774 1788 2971 1853 nostri
3004 1789 3107 1850 do·

395 1875 572 1938 minii
616 1894 725 1957 per
773 1876 950 1940 illum
1000 1880 1249 1943 modum
1297 1882 1361 1943 et
1405 1879 1569 1944 sicut
1630 1880 2013 1961 recipiuntur
2081 1880 2146 1942 et
2223 1878 2573 1942 tractantur
2646 1875 2843 1939 nostri
2921 1874 3106 1939 cives.

330 2044 331 2047 Ἴ
396 1962 554 2025 Item
602 1962 763 2044 petit
808 1963 1010 2027 dictus
1052 1966 1466 2030 ambassiator
1493 1985 1618 2053 pro
1663 1968 1840 2050 parte
1885 1966 2049 2031 dicte
2094 1965 2339 2031 domine
2390 1963 2647 2039 Helene,
2712 1959 2875 2044 quod
2923 1959 3103 2024 nobis

397 2048 636 2128 placeat
681 2049 878 2114 facere
924 2050 1124 2114 eidem
1167 2051 1315 2116 dare
1359 2054 1424 2117 et
1466 2053 1784 2136 assignare
1856 2053 2096 2136 aliquas
2159 2071 2257 2117 res
2326 2056 2389 2116 et
2449 2052 2625 2127 bona,
2691 2066 2810 2130 que
2855 2046 3109 2112 fuerunt

396 2137 649 2199 condam
701 2136 934 2200 domini
980 2137 1229 2216 Georgii
1277 2139 1507 2221 'Phopie
1546 2140 1756 2205 fratris
1823 2142 1937 2217 sui,
1986 2159 2095 2222 per
2140 2139 2344 2222 ipsum
2382 2137 2636 2202 donatas
2669 2135 2831 2199 dicte
2863 2133 3110 2199 domine
3197 2172 3202 2177 ·

395 2221 631 2286 Helene
678 2226 819 2287 ante
866 2226 1130 2288 mortem
1178 2226 1325 2289 dicti
1395 2226 1631 2292 domini
1699 2227 1969 2310 Georgii,
2019 2245 2135 2310 que
2185 2244 2281 2289 res
2329 2225 2393 2288 et
2438 2224 2597 2288 bona
2636 2221 2998 2309 detinentur
3043 2220 3105 2284 in

398 2308 702 2373 Durachio
750 2315 994 2390 propter
1039 2312 1348 2394 quoddam
1387 2314 1834 2392 testimonium,
1888 2316 2047 2397 qnod
2092 2312 2241 2377 fecit
2282 2309 2591 2393 quondam
2650 2307 2903 2372 domina
2944 2305 3111 2388 Goy-

395 2396 568 2459 slava
613 2413 784 2461 soror
830 2398 978 2463 dicti
1028 2398 1260 2463 domiui
1307 2399 1556 2483 Georgii
1601 2404 1666 2466 et
1710 2401 1874 2465 dicte
1919 2399 2165 2464 domiue
2235 2399 2491 2474 Helene,
2559 2394 2640 2459 ad
2710 2411 2900 2477 quam
2946 2393 3108 2476 Goy-

396 2481 627 2546 slavam
678 2501 795 2546 non
846 2484 1209 2561 spectabant
1250 2487 1414 2551 dicte
1453 2506 1548 2551 res
1597 2506 1707 2552 666
1751 2488 1922 2552 dicta
1966 2487 2143 2564 bona,
2192 2485 2332 2568 quia
2382 2486 2517 2566 ipsa
2563 2481 2864 2546 habuerat
2894 2479 3104 2545 dotem

397 2586 595 2647 suam,
646 2574 710 2633 et
751 2570 915 2635 dicta
962 2572 1206 2635 domina
1248 2573 1489 2638 Helena
1558 2576 1790 2640 nullam
1862 2574 2069 2638 dotem
2141 2572 2463 2645 habuerat,
2530 2569 2648 2632 nisi
2712 2568 3108 2632 donationem
3201 2610 3208 2618 -

396 2655 623 2720 factam
674 2657 871 2721 eidem
921 2676 1027 2739 per
1068 2660 1302 2724 dictum
1350 2662 1663 2727 dominum
1710 2661 2083 2743 Georgium3
2153 2662 2218 2723 et
2289 2677 2392 2739 per
2440 2657 2717 2721 baiulum
2765 2657 2829 2720 et
2869 2655 3105 2736 capita-

400 2761 582 2807 neum
632 2747 912 2809 nostrum
966 2747 1258 2810 Durachii
1301 2748 1476 2811 nobis
1518 2751 1818 2830 scriptum
1866 2748 2071 2822 fuerit,
2118 2746 2278 2828 quod
2320 2743 2776 2810 consideratum
2824 2759 2959 2805 esse
2996 2759 3107 2805 ne-

398 2831 754 2907 cessarium,
805 2831 964 2913 quod
1012 2833 1221 2897 omnia
1256 2834 1449 2898 blada
1490 2839 1554 2899 et
1620 2836 1898 2917 quelibet
1962 2835 2088 2898 alia
2134 2850 2373 2915 grassa,
2422 2848 2538 2913 que
2583 2828 2950 2893 conducitur
2999 2845 3106 2907 per

397 2918 627 2980 terram
678 2918 1082 2996 Durachium,
1136 2923 1410 2985 traseaut
1453 2940 1563 3002 per
1608 2924 1775 2986 dicta
1819 2923 1955 2987 loca
2000 2922 2245 2984 domine
2290 2918 2526 2983 Helene
2577 2916 2707 2981 sive
2751 2914 2900 2978 dicti
2949 2913 3109 2978 Con-

400 3004 656 3067 stantini
707 3005 824 3069 viri
873 3007 988 3081 sui,
1037 3007 1144 3089 qui
1191 3007 1244 3071 si
1292 3007 1542 3082 vellent,
1595 3011 1841 3089 possent
1885 3008 2151 3083 obstare,
2201 3005 2470 3070 consulit
2502 3005 2723 3067 bonum
2757 3019 2911 3077 6336,
2946 3000 3108 3082 quod

401 3091 857 3170 complaceatur
904 3092 1021 3156 sibi
1071 3094 1133 3156 in
1180 3112 1271 3169 eo,
1319 3097 1479 3175 quod
1526 3094 1657 3158 fleri
1703 3098 1937 3176 potest3
2019 3094 2185 3158 vadit
2233 3111 2393 3174 pare,
2456 3090 2618 3173 quod
2667 3085 3106 3167 respondeatur

404 3176 566 3239 dicto
613 3179 1045 3243 ambassiatori
1089 3199 1229 3243 cum
1278 3181 1407 3245 illis
1456 3183 1632 3246 bonis
1679 3185 1744 3246 et
1788 3180 2220 3246 amicabilibus
2266 3178 2488 3252 verbiS‚
2563 3195 2681 3257 que
2743 3174 3109 3238 videbuntur

408 3263 699 3337 dominio,
744 3266 905 3347 quod
952 3285 1170 3330 sumus
1217 3269 1492 3331 conteuti
1540 3270 1736 3332 facere
1782 3269 2030 3331 domino
2079 3285 2190 3330 suo
2236 3269 2300 3329 et
2345 3266 2509 3327 dicte
2576 3262 2820 3326 domine
2873 3260 3108 3323 Helene

407 3353 653 3413 nostras
699 3352 941 3415 litteras
987 3357 1270 3434 patentes
1333 3354 1394 3417 iu
1462 3355 1662 3419 forma
1731 3353 2098 3428 necessaria,
2172 3371 2273 3433 per
2320 3369 2471 3432 quas
2512 3349 2747 3430 possint
2795 3346 2876 3410 ad
2924 3364 3107 3409 suum

402 3435 855 3517 beneplacitum
900 3457 1039 3501 cum
1090 3441 1218 3503 suis
1264 3441 1410 3504 filiis
1457 3444 1521 3505 et
1567 3443 1858 3506 similiter
1903 3439 1999 3505 sui
2068 3439 2408 3503 familiares
2475 3454 2617 3499 cum
2665 3452 2877 3498 eorum
2925 3432 3110 3495 rebus

401 3526 464 3585 et
510 3522 685 3587 bonis
726 3525 1213 3607 quibuscumque
1262 3528 1484 3605 venire,
1556 3530 1837 3604 transire,
1908 3528 2189 3592 recedere
2257 3527 2322 3589 et
2389 3528 2557 3587 stare
2604 3538 2816 3585 secure
2868 3520 2931 3583 in
2978 3519 3109 3582 Du·
3206 3590 3216 3598 ⁴

400 3609 612 3672 rachio
659 3613 724 3672 et
766 3611 1054 3674 omnibus
1099 3611 1252 3676 locis
1300 3625 1362 3675 et
1409 3615 1735 3680 territoriis
1783 3614 2031 3689 nostriS,
2104 3630 2176 3675 ac
2242 3611 2510 3676 debeant
2580 3606 2998 3672 amicabiliter
3043 3606 3106 3667 et

404 3696 823 3759 favorabiliter
900 3698 1082 3777 recipi
1159 3701 1224 3762 et
1284 3701 1557 3777 tractari,
1620 3705 1806 3783 prout
1890 3700 2240 3764 tractantur
2327 3702 2391 3760 et
2481 3693 2860 3775 recipiuntur
2921 3691 3108 3754 nostri

401 3783 583 3847 cives.
657 3783 748 3846 De
825 3785 1300 3849 mercationibus
1378 3806 1519 3851 vero
1595 3787 1841 3852 solvant
1885 3787 1947 3849 in
2025 3785 2331 3849 Durachio
2394 3786 2456 3847 et
2502 3783 2564 3844 in
2633 3780 2773 3843 aliis
2835 3777 3111 3840 civitati-

400 3868 515 3931 bus
554 3871 618 3933 et
663 3869 814 3933 locis
869 3871 1095 3932 nostris
1142 3873 1475 3936 secundum
1521 3873 2049 3937 consuetudinem.
2099 3872 2194 3935 Ad
2243 3870 2508 3934 alteram
2575 3869 2815 3948 partem
2863 3881 3111 3944 respon-

400 3954 637 4032 deatur,
688 3958 847 4038 quod
897 3956 1298 4036 considerato,
1348 3961 1506 4040 quod
1558 3978 1674 4023 non
1723 3960 1999 4024 ostendit
2037 3958 2213 4021 nobis
2258 3956 2531 4037 aliquam
2577 3953 2948 4033 scripturam
2999 3966 3112 4012 nec

401 4042 651 4125 aliquod
699 4043 1146 4118 testimonium,
1183 4062 1291 4124 per
1321 4048 1480 4127 quod
1529 4048 1600 4109 de
1644 4047 1777 4109 iure
1824 4046 2137 4127 appareat,
2183 4044 2349 4106 dicta
2399 4044 2557 4105 bona
2602 4042 2665 4102 et
2701 4056 2798 4101 res
2829 4038 3109 4133 spectare

402 4129 477 4191 ad
522 4129 752 4193 dictam
801 4129 1114 4194 dominam
1164 4131 1487 4210 Helenam,
1530 4151 1641 4196 666
1687 4133 1877 4197 etiam
1923 4132 2120 4195 altera
2149 4148 2308 4210 pars,
2342 4129 2438 4192 cui
2478 4125 2731 4189 dimisse
2764 4125 2909 4186 sunt
2941 4120 3108 4185 dicte

405 4231 521 4288 reS,
571 4233 686 4277 non
728 4217 824 4280 est
872 4235 1117 4296 presens
1164 4237 1269 4281 666
1316 4218 1542 4299 aliquis
1593 4238 1704 4300 pro
1742 4219 1850 4297 eis,
1900 4217 2008 4282 sed
2079 4216 2276 4280 solum
2325 4213 2674 4278 audivimus
2725 4210 3106 4289 petitionem,

404 4319 589 4382 quam
636 4301 784 4365 facit
826 4303 1101 4384 predicta
1139 4302 1386 4368 domina
1417 4305 1655 4369 Helena
1701 4307 1834 4369 sine
1881 4305 2092 4386 aliqua
2124 4301 2497 4382 probatione,
2532 4301 2596 4362 et
2626 4295 2876 4377 quidem
2892 4295 3118 4393 ’noster

402 4386 644 4451 baiulus
686 4389 935 4466 scribat,
984 4389 1145 4470 quod
1189 4390 1353 4454 dicte
1400 4392 1632 4455 Helene
1679 4396 1744 4455 et
1794 4393 1919 4455 viro
1965 4409 2074 4454 366
2107 4388 2507 4453 Constantino
2541 4383 2711 4446 dedit
2741 4398 2965 4455 omma,
3001 4397 3118 4461 que

403 4473 797 4538 dimittuntur
842 4494 952 4557 per
995 4475 1234 4540 dictum
1283 4479 1751 4554 testamentum,
1802 4481 1867 4541 et
1911 4477 2063 4541 fecit
2110 4476 2204 4537 ius
2247 4474 2366 4546 eis;
2442 4489 2555 4535 non
2609 4469 2908 4542 videmuS,
2956 4464 3117 4545 quod

409 4577 545 4622 cum
594 4562 817 4626 honore
864 4566 1073 4626 nostro
1122 4567 1185 4627 et
1231 4565 1659 4629 observatione
1710 4565 1864 4629 iuris
1911 4567 1974 4627 et
2019 4561 2261 4625 iustitie
2309 4558 2620 4638 possimus
2666 4555 2834 4618 aliud
2871 4568 3118 4650 respon-

406 4646 544 4707 dere
592 4647 644 4709 ei
692 4667 876 4729 super
921 4648 1090 4712 dicta
1134 4654 1328 4731 parte,
1379 4652 1495 4715 nisi
1543 4653 1701 4733 quod
1751 4650 2096 4715 scribemus
2121 4645 2408 4728 regimini
2438 4645 2642 4705 nostro
2686 4639 2982 4703 Durachu
3013 4653 3121 4717 pe-

406 4730 689 4796 titionem
718 4751 913 4812 suam,
940 4737 1006 4801 et
1031 4737 1464 4802 mandabimus
1494 4739 1549 4802 ei
1576 4755 1879 4819 expresse,
1904 4735 2062 4819 quod
2096 4731 2405 4797 examinet
2444 4728 2772 4810 diligenter
2797 4728 2862 4791 et
2886 4722 3124 4787 mature
