3620 5282
498 311 623 379 188

492 488 836 554 servatione
880 488 1130 553 honoris
1176 487 1372 553 nostri
1418 488 1646 571 poterit
1691 488 2175 564 dissimulande,
2224 488 2299 553 de
2345 506 2465 552 non
2531 486 2919 571 impediendo
2969 506 3035 552 se
3081 505 3222 553 cum

491 577 799 660 aliquibus
847 576 1042 660 galeis
1101 577 1198 641 vel
1264 577 1527 658 navigiis
1594 577 1827 641 domini
1889 576 2177 641 Ludovici
2244 576 2341 641 vel
2396 577 2560 659 regis
2624 575 2976 659 Hungarie3
3023 577 3087 640 et
3132 594 3226 639 re-

492 665 724 766 scribat
770 665 966 741 nobiS,
1016 664 1303 748 quicquid
1350 665 1638 730 habuerit
1684 667 1748 729 et
1792 664 2009 728 fecerit
2069 665 2130 728 in
2178 664 2520 748 premissis.
2588 665 2679 729 De
2738 682 2853 729 non
2902 664 2962 742 3,
3010 681 3224 727 omnes

490 752 941 903 Βιιέἐέίίρῗῄἕ
947 803 1049 903 ⁶1⁷1.
1095 848 1200 902 ειν.
1246 845 1352 914 29,
1398 861 1440 902 u
1488 843 1833 903 mletadkom
1879 844 2111 902 arkivu.

768 1033 1301 1116 CCLXVIII.
1376 1032 1582 1115 God.
1639 1033 1871 1117 1350.
1919 1034 2028 1117 20
2081 1033 2399 1134 limus,
2452 1055 2512 1114 u
2561 1031 2951 1115 Mlctcih.

495 1156 807 1233 Odyovara
851 1176 913 1218 se
949 1160 1365 1233 pomorskomu
1426 1162 1728 1232 kapetanu
1790 1160 1993 1233 kralja
2055 1160 2455 1234 napubskoqa
2516 1176 2588 1218 sa
2642 1158 3039 1220 zahvalnosc‘u
3084 1159 3225 1217 radi

493 1249 741 1322 njeqova
775 1249 1169 1320 postupanja,
1211 1251 1264 1306 te
1310 1264 1437 1317 one,
1481 1248 1570 1307 sto
1618 1248 1675 1306 bi
1719 1264 1849 1306 sam
1895 1247 2040 1307 helio
2111 1249 2403 1321 republici
2450 1249 2667 1321 ,φἀυἰίἱ,
2721 1249 2858 1322 sboq
2916 1247 3227 1320 obstojec'ih

703 1336 990 1395 okolnosti
1035 1336 1189 1394 neka
1233 1334 1433 1395 izkake
1478 1336 1783 1408 kapetanu
1821 1337 2238 1408 pomorskomu
2286 1337 2353 1394 ili
2396 1336 2792 1396 zadarskomu
2822 1338 3031 1395 knezu.

708 1455 895 1520 1350.
944 1456 1043 1521 die
1091 1457 1178 1520 20
1216 1456 1390 1535 iunii,
1436 1457 1627 1521 tercie
1687 1456 2061 1520 indictionis,
2126 1454 2446 1539 Sapientes
2495 1455 2847 1532 Sclavonie,
2912 1454 3220 1538 sapientes

491 1543 798 1609 ordinum.
885 1542 1118 1627 Capta:
1165 1546 1324 1626 quod
1392 1544 1653 1609 amirato
1702 1545 1873 1627 regni
1945 1543 2154 1610 Sicilie
2222 1544 2540 1625 capitaneo
2608 1543 2923 1628 galearum
2992 1542 3224 1608 domini

490 1632 780 1696 Ludovici
828 1632 1285 1715 respondeatur,
1348 1631 1749 1715 gratificando
1817 1631 2041 1696 bonam
2107 1631 2607 1712 dispositionem,
2677 1650 2858 1714 quam
2922 1634 3052 1695 tam
3118 1649 3226 1713 per

489 1719 734 1783 litteras
800 1738 942 1783 suas
989 1739 1169 1802 quam
1219 1719 1525 1803 capitanei
1589 1719 1783 1786 nostri
1841 1719 1985 1784 culfi
2031 1721 2096 1783 et
2153 1720 2415 1785 aliorum
2474 1720 2683 1784 nostro
2733 1739 2867 1783 rum
2917 1721 3225 1783 rectorum

488 1806 553 1870 in
612 1825 680 1871 eo
749 1826 880 1872 esse
936 1807 1334 1891 cognovimus
1394 1807 1470 1872 ad
1535 1807 1830 1872 honorem
1895 1810 2169 1872 nostrum
2233 1809 2298 1871 et
2365 1809 2592 1872 bonum
2658 1810 3007 1872 nostrorum
3077 1806 3227 1869 fide-

486 1893 680 1971 lium;
729 1897 793 1959 et
836 1895 995 1977 quod
1043 1894 1306 1979 receptis
1354 1897 1417 1959 et
1462 1895 1798 1961 intellectis
1846 1895 2119 1977 plenarie
2164 1895 2390 1960 litteris
2461 1896 2624 1973 suis,
2692 1896 2838 1961 licet
2899 1913 3008 1978 pro
3056 1913 3226 1957 reve-

488 1983 688 2048 rentia
734 1982 1119 2048 dominorum
1182 1984 1346 2066 regis
1414 1987 1476 2047 et
1538 1985 1785 2066 regine,
1834 1983 2282 2047 honorabilium
2339 1982 2677 2048 amicorum
2742 1985 3112 2059 nostrorum,
3164 1982 3226 2045 et

487 2089 596 2153 pro
642 2071 895 2153 speciali
943 2070 1285 2150 affectione,
1335 2090 1520 2152 quam
1589 2072 1665 2135 ad
1729 2072 1933 2153 ipsum
1995 2071 2290 2154 gerimuS,
2338 2071 2515 2136 nobis
2572 2071 2999 2152 gratissimum
3063 2068 3266 2137 esset*

489 2159 655 2222 omni
711 2160 991 2241 tempore
1052 2159 1258 2223 videre
1305 2160 1369 2223 et
1414 2160 1710 2224 honorare
1755 2174 2079 2241 personam
2127 2178 2303 2223 suam
2351 2160 2514 2224 sicut
2559 2159 2768 2232 decet,
2829 2161 3041 2222 tamen
3085 2176 3228 2221 con-

489 2245 779 2310 sideratis
826 2247 1150 2323 omnibuS,
1214 2265 1329 2330 que
1396 2247 1834 2312 consideranda
1891 2248 2145 2312 veniunt
2203 2247 2365 2311 circa
2433 2248 2581 2325 hoc,
2655 2246 2998 2324 credimus,
3067 2244 3224 2327 quod

492 2333 811 2398 honestius
857 2336 921 2399 et
965 2335 1189 2399 melius
1215 2336 1318 2412 sit,
1368 2334 1550 2417 quod,
1600 2336 1822 2418 siquid
1847 2336 2025 2401 nobis
2065 2335 2257 2400 habet
2302 2354 2619 2417 exponere,
2669 2335 2729 2399 id
2778 2354 2888 2418 per
2933 2352 3077 2399 suas
3118 2332 3227 2396 lit-

490 2422 656 2486 teras
696 2421 989 2486 distincte
1038 2425 1103 2486 et
1149 2423 1507 2506 plenissime
1575 2424 1750 2488 nobis
1799 2424 2065 2502 scribat,
2131 2424 2229 2487 vel
2294 2423 2346 2487 si
2395 2423 2552 2487 forte
2617 2422 3059 2506 acceptabilius
3107 2418 3226 2485 sibi

490 2513 671 2586 esset,
727 2509 789 2573 id
836 2509 1086 2574 refferat
1130 2512 1194 2573 et
1244 2512 1423 2574 naret
1486 2511 1806 2593 capitaneo
1862 2514 2074 2575 nostro
2139 2511 2282 2575 culfi
2349 2531 2454 2574 seu
2523 2511 2735 2575 comiti
2798 2512 2862 2575 et
2907 2509 3226 2591 capitaneo

488 2599 699 2662 nostro
750 2596 961 2676 Jadre,
1009 2598 1230 2680 quibus
1275 2599 1390 2663 hec
1436 2600 1883 2680 commisimus,
1935 2602 1999 2665 et
2045 2599 2131 2677 id,
2185 2600 2344 2681 quod
2393 2598 2758 2676 habuerint,
2808 2597 2984 2662 nobis
3038 2596 3226 2660 deno-

496 2687 641 2750 tent
686 2687 928 2750 seriose.
980 2685 1063 2750 Et
1109 2686 1418 2752 scribatur
1464 2687 1786 2769 capitaneo
1834 2690 2044 2753 nostro
2093 2689 2238 2753 culfi
2302 2689 2364 2750 et
2410 2685 2622 2752 comiti
2669 2685 2875 2764 Jadre,
2925 2685 3109 2767 quod,
3172 2683 3224 2747 si

498 2773 701 2838 dictus
749 2774 1048 2838 amiratus
1095 2774 1360 2840 voluerit
1404 2794 1539 2839 esse
1604 2795 1742 2840 cum
1804 2777 2010 2859 aliquo
2074 2795 2318 2852 eorum,
2386 2774 2638 2839 audiant
2685 2773 2973 2856 quicquid
3022 2771 3224 2836 dicere

490 2862 781 2941 voluerit,
831 2861 1130 2927 trahendo
1177 2865 1401 2940 totum,
1449 2864 1608 2945 quod
1655 2864 1986 2947 potuerint,
2050 2866 2114 2927 et
2181 2863 2357 2927 nobis
2422 2862 2845 2939 rescribendo,
2911 2862 3071 2943 quod
3116 2860 3227 2923 ha-

496 2950 702 3013 berint
748 2949 1046 3013 celeriter.
1100 2951 1191 3014 De
1238 2968 1359 3015 non
1416 2954 1467 3029 l,
1516 2970 1630 3015 non
1679 2952 1899 3017 sinceri
1951 2953 2008 3016 2.

576 3040 773 3110 Misti,
823 3039 951 3097 XX
962 3040 1062 3099 VI.
1109 3042 1213 3111 30,
1260 3060 1304 3100 u
1347 3042 1701 3101 mletackom‘
1734 3045 1968 3102 arkivu.

843 3226 1286 3311 CCLxlx.
1367 3230 1574 3313 000.
1632 3231 1859 3314 1350.
1919 3232 1968 3316 5
2024 3232 2356 3333 srpnja,
2410 3255 2471 3313 ιι
2525 3230 2915 3313 metam.

512 3353 748 3415 Odluka
803 3355 970 3428 qlede
1030 3355 1453 3430 odpremljenja
1505 3358 1840 3430 providum
1901 3376 1942 3416 u
2006 3358 2354 3433 Dalmaoiju
2398 3359 2537 3417 radi
2594 3357 3029 3432 promiem'enih
3073 3355 3228 3416 okol-

1611 3447 1769 3505 nosti
1813 3464 2132 3519 opozvana.

709 3561 895 3627 1350.
945 3562 1041 3626 die
1089 3563 1145 3626 V
1190 3562 1343 3628 iulii.
1390 3564 1713 3643 DominuS‚
1778 3565 2135 3643 consiliarii,
2201 3566 2425 3649 capita.
2499 3565 2735 3646 Capta:
2785 3584 2923 3629 cum
2974 3567 3227 3648 captum

366 3687 373 3696 ·
493 3651 683 3717 fuerit
728 3651 791 3715 in
835 3650 956 3716 isto
1003 3650 1262 3716 consilio
1309 3651 1397 3716 de
1434 3653 1735 3718 mittendo
1783 3654 2130 3736 provisores
2176 3654 2242 3719 in
2289 3653 2682 3719 Sclavoniam
2719 3653 2905 3718 certis
2950 3654 3226 3718 raciona-

490 3741 723 3806 bilibus
766 3739 970 3805 causis
1017 3738 1081 3803 et
1128 3738 1322 3816 noviS,
1377 3759 1495 3822 que
1544 3742 1691 3804 tunc
1735 3741 2125 3806 habebantur
2167 3743 2242 3806 de
2306 3760 2451 3825 rege
2498 3740 2853 3824 Hungarie,
2904 3759 3019 3822 que
3067 3759 3225 3805 nunc

494 3830 850 3894 cessarunt:
899 3827 1071 3891 vadit
1105 3844 1265 3909 pars,
1315 3827 1471 3909 quod
1519 3830 1876 3893 revocatum
1924 3829 2009 3893 sit
2048 3830 2114 3893 in
2159 3830 2363 3894 totum
2412 3830 2485 3893 de
2533 3829 2839 3894 mittendo
2887 3828 3229 3910 provisores

491 3916 836 3981 iamdictos.
885 3914 979 3978 De
1026 3932 1145 3977 non
1198 3916 1252 3990 l,
1297 3917 1361 3979 et
1406 3933 1619 3979 omnes
1666 3915 1771 3980 alii
1816 3918 1890 3980 de
1937 3918 2131 3999 parte.

575 4007 773 4077 Misti,
824 4004 1067 4064 XXVI.
1112 4005 1215 4073 34,
1261 4022 1303 4063 u
1348 4006 1688 4065 ntletackom
1735 4008 1967 4066 arkivu.

861 4194 1265 4278 coLxx.
1316 4193 1524 4276 0511.
1578 4194 1806 4278 1350.
1863 4192 1913 4278 5
1966 4195 2295 4296 srpnja,
2352 4218 2413 4276 ιι
2465 4192 2858 4275 metam.

639 4320 941 4381 Naloieno
988 4321 1298 4379 knezovom
1343 4321 1585 4390 krckim,
1624 4321 1703 4379 da
1747 4321 1937 4380 izvrse
1976 4320 2196 4380 odsude
2239 4322 2488 4380 creskim
2531 4322 2771 4381 knezom
2815 4321 3089 4380 izrec‘ene.

705 4439 891 4503 1350.
939 4438 1037 4503 die
1084 4439 1140 4502 V
1188 4439 1341 4518 iulii,
1389 4444 1601 4523 capta:
1649 4460 1789 4505 cum
1838 4459 2044 4505 comes
2090 4440 2304 4505 Chersi
2351 4460 2458 4523 per
2504 4460 2680 4506 suam
2727 4439 3231 4506 commissionem

494 4528 776 4592 teneatur
824 4528 913 4591 ire
960 4525 1155 4590 semel
1199 4526 1262 4590 in
1308 4545 1466 4593 anno
1514 4529 1591 4592 ad
1640 4528 1914 4594 insulam
1965 4528 2160 4613 Vegle
2206 4529 2284 4592 ad
2330 4529 2706 4593 audiendum
2753 4547 2963 4593 omnes
3011 4529 3075 4593 et
3107 4526 3234 4592 sin-

493 4612 671 4697 gulos
719 4613 1009 4696 conqueri
1076 4614 1352 4679 volentes
1410 4615 1486 4679 de
1553 4616 1886 4682 comitibus
1948 4616 2142 4700 Vegle
2206 4618 2269 4681 et
2331 4616 2693 4699 propinquis
2757 4635 2867 4680 seu
2925 4615 3233 4681 iudicibus

495 4718 726 4780 eorum,
776 4703 842 4767 et
886 4719 1070 4784 super
1130 4700 1398 4784 querelis
1459 4703 1963 4768 sententiantium
2019 4703 2209 4781 illud,
2273 4705 2431 4786 quod
2482 4704 2601 4768 sibi
2665 4703 2902 4769 iustum
2966 4702 3233 4782 videtur,
