3620 5282
2886 387 3016 455 325

324 572 405 633 de
483 571 772 635 Mothono
848 589 885 634 a
957 571 1172 635 sancto
1240 571 1540 652 sepulcro,
1606 569 1723 652 ipsi
1799 589 1908 652 per
1981 588 2168 635 unam
2226 571 2532 653 galeotam
2595 568 2670 634 de
2716 565 3021 634 Dalmisio

333 659 498 741 capti
546 658 811 737 fuerunt,
876 662 941 723 et
1001 660 1230 740 captivi
1293 678 1429 723 cum
1493 658 1752 741 pecunia
1828 661 1890 721 et
1965 659 2137 723 bonis
2217 660 2346 723 suis
2405 658 2554 723 illuc
2630 657 2798 721 ducti
2867 675 3012 722 cum

332 765 556 830 magno
639 765 821 811 onere
902 747 1091 811 nostri
1172 747 1426 812 dominii
1500 749 1746 828 propter
1807 747 2080 810 ordinem
2176 749 2447 811 nostrum
2535 745 2689 811 alias
2768 746 3015 827 captum

324 835 650 917 superinde
694 838 757 899 et
792 836 1171 900 notificatum
1219 836 1281 899 in
1313 854 1556 899 omnem
1592 835 1912 899 civitatem
1949 837 2013 899 et
2046 835 2252 899 locum
2284 836 2448 898 intra
2479 834 2716 899 culfum
2748 832 3013 897 existen-

331 923 456 986 tem
504 924 568 987 et
613 943 751 987 cum
799 925 1020 989 damno
1068 924 1132 987 et
1175 922 1447 1006 periculo
1493 922 1719 987 civium
1769 927 1832 986 et
1878 925 2285 987 mercatorum
2333 925 2685 987 nostrorum
2733 939 3009 985 mercan-

327 1010 483 1074 tium
532 1014 594 1074 et
654 1013 1145 1076 conversantium
1196 1030 1336 1075 cum
1383 1010 1597 1093 galeis,
1648 1011 1821 1075 bonis
1868 1013 1932 1075 et
1987 1011 2464 1075 mercationibus
2511 1009 2639 1075 suis
2710 1009 2774 1073 in
2820 1009 3016 1091 parti-

326 1100 458 1177 buS,
502 1118 762 1182 quarum
810 1099 927 1182 ipsi
975 1100 1210 1164 nobiles
1257 1101 1403 1163 sunt
1428 1099 1703 1174 oriundi;
1737 1103 1799 1161 et
1850 1101 2168 1181 propterea
2198 1099 2481 1180 expediat
2509 1096 2838 1180 superinde
2879 1114 3018 1179 pro-

322 1189 525 1251 videre
573 1189 645 1251 de
692 1187 819 1251 illis
870 1189 1178 1264 remediiS‚
1227 1208 1342 1270 que
1393 1188 1566 1252 nobis
1614 1186 1935 1269 possibilia
1978 1189 2159 1266 sunt3
2208 1188 2375 1251 vadit
2401 1205 2560 1268 pars,
2610 1185 2772 1269 quod
2803 1186 3018 1250 mitta-

322 1279 421 1338 tur
471 1278 677 1357 presto
738 1277 813 1339 ad
883 1277 1088 1357 ipsum
1147 1276 1349 1339 locum
1398 1275 1683 1339 Dalmisii
1734 1294 1890 1339 unus
1939 1279 2147 1339 noster
2194 1275 2452 1339 nuncius
2504 1293 2643 1339 cum
2688 1292 2811 1338 una
2855 1272 3015 1338 bona

325 1364 546 1427 barcha
587 1367 848 1439 armata,
883 1364 980 1427 cui
1025 1362 1468 1442 committatur,
1506 1365 1666 1444 quod
1700 1363 1751 1427 si
1777 1363 2089 1428 Johannes
2139 1363 2355 1440 banne,
2403 1361 2480 1428 ad
2525 1381 2707 1446 quem
2771 1362 3012 1443 spectat

323 1450 453 1532 ipse
499 1451 693 1529 locuS‚
743 1451 864 1516 erit
909 1451 994 1514 ibi
1046 1450 1141 1515 vel
1204 1452 1263 1514 in
1308 1452 1590 1533 partibus
1637 1470 1753 1515 non
1802 1451 2070 1516 multum
2119 1451 2394 1530 remotis,
2459 1451 2548 1515 ita
2592 1449 2755 1532 quod
2802 1467 3014 1515 secure

325 1539 410 1602 ire
457 1539 652 1620 possit
693 1540 769 1602 ad
839 1558 998 1615 eum,
1069 1538 1252 1603 vadat
1297 1542 1369 1604 ad
1418 1541 1788 1621 presentiam
1837 1556 2032 1617 suam,
2082 1544 2144 1603 et
2204 1539 2573 1620 presentatis
2622 1537 2743 1602 sibi
2787 1535 3014 1603 nostris

323 1627 552 1690 litteris
600 1626 1007 1705 credulitatis,
1042 1628 1321 1709 exponat,
1372 1630 1639 1710 qualiter
1685 1627 2018 1694 novissime
2065 1627 2141 1691 ad
2190 1628 2465 1692 nostram
2510 1624 2882 1690 audientiam
2917 1627 3015 1690 est

323 1714 674 1794 deductum,
724 1716 881 1798 quod
946 1714 1331 1780 venientibus
1376 1734 1517 1780 cum
1566 1735 1686 1781 una
1738 1717 1951 1780 nostra
1997 1716 2268 1798 griparia
2313 1719 2376 1780 et
2438 1733 2577 1779 cum
2641 1732 2760 1779 uno
2806 1715 3014 1778 nostro

320 1802 565 1885 navigio
612 1820 648 1867 a
689 1801 969 1886 sepulcro
1016 1803 1319 1868 dominico
1367 1803 1676 1887 aliquibus
1725 1803 2033 1869 nobilibus
2081 1804 2351 1887 partium
2382 1802 3011 1881 ultramontanarum‚

319 1889 439 1972 ipsi
480 1909 621 1954 cum
670 1891 892 1956 havere
954 1893 1017 1956 et
1062 1890 1235 1956 bonis
1280 1892 1408 1957 suis
1454 1912 1562 1974 per
1605 1911 1790 1956 unam
1841 1891 2149 1975 galeotam
2209 1893 2516 1957 armatam
2561 1891 2626 1956 in
2670 1889 2835 1956 dicto
2878 1888 3013 1955 loco

318 1979 575 2043 extracti
619 1978 868 2044 fuerunt
914 1979 988 2044 de
1035 1980 1197 2045 dicto
1246 1981 1508 2063 navigio,
1558 1981 1715 2065 quod
1763 1984 2126 2056 reputamus
2173 1982 2245 2045 ut
2290 1978 2596 2063 propriam
2642 1978 2860 2044 urbem
2903 1995 3019 2043 no-

320 2068 538 2146 stram,
583 2086 725 2132 cum
794 2069 964 2133 bonis
1034 2067 1187 2146 suiS‚
1251 2071 1314 2133 et
1359 2070 1587 2152 captivi
1634 2068 1806 2134 ducti
1852 2070 1928 2134 ad
1990 2069 2194 2150 ipsum
2241 2087 2420 2132 suum
2466 2067 2672 2133 locum
2709 2064 3004 2131 Dalmisii

319 2158 535 2220 contra
615 2156 892 2220 ordinem
989 2158 1052 2220 et
1132 2157 1540 2240 provisionem
1640 2158 1921 2222 nostram
2015 2156 2170 2222 alias
2247 2157 2627 2221 notificatam
2716 2155 3003 2221 omnibus

317 2241 684 2309 civitatibus
732 2246 797 2309 et
838 2243 987 2309 locis
1034 2246 1438 2310 existentibus
1486 2247 1650 2311 intra
1698 2246 1956 2323 culfum,
2004 2244 2108 2328 qui
2156 2247 2287 2310 erat
2330 2247 2396 2310 et
2440 2246 2553 2318 est,
2594 2244 2754 2326 quod
2795 2261 3006 2309 omnes

317 2332 634 2397 venientes
680 2333 756 2396 ad
803 2334 1034 2398 terram
1081 2336 1357 2398 nostram
1405 2336 1468 2398 et
1526 2335 1667 2400 inde
1708 2334 2057 2399 recedentes
2104 2334 2231 2397 tam
2281 2353 2423 2398 cum
2470 2333 2701 2398 nostris
2746 2332 3010 2414 navigiis

318 2438 499 2501 quam
548 2420 827 2498 aliorum,
877 2420 1078 2486 forent
1121 2422 1274 2486 salvi
1333 2424 1395 2486 et
1440 2422 1637 2487 securi
1705 2424 1768 2487 in
1818 2422 2091 2504 personis
2137 2420 2235 2487 vel
2296 2420 2473 2486 bonis
2520 2421 2668 2486 suis.
2750 2422 2844 2486 De
2896 2438 3014 2501 qua

317 2507 612 2572 violentia
681 2510 747 2573 et
813 2511 1082 2573 novitate
1153 2511 1383 2575 turbati
1447 2530 1659 2575 sumus
1729 2513 2023 2594 quantum
2095 2528 2228 2574 esse
2276 2528 2610 2592 possemus,
2655 2507 2799 2591 quia
2845 2506 3013 2573 nullo

317 2595 498 2662 modo
546 2597 790 2662 credere
836 2599 1210 2680 poteramus
1259 2599 1662 2664 consideratis
1711 2599 1827 2678 his,
1877 2618 1991 2683 que
2039 2597 2396 2681 scripsimus
2443 2598 2508 2662 et
2551 2596 2671 2663 dici
2705 2596 2826 2662 sibi
2858 2595 3022 2662 feci--

316 2704 455 2749 mus
504 2704 572 2750 ac
618 2688 958 2751 rectoribus
1007 2687 1123 2752 loci
1172 2688 1285 2761 tui,
1332 2690 1489 2770 quod
1555 2689 1784 2753 subditi
1835 2688 1930 2752 sui
1978 2687 2420 2769 processissent
2464 2685 2543 2750 ad
2591 2686 2833 2751 tantam
2879 2686 3011 2751 vio-

316 2773 572 2839 lentiam
619 2776 836 2839 contra
882 2776 1093 2839 nostra
1139 2776 1400 2858 navigia,
1452 2777 1731 2841 homines
1778 2778 1842 2840 et
1902 2776 2063 2840 bona
2107 2776 2433 2841 existentia
2477 2776 2538 2839 in
2588 2773 2841 2851 eisdem,
2890 2791 3007 2855 que

316 2862 486 2926 salva
533 2881 665 2926 esse
712 2864 998 2928 volumus
1047 2866 1116 2926 ut
1163 2865 1434 2945 proprios
1482 2865 1645 2929 cives
1693 2869 1934 2929 nostros
1994 2866 2058 2928 et
2124 2865 2282 2928 bona
2337 2881 2467 2928 sua.
2535 2863 2619 2927 Et
2683 2862 3020 2945 propterea.

313 2950 685 3033 requirimus
732 2951 1221 3034 magnitudinem
1256 2971 1448 3029 suam,
1498 2954 1798 3035 quatenus
1845 2947 2086 3035 placeat
2131 2955 2336 3016 tenere
2367 2952 2639 3029 modum,
2688 2950 2850 3033 quod
2884 2949 3002 3032 ipsi

314 3039 568 3114 nobiles
617 3040 780 3121 capti
825 3059 936 3121 per
967 3040 1194 3104 dictam
1243 3059 1419 3104 suam
1466 3042 1800 3123 galeotam.
1848 3059 1988 3105 cum
2038 3040 2213 3104 bonis
2246 3041 2373 3105 suis
2416 3039 2610 3103 libere
2654 3037 3002 3103 relaxentur

312 3128 376 3190 et
442 3129 838 3210 assignentur
899 3129 1017 3210 ipsi
1085 3131 1295 3192 nostro
1366 3128 1604 3206 nunci0‚
1653 3135 1724 3193 ut
1776 3129 2112 3193 habeamus
2160 3146 2405 3193 causam
2452 3125 2810 3191 remanendi
2851 3126 3004 3191 bene

313 3216 585 3279 contenti
637 3217 701 3280 et
743 3215 1004 3280 habendi
1052 3235 1211 3293 eum,
1260 3216 1540 3281 subditos
1586 3219 1650 3282 et
1711 3216 1846 3281 loca
1892 3235 2003 3281 sua
2070 3217 2131 3279 in
2178 3220 2452 3281 nostrum
2505 3216 2794 3292 amicum,
2840 3214 3004 3280 sicut

311 3304 593 3383 cupimus
643 3307 706 3368 et
753 3306 1057 3385 optamus.
1106 3305 1408 3369 Faciendo
1455 3306 1661 3370 circha
1710 3306 1897 3370 istam
1944 3306 2216 3369 nostram
2264 3303 2674 3376 intencionem
2718 3301 3000 3368 obtinen-

310 3390 455 3454 dam
503 3411 643 3456 cum
706 3392 841 3475 ipso
887 3392 1131 3457 domino
1176 3392 1459 3458 Johanne
1505 3394 1661 3459 bano
1707 3396 1907 3459 totum
1954 3393 2036 3470 id,
2086 3394 2239 3477 quod
2296 3394 2526 3474 poterit
2566 3411 2707 3457 cum
2752 3391 2893 3455 istis
2938 3392 3001 3457 et

310 3479 451 3631 alsss
498 3480 671 3545 bonis
720 3479 942 3558 verbis,
992 3482 1324 3546 secundum
1373 3483 1528 3565 quod
1578 3482 1692 3564 ipsi
1754 3482 1974 3547 nuncio
2023 3480 2176 3545 utile
2238 3485 2301 3545 et
2356 3479 2772 3546 necessarium
2817 3497 3005 3563 appa-

306 3586 372 3632 re
419 3566 487 3631 it.
2469 3612 2473 3617 -

518 3657 603 3721 Et
641 3657 694 3720 si
740 3656 968 3738 poterit
1013 3657 1287 3721 obtinere
1331 3660 1601 3722 nostram
1663 3657 2067 3722 intentionem
2128 3658 2484 3740 predictam,
2530 3658 2624 3722 ita
2665 3658 2821 3740 quod
2878 3656 2997 3740 ipsi

309 3745 540 3809 nobiles
588 3764 729 3809 cum
780 3744 953 3808 bonis
1000 3747 1125 3810 suis
1170 3746 1449 3810 totaliter
1493 3745 1852 3820 liberentur,
1901 3747 2048 3810 tunc
2079 3747 2285 3811 teneat
2330 3744 2589 3811 nuncius
2623 3749 2829 3811 noster
2864 3765 2996 3812 mo-

310 3834 472 3908 dum,
523 3834 683 3916 quod
731 3834 1009 3898 recedere
1053 3835 1291 3916 possint
1335 3832 1552 3898 deinde
1585 3835 1646 3898 et
1679 3835 1884 3897 venire
1928 3834 2005 3899 ad
2039 3836 2245 3916 partes
2279 3833 2451 3911 istas,
2485 3833 2755 3917 rogando
2786 3835 2990 3917 ipsum

212 3954 217 3957 ·
311 3921 625 3985 dominum
672 3921 1041 3997 Johannem,
1089 3922 1249 4005 quod
1295 3922 1400 3985 det
1446 3922 1656 3985 taliter
1720 3922 1776 3984 in
1828 3924 2138 3987 mandatis
2202 3923 2333 3986 suis
2380 3922 2646 3987 subditis
2692 3921 2812 3987 loci
2859 3941 2996 4004 pre-

310 4008 459 4073 dicti
507 4009 815 4088 Dalmisii,
864 4011 1018 4093 quod
1067 4011 1138 4074 de
1184 4011 1385 4075 cetero
1432 4028 1496 4073 se
1543 4009 1893 4074 abstineant
1938 4029 1976 4075 a
2017 4010 2466 4076 damnificando
2513 4012 2745 4075 nostros
2785 4011 2848 4074 et
2879 4028 2983 4074 no·

308 4097 407 4160 sta
455 4097 698 4181 navigia
747 4100 811 4161 et
856 4098 1145 4163 similiter
1189 4117 1398 4163 omnes
1431 4097 1582 4162 alios
1616 4100 1930 4163 venientes
1970 4097 2047 4163 ad
2080 4099 2395 4163 civitatem
2441 4100 2713 4163 nostram
2753 4098 2817 4162 et
2847 4097 2988 4163 inde

311 4186 658 4250 recedentes
703 4205 842 4250 cum
883 4186 1355 4252 mercationibus
1402 4189 1465 4250 et
1508 4187 1681 4251 bonis
1728 4187 1858 4251 suis
1903 4188 1966 4252 in
2015 4187 2240 4252 nostris
2273 4186 2538 4270 navigiis
2577 4185 2674 4252 vel
2705 4185 2994 4266 aliorum,

308 4273 642 4338 secundum
691 4274 848 4358 quod
897 4275 957 4338 iu
1005 4276 1140 4358 ipso
1183 4277 1394 4340 nostro
1440 4274 1650 4339 ordine
1696 4275 2063 4340 continetur.

517 4377 582 4442 Si
629 4398 771 4445 vero
818 4398 935 4444 non
983 4383 1190 4463 posset
1234 4380 1464 4445 dictam
1511 4384 1784 4445 nostram
1842 4379 2247 4446 intentionem
2292 4378 2588 4462 obtinere,
2635 4379 2786 4444 tunc
2829 4378 2996 4446 facta

308 4467 472 4531 omni
521 4468 796 4550 possibili
842 4469 1215 4550 experientia
1259 4468 1460 4533 dicere
1507 4469 1729 4533 debeat
1784 4468 1904 4549 ipsi
1963 4468 2207 4535 domino
2259 4466 2531 4532 Johanni
2601 4468 2773 4545 bano,
2821 4467 2981 4551 quod

310 4574 416 4635 pro
468 4555 693 4619 honore
740 4560 947 4620 nostro
989 4575 1106 4621 non
1146 4556 1458 4639 potuimus
1519 4557 1700 4621 aliter
1747 4556 2138 4638 pertransire,
2183 4574 2369 4637 quam
2422 4554 2738 4638 providere
2778 4574 2989 4636 super-

311 4643 450 4706 inde
493 4643 563 4706 de
609 4643 897 4708 remediis
943 4646 1300 4726 opportunis
1345 4642 1679 4709 secundum
1722 4643 1980 4708 formam
2028 4644 2219 4709 nostri
2265 4643 2492 4706 ordinis
2524 4640 2832 4717 antedicti,
2876 4642 2983 4724 qui

311 4734 424 4807 est,
471 4731 733 4795 tractare
780 4732 937 4795 tales
1006 4734 1470 4797 damnificantes
1515 4734 1758 4796 nostros
1802 4731 1900 4795 vel
1945 4730 2100 4795 alios
2148 4729 2459 4794 venientes
2490 4728 2566 4792 ad
2614 4734 2839 4794 terram
2879 4746 2986 4790 no-

310 4821 500 4882 stram
548 4819 658 4882 aut
698 4817 839 4883 inde
880 4822 1228 4884 recedentes
1276 4823 1592 4901 tamquam
1638 4818 1918 4901 publicos
1963 4818 2195 4901 piratas
2239 4818 2304 4881 et
2333 4814 2624 4880 similiter
2652 4816 2785 4880 loca
2815 4815 2980 4894 ipsos
3017 4880 3020 4883 .
