<?xml version="1.0" encoding="UTF-8"?>
<!DOCTYPE html PUBLIC "-//W3C//DTD XHTML 1.0 Transitional//EN"
    "http://www.w3.org/TR/xhtml1/DTD/xhtml1-transitional.dtd">
<html xmlns="http://www.w3.org/1999/xhtml" xml:lang="en" lang="en">
 <head>
  <title>
</title>
<meta http-equiv="Content-Type" content="text/html;charset=utf-8" />
  <meta name='ocr-system' content='tesseract 3.04.00' />
  <meta name='ocr-capabilities' content='ocr_page ocr_carea ocr_par ocr_line ocrx_word'/>
</head>
<body>
  <div class='ocr_page' id='page_1' title='image "./monumentaspecta02umjegoog_0154.png"; bbox 0 0 3620 5282; ppageno 0'>
   <div class='ocr_carea' id='block_1_1' title="bbox 544 356 664 420">
    <p class='ocr_par' dir='ltr' id='par_1_1' title="bbox 544 356 664 420">
     <span class='ocr_line' id='line_1_1' title="bbox 544 356 664 420; baseline 0.008 -1"><span class='ocrx_word' id='word_1_1' title='bbox 544 356 664 420; x_wconf 88' lang='lat'>108</span> 
     </span>
    </p>
   </div>
   <div class='ocr_carea' id='block_1_2' title="bbox 519 533 3243 4394">
    <p class='ocr_par' dir='ltr' id='par_1_2' title="bbox 524 533 3243 1499">
     <span class='ocr_line' id='line_1_2' title="bbox 530 533 3243 619; baseline 0.001 -23"><span class='ocrx_word' id='word_1_2' title='bbox 530 533 890 614; x_wconf 81' lang='lat' dir='ltr'>preconium</span> <span class='ocrx_word' id='word_1_3' title='bbox 939 534 1055 599; x_wconf 89' lang='lat' dir='ltr'>tibi</span> <span class='ocrx_word' id='word_1_4' title='bbox 1097 534 1309 599; x_wconf 85' lang='lat' dir='ltr'>exinde</span> <span class='ocrx_word' id='word_1_5' title='bbox 1358 535 1577 600; x_wconf 91' lang='lat' dir='ltr'>merito</span> <span class='ocrx_word' id='word_1_6' title='bbox 1636 534 1973 618; x_wconf 87' lang='lat' dir='ltr'>aquiratur.</span> <span class='ocrx_word' id='word_1_7' title='bbox 2036 534 2283 600; x_wconf 89' lang='lat' dir='ltr'>Dudum</span> <span class='ocrx_word' id='word_1_8' title='bbox 2347 535 2644 619; x_wconf 89' lang='lat' dir='ltr'>siquidem</span> <span class='ocrx_word' id='word_1_9' title='bbox 2674 585 2689 611; x_wconf 92' lang='lat'>,</span> <span class='ocrx_word' id='word_1_10' title='bbox 2751 534 3036 600; x_wconf 85' lang='lat' dir='ltr'>videlicet</span> <span class='ocrx_word' id='word_1_11' title='bbox 3079 533 3243 601; x_wconf 92' lang='lat' dir='ltr'>idem</span> 
     </span>
     <span class='ocr_line' id='line_1_3' title="bbox 533 620 3241 705; baseline 0.002 -22"><span class='ocrx_word' id='word_1_12' title='bbox 533 620 790 704; x_wconf 89' lang='lat' dir='ltr'>(idibus)</span> <span class='ocrx_word' id='word_1_13' title='bbox 832 621 1146 700; x_wconf 86' lang='lat' dir='ltr'>februarii,</span> <span class='ocrx_word' id='word_1_14' title='bbox 1192 622 1584 705; x_wconf 88' lang='lat' dir='ltr'>pontificatus</span> <span class='ocrx_word' id='word_1_15' title='bbox 1633 624 1823 687; x_wconf 80' lang='lat' dir='ltr'>nostri</span> <span class='ocrx_word' id='word_1_16' title='bbox 1872 644 2028 688; x_wconf 89' lang='lat' dir='ltr'>anno</span> <span class='ocrx_word' id='word_1_17' title='bbox 2082 623 2365 701; x_wconf 88' lang='lat' dir='ltr'>secundo,</span> <span class='ocrx_word' id='word_1_18' title='bbox 2415 643 2487 688; x_wconf 84' lang='lat' dir='ltr'>ex</span> <span class='ocrx_word' id='word_1_19' title='bbox 2534 624 2718 687; x_wconf 91' lang='lat' dir='ltr'>certis</span> <span class='ocrx_word' id='word_1_20' title='bbox 2766 623 3241 689; x_wconf 84' lang='lat' dir='ltr'>racionabilibus</span> 
     </span>
     <span class='ocr_line' id='line_1_4' title="bbox 527 710 3238 793; baseline 0.002 -21"><span class='ocrx_word' id='word_1_21' title='bbox 527 710 727 773; x_wconf 88' lang='lat' dir='ltr'>causis</span> <span class='ocrx_word' id='word_1_22' title='bbox 760 711 1132 791; x_wconf 80' lang='lat' dir='ltr'>provisiones</span> <span class='ocrx_word' id='word_1_23' title='bbox 1158 711 1431 774; x_wconf 89' lang='lat' dir='ltr'>omnium</span> <span class='ocrx_word' id='word_1_24' title='bbox 1470 712 1863 776; x_wconf 86' lang='lat' dir='ltr'>ecclesiarum</span> <span class='ocrx_word' id='word_1_25' title='bbox 1892 711 2336 777; x_wconf 79' lang='lat' dir='ltr'>cathedralium</span> <span class='ocrx_word' id='word_1_26' title='bbox 2386 712 2445 775; x_wconf 90' lang='lat' dir='ltr'>in</span> <span class='ocrx_word' id='word_1_27' title='bbox 2491 711 2910 793; x_wconf 76' lang='lat' dir='ltr'>patriarchatu</span> <span class='ocrx_word' id='word_1_28' title='bbox 2936 710 3238 777; x_wconf 85' lang='lat' dir='ltr'>Gradensi</span> 
     </span>
     <span class='ocr_line' id='line_1_5' title="bbox 528 797 3238 881; baseline 0.002 -22"><span class='ocrx_word' id='word_1_29' title='bbox 528 797 997 862; x_wconf 82' lang='lat' dir='ltr'>consistencium</span> <span class='ocrx_word' id='word_1_30' title='bbox 1047 801 1191 862; x_wconf 89' lang='lat' dir='ltr'>tunc</span> <span class='ocrx_word' id='word_1_31' title='bbox 1238 797 1618 876; x_wconf 87' lang='lat' dir='ltr'>vacancium,</span> <span class='ocrx_word' id='word_1_32' title='bbox 1665 803 1730 863; x_wconf 87' lang='lat' dir='ltr'>et</span> <span class='ocrx_word' id='word_1_33' title='bbox 1771 818 1886 881; x_wconf 90' lang='lat' dir='ltr'>que</span> <span class='ocrx_word' id='word_1_34' title='bbox 1934 800 1997 864; x_wconf 90' lang='lat' dir='ltr'>in</span> <span class='ocrx_word' id='word_1_35' title='bbox 2043 802 2226 863; x_wconf 87' lang='lat' dir='ltr'>antea</span> <span class='ocrx_word' id='word_1_36' title='bbox 2271 818 2460 881; x_wconf 88' lang='lat' dir='ltr'>usque</span> <span class='ocrx_word' id='word_1_37' title='bbox 2493 799 2570 863; x_wconf 91' lang='lat' dir='ltr'>ad</span> <span class='ocrx_word' id='word_1_38' title='bbox 2622 800 2931 864; x_wconf 89' lang='lat' dir='ltr'>biennium</span> <span class='ocrx_word' id='word_1_39' title='bbox 2977 819 3046 864; x_wconf 83' lang='lat' dir='ltr'>ex</span> <span class='ocrx_word' id='word_1_40' title='bbox 3091 802 3238 865; x_wconf 91' lang='lat' dir='ltr'>tunc</span> 
     </span>
     <span class='ocr_line' id='line_1_6' title="bbox 526 886 3234 970; baseline 0.001 -22"><span class='ocrx_word' id='word_1_41' title='bbox 526 886 1001 967; x_wconf 89' lang='lat' dir='ltr'>computandum</span> <span class='ocrx_word' id='word_1_42' title='bbox 1050 904 1265 950; x_wconf 90' lang='lat' dir='ltr'>vacare</span> <span class='ocrx_word' id='word_1_43' title='bbox 1311 888 1711 969; x_wconf 87' lang='lat' dir='ltr'>contingeret,</span> <span class='ocrx_word' id='word_1_44' title='bbox 1760 889 2124 952; x_wconf 88' lang='lat' dir='ltr'>ordinationi</span> <span class='ocrx_word' id='word_1_45' title='bbox 2174 889 2238 951; x_wconf 91' lang='lat' dir='ltr'>et</span> <span class='ocrx_word' id='word_1_46' title='bbox 2267 887 2651 970; x_wconf 87' lang='lat' dir='ltr'>dispositioni</span> <span class='ocrx_word' id='word_1_47' title='bbox 2678 888 2880 953; x_wconf 90' lang='lat' dir='ltr'>nostre</span> <span class='ocrx_word' id='word_1_48' title='bbox 2928 888 3041 952; x_wconf 86' lang='lat' dir='ltr'>hac</span> <span class='ocrx_word' id='word_1_49' title='bbox 3072 888 3234 953; x_wconf 87' lang='lat' dir='ltr'>sedis</span> 
     </span>
     <span class='ocr_line' id='line_1_7' title="bbox 529 973 3238 1059; baseline 0.001 -22"><span class='ocrx_word' id='word_1_50' title='bbox 529 973 853 1054; x_wconf 86' lang='lat' dir='ltr'>apostolice</span> <span class='ocrx_word' id='word_1_51' title='bbox 901 976 1314 1051; x_wconf 81' lang='lat' dir='ltr'>reservandaS,</span> <span class='ocrx_word' id='word_1_52' title='bbox 1362 975 1754 1040; x_wconf 74' lang='lat' dir='ltr'>decernentes</span> <span class='ocrx_word' id='word_1_53' title='bbox 1803 996 1873 1040; x_wconf 80' lang='lat' dir='ltr'>ex</span> <span class='ocrx_word' id='word_1_54' title='bbox 1921 982 2065 1040; x_wconf 90' lang='lat' dir='ltr'>tunc</span> <span class='ocrx_word' id='word_1_55' title='bbox 2111 976 2326 1039; x_wconf 90' lang='lat' dir='ltr'>iritum</span> <span class='ocrx_word' id='word_1_56' title='bbox 2375 978 2438 1038; x_wconf 89' lang='lat' dir='ltr'>et</span> <span class='ocrx_word' id='word_1_57' title='bbox 2484 976 2682 1054; x_wconf 90' lang='lat' dir='ltr'>inane,</span> <span class='ocrx_word' id='word_1_58' title='bbox 2733 976 2787 1039; x_wconf 90' lang='lat' dir='ltr'>si</span> <span class='ocrx_word' id='word_1_59' title='bbox 2832 994 3008 1039; x_wconf 89' lang='lat' dir='ltr'>secus</span> <span class='ocrx_word' id='word_1_60' title='bbox 3055 995 3238 1059; x_wconf 91' lang='lat' dir='ltr'>supe-</span> 
     </span>
     <span class='ocr_line' id='line_1_8' title="bbox 525 1061 3235 1147; baseline 0.001 -23"><span class='ocrx_word' id='word_1_61' title='bbox 525 1061 651 1125; x_wconf 93' lang='lat' dir='ltr'>rius</span> <span class='ocrx_word' id='word_1_62' title='bbox 698 1081 805 1143; x_wconf 90' lang='lat' dir='ltr'>per</span> <span class='ocrx_word' id='word_1_63' title='bbox 849 1080 1286 1144; x_wconf 89' lang='lat' dir='ltr'>quosquonque</span> <span class='ocrx_word' id='word_1_64' title='bbox 1333 1063 1550 1145; x_wconf 89' lang='lat' dir='ltr'>quavis</span> <span class='ocrx_word' id='word_1_65' title='bbox 1596 1064 1966 1128; x_wconf 89' lang='lat' dir='ltr'>auctoritate</span> <span class='ocrx_word' id='word_1_66' title='bbox 2009 1063 2272 1128; x_wconf 86' lang='lat' dir='ltr'>scienter</span> <span class='ocrx_word' id='word_1_67' title='bbox 2318 1063 2415 1127; x_wconf 85' lang='lat' dir='ltr'>vel</span> <span class='ocrx_word' id='word_1_68' title='bbox 2461 1064 2816 1147; x_wconf 86' lang='lat' dir='ltr'>ignoranter</span> <span class='ocrx_word' id='word_1_69' title='bbox 2860 1064 3235 1146; x_wconf 88' lang='lat' dir='ltr'>contingerit</span> 
     </span>
     <span class='ocr_line' id='line_1_9' title="bbox 524 1150 3236 1231; baseline 0.002 -19"><span class='ocrx_word' id='word_1_70' title='bbox 524 1150 916 1231; x_wconf 88' lang='lat' dir='ltr'>attemptari;</span> <span class='ocrx_word' id='word_1_71' title='bbox 966 1152 1029 1213; x_wconf 92' lang='lat' dir='ltr'>et</span> <span class='ocrx_word' id='word_1_72' title='bbox 1072 1150 1147 1214; x_wconf 91' lang='lat' dir='ltr'>de</span> <span class='ocrx_word' id='word_1_73' title='bbox 1195 1150 1331 1216; x_wconf 85' lang='lat' dir='ltr'>inde</span> <span class='ocrx_word' id='word_1_74' title='bbox 1373 1169 1511 1214; x_wconf 87' lang='lat' dir='ltr'>cum</span> <span class='ocrx_word' id='word_1_75' title='bbox 1546 1151 1684 1216; x_wconf 91' lang='lat' dir='ltr'>finis</span> <span class='ocrx_word' id='word_1_76' title='bbox 1731 1151 1882 1216; x_wconf 86' lang='lat' dir='ltr'>dicti</span> <span class='ocrx_word' id='word_1_77' title='bbox 1928 1151 2155 1216; x_wconf 89' lang='lat' dir='ltr'>biennii</span> <span class='ocrx_word' id='word_1_78' title='bbox 2206 1156 2352 1215; x_wconf 89' lang='lat' dir='ltr'>tunc</span> <span class='ocrx_word' id='word_1_79' title='bbox 2395 1151 2692 1229; x_wconf 85' lang='lat' dir='ltr'>instaret,</span> <span class='ocrx_word' id='word_1_80' title='bbox 2760 1169 2868 1215; x_wconf 91' lang='lat' dir='ltr'>nos</span> <span class='ocrx_word' id='word_1_81' title='bbox 2930 1151 3236 1217; x_wconf 86' lang='lat' dir='ltr'>similibus</span> 
     </span>
     <span class='ocr_line' id='line_1_10' title="bbox 525 1237 3236 1321; baseline 0.002 -22"><span class='ocrx_word' id='word_1_82' title='bbox 525 1237 722 1300; x_wconf 88' lang='lat' dir='ltr'>causis</span> <span class='ocrx_word' id='word_1_83' title='bbox 770 1238 924 1301; x_wconf 91' lang='lat' dir='ltr'>moti</span> <span class='ocrx_word' id='word_1_84' title='bbox 969 1238 1201 1321; x_wconf 86' lang='lat' dir='ltr'>pariter</span> <span class='ocrx_word' id='word_1_85' title='bbox 1248 1242 1311 1302; x_wconf 88' lang='lat' dir='ltr'>et</span> <span class='ocrx_word' id='word_1_86' title='bbox 1372 1239 1609 1303; x_wconf 89' lang='lat' dir='ltr'>inducti</span> <span class='ocrx_word' id='word_1_87' title='bbox 1671 1241 2147 1305; x_wconf 85' lang='lat' dir='ltr'>reservationem</span> <span class='ocrx_word' id='word_1_88' title='bbox 2211 1242 2274 1303; x_wconf 92' lang='lat' dir='ltr'>et</span> <span class='ocrx_word' id='word_1_89' title='bbox 2334 1240 2641 1304; x_wconf 90' lang='lat' dir='ltr'>decretum</span> <span class='ocrx_word' id='word_1_90' title='bbox 2699 1258 2885 1321; x_wconf 85' lang='lat' dir='ltr'>usque</span> <span class='ocrx_word' id='word_1_91' title='bbox 2947 1242 3021 1304; x_wconf 89' lang='lat' dir='ltr'>ad</span> <span class='ocrx_word' id='word_1_92' title='bbox 3085 1240 3236 1305; x_wconf 91' lang='lat' dir='ltr'>duos</span> 
     </span>
     <span class='ocr_line' id='line_1_11' title="bbox 525 1325 3233 1411; baseline 0.002 -24"><span class='ocrx_word' id='word_1_93' title='bbox 525 1342 721 1389; x_wconf 90' lang='lat' dir='ltr'>annos</span> <span class='ocrx_word' id='word_1_94' title='bbox 767 1344 803 1388; x_wconf 91' lang='lat' dir='ltr'>a</span> <span class='ocrx_word' id='word_1_95' title='bbox 848 1325 967 1389; x_wconf 82' lang='lat' dir='ltr'>fine</span> <span class='ocrx_word' id='word_1_96' title='bbox 1013 1326 1162 1391; x_wconf 87' lang='lat' dir='ltr'>dicti</span> <span class='ocrx_word' id='word_1_97' title='bbox 1214 1327 1439 1391; x_wconf 89' lang='lat' dir='ltr'>biennii</span> <span class='ocrx_word' id='word_1_98' title='bbox 1486 1328 1949 1411; x_wconf 80' lang='lat' dir='ltr'>computandoS,</span> <span class='ocrx_word' id='word_1_99' title='bbox 2007 1327 2188 1391; x_wconf 89' lang='lat' dir='ltr'>modo</span> <span class='ocrx_word' id='word_1_100' title='bbox 2237 1330 2300 1391; x_wconf 90' lang='lat' dir='ltr'>et</span> <span class='ocrx_word' id='word_1_101' title='bbox 2344 1327 2539 1391; x_wconf 90' lang='lat' dir='ltr'>forma</span> <span class='ocrx_word' id='word_1_102' title='bbox 2602 1328 2872 1410; x_wconf 83' lang='lat' dir='ltr'>expresis</span> <span class='ocrx_word' id='word_1_103' title='bbox 2934 1329 3233 1411; x_wconf 79' lang='lat' dir='ltr'>superiuS,</span> 
     </span>
     <span class='ocr_line' id='line_1_12' title="bbox 524 1412 2035 1499; baseline 0.003 -23"><span class='ocrx_word' id='word_1_104' title='bbox 524 1412 911 1478; x_wconf 81' lang='lat' dir='ltr'>extendenda</span> <span class='ocrx_word' id='word_1_105' title='bbox 956 1412 1237 1478; x_wconf 84' lang='lat' dir='ltr'>duximus</span> <span class='ocrx_word' id='word_1_106' title='bbox 1285 1422 1347 1479; x_wconf 91' lang='lat' dir='ltr'>et</span> <span class='ocrx_word' id='word_1_107' title='bbox 1396 1416 1588 1479; x_wconf 88' lang='lat' dir='ltr'>eciam</span> <span class='ocrx_word' id='word_1_108' title='bbox 1636 1418 2035 1499; x_wconf 87' lang='lat' dir='ltr'>proroganda.</span> 
     </span>
    </p>

    <p class='ocr_par' dir='ltr' id='par_1_3' title="bbox 519 1501 3239 4295">
     <span class='ocr_line' id='line_1_13' title="bbox 736 1501 3237 1587; baseline 0.001 -22"><span class='ocrx_word' id='word_1_109' title='bbox 736 1501 1145 1566; x_wconf 87' lang='lat' dir='ltr'>Postmodum</span> <span class='ocrx_word' id='word_1_110' title='bbox 1194 1522 1331 1567; x_wconf 83' lang='lat' dir='ltr'>vero</span> <span class='ocrx_word' id='word_1_111' title='bbox 1384 1502 1640 1567; x_wconf 88' lang='lat' dir='ltr'>ecclesia</span> <span class='ocrx_word' id='word_1_112' title='bbox 1701 1504 2101 1579; x_wconf 85' lang='lat' dir='ltr'>Auserensis,</span> <span class='ocrx_word' id='word_1_113' title='bbox 2167 1522 2283 1586; x_wconf 90' lang='lat' dir='ltr'>que</span> <span class='ocrx_word' id='word_1_114' title='bbox 2346 1502 2407 1567; x_wconf 91' lang='lat' dir='ltr'>in</span> <span class='ocrx_word' id='word_1_115' title='bbox 2477 1503 2899 1585; x_wconf 84' lang='lat' dir='ltr'>patriarchatu</span> <span class='ocrx_word' id='word_1_116' title='bbox 2962 1503 3237 1587; x_wconf 89' lang='lat' dir='ltr'>predicto</span> 
     </span>
     <span class='ocr_line' id='line_1_14' title="bbox 526 1590 3237 1675; baseline 0.002 -23"><span class='ocrx_word' id='word_1_117' title='bbox 526 1590 820 1661; x_wconf 87' lang='lat' dir='ltr'>constitit,</span> <span class='ocrx_word' id='word_1_118' title='bbox 867 1609 975 1673; x_wconf 91' lang='lat' dir='ltr'>per</span> <span class='ocrx_word' id='word_1_119' title='bbox 1025 1591 1259 1654; x_wconf 92' lang='lat' dir='ltr'>obitum</span> <span class='ocrx_word' id='word_1_120' title='bbox 1312 1590 1465 1656; x_wconf 92' lang='lat' dir='ltr'>bone</span> <span class='ocrx_word' id='word_1_121' title='bbox 1515 1592 1808 1656; x_wconf 89' lang='lat' dir='ltr'>memorie</span> <span class='ocrx_word' id='word_1_122' title='bbox 1857 1592 2112 1655; x_wconf 90' lang='lat' dir='ltr'>Martini</span> <span class='ocrx_word' id='word_1_123' title='bbox 2160 1591 2424 1673; x_wconf 88' lang='lat' dir='ltr'>episcopi</span> <span class='ocrx_word' id='word_1_124' title='bbox 2471 1592 2870 1669; x_wconf 80' lang='lat' dir='ltr'>AuserensiS,</span> <span class='ocrx_word' id='word_1_125' title='bbox 2925 1593 3030 1675; x_wconf 93' lang='lat' dir='ltr'>qui</span> <span class='ocrx_word' id='word_1_126' title='bbox 3079 1594 3237 1657; x_wconf 89' lang='lat' dir='ltr'>tem-</span> 
     </span>
     <span class='ocr_line' id='line_1_15' title="bbox 525 1678 3236 1762; baseline 0.001 -22"><span class='ocrx_word' id='word_1_127' title='bbox 525 1694 671 1759; x_wconf 90' lang='lat' dir='ltr'>pore</span> <span class='ocrx_word' id='word_1_128' title='bbox 717 1678 1165 1761; x_wconf 81' lang='lat' dir='ltr'>prorogationis</span> <span class='ocrx_word' id='word_1_129' title='bbox 1212 1679 1276 1742; x_wconf 90' lang='lat' dir='ltr'>et</span> <span class='ocrx_word' id='word_1_130' title='bbox 1321 1679 1691 1744; x_wconf 82' lang='lat' dir='ltr'>extensionis</span> <span class='ocrx_word' id='word_1_131' title='bbox 1738 1680 2151 1762; x_wconf 87' lang='lat' dir='ltr'>predictarum</span> <span class='ocrx_word' id='word_1_132' title='bbox 2201 1681 2373 1742; x_wconf 83' lang='lat' dir='ltr'>extra</span> <span class='ocrx_word' id='word_1_133' title='bbox 2414 1697 2730 1743; x_wconf 85' lang='lat' dir='ltr'>romanam</span> <span class='ocrx_word' id='word_1_134' title='bbox 2791 1681 3023 1744; x_wconf 87' lang='lat' dir='ltr'>curiam</span> <span class='ocrx_word' id='word_1_135' title='bbox 3070 1679 3236 1744; x_wconf 91' lang='lat' dir='ltr'>diem</span> 
     </span>
     <span class='ocr_line' id='line_1_16' title="bbox 526 1764 3237 1848; baseline 0.001 -20"><span class='ocrx_word' id='word_1_136' title='bbox 526 1764 748 1829; x_wconf 90' lang='lat' dir='ltr'>clausit</span> <span class='ocrx_word' id='word_1_137' title='bbox 794 1768 1157 1842; x_wconf 83' lang='lat' dir='ltr'>extremum,</span> <span class='ocrx_word' id='word_1_138' title='bbox 1204 1766 1465 1848; x_wconf 90' lang='lat' dir='ltr'>pastoris</span> <span class='ocrx_word' id='word_1_139' title='bbox 1514 1767 1733 1831; x_wconf 87' lang='lat' dir='ltr'>solatio</span> <span class='ocrx_word' id='word_1_140' title='bbox 1779 1768 2095 1841; x_wconf 85' lang='lat' dir='ltr'>destituta,</span> <span class='ocrx_word' id='word_1_141' title='bbox 2145 1786 2254 1831; x_wconf 90' lang='lat' dir='ltr'>nos</span> <span class='ocrx_word' id='word_1_142' title='bbox 2315 1767 2632 1830; x_wconf 88' lang='lat' dir='ltr'>vacatione</span> <span class='ocrx_word' id='word_1_143' title='bbox 2694 1767 3038 1832; x_wconf 90' lang='lat' dir='ltr'>huiusmodi</span> <span class='ocrx_word' id='word_1_144' title='bbox 3087 1766 3237 1832; x_wconf 86' lang='lat' dir='ltr'>fide-</span> 
     </span>
     <span class='ocr_line' id='line_1_17' title="bbox 526 1853 3238 1938; baseline 0.002 -23"><span class='ocrx_word' id='word_1_145' title='bbox 526 1853 729 1935; x_wconf 89' lang='lat' dir='ltr'>dignis</span> <span class='ocrx_word' id='word_1_146' title='bbox 776 1854 1071 1918; x_wconf 86' lang='lat' dir='ltr'>relatibus</span> <span class='ocrx_word' id='word_1_147' title='bbox 1109 1854 1445 1931; x_wconf 87' lang='lat' dir='ltr'>intellecta,</span> <span class='ocrx_word' id='word_1_148' title='bbox 1491 1873 1562 1918; x_wconf 88' lang='lat' dir='ltr'>ac</span> <span class='ocrx_word' id='word_1_149' title='bbox 1607 1855 1682 1918; x_wconf 89' lang='lat' dir='ltr'>ad</span> <span class='ocrx_word' id='word_1_150' title='bbox 1731 1856 2138 1938; x_wconf 83' lang='lat' dir='ltr'>provisionem</span> <span class='ocrx_word' id='word_1_151' title='bbox 2164 1855 2421 1919; x_wconf 90' lang='lat' dir='ltr'>celerem</span> <span class='ocrx_word' id='word_1_152' title='bbox 2474 1858 2537 1918; x_wconf 90' lang='lat' dir='ltr'>et</span> <span class='ocrx_word' id='word_1_153' title='bbox 2582 1853 2826 1919; x_wconf 88' lang='lat' dir='ltr'>felicem</span> <span class='ocrx_word' id='word_1_154' title='bbox 2852 1857 3012 1920; x_wconf 88' lang='lat' dir='ltr'>dicte</span> <span class='ocrx_word' id='word_1_155' title='bbox 3045 1855 3238 1920; x_wconf 88' lang='lat' dir='ltr'>eccle-</span> 
     </span>
     <span class='ocr_line' id='line_1_18' title="bbox 525 1941 3236 2025; baseline 0.001 -21"><span class='ocrx_word' id='word_1_156' title='bbox 525 1941 633 2017; x_wconf 89' lang='lat' dir='ltr'>sie,</span> <span class='ocrx_word' id='word_1_157' title='bbox 682 1941 757 2004; x_wconf 90' lang='lat' dir='ltr'>de</span> <span class='ocrx_word' id='word_1_158' title='bbox 801 1960 923 2024; x_wconf 91' lang='lat' dir='ltr'>qua</span> <span class='ocrx_word' id='word_1_159' title='bbox 970 1941 1174 2006; x_wconf 89' lang='lat' dir='ltr'>nullus</span> <span class='ocrx_word' id='word_1_160' title='bbox 1219 1944 1421 2025; x_wconf 87' lang='lat' dir='ltr'>preter</span> <span class='ocrx_word' id='word_1_161' title='bbox 1468 1960 1576 2006; x_wconf 92' lang='lat' dir='ltr'>nos</span> <span class='ocrx_word' id='word_1_162' title='bbox 1624 1962 1695 2007; x_wconf 89' lang='lat' dir='ltr'>ea</span> <span class='ocrx_word' id='word_1_163' title='bbox 1741 1944 1872 2008; x_wconf 90' lang='lat' dir='ltr'>vice</span> <span class='ocrx_word' id='word_1_164' title='bbox 1914 1943 2232 2025; x_wconf 85' lang='lat' dir='ltr'>disponere</span> <span class='ocrx_word' id='word_1_165' title='bbox 2276 1945 2545 2023; x_wconf 90' lang='lat' dir='ltr'>poterat,</span> <span class='ocrx_word' id='word_1_166' title='bbox 2596 1944 3004 2009; x_wconf 89' lang='lat' dir='ltr'>reservatione</span> <span class='ocrx_word' id='word_1_167' title='bbox 3051 1947 3117 2009; x_wconf 91' lang='lat' dir='ltr'>et</span> <span class='ocrx_word' id='word_1_168' title='bbox 3163 1946 3236 2009; x_wconf 89' lang='lat' dir='ltr'>de</span> 
     </span>
     <span class='ocr_line' id='line_1_19' title="bbox 526 2029 3238 2113; baseline 0.001 -20"><span class='ocrx_word' id='word_1_169' title='bbox 526 2032 747 2105; x_wconf 87' lang='lat' dir='ltr'>cetero,</span> <span class='ocrx_word' id='word_1_170' title='bbox 796 2029 1149 2094; x_wconf 82' lang='lat' dir='ltr'>extensione</span> <span class='ocrx_word' id='word_1_171' title='bbox 1193 2032 1256 2094; x_wconf 91' lang='lat' dir='ltr'>et</span> <span class='ocrx_word' id='word_1_172' title='bbox 1301 2031 1727 2113; x_wconf 85' lang='lat' dir='ltr'>prorogatione</span> <span class='ocrx_word' id='word_1_173' title='bbox 1775 2030 2216 2096; x_wconf 85' lang='lat' dir='ltr'>obsistentibus</span> <span class='ocrx_word' id='word_1_174' title='bbox 2277 2030 2663 2113; x_wconf 78' lang='lat' dir='ltr'>supradictiS,</span> <span class='ocrx_word' id='word_1_175' title='bbox 2711 2032 2971 2097; x_wconf 90' lang='lat' dir='ltr'>solicitis</span> <span class='ocrx_word' id='word_1_176' title='bbox 3012 2031 3238 2097; x_wconf 91' lang='lat' dir='ltr'>studiis</span> 
     </span>
     <span class='ocr_line' id='line_1_20' title="bbox 531 2117 3236 2203; baseline 0.002 -23"><span class='ocrx_word' id='word_1_177' title='bbox 531 2117 937 2195; x_wconf 83' lang='lat' dir='ltr'>intendenteS,</span> <span class='ocrx_word' id='word_1_178' title='bbox 988 2120 1052 2181; x_wconf 91' lang='lat' dir='ltr'>et</span> <span class='ocrx_word' id='word_1_179' title='bbox 1087 2118 1405 2200; x_wconf 90' lang='lat' dir='ltr'>cupientes</span> <span class='ocrx_word' id='word_1_180' title='bbox 1451 2117 1641 2183; x_wconf 86' lang='lat' dir='ltr'>talem</span> <span class='ocrx_word' id='word_1_181' title='bbox 1688 2119 1886 2183; x_wconf 89' lang='lat' dir='ltr'>eidem</span> <span class='ocrx_word' id='word_1_182' title='bbox 1921 2119 2175 2184; x_wconf 85' lang='lat' dir='ltr'>ecclesie</span> <span class='ocrx_word' id='word_1_183' title='bbox 2231 2137 2471 2201; x_wconf 89' lang='lat' dir='ltr'>preesse</span> <span class='ocrx_word' id='word_1_184' title='bbox 2518 2122 2846 2202; x_wconf 89' lang='lat' dir='ltr'>pastorem,</span> <span class='ocrx_word' id='word_1_185' title='bbox 2894 2120 2999 2203; x_wconf 91' lang='lat' dir='ltr'>qui</span> <span class='ocrx_word' id='word_1_186' title='bbox 3032 2121 3236 2199; x_wconf 82' lang='lat' dir='ltr'>sciret,</span> 
     </span>
     <span class='ocr_line' id='line_1_21' title="bbox 524 2205 3239 2292; baseline 0.003 -26"><span class='ocrx_word' id='word_1_187' title='bbox 524 2205 688 2270; x_wconf 80' lang='lat' dir='ltr'>velet</span> <span class='ocrx_word' id='word_1_188' title='bbox 734 2208 798 2270; x_wconf 91' lang='lat' dir='ltr'>et</span> <span class='ocrx_word' id='word_1_189' title='bbox 841 2208 1054 2288; x_wconf 87' lang='lat' dir='ltr'>posset</span> <span class='ocrx_word' id='word_1_190' title='bbox 1100 2206 1297 2287; x_wconf 85' lang='lat' dir='ltr'>ipsam</span> <span class='ocrx_word' id='word_1_191' title='bbox 1350 2206 1411 2270; x_wconf 92' lang='lat' dir='ltr'>in</span> <span class='ocrx_word' id='word_1_192' title='bbox 1459 2207 1587 2270; x_wconf 89' lang='lat' dir='ltr'>suis</span> <span class='ocrx_word' id='word_1_193' title='bbox 1638 2207 1870 2271; x_wconf 90' lang='lat' dir='ltr'>iuribus</span> <span class='ocrx_word' id='word_1_194' title='bbox 1912 2225 2267 2272; x_wconf 75' lang='lat' dir='ltr'>conservare</span> <span class='ocrx_word' id='word_1_195' title='bbox 2313 2226 2386 2272; x_wconf 88' lang='lat' dir='ltr'>ac</span> <span class='ocrx_word' id='word_1_196' title='bbox 2439 2208 2631 2272; x_wconf 89' lang='lat' dir='ltr'>eciam</span> <span class='ocrx_word' id='word_1_197' title='bbox 2696 2209 3030 2291; x_wconf 87' lang='lat' dir='ltr'>adaugere,</span> <span class='ocrx_word' id='word_1_198' title='bbox 3097 2213 3239 2292; x_wconf 89' lang='lat' dir='ltr'>post</span> 
     </span>
     <span class='ocr_line' id='line_1_22' title="bbox 526 2292 3239 2380; baseline 0.002 -25"><span class='ocrx_word' id='word_1_199' title='bbox 526 2292 1056 2370; x_wconf 86' lang='lat' dir='ltr'>deliberationem,</span> <span class='ocrx_word' id='word_1_200' title='bbox 1104 2312 1289 2376; x_wconf 91' lang='lat' dir='ltr'>quam</span> <span class='ocrx_word' id='word_1_201' title='bbox 1338 2314 1520 2377; x_wconf 89' lang='lat' dir='ltr'>super</span> <span class='ocrx_word' id='word_1_202' title='bbox 1566 2294 1684 2358; x_wconf 92' lang='lat' dir='ltr'>biis</span> <span class='ocrx_word' id='word_1_203' title='bbox 1736 2313 1876 2359; x_wconf 90' lang='lat' dir='ltr'>cum</span> <span class='ocrx_word' id='word_1_204' title='bbox 1944 2295 2238 2359; x_wconf 87' lang='lat' dir='ltr'>fratribus</span> <span class='ocrx_word' id='word_1_205' title='bbox 2301 2295 2526 2359; x_wconf 89' lang='lat' dir='ltr'>nostris</span> <span class='ocrx_word' id='word_1_206' title='bbox 2588 2296 2916 2360; x_wconf 82' lang='lat' dir='ltr'>habuimus</span> <span class='ocrx_word' id='word_1_207' title='bbox 2975 2295 3239 2380; x_wconf 87' lang='lat' dir='ltr'>diligen-</span> 
     </span>
     <span class='ocr_line' id='line_1_23' title="bbox 525 2381 3234 2457; baseline 0.002 -13"><span class='ocrx_word' id='word_1_208' title='bbox 525 2384 672 2457; x_wconf 88' lang='lat' dir='ltr'>tem,</span> <span class='ocrx_word' id='word_1_209' title='bbox 720 2381 971 2446; x_wconf 91' lang='lat' dir='ltr'>demum</span> <span class='ocrx_word' id='word_1_210' title='bbox 1018 2383 1092 2445; x_wconf 88' lang='lat' dir='ltr'>ad</span> <span class='ocrx_word' id='word_1_211' title='bbox 1139 2381 1431 2446; x_wconf 87' lang='lat' dir='ltr'>dilectum</span> <span class='ocrx_word' id='word_1_212' title='bbox 1479 2382 1677 2445; x_wconf 92' lang='lat' dir='ltr'>filium</span> <span class='ocrx_word' id='word_1_213' title='bbox 1712 2382 2031 2447; x_wconf 85' lang='lat' dir='ltr'>Matheum</span> <span class='ocrx_word' id='word_1_214' title='bbox 2067 2383 2329 2448; x_wconf 85' lang='lat' dir='ltr'>electum</span> <span class='ocrx_word' id='word_1_215' title='bbox 2357 2384 2720 2448; x_wconf 86' lang='lat' dir='ltr'>Auserensis</span> <span class='ocrx_word' id='word_1_216' title='bbox 2743 2384 3234 2450; x_wconf 87' lang='lat' dir='ltr'>archidiaconum</span> 
     </span>
     <span class='ocr_line' id='line_1_24' title="bbox 526 2469 3235 2551; baseline 0.002 -18"><span class='ocrx_word' id='word_1_217' title='bbox 526 2469 872 2535; x_wconf 87' lang='lat' dir='ltr'>Arbensem</span> <span class='ocrx_word' id='word_1_218' title='bbox 922 2471 984 2533; x_wconf 92' lang='lat' dir='ltr'>in</span> <span class='ocrx_word' id='word_1_219' title='bbox 1033 2469 1373 2534; x_wconf 91' lang='lat' dir='ltr'>sacerdocio</span> <span class='ocrx_word' id='word_1_220' title='bbox 1420 2470 1849 2548; x_wconf 87' lang='lat' dir='ltr'>constitutum,</span> <span class='ocrx_word' id='word_1_221' title='bbox 1896 2471 1969 2534; x_wconf 89' lang='lat' dir='ltr'>de</span> <span class='ocrx_word' id='word_1_222' title='bbox 2018 2471 2366 2536; x_wconf 84' lang='lat' dir='ltr'>litterarum</span> <span class='ocrx_word' id='word_1_223' title='bbox 2409 2471 2687 2550; x_wconf 88' lang='lat' dir='ltr'>sciencia,</span> <span class='ocrx_word' id='word_1_224' title='bbox 2736 2473 2860 2537; x_wconf 84' lang='lat' dir='ltr'>vite</span> <span class='ocrx_word' id='word_1_225' title='bbox 2893 2472 3235 2551; x_wconf 88' lang='lat' dir='ltr'>mundicia,</span> 
     </span>
     <span class='ocr_line' id='line_1_25' title="bbox 529 2557 3236 2640; baseline 0.001 -18"><span class='ocrx_word' id='word_1_226' title='bbox 529 2557 851 2622; x_wconf 80' lang='lat' dir='ltr'>honestate</span> <span class='ocrx_word' id='word_1_227' title='bbox 898 2574 1155 2635; x_wconf 90' lang='lat' dir='ltr'>morum,</span> <span class='ocrx_word' id='word_1_228' title='bbox 1205 2557 1462 2640; x_wconf 88' lang='lat' dir='ltr'>aliisque</span> <span class='ocrx_word' id='word_1_229' title='bbox 1509 2559 1809 2623; x_wconf 87' lang='lat' dir='ltr'>virtutum</span> <span class='ocrx_word' id='word_1_230' title='bbox 1863 2558 2099 2623; x_wconf 90' lang='lat' dir='ltr'>meritis</span> <span class='ocrx_word' id='word_1_231' title='bbox 2146 2558 2317 2622; x_wconf 84' lang='lat' dir='ltr'>nobis</span> <span class='ocrx_word' id='word_1_232' title='bbox 2364 2560 2429 2622; x_wconf 91' lang='lat' dir='ltr'>et</span> <span class='ocrx_word' id='word_1_233' title='bbox 2472 2558 2699 2623; x_wconf 90' lang='lat' dir='ltr'>eisdem</span> <span class='ocrx_word' id='word_1_234' title='bbox 2760 2561 2979 2626; x_wconf 82' lang='lat' dir='ltr'>vestris</span> <span class='ocrx_word' id='word_1_235' title='bbox 3025 2560 3236 2626; x_wconf 86' lang='lat' dir='ltr'>fratri-</span> 
     </span>
     <span class='ocr_line' id='line_1_26' title="bbox 531 2645 3234 2729; baseline 0.003 -20"><span class='ocrx_word' id='word_1_236' title='bbox 531 2647 642 2710; x_wconf 92' lang='lat' dir='ltr'>bus</span> <span class='ocrx_word' id='word_1_237' title='bbox 691 2650 755 2711; x_wconf 90' lang='lat' dir='ltr'>et</span> <span class='ocrx_word' id='word_1_238' title='bbox 798 2645 1242 2728; x_wconf 87' lang='lat' dir='ltr'>fidedignorum</span> <span class='ocrx_word' id='word_1_239' title='bbox 1291 2647 1665 2711; x_wconf 85' lang='lat' dir='ltr'>testimoniis</span> <span class='ocrx_word' id='word_1_240' title='bbox 1707 2649 2236 2723; x_wconf 85' lang='lat' dir='ltr'>commendatum,</span> <span class='ocrx_word' id='word_1_241' title='bbox 2304 2650 2367 2711; x_wconf 89' lang='lat' dir='ltr'>et</span> <span class='ocrx_word' id='word_1_242' title='bbox 2422 2667 2539 2729; x_wconf 91' lang='lat' dir='ltr'>que</span> <span class='ocrx_word' id='word_1_243' title='bbox 2587 2648 2779 2712; x_wconf 90' lang='lat' dir='ltr'>eciam</span> <span class='ocrx_word' id='word_1_244' title='bbox 2844 2649 3054 2715; x_wconf 90' lang='lat' dir='ltr'>dilecti</span> <span class='ocrx_word' id='word_1_245' title='bbox 3117 2652 3234 2716; x_wconf 88' lang='lat' dir='ltr'>filii</span> 
     </span>
     <span class='ocr_line' id='line_1_27' title="bbox 527 2734 3231 2818; baseline 0.002 -21"><span class='ocrx_word' id='word_1_246' title='bbox 527 2735 865 2817; x_wconf 87' lang='lat' dir='ltr'>capitulum</span> <span class='ocrx_word' id='word_1_247' title='bbox 913 2734 1187 2799; x_wconf 90' lang='lat' dir='ltr'>eiusdem</span> <span class='ocrx_word' id='word_1_248' title='bbox 1236 2735 1490 2799; x_wconf 90' lang='lat' dir='ltr'>ecclesie</span> <span class='ocrx_word' id='word_1_249' title='bbox 1538 2754 1641 2816; x_wconf 91' lang='lat' dir='ltr'>per</span> <span class='ocrx_word' id='word_1_250' title='bbox 1688 2754 1831 2799; x_wconf 91' lang='lat' dir='ltr'>suas</span> <span class='ocrx_word' id='word_1_251' title='bbox 1878 2738 2157 2818; x_wconf 87' lang='lat' dir='ltr'>patentes</span> <span class='ocrx_word' id='word_1_252' title='bbox 2204 2736 2445 2799; x_wconf 86' lang='lat' dir='ltr'>litteras</span> <span class='ocrx_word' id='word_1_253' title='bbox 2502 2736 3086 2807; x_wconf 87' lang='lat' dir='ltr'>commendaverint.</span> <span class='ocrx_word' id='word_1_254' title='bbox 3136 2739 3231 2803; x_wconf 92' lang='lat' dir='ltr'>di-</span> 
     </span>
     <span class='ocr_line' id='line_1_28' title="bbox 525 2823 3232 2907; baseline 0.003 -21"><span class='ocrx_word' id='word_1_255' title='bbox 525 2823 791 2888; x_wconf 81' lang='lat' dir='ltr'>reximus</span> <span class='ocrx_word' id='word_1_256' title='bbox 816 2823 1021 2888; x_wconf 93' lang='lat' dir='ltr'>oculos</span> <span class='ocrx_word' id='word_1_257' title='bbox 1055 2824 1261 2887; x_wconf 91' lang='lat' dir='ltr'>nostre</span> <span class='ocrx_word' id='word_1_258' title='bbox 1309 2825 1570 2898; x_wconf 80' lang='lat' dir='ltr'>mentis3</span> <span class='ocrx_word' id='word_1_259' title='bbox 1598 2824 1819 2906; x_wconf 90' lang='lat' dir='ltr'>quibus</span> <span class='ocrx_word' id='word_1_260' title='bbox 1845 2824 2129 2888; x_wconf 89' lang='lat' dir='ltr'>omnibus</span> <span class='ocrx_word' id='word_1_261' title='bbox 2154 2824 2466 2889; x_wconf 79' lang='lat' dir='ltr'>antedicta</span> <span class='ocrx_word' id='word_1_262' title='bbox 2488 2823 2889 2890; x_wconf 88' lang='lat' dir='ltr'>meditatione</span> <span class='ocrx_word' id='word_1_263' title='bbox 2918 2826 3232 2907; x_wconf 79' lang='lat' dir='ltr'>discussis„</span> 
     </span>
     <span class='ocr_line' id='line_1_29' title="bbox 523 2910 3236 2995; baseline 0.003 -21"><span class='ocrx_word' id='word_1_264' title='bbox 523 2913 587 2974; x_wconf 85' lang='lat' dir='ltr'>et</span> <span class='ocrx_word' id='word_1_265' title='bbox 632 2912 705 2975; x_wconf 92' lang='lat' dir='ltr'>de</span> <span class='ocrx_word' id='word_1_266' title='bbox 750 2928 1005 2994; x_wconf 90' lang='lat' dir='ltr'>persona</span> <span class='ocrx_word' id='word_1_267' title='bbox 1058 2911 1249 2993; x_wconf 91' lang='lat' dir='ltr'>ipsius</span> <span class='ocrx_word' id='word_1_268' title='bbox 1296 2910 1533 2975; x_wconf 82' lang='lat' dir='ltr'>Mathai</span> <span class='ocrx_word' id='word_1_269' title='bbox 1583 2911 1757 2976; x_wconf 90' lang='lat' dir='ltr'>nobis</span> <span class='ocrx_word' id='word_1_270' title='bbox 1807 2914 1871 2976; x_wconf 91' lang='lat' dir='ltr'>et</span> <span class='ocrx_word' id='word_1_271' title='bbox 1915 2912 2212 2977; x_wconf 84' lang='lat' dir='ltr'>fratribus</span> <span class='ocrx_word' id='word_1_272' title='bbox 2259 2911 2551 2995; x_wconf 88' lang='lat' dir='ltr'>predictis</span> <span class='ocrx_word' id='word_1_273' title='bbox 2609 2913 2685 2976; x_wconf 92' lang='lat' dir='ltr'>ob</span> <span class='ocrx_word' id='word_1_274' title='bbox 2733 2912 3086 2980; x_wconf 81' lang='lat' dir='ltr'>huiusmodi</span> <span class='ocrx_word' id='word_1_275' title='bbox 3132 2937 3236 2982; x_wconf 89' lang='lat' dir='ltr'>su-</span> 
     </span>
     <span class='ocr_line' id='line_1_30' title="bbox 523 2999 3235 3088; baseline 0.003 -26"><span class='ocrx_word' id='word_1_276' title='bbox 523 3016 699 3063; x_wconf 92' lang='lat' dir='ltr'>orum</span> <span class='ocrx_word' id='word_1_277' title='bbox 745 2999 1113 3081; x_wconf 82' lang='lat' dir='ltr'>exigentiam</span> <span class='ocrx_word' id='word_1_278' title='bbox 1162 2999 1519 3063; x_wconf 87' lang='lat' dir='ltr'>meritorum</span> <span class='ocrx_word' id='word_1_279' title='bbox 1568 3001 1819 3082; x_wconf 76' lang='lat' dir='ltr'>accepta</span> <span class='ocrx_word' id='word_1_280' title='bbox 1864 3000 2060 3064; x_wconf 86' lang='lat' dir='ltr'>eidem</span> <span class='ocrx_word' id='word_1_281' title='bbox 2110 3001 2441 3065; x_wconf 85' lang='lat' dir='ltr'>Auserensi</span> <span class='ocrx_word' id='word_1_282' title='bbox 2490 3001 2742 3066; x_wconf 89' lang='lat' dir='ltr'>ecclesie</span> <span class='ocrx_word' id='word_1_283' title='bbox 2788 3001 3073 3069; x_wconf 85' lang='lat' dir='ltr'>duximus</span> <span class='ocrx_word' id='word_1_284' title='bbox 3099 3024 3235 3088; x_wconf 91' lang='lat' dir='ltr'>pro-</span> 
     </span>
     <span class='ocr_line' id='line_1_31' title="bbox 523 3085 3236 3172; baseline 0.003 -22"><span class='ocrx_word' id='word_1_285' title='bbox 523 3085 864 3160; x_wconf 89' lang='lat' dir='ltr'>videndum,</span> <span class='ocrx_word' id='word_1_286' title='bbox 911 3087 1233 3170; x_wconf 83' lang='lat' dir='ltr'>ipsumque</span> <span class='ocrx_word' id='word_1_287' title='bbox 1292 3087 1389 3151; x_wconf 92' lang='lat' dir='ltr'>illi</span> <span class='ocrx_word' id='word_1_288' title='bbox 1453 3086 1821 3168; x_wconf 86' lang='lat' dir='ltr'>prefecimus</span> <span class='ocrx_word' id='word_1_289' title='bbox 1877 3089 1938 3152; x_wconf 91' lang='lat' dir='ltr'>in</span> <span class='ocrx_word' id='word_1_290' title='bbox 1986 3089 2336 3172; x_wconf 88' lang='lat' dir='ltr'>episcopum</span> <span class='ocrx_word' id='word_1_291' title='bbox 2396 3091 2461 3153; x_wconf 89' lang='lat' dir='ltr'>et</span> <span class='ocrx_word' id='word_1_292' title='bbox 2522 3091 2844 3170; x_wconf 90' lang='lat' dir='ltr'>pastorem,</span> <span class='ocrx_word' id='word_1_293' title='bbox 2907 3110 3117 3156; x_wconf 86' lang='lat' dir='ltr'>curam</span> <span class='ocrx_word' id='word_1_294' title='bbox 3172 3096 3236 3158; x_wconf 91' lang='lat' dir='ltr'>et</span> 
     </span>
     <span class='ocr_line' id='line_1_32' title="bbox 522 3173 3230 3262; baseline 0.003 -25"><span class='ocrx_word' id='word_1_295' title='bbox 522 3173 1123 3239; x_wconf 89' lang='lat' dir='ltr'>administracionem</span> <span class='ocrx_word' id='word_1_296' title='bbox 1172 3175 1366 3257; x_wconf 90' lang='lat' dir='ltr'>ipsius</span> <span class='ocrx_word' id='word_1_297' title='bbox 1413 3174 1609 3239; x_wconf 85' lang='lat' dir='ltr'>eidem</span> <span class='ocrx_word' id='word_1_298' title='bbox 1659 3176 1912 3240; x_wconf 87' lang='lat' dir='ltr'>Matheo</span> <span class='ocrx_word' id='word_1_299' title='bbox 1958 3178 2153 3241; x_wconf 89' lang='lat' dir='ltr'>electo</span> <span class='ocrx_word' id='word_1_300' title='bbox 2200 3179 2327 3240; x_wconf 93' lang='lat' dir='ltr'>tam</span> <span class='ocrx_word' id='word_1_301' title='bbox 2373 3177 2432 3241; x_wconf 89' lang='lat' dir='ltr'>in</span> <span class='ocrx_word' id='word_1_302' title='bbox 2482 3177 2908 3259; x_wconf 88' lang='lat' dir='ltr'>spiritualibus</span> <span class='ocrx_word' id='word_1_303' title='bbox 2952 3198 3136 3262; x_wconf 88' lang='lat' dir='ltr'>qnam</span> <span class='ocrx_word' id='word_1_304' title='bbox 3170 3180 3230 3244; x_wconf 92' lang='lat' dir='ltr'>in</span> 
     </span>
     <span class='ocr_line' id='line_1_33' title="bbox 527 3261 3231 3350; baseline 0.003 -26"><span class='ocrx_word' id='word_1_305' title='bbox 527 3261 970 3344; x_wconf 88' lang='lat' dir='ltr'>temperalibus</span> <span class='ocrx_word' id='word_1_306' title='bbox 1016 3262 1286 3344; x_wconf 88' lang='lat' dir='ltr'>plenarie</span> <span class='ocrx_word' id='word_1_307' title='bbox 1347 3263 1788 3341; x_wconf 88' lang='lat' dir='ltr'>ammitteudo,</span> <span class='ocrx_word' id='word_1_308' title='bbox 1854 3263 2033 3328; x_wconf 88' lang='lat' dir='ltr'>firma</span> <span class='ocrx_word' id='word_1_309' title='bbox 2096 3283 2204 3347; x_wconf 89' lang='lat' dir='ltr'>spe</span> <span class='ocrx_word' id='word_1_310' title='bbox 2267 3265 2604 3346; x_wconf 87' lang='lat' dir='ltr'>fiduciaque</span> <span class='ocrx_word' id='word_1_311' title='bbox 2661 3265 3007 3347; x_wconf 81' lang='lat' dir='ltr'>conceptis,</span> <span class='ocrx_word' id='word_1_312' title='bbox 3074 3269 3231 3350; x_wconf 92' lang='lat' dir='ltr'>quod</span> 
     </span>
     <span class='ocr_line' id='line_1_34' title="bbox 524 3349 3231 3434; baseline 0.003 -22"><span class='ocrx_word' id='word_1_313' title='bbox 524 3349 720 3413; x_wconf 89' lang='lat' dir='ltr'>eidem</span> <span class='ocrx_word' id='word_1_314' title='bbox 768 3350 1019 3414; x_wconf 90' lang='lat' dir='ltr'>Matheo</span> <span class='ocrx_word' id='word_1_315' title='bbox 1067 3351 1261 3415; x_wconf 87' lang='lat' dir='ltr'>electo</span> <span class='ocrx_word' id='word_1_316' title='bbox 1308 3351 1516 3432; x_wconf 89' lang='lat' dir='ltr'>gracia</span> <span class='ocrx_word' id='word_1_317' title='bbox 1561 3352 1855 3416; x_wconf 87' lang='lat' dir='ltr'>asistente</span> <span class='ocrx_word' id='word_1_318' title='bbox 1901 3352 2110 3416; x_wconf 89' lang='lat' dir='ltr'>divina</span> <span class='ocrx_word' id='word_1_319' title='bbox 2156 3351 2370 3416; x_wconf 89' lang='lat' dir='ltr'>eadem</span> <span class='ocrx_word' id='word_1_320' title='bbox 2417 3351 2677 3416; x_wconf 86' lang='lat' dir='ltr'>ecclesia</span> <span class='ocrx_word' id='word_1_321' title='bbox 2724 3352 2836 3415; x_wconf 89' lang='lat' dir='ltr'>sub</span> <span class='ocrx_word' id='word_1_322' title='bbox 2884 3353 3077 3434; x_wconf 90' lang='lat' dir='ltr'>ipsius</span> <span class='ocrx_word' id='word_1_323' title='bbox 3140 3355 3231 3418; x_wconf 88' lang='lat' dir='ltr'>fe-</span> 
     </span>
     <span class='ocr_line' id='line_1_35' title="bbox 524 3437 3229 3523; baseline 0.002 -22"><span class='ocrx_word' id='word_1_324' title='bbox 524 3437 630 3502; x_wconf 90' lang='lat' dir='ltr'>lici</span> <span class='ocrx_word' id='word_1_325' title='bbox 676 3437 975 3521; x_wconf 89' lang='lat' dir='ltr'>regimine</span> <span class='ocrx_word' id='word_1_326' title='bbox 1025 3438 1264 3502; x_wconf 89' lang='lat' dir='ltr'>utiliter</span> <span class='ocrx_word' id='word_1_327' title='bbox 1310 3442 1371 3501; x_wconf 86' lang='lat' dir='ltr'>et</span> <span class='ocrx_word' id='word_1_328' title='bbox 1418 3457 1703 3521; x_wconf 89' lang='lat' dir='ltr'>prospere</span> <span class='ocrx_word' id='word_1_329' title='bbox 1727 3439 2048 3523; x_wconf 85' lang='lat' dir='ltr'>dirigetur,</span> <span class='ocrx_word' id='word_1_330' title='bbox 2097 3443 2394 3522; x_wconf 89' lang='lat' dir='ltr'>grataque</span> <span class='ocrx_word' id='word_1_331' title='bbox 2439 3439 2689 3503; x_wconf 91' lang='lat' dir='ltr'>honoris</span> <span class='ocrx_word' id='word_1_332' title='bbox 2737 3442 2800 3502; x_wconf 90' lang='lat' dir='ltr'>et</span> <span class='ocrx_word' id='word_1_333' title='bbox 2844 3441 3082 3506; x_wconf 84' lang='lat' dir='ltr'>comedi</span> <span class='ocrx_word' id='word_1_334' title='bbox 3128 3461 3229 3507; x_wconf 91' lang='lat' dir='ltr'>su-</span> 
     </span>
     <span class='ocr_line' id='line_1_36' title="bbox 524 3524 3227 3610; baseline 0.001 -20"><span class='ocrx_word' id='word_1_335' title='bbox 524 3525 746 3608; x_wconf 89' lang='lat' dir='ltr'>scipiet</span> <span class='ocrx_word' id='word_1_336' title='bbox 769 3525 1163 3590; x_wconf 88' lang='lat' dir='ltr'>incrementa.</span> <span class='ocrx_word' id='word_1_337' title='bbox 1212 3524 1345 3604; x_wconf 83' lang='lat' dir='ltr'>Quo</span> <span class='ocrx_word' id='word_1_338' title='bbox 1385 3527 1548 3592; x_wconf 90' lang='lat' dir='ltr'>circa</span> <span class='ocrx_word' id='word_1_339' title='bbox 1574 3527 1964 3592; x_wconf 85' lang='lat' dir='ltr'>nobilitatem</span> <span class='ocrx_word' id='word_1_340' title='bbox 1991 3531 2160 3591; x_wconf 88' lang='lat' dir='ltr'>tuam</span> <span class='ocrx_word' id='word_1_341' title='bbox 2186 3545 2470 3610; x_wconf 88' lang='lat' dir='ltr'>rogamus</span> <span class='ocrx_word' id='word_1_342' title='bbox 2517 3529 2581 3591; x_wconf 88' lang='lat' dir='ltr'>et</span> <span class='ocrx_word' id='word_1_343' title='bbox 2623 3528 2941 3593; x_wconf 89' lang='lat' dir='ltr'>hortamur</span> <span class='ocrx_word' id='word_1_344' title='bbox 2971 3532 3227 3604; x_wconf 83' lang='lat' dir='ltr'>attente,</span> 
     </span>
     <span class='ocr_line' id='line_1_37' title="bbox 522 3613 3231 3698; baseline 0.002 -21"><span class='ocrx_word' id='word_1_345' title='bbox 522 3617 823 3698; x_wconf 89' lang='lat' dir='ltr'>quatenus</span> <span class='ocrx_word' id='word_1_346' title='bbox 867 3613 1148 3678; x_wconf 87' lang='lat' dir='ltr'>eumdem</span> <span class='ocrx_word' id='word_1_347' title='bbox 1199 3614 1461 3678; x_wconf 89' lang='lat' dir='ltr'>electum</span> <span class='ocrx_word' id='word_1_348' title='bbox 1501 3633 1622 3679; x_wconf 90' lang='lat' dir='ltr'>una</span> <span class='ocrx_word' id='word_1_349' title='bbox 1666 3635 1805 3679; x_wconf 89' lang='lat' dir='ltr'>cum</span> <span class='ocrx_word' id='word_1_350' title='bbox 1854 3615 2113 3680; x_wconf 86' lang='lat' dir='ltr'>ecclesia</span> <span class='ocrx_word' id='word_1_351' title='bbox 2157 3634 2270 3679; x_wconf 90' lang='lat' dir='ltr'>suo</span> <span class='ocrx_word' id='word_1_352' title='bbox 2316 3616 2644 3680; x_wconf 90' lang='lat' dir='ltr'>commissa</span> <span class='ocrx_word' id='word_1_353' title='bbox 2689 3614 2975 3698; x_wconf 89' lang='lat' dir='ltr'>regimini</span> <span class='ocrx_word' id='word_1_354' title='bbox 3019 3619 3081 3683; x_wconf 90' lang='lat' dir='ltr'>in</span> <span class='ocrx_word' id='word_1_355' title='bbox 3119 3619 3231 3683; x_wconf 90' lang='lat' dir='ltr'>du-</span> 
     </span>
     <span class='ocr_line' id='line_1_38' title="bbox 522 3702 3230 3786; baseline 0.001 -18"><span class='ocrx_word' id='word_1_356' title='bbox 522 3706 664 3768; x_wconf 89' lang='lat' dir='ltr'>catu</span> <span class='ocrx_word' id='word_1_357' title='bbox 710 3705 815 3766; x_wconf 90' lang='lat' dir='ltr'>tuo</span> <span class='ocrx_word' id='word_1_358' title='bbox 863 3702 1266 3767; x_wconf 87' lang='lat' dir='ltr'>Veneciarum</span> <span class='ocrx_word' id='word_1_359' title='bbox 1314 3703 1671 3777; x_wconf 85' lang='lat' dir='ltr'>constituta,</span> <span class='ocrx_word' id='word_1_360' title='bbox 1715 3702 1947 3767; x_wconf 89' lang='lat' dir='ltr'>habens</span> <span class='ocrx_word' id='word_1_361' title='bbox 1990 3722 2097 3784; x_wconf 86' lang='lat' dir='ltr'>pro</span> <span class='ocrx_word' id='word_1_362' title='bbox 2145 3705 2357 3766; x_wconf 90' lang='lat' dir='ltr'>nostra</span> <span class='ocrx_word' id='word_1_363' title='bbox 2403 3706 2467 3767; x_wconf 88' lang='lat' dir='ltr'>et</span> <span class='ocrx_word' id='word_1_364' title='bbox 2530 3703 2860 3786; x_wconf 89' lang='lat' dir='ltr'>apostolice</span> <span class='ocrx_word' id='word_1_365' title='bbox 2923 3707 3086 3771; x_wconf 88' lang='lat' dir='ltr'>sedis</span> <span class='ocrx_word' id='word_1_366' title='bbox 3132 3727 3230 3772; x_wconf 88' lang='lat' dir='ltr'>re-</span> 
     </span>
     <span class='ocr_line' id='line_1_39' title="bbox 525 3790 3231 3873; baseline 0.003 -20"><span class='ocrx_word' id='word_1_367' title='bbox 525 3791 801 3855; x_wconf 84' lang='lat' dir='ltr'>verencia</span> <span class='ocrx_word' id='word_1_368' title='bbox 865 3793 1225 3873; x_wconf 90' lang='lat' dir='ltr'>propensius</span> <span class='ocrx_word' id='word_1_369' title='bbox 1286 3790 1778 3865; x_wconf 75' lang='lat' dir='ltr'>commendatos,</span> <span class='ocrx_word' id='word_1_370' title='bbox 1841 3790 2040 3854; x_wconf 87' lang='lat' dir='ltr'>eidem</span> <span class='ocrx_word' id='word_1_371' title='bbox 2105 3790 2299 3855; x_wconf 88' lang='lat' dir='ltr'>electo</span> <span class='ocrx_word' id='word_1_372' title='bbox 2360 3794 2429 3855; x_wconf 90' lang='lat' dir='ltr'>tu</span> <span class='ocrx_word' id='word_1_373' title='bbox 2488 3791 2707 3856; x_wconf 89' lang='lat' dir='ltr'>reddas</span> <span class='ocrx_word' id='word_1_374' title='bbox 2755 3791 2816 3855; x_wconf 89' lang='lat' dir='ltr'>in</span> <span class='ocrx_word' id='word_1_375' title='bbox 2871 3796 2976 3858; x_wconf 92' lang='lat' dir='ltr'>tuo</span> <span class='ocrx_word' id='word_1_376' title='bbox 3022 3794 3231 3860; x_wconf 79' lang='lat' dir='ltr'>favore</span> 
     </span>
     <span class='ocr_line' id='line_1_40' title="bbox 521 3878 3232 3963; baseline 0.002 -18"><span class='ocrx_word' id='word_1_377' title='bbox 521 3880 876 3945; x_wconf 89' lang='lat' dir='ltr'>munificum</span> <span class='ocrx_word' id='word_1_378' title='bbox 919 3881 983 3941; x_wconf 87' lang='lat' dir='ltr'>et</span> <span class='ocrx_word' id='word_1_379' title='bbox 1022 3879 1082 3943; x_wconf 92' lang='lat' dir='ltr'>in</span> <span class='ocrx_word' id='word_1_380' title='bbox 1122 3879 1306 3943; x_wconf 91' lang='lat' dir='ltr'>certis</span> <span class='ocrx_word' id='word_1_381' title='bbox 1353 3878 1875 3961; x_wconf 90' lang='lat' dir='ltr'>oportunitatibus</span> <span class='ocrx_word' id='word_1_382' title='bbox 1922 3878 2304 3963; x_wconf 87' lang='lat' dir='ltr'>graciosum,</span> <span class='ocrx_word' id='word_1_383' title='bbox 2370 3880 2460 3944; x_wconf 88' lang='lat' dir='ltr'>ita</span> <span class='ocrx_word' id='word_1_384' title='bbox 2506 3880 2664 3963; x_wconf 89' lang='lat' dir='ltr'>quod</span> <span class='ocrx_word' id='word_1_385' title='bbox 2721 3879 2853 3963; x_wconf 90' lang='lat' dir='ltr'>ipse</span> <span class='ocrx_word' id='word_1_386' title='bbox 2915 3885 3021 3947; x_wconf 89' lang='lat' dir='ltr'>tuo</span> <span class='ocrx_word' id='word_1_387' title='bbox 3067 3883 3232 3950; x_wconf 86' lang='lat' dir='ltr'>fultu</span> 
     </span>
     <span class='ocr_line' id='line_1_41' title="bbox 519 3966 3230 4056; baseline 0.002 -23"><span class='ocrx_word' id='word_1_388' title='bbox 519 3967 746 4033; x_wconf 83' lang='lat' dir='ltr'>auxilio</span> <span class='ocrx_word' id='word_1_389' title='bbox 794 3966 856 4030; x_wconf 90' lang='lat' dir='ltr'>in</span> <span class='ocrx_word' id='word_1_390' title='bbox 905 3966 1233 4031; x_wconf 89' lang='lat' dir='ltr'>commissa</span> <span class='ocrx_word' id='word_1_391' title='bbox 1280 3967 1398 4030; x_wconf 90' lang='lat' dir='ltr'>sibi</span> <span class='ocrx_word' id='word_1_392' title='bbox 1446 3985 1593 4031; x_wconf 86' lang='lat' dir='ltr'>cura</span> <span class='ocrx_word' id='word_1_393' title='bbox 1634 3966 1960 4047; x_wconf 86' lang='lat' dir='ltr'>partoralis</span> <span class='ocrx_word' id='word_1_394' title='bbox 2008 3967 2192 4032; x_wconf 80' lang='lat' dir='ltr'>officii</span> <span class='ocrx_word' id='word_1_395' title='bbox 2242 3970 2439 4049; x_wconf 82' lang='lat' dir='ltr'>possit</span> <span class='ocrx_word' id='word_1_396' title='bbox 2484 3970 2596 4032; x_wconf 91' lang='lat' dir='ltr'>deo</span> <span class='ocrx_word' id='word_1_397' title='bbox 2658 3969 2931 4052; x_wconf 90' lang='lat' dir='ltr'>propicio</span> <span class='ocrx_word' id='word_1_398' title='bbox 2977 3971 3230 4056; x_wconf 77' lang='lat' dir='ltr'>prospe-</span> 
     </span>
     <span class='ocr_line' id='line_1_42' title="bbox 523 4053 3230 4142; baseline 0.002 -23"><span class='ocrx_word' id='word_1_399' title='bbox 523 4057 663 4133; x_wconf 90' lang='lat' dir='ltr'>rari,</span> <span class='ocrx_word' id='word_1_400' title='bbox 712 4074 784 4119; x_wconf 87' lang='lat' dir='ltr'>ac</span> <span class='ocrx_word' id='word_1_401' title='bbox 829 4054 945 4120; x_wconf 90' lang='lat' dir='ltr'>tibi</span> <span class='ocrx_word' id='word_1_402' title='bbox 988 4053 1202 4119; x_wconf 83' lang='lat' dir='ltr'>exinde</span> <span class='ocrx_word' id='word_1_403' title='bbox 1271 4054 1553 4138; x_wconf 87' lang='lat' dir='ltr'>perennis</span> <span class='ocrx_word' id='word_1_404' title='bbox 1619 4054 1681 4118; x_wconf 92' lang='lat' dir='ltr'>in</span> <span class='ocrx_word' id='word_1_405' title='bbox 1744 4059 1807 4118; x_wconf 88' lang='lat' dir='ltr'>te</span> <span class='ocrx_word' id='word_1_406' title='bbox 1853 4055 2156 4138; x_wconf 88' lang='lat' dir='ltr'>premium</span> <span class='ocrx_word' id='word_1_407' title='bbox 2222 4059 2284 4119; x_wconf 89' lang='lat' dir='ltr'>et</span> <span class='ocrx_word' id='word_1_408' title='bbox 2348 4074 2385 4119; x_wconf 88' lang='lat' dir='ltr'>a</span> <span class='ocrx_word' id='word_1_409' title='bbox 2432 4055 2606 4121; x_wconf 90' lang='lat' dir='ltr'>nobis</span> <span class='ocrx_word' id='word_1_410' title='bbox 2668 4057 2974 4142; x_wconf 85' lang='lat' dir='ltr'>condigna</span> <span class='ocrx_word' id='word_1_411' title='bbox 3020 4061 3230 4125; x_wconf 89' lang='lat' dir='ltr'>veniat</span> 
     </span>
     <span class='ocr_line' id='line_1_43' title="bbox 523 4141 3229 4230; baseline 0.002 -22"><span class='ocrx_word' id='word_1_412' title='bbox 523 4144 680 4208; x_wconf 86' lang='lat' dir='ltr'>actio</span> <span class='ocrx_word' id='word_1_413' title='bbox 724 4142 1091 4226; x_wconf 86' lang='lat' dir='ltr'>gratiarum.</span> <span class='ocrx_word' id='word_1_414' title='bbox 1140 4143 1372 4208; x_wconf 88' lang='lat' dir='ltr'>Datum</span> <span class='ocrx_word' id='word_1_415' title='bbox 1420 4141 1706 4219; x_wconf 85' lang='lat' dir='ltr'>Avnioni,</span> <span class='ocrx_word' id='word_1_416' title='bbox 1756 4143 1844 4208; x_wconf 92' lang='lat' dir='ltr'>IV</span> <span class='ocrx_word' id='word_1_417' title='bbox 1891 4143 2188 4209; x_wconf 89' lang='lat' dir='ltr'>kalendas</span> <span class='ocrx_word' id='word_1_418' title='bbox 2217 4145 2590 4223; x_wconf 76' lang='lat' dir='ltr'>novembriS,</span> <span class='ocrx_word' id='word_1_419' title='bbox 2638 4145 3030 4230; x_wconf 88' lang='lat' dir='ltr'>pontificatus</span> <span class='ocrx_word' id='word_1_420' title='bbox 3069 4149 3229 4214; x_wconf 90' lang='lat' dir='ltr'>nosti</span> 
     </span>
     <span class='ocr_line' id='line_1_44' title="bbox 519 4234 910 4295; baseline 0.003 -1"><span class='ocrx_word' id='word_1_421' title='bbox 519 4249 676 4295; x_wconf 89' lang='lat' dir='ltr'>anno</span> <span class='ocrx_word' id='word_1_422' title='bbox 719 4234 910 4295; x_wconf 82' lang='lat' dir='ltr'>sexto.</span> 
     </span>
    </p>

    <p class='ocr_par' dir='ltr' id='par_1_4' title="bbox 616 4320 2278 4394">
     <span class='ocr_line' id='line_1_45' title="bbox 616 4320 2278 4394; baseline 0 -10"><span class='ocrx_word' id='word_1_423' title='bbox 616 4320 1183 4384; x_wconf 73' lang='lat' dir='ltr'>Commemorialium</span> <span class='ocrx_word' id='word_1_424' title='bbox 1228 4321 1340 4382; x_wconf 88' lang='lat' dir='ltr'>IV.</span> <span class='ocrx_word' id='word_1_425' title='bbox 1392 4325 1537 4394; x_wconf 88' lang='grc'><em>118,</em></span> <span class='ocrx_word' id='word_1_426' title='bbox 1583 4341 1625 4382; x_wconf 82' lang='lat' dir='ltr'><em>u</em></span> <span class='ocrx_word' id='word_1_427' title='bbox 1668 4323 2007 4385; x_wconf 64' lang='lat' dir='ltr'>mletackom</span> <span class='ocrx_word' id='word_1_428' title='bbox 2048 4325 2278 4387; x_wconf 71' lang='lat' dir='ltr'>arhiv-u.</span> 
     </span>
    </p>
   </div>
  </div>
 </body>
</html>
