3620 5282
522 318 653 392 258

522 499 633 577 les,
685 517 783 564 sei·
828 494 1199 562 Benedictus
1251 493 1658 577 Superancio,
1722 513 1823 561 ser
1876 494 2241 560 Dominicus
2288 495 2493 572 Bon03
2559 493 2872 578 sapientes
2920 494 3238 560 ordinum:

524 607 624 654 ser
671 587 884 653 Victor
930 583 1299 661 Vallaresso,
1351 603 1450 650 ser
1494 583 1784 649 Nicolaus
1830 582 2104 649 Gabriel.
2154 581 2392 666 Capta:
2440 583 2599 666 quod
2645 585 3090 667 respondeatur
3130 582 3237 648 do-

523 676 693 742 mino
740 675 1019 757 episcopo
1067 672 1508 754 vesprimiensi
1568 673 1953 737 ambaxatori
2016 673 2553 737 serenissimarum
2613 673 3013 737 maiestatum
3062 671 3238 736 Hun-

526 765 695 848 garie
741 764 820 827 ad
867 761 1102 827 factum
1149 761 1333 825 istius
1393 761 1551 845 lige,
1599 780 1784 843 quam
1836 761 1986 825 dicit
2031 760 2189 825 velle
2236 763 2505 826 tractare
2551 761 2719 825 iuxta
2767 759 3030 826 formam
3080 761 3241 825 arti-

531 853 655 917 culi
703 852 859 915 alias
906 848 1056 914 dicti
1094 868 1202 931 per
1233 851 1476 914 nostros
1521 850 1948 914 ambaxatores
1990 848 2239 913 domino
2284 849 2416 932 regi
2464 850 2525 912 in
2570 849 2852 932 partibus
2897 848 3236 932 Hungarie,

531 943 596 1006 et
640 937 1000 1023 paternitati
1063 956 1189 1014 sue,
1241 940 1479 1020 quando
1527 937 1629 1002 hic
1676 936 1817 1017 fuit,
1866 937 2029 1020 quod
2071 938 2332 1002 intentio
2380 939 2445 1002 et
2501 936 2826 1019 dispositio
2878 939 3087 1002 nostre
3132 936 3241 1001 do-

528 1028 883 1093 minationis
931 1027 1009 1091 ad
1055 1026 1345 1090 honorem
1394 1028 1457 1090 et
1503 1027 1740 1091 statum
1786 1025 2202 1108 predictarum
2250 1026 2654 1090 maiestatum
2699 1025 2874 1109 regni
2925 1026 2990 1089 et
3020 1042 3238 1090 corone

530 1116 850 1199 Hungarie
899 1133 1144 1197 semper
1190 1114 1612 1179 sincerissima
1658 1113 1780 1179 fuit
1826 1116 1889 1180 et
1932 1117 2049 1179 est.
2118 1114 2199 1178 Et
2246 1131 2363 1178 non
2407 1114 2766 1179 dubitamus
2813 1114 2939 1178 imo
2987 1131 3025 1177 a
3070 1113 3239 1179 certo

530 1205 859 1282 credimuS,
908 1204 1063 1285 quod
1112 1201 1249 1285 ipsa
1292 1204 1503 1267 nostra
1547 1202 1866 1285 dispositio
1911 1201 2096 1267 dictis
2143 1202 2597 1280 maiestatibus,
2645 1202 2904 1285 prelatis
2953 1205 3018 1266 et
3062 1201 3243 1266 baro-

532 1292 715 1358 nibus
755 1292 927 1376 regni
974 1290 1301 1356 notissima
1346 1295 1460 1368 est,
1511 1292 1656 1374 quia
1698 1309 1786 1364 ea,
1834 1309 1949 1373 que
1994 1290 2272 1369 fecimuS,
2318 1291 2784 1373 procuravimus
2831 1292 2894 1354 et
2940 1289 3241 1354 tractavi-

532 1401 671 1446 mus
718 1399 827 1464 pro
874 1378 1237 1444 liberatione
1297 1381 1689 1444 serenissime
1744 1378 1992 1444 domine
2039 1380 2249 1460 regine
2294 1397 2365 1444 ac
2411 1378 2872 1444 conservatione
2925 1380 3130 1442 status
3178 1382 3242 1442 et

532 1488 751 1535 corone
782 1466 1101 1551 Hungarie
1146 1485 1291 1532 cum
1321 1467 1562 1551 magnis
1601 1468 1883 1550 expensis
1927 1467 2153 1532 nostris
2195 1469 2259 1532 et
2292 1468 2518 1532 damno
2564 1466 2946 1551 agendorum
2995 1469 3243 1531 nostro-

532 1578 674 1624 rum
720 1576 839 1622 non
885 1557 1088 1621 solum
1136 1556 1263 1635 eis,
1328 1557 1436 1621 sed
1482 1554 1637 1620 satis
1684 1555 1932 1638 publica
1982 1558 2127 1620 sunt
2173 1575 2280 1638 per
2326 1554 2572 1634 orbem,
2634 1558 2699 1620 et
2757 1555 2847 1620 ita
2895 1553 3098 1620 facere
3143 1553 3240 1618 di-

532 1647 753 1731 spositi
799 1663 1076 1710 essemus
1121 1643 1551 1709 occurentibus
1599 1645 1844 1709 casibus
1891 1646 1954 1709 iii
2002 1643 2239 1709 cunctis
2288 1643 2462 1709 nobis
2504 1643 2923 1727 possibilibus.
2993 1642 3080 1707 Et
3124 1660 3235 1727 pro

534 1736 709 1800 tanto
775 1732 1057 1816 requisiti
1124 1731 1200 1796 ab
1268 1732 1417 1815 ipsis
1464 1731 1896 1797 maiestatibus
1960 1731 2033 1797 de
2102 1732 2433 1798 ambaxata
2501 1734 2714 1797 nostra
2761 1750 2869 1814 pro
2912 1730 3235 1796 tractando

534 1824 710 1888 illam
757 1821 1019 1905 primam
1066 1819 1298 1903 ligam,
1361 1821 1437 1884 de
1484 1838 1606 1904 qua
1650 1820 1806 1886 alias
1853 1820 2019 1884 facta
2086 1819 2289 1886 fuerat
2332 1822 2598 1892 mentio,
2669 1820 2949 1885 misimus
2997 1821 3240 1884 nostros

533 1911 964 1977 ambaxatores
1010 1909 1088 1972 ad
1129 1909 1503 1991 presentiam
1549 1927 1725 1973 suam
1771 1927 1913 1973 cum
1964 1907 2250 1973 libertate
2310 1911 2386 1974 ad
2431 1909 2683 1991 plenum
2727 1907 3132 1974 concludendi
3176 1908 3240 1972 in

535 2001 671 2084 ipsa
714 1998 864 2081 liga,
912 2015 1095 2081 quam
1140 1995 1353 2061 utilem
1397 1998 1462 2061 et
1507 1997 1887 2062 fructuosam
1934 1998 2455 2079 cognoscebamus
2502 2015 2611 2080 pro
2655 1997 3125 2062 consenvatione
3172 1997 3239 2060 et

534 2087 908 2153 validatione
979 2086 1178 2150 status
1224 2085 1780 2168 suprascriptarum
1831 2085 2260 2166 maiestatum;
2329 2087 2644 2151 credentes
2706 2086 2991 2163 firmiter,
3040 2086 3240 2168 ipsam

533 2176 664 2241 fore
710 2173 1129 2258 gratissimam
1176 2172 1463 2238 omnibus
1508 2174 1765 2256 prelatis
1813 2176 1876 2238 et
1935 2172 2264 2238 baronibus
2310 2175 2482 2258 regni
2529 2192 2601 2239 ac
2645 2173 3045 2239 comitatibus
3093 2171 3244 2237 Dal-

538 2264 760 2337 matie:
823 2263 931 2327 sed
981 2262 1256 2327 videntes
1301 2263 1648 2344 oppositum
1720 2261 2044 2339 videlicet,
2112 2262 2272 2344 quod
2321 2263 2630 2327 nonnullis
2675 2280 2748 2327 ex
2800 2261 3131 2326 baronibus
3179 2262 3244 2325 et

537 2350 940 2418 comitatibus
1003 2349 1295 2432 predictis
1343 2349 1656 2414 Dalmatis
1719 2348 2115 2432 displicebat,
2188 2351 2254 2414 et
2317 2352 2472 2431 quod
2521 2350 2628 2414 ubi
2671 2351 2744 2414 de
2789 2349 3019 2415 nostris
3063 2349 3245 2414 bonis

537 2440 819 2524 operibus
868 2438 1156 2521 premiari
1203 2438 1593 2517 debebamus,
1641 2437 2048 2503 reddebamus
2094 2439 2385 2520 suspecti,
2435 2437 2920 2503 deliberavimus
2952 2455 3084 2502 esse
3121 2438 3247 2503 uti·

538 2529 660 2594 lius
707 2526 1137 2612 principaliter
1191 2544 1302 2609 pro
1348 2525 1504 2591 bono
1564 2526 1963 2591 maiestatum
2020 2525 2439 2609 predictarum
2486 2525 2800 2591 retrahere
2843 2544 2952 2591 nos
3001 2544 3037 2591 a
3077 2525 3250 2590 dicta

536 2617 684 2702 liga,
733 2617 797 2681 et
839 2615 928 2681 ita
970 2613 1252 2695 facimuS,
1299 2614 1579 2680 faciendo
1623 2617 1837 2698 postea
1883 2615 2015 2680 fieri
2059 2614 2435 2681 mentionem
2479 2614 2554 2680 de
2601 2616 2721 2681 ista
2765 2614 2889 2680 alia
2933 2614 3135 2680 forma
3183 2616 3252 2678 et

538 2706 614 2771 de
660 2706 777 2769 isto
824 2706 947 2768 alio
994 2704 1278 2781 articulo,
1327 2722 1508 2786 quem
1555 2704 1911 2788 putavimus
1958 2707 2020 2767 et
2065 2707 2356 2787 putamus
2402 2724 2536 2769 esse
2575 2706 2826 2788 gratum
2871 2702 3025 2786 ipsis
3060 2701 3254 2767 maie-

540 2795 830 2870 statibus,
878 2793 1164 2857 omnibus
1210 2792 1465 2873 prelatis
1499 2795 1562 2856 et
1609 2792 1935 2857 baronibus
1982 2792 2154 2875 regni
2202 2810 2275 2856 ac
2322 2792 2871 2857 communitatibus
2906 2791 3246 2856 Dalmatio.

539 2884 625 2947 Et
666 2884 985 2964 propterea
1029 2879 1446 2946 concludendo
1492 2880 1781 2956 dicimuS,
1833 2881 2011 2963 quod,
2061 2880 2562 2946 coutentantibus
2604 2881 2784 2945 dictis
2838 2880 3249 2945 comitatibus

540 2971 856 3038 Dalmatis
902 2971 974 3033 de
1019 2969 1184 3033 dicto
1228 2968 1487 3033 articulo
1535 2971 1598 3032 et
1640 2969 1712 3032 de
1744 2968 2022 3033 faciendo
2061 2968 2499 3047 iuramentum,
2533 2974 2597 3033 et
2628 2968 3033 3033 existentibus
3068 2967 3252 3032 nobis

544 3059 729 3125 claris
776 3059 849 3122 de
894 3057 1028 3130 hoc,
1079 3076 1185 3121 nos
1230 3058 1430 3139 parati
1482 3057 1713 3121 erimus
1759 3056 1961 3121 facere
2007 3057 2071 3119 et
2114 3056 2481 3121 concludere
2528 3058 2737 3141 ipsum
2785 3056 3118 3121 articulum
3153 3075 3255 3121 se-

546 3146 815 3211 cundum
864 3144 1128 3210 formam
1191 3146 1255 3208 et
1300 3146 1574 3209 tenorem
1622 3144 1779 3210 alias
1829 3144 2219 3209 recordatum
2267 3147 2330 3209 et
2376 3145 2611 3210 dictum
2673 3164 2784 3229 per
2829 3147 3069 3209 nostros
3114 3162 3254 3209 am-

550 3234 876 3300 baxatores
922 3235 986 3297 et
1030 3251 1159 3297 nos.
1225 3231 1309 3296 Et
1350 3235 1513 3297 circa
1559 3233 1956 3297 obtinendam
2002 3232 2191 3296 istam
2234 3234 2509 3298 nostram
2557 3234 2962 3317 intentionem
3008 3236 3256 3316 possint

543 3324 636 3387 uti
686 3327 747 3388 et
793 3323 912 3386 dici
955 3340 1062 3404 per
1107 3319 1440 3403 collegium
1485 3320 1596 3385 illa
1640 3322 1828 3386 verba
1873 3324 1935 3384 et
1980 3322 2274 3397 rationeS,
2323 3340 2441 3404 que
2489 3321 2675 3386 utiles
2724 3321 3099 3387 videbuntur
3143 3339 3256 3404 pro

542 3411 770 3476 honore
818 3415 882 3474 et
927 3411 1082 3474 bono
1128 3408 1324 3473 nostri
1372 3408 1649 3473 dominii.
1712 3410 1804 3474 De
1853 3413 2023 3492 parte
2070 3408 2174 3472 71.

754 3495 863 3562 Ser
908 3496 1259 3562 Leonardus
1307 3496 1590 3561 Dandulo
1639 3498 1853 3574 miles,
1919 3516 2016 3561 ser
2064 3495 2337 3561 Michael
2400 3495 2585 3561 Steno
2637 3500 3063 3577 procuratores
3089 3546 3106 3576 ,
3157 3516 3259 3563 sa-

543 3585 778 3670 pientes
825 3586 1094 3663 consilii,
1145 3585 1433 3650 volebant
1494 3587 1693 3650 totam
1743 3586 2158 3650 narrationem
2209 3586 2701 3666 suprasciptam,
2748 3602 2890 3649 cum
2937 3585 3060 3651 ista
3109 3604 3258 3652 con-

544 3674 838 3751 clusione,
883 3676 1043 3758 quod
1091 3692 1199 3738 nos
1245 3692 1457 3737 sumus
1503 3674 1777 3739 contenti
1826 3678 1890 3738 et
1948 3674 2038 3737 sic
2083 3672 2353 3737 diximus
2400 3673 2526 3737 alia
2576 3671 2725 3748 vice,
2761 3673 3002 3756 quando
3051 3676 3257 3756 pater-

544 3764 708 3827 nitas
754 3781 867 3826 sua
910 3761 1029 3827 fuit
1073 3761 1209 3840 hic,
1260 3760 1580 3840 videlicet,
1629 3762 1791 3844 quod
1856 3762 1918 3825 in
1967 3761 2127 3826 bona
2182 3760 2387 3843 gratia
2447 3761 2570 3824 ista
2615 3762 2882 3826 secunda
2926 3760 3069 3846 lega
3118 3761 3251 3842 fiat,

542 3850 892 3916 iurantibus
938 3852 1003 3915 et
1048 3848 1554 3932 promittentibus
1622 3850 1910 3914 omnibus
1957 3850 2142 3913 terris
2188 3848 2503 3914 Dalmatie
2574 3867 2766 3931 usque
2830 3853 2956 3914 tres
3002 3869 3254 3917 menses

546 3940 854 4024 proximos
900 3941 973 4003 de
1019 3937 1415 4015 observando,
1463 3939 1629 4002 sicut
1673 3938 2090 4003 continebitur
2133 3936 2202 4001 in
2244 3938 2539 4013 tractatu,
2574 3938 2639 4000 et
2684 3936 2852 4001 istud
2888 3939 2986 4002 est
3014 3938 3254 4004 iustum

546 4030 611 4094 et
650 4027 1034 4103 rationabile,
1083 4027 1229 4109 quia
1275 4026 1382 4089 ille
1429 4028 1574 4090 sunt
1618 4026 1724 4090 ille
1765 4029 1946 4102 terre,
1995 4045 2111 4109 que
2157 4023 2389 4090 habeut
2429 4026 2661 4108 portus,
2697 4029 2762 4089 et
2793 4025 3021 4091 debent
3052 4025 3257 4093 facere

545 4116 964 4181 executionem
1008 4115 1189 4179 istius
1239 4113 1406 4193 facti,
1456 4114 1695 4198 quando
1743 4132 1921 4178 casus
1964 4115 2330 4178 occurreret.
2395 4114 2478 4179 Et
2519 4113 2571 4177 si
2616 4112 2717 4177 illi
2765 4114 2839 4179 de
2879 4114 3060 4179 terris
3109 4134 3253 4198 pre·

544 4206 731 4270 dictis
777 4222 898 4269 non
942 4202 1169 4269 facient
1216 4202 1424 4283 ipsum
1472 4203 1887 4267 iuramentum
1933 4221 2128 4284 usque
2174 4202 2407 4266 dictum
2457 4200 2830 4280 terminum,
2877 4205 3035 4287 quod
3084 4205 3256 4269 dicta

543 4293 675 4376 liga
714 4292 811 4357 vel
859 4291 1266 4357 confederatio
1311 4290 1397 4353 sit
1459 4290 1687 4355 nullius
1733 4290 2002 4356 efficacie
2053 4289 2149 4354 vel
2195 4290 2455 4367 valoris,
2501 4291 2961 4356 remanentibus
3008 4310 3259 4374 semper

544 4380 825 4462 partibus
884 4382 945 4445 in
995 4396 1133 4444 vero
1177 4380 1241 4442 et
1285 4378 1441 4443 bono
1487 4395 1724 4455 amore,
1774 4381 1846 4443 ut
1889 4379 2037 4443 sunt
2094 4378 2172 4442 ad
2215 4397 2504 4461 presens;
2563 4377 2961 4445 utendo'hiis
3005 4382 3070 4444 et
3114 4380 3259 4444 aliis

547 4469 770 4567 verbis,
818 4488 936 4569 que
981 4467 1354 4620 {idebuntur
1400 4485 1508 4550 pro
1553 4466 1778 4532 honore
1825 4467 2023 4532 nostri
2070 4467 2348 4531 dominii.
2414 4468 2506 4532 De
2546 4468 2721 4549 parte
2774 4469 2872 4543 ll,
2915 4466 2992 4532 de
3038 4485 3159 4532 non
3209 4469 3251 4533 3

547 4572 668 4619 non
712 4573 936 4619 sinceri
1026 4604 1041 4619 .

636 4659 874 4721 Secreta
917 4679 1074 4724 cons.
1123 4681 1246 4744 req.
1289 4665 1365 4726 R.
1410 4667 1516 4737 36,
1561 4683 1603 4726 u
1645 4665 1801 4728 αἰεί.
1849 4664 2083 4727 arkivu.
