3620 5282
515 367 643 434 348

517 544 825 611 mandatis
871 546 1203 611 reverendo
1248 545 1499 611 domino
1545 546 1754 629 legato
1800 548 2006 611 vestro
2050 545 2114 609 in
2160 545 2441 629 partibus
2481 544 2633 624 illis,
2690 546 2763 608 ut
2809 545 2883 609 de
2930 543 3248 627 premissis

517 635 804 699 omnibus
851 651 916 697 se
963 631 1267 711 informet,
1318 636 1382 698 et
1428 636 1478 698 si
1528 636 1830 716 premissa
1877 635 2180 698 invenerit
2227 652 2368 697 vera
2393 652 2548 708 esse,
2596 633 2705 697 ant
2752 650 2823 695 eo
2866 650 2975 714 pro
3008 633 3248 697 notorio

513 720 749 798 haberi,
789 723 853 784 et
899 721 972 783 de
1018 720 1169 803 ipsis
1216 740 1347 785 esse
1394 722 1639 803 publice
1687 721 2125 798 difamationis,
2176 723 2685 787 communitatem
2729 719 3137 784 Veneciarum
3186 720 3252 784 et

513 810 892 873 Venetorum
941 808 1005 871 et
1049 808 1324 872 locorum
1363 808 1592 872 eisdem
1640 809 2056 874 subiectorum
2105 811 2413 891 supponat
2435 807 2855 873 ecclesiastico
2894 807 3245 885 interdicto,

513 897 578 959 et
623 894 973 978 singulares
1019 913 1311 977 personas
1358 898 1777 960 excomunicet
1824 915 1932 959 seu
1979 898 2304 960 denunciet
2350 895 2595 978 publice
2642 894 3133 959 excomunicatos
3183 896 3248 959 et

513 981 704 1048 faciat
749 983 1266 1061 excomunicatOS,
1315 985 1380 1047 et
1425 983 1655 1047 dictum
1707 983 2110 1048 interdictum
2156 984 2400 1065 publice
2447 982 2746 1060 nunciati,
2790 982 2957 1046 acin
3004 984 3248 1047 contra-

512 1070 778 1134 dictores
825 1071 891 1134 et
931 1070 1192 1134 rebelles
1240 1073 1302 1133 et
1349 1071 1580 1134 dictam
1622 1072 2069 1135 comunitatem
2117 1072 2182 1134 et
2225 1071 2394 1135 dicta
2441 1070 2578 1134 loca
2624 1088 2694 1134 ac
2726 1069 3074 1153 singulares
3108 1087 3248 1151 per-

516 1176 700 1222 sonas
747 1159 1111 1232 eorundem,
1177 1177 1296 1240 que
1358 1158 1420 1221 in
1485 1158 1803 1240 premissis
1870 1157 2096 1241 reperti
2163 1156 2395 1223 fuerint
2454 1157 2793 1240 culpabiles
2841 1160 2905 1220 et
2951 1155 3241 1239 condigni

514 1245 946 1327 predictorum,
982 1245 1046 1309 et
1075 1245 1266 1310 donec
1298 1246 1368 1308 de
1400 1246 1719 1328 premissis
1751 1245 1938 1310 fuerit
1968 1245 2241 1327 plenarie
2289 1245 2700 1311 satisfactum.
2751 1246 2984 1308 Tamen
3018 1243 3246 1308 sancti-

520 1334 638 1397 tati
670 1334 870 1398 vestre
896 1335 959 1396 et
989 1332 1094 1395 isti
1130 1338 1341 1397 sancte
1373 1334 1501 1398 sedi
1536 1352 1607 1398 ac
1640 1334 1808 1397 dicto
1841 1334 2056 1398 abbati
2089 1336 2154 1398 et
2186 1333 2558 1399 monasterio
2592 1334 2656 1396 et
2696 1350 2806 1396 sno
2839 1332 2902 1395 et
2935 1331 3242 1409 omnibus,

514 1438 772 1503 quorum
825 1420 1083 1484 interest
1128 1424 1192 1484 et
1242 1421 1444 1485 danna
1468 1422 1663 1502 passis
1711 1440 1782 1484 ex
1814 1420 2131 1502 premissis
2179 1424 2242 1485 et
2285 1421 2602 1484 occasione
2636 1420 3075 1501 premissorum
3126 1421 3248 1495 (hic

513 1513 581 1570 in
627 1510 894 1584 maryine
957 1511 1207 1584 leyz'tur:
1274 1514 1344 1572 ut
1390 1509 1607 1591 reperi,
1670 1509 1760 1572 ita
1823 1509 2108 1589 scripsi),
2141 1510 2422 1572 invocato
2487 1509 2562 1570 ad
2611 1509 2761 1584 hoc,
2809 1506 2864 1570 si
2910 1505 3248 1589 expedierit

517 1595 793 1678 pravitas
839 1594 1311 1661 malefactorum
1357 1597 1773 1679 predictorum
1808 1597 1873 1659 et
1902 1614 2108 1659 eorum
2158 1595 2546 1660 contumacia
2590 1597 2654 1658 et
2699 1593 2974 1671 rebelli0,
3021 1592 3245 1657 auxilio

510 1682 749 1747 brachii
797 1683 1111 1747 secularis.

732 1769 1085 1834 Modificata
1129 1770 1249 1834 fuit
1292 1771 1593 1852 premissa
1641 1770 1865 1852 peticio
1904 1772 1967 1835 in
2029 1770 2423 1853 subsequenti
2476 1768 2671 1833 forma
2733 1771 2798 1832 et
2860 1767 3239 1832 continentia

517 1856 815 1940 magistro
865 1856 1222 1940 Napoleone
1270 1862 1333 1922 et
1373 1877 1471 1921 me
1518 1858 1883 1923 Desiderato
1931 1858 2396 1941 procurantibus
2442 1860 2622 1921 cauto
2669 1857 2868 1920 modo.

728 1945 1127 2008 Innocencius
1194 1946 1515 2028 episcopus
1578 1965 1790 2010 servus
1857 1964 2169 2010 servorum
2232 1946 2350 2009 dei.
2415 1944 2657 2008 Dilecto
2718 1943 2845 2008 filio
2909 1941 3243 2025 Androyno

519 2031 731 2097 abbati
780 2033 1139 2097 monasterii
1186 2031 1625 2107 CluniacensiS,
1672 2033 2149 2097 Matisconensis
2196 2033 2507 2116 dyocesis,
2570 2031 2902 2114 apostolice
2948 2030 3109 2094 sedis
3155 2030 3246 2094 le-

518 2120 685 2202 gat0,
736 2121 1001 2184 salutem
1045 2123 1110 2184 et
1155 2120 1551 2202 apostolicam
1601 2120 2111 2185 benedictionem.
2161 2120 2395 2184 Peticio
2444 2137 2554 2202 pro
2614 2120 2792 2203 parte
2855 2117 3062 2183 dilecti
3128 2115 3245 2181 filii

518 2206 801 2290 Gregorii
842 2206 1089 2271 abbatis
1152 2208 1515 2272 monasterii
1579 2212 1930 2273 sanctorum
1998 2208 2217 2272 Cosme
2277 2210 2344 2271 et
2411 2206 2699 2271 Damiani
2745 2205 2978 2270 ordinis
3042 2204 3246 2268 sancti

518 2294 861 2372 Benedicti,
910 2293 1232 2359 Jadrensis
1257 2295 1558 2378 dyocesiS,
1601 2296 1774 2360 nobis
1821 2296 2096 2359 exhibita
2141 2294 2532 2371 continebat,
2594 2294 2755 2375 quod
2814 2293 2948 2374 ipse
2994 2294 3246 2374 propter

516 2383 766 2464 culpam
815 2381 1247 2446 nonnullorum
1299 2383 1597 2447 malorum
1648 2383 2006 2447 officialium
2052 2382 2413 2446 dilectorum
2463 2380 2728 2445 filiorum
2776 2379 3243 2445 communitatis

521 2469 787 2533 Venecie
834 2469 1304 2534 castellanensis
1351 2469 1649 2553 dyocesiS,
1699 2490 1815 2552 que
1864 2472 1923 2534 in
1974 2469 2249 2551 partibus
2295 2468 2423 2533 illis
2470 2468 2774 2533 dominari
2819 2468 3238 2545 consueverat,

517 2556 1122 2621 administrationem
1172 2561 1235 2621 et
1279 2558 1555 2639 regimen
1604 2560 1750 2622 dicti
1800 2557 2181 2635 monasterii,
2247 2558 2345 2621 cui
2393 2558 2540 2620 tuuc
2600 2555 2845 2620 vacanti
2891 2554 3122 2619 dudum
3172 2555 3245 2618 de

515 2663 777 2728 persona
824 2644 1139 2710 cuiusdam
1189 2645 1468 2729 Gregorii
1535 2666 1643 2728 per
1694 2646 1891 2711 felicis
1951 2645 2386 2710 recordationis
2434 2643 2818 2709 Clementem
2882 2660 3107 2726 papam
3157 2643 3245 2706 VI

515 2732 1014 2815 predecessorem
1063 2737 1340 2797 nostrum
1396 2736 1699 2814 provisum
1750 2733 1967 2809 fuerat,
2018 2752 2091 2798 ac
2134 2734 2429 2797 bonorum
2477 2733 2541 2796 et
2583 2733 2807 2796 iurium
2871 2731 3063 2812 ipsius
3111 2747 3249 2794 mo-

521 2820 776 2885 nasterii
825 2839 1132 2903 nunquam
1195 2821 1442 2904 pacifice
1486 2821 1709 2886 habere
1747 2822 1965 2902 potnit,
2015 2822 2311 2904 quinymo
2342 2820 2421 2884 ab
2456 2819 2602 2900 ipsis
2634 2818 3000 2883 officialibus
3031 2819 3247 2881 contra

525 2907 840 2972 iusticiam
889 2909 1054 2972 omni
1102 2909 1510 2973 humanitatis
1555 2909 1762 2974 debito
1814 2908 2089 2992 relegato
2138 2908 2402 2990 pessime
2450 2909 2790 2981 tractatus,
2854 2907 2920 2969 et
2963 2904 3036 2969 de
3080 2905 3247 2986 ipso-

524 3014 659 3059 rum
711 3014 996 3077 expresso
1042 2998 1329 3061 mandato
1375 2996 1634 3060 ecclesia
1681 2997 1875 3078 ipsius
1920 2995 2277 3060 monasterii
2336 3013 2474 3059 cum
2520 2993 2803 3058 omnibus
2848 2992 3135 3057 domibus
3182 2992 3248 3057 et

529 3081 839 3146 hedificiis
887 3081 1014 3146 suis
1063 3084 1339 3147 funditus
1385 3086 1700 3160 subversa,
1750 3101 1823 3147 ac
1868 3084 1998 3146 eius
2046 3083 2180 3147 iura
2226 3083 2290 3145 et
2335 3081 2659 3164 privilegia
2721 3079 2970 3145 sublata
3013 3098 3050 3143 a
3096 3097 3248 3143 non·

524 3168 718 3232 nullis
766 3169 1125 3233 officialium
1177 3172 1587 3251 predictorum
1651 3190 1720 3235 ex
1767 3170 1997 3234 eisdem
2060 3169 2403 3252 privilegiis
2462 3168 2632 3233 bulle
2691 3167 3024 3248 apostolice
3084 3165 3250 3231 sedis

530 3255 855 3319 abstracte
900 3254 1152 3333 fuerint,
1201 3259 1266 3320 et
1311 3257 1467 3338 quod
1516 3258 1663 3320 licet
1710 3276 1816 3321 nos
1857 3258 2004 3322 olim
2034 3277 2215 3339 super
2244 3256 2561 3338 premissis
2597 3274 2706 3338 per
2737 3258 2976 3319 nostras
3006 3253 3252 3318 litteras

533 3341 673 3405 duci
730 3341 1157 3416 veneciarum,
1207 3346 1311 3425 qui
1362 3345 1506 3407 tunc
1552 3349 1702 3418 erat,
1752 3365 1963 3428 preces
1997 3345 2331 3409 direximus
2376 3345 2441 3408 et
2485 3343 2799 3420 mandata,
2848 3344 3056 3406 tamen
3101 3360 3251 3404 non-⁶

531 3427 694 3492 nulli
745 3429 1038 3493 officiales
1087 3431 1237 3494 dicti
1286 3430 1476 3506 ducis,
1521 3434 1895 3513 presentatis
1941 3433 2030 3496 eis
2076 3452 2186 3516 per
2243 3432 2478 3495 dictum
2533 3431 2820 3496 abbatem
2869 3428 3099 3495 eisdem
3142 3428 3252 3493 lit-

531 3516 710 3593 teriS,
759 3518 823 3580 et
866 3536 975 3599 per
1022 3535 1162 3581 eum
1212 3518 1458 3600 penitus
1482 3520 1814 3592 obauditis,
1863 3521 2069 3601 peiora
2116 3517 2298 3583 malis
2321 3519 2635 3595 addentes,
2682 3517 2918 3582 dictum
2956 3516 3247 3580 abbatem

524 3621 743 3685 capere
791 3604 857 3667 et
897 3604 1245 3669 carceribus
1288 3607 1639 3688 mancipare
1686 3611 1749 3670 et
1794 3607 2150 3689 aliquandiu
2195 3607 2425 3671 eisdem
2451 3606 2800 3670 carceribus
2827 3604 3245 3687 mancipatum

527 3691 818 3768 detinere,
868 3692 932 3755 et
980 3692 1280 3774 quasdam
1346 3693 1594 3771 domOS,
1665 3713 1820 3776 quas
1867 3695 2029 3758 idem
2097 3694 2287 3758 abbas
2354 3711 2461 3775 pro
2531 3710 2643 3757 sua
2702 3695 2766 3756 et
2811 3691 3244 3756 monachorum

524 3779 679 3843 dicti
724 3779 1083 3844 monasterii
1133 3780 1509 3845 habitatione
1549 3781 1936 3847 rehedificari
1981 3781 2230 3859 fecerat,
2279 3780 2471 3845 dirrui
2522 3781 2581 3844 in
2628 3779 2899 3844 divinam
2947 3777 3245 3843 offensam

531 3869 600 3932 et
646 3866 811 3931 dicte
858 3866 1022 3931 sedis
1069 3870 1489 3950 contemptum
1540 3887 1691 3933 ausu
1739 3869 2039 3951 sacrilego
2098 3868 2608 3952 presumpserunt
2669 3869 2854 3944 adeo,
2918 3865 3078 3949 quod
3123 3866 3244 3948 ipsi

529 3954 740 4037 abbati
788 3954 958 4019 locus
1005 3973 1113 4019 seu
1160 3954 1462 4020 habitatio
1510 3975 1627 4021 non
1673 3958 1992 4034 remansit,
2039 3956 2146 4020 ubi
2192 3955 2387 4038 capud
2435 3973 2613 4019 sunm
2675 3955 2882 4020 valeat
2924 3953 3244 4020 reclinare.

538 4042 739 4124 Super
801 4042 1026 4124 quibus
1090 4043 1373 4107 omnibus
1433 4043 1597 4108 idem
1663 4044 1854 4108 abbas
1916 4043 2252 4126 apostolice
2316 4043 2476 4107 sedis
2530 4042 2869 4106 remedium
2924 4040 3246 4107 humiliter

528 4129 908 4213 imploravit.
956 4128 1084 4194 Nos
1131 4130 1341 4211 itaque
1388 4131 1658 4195 eiusdem
1703 4131 1945 4195 abbatis
1989 4131 2052 4194 in
2099 4131 2214 4195 hac
2257 4132 2433 4213 pacte
2477 4128 3021 4211 supplicationibus
3067 4130 3248 4194 incli-

525 4218 664 4281 nati
705 4217 1057 4281 discretioni
1107 4220 1212 4282 tue
1258 4237 1366 4300 per
1410 4218 1747 4300 apostolica
1795 4218 2027 4301 scripta
2073 4217 2477 4290 mandamus,
2539 4219 2841 4299 quatenns
2886 4233 2995 4298 per
3037 4219 3101 4282 te
3147 4218 3247 4283 vel

526 4301 719 4367 alium
769 4323 876 4369 seu
923 4304 1077 4369 alios
1101 4353 1115 4379 ,
1167 4306 1401 4369 vocatis
1446 4306 1552 4387 qui
1597 4306 1829 4370 fuerint
1872 4306 2197 4383 evocandi,
2247 4308 2313 4370 et
2358 4303 2588 4369 auditis
2649 4303 3018 4386 simpliciter
3062 4308 3127 4371 et
3173 4306 3247 4370 de

527 4387 713 4469 plano
758 4408 828 4454 ac
873 4393 1006 4457 sine
1051 4391 1312 4473 strepitu
1362 4395 1426 4457 et
1471 4393 1669 4474 figura
1714 4392 1936 4457 iudicis
1983 4393 2267 4457 hincinde
2315 4393 2628 4474 propositi,
2678 4390 2838 4474 quod
2885 4393 3246 4457 canonicum

529 4475 734 4552 fuerit,
782 4478 1197 4559 appellatione
1224 4482 1480 4554 remota,
1527 4480 1843 4555 decernaS,
1877 4479 2122 4555 faciens,
2172 4481 2333 4561 quod
2361 4479 2721 4556 decreveriS,
2770 4497 2877 4560 per
2922 4495 3246 4544 censuram

530 4561 1021 4628 ecclesiasticam
1068 4563 1330 4629 firmiter
1373 4566 1703 4644 observari,
1765 4566 2048 4631 invocato
2096 4568 2171 4629 ad
2220 4567 2371 4642 hoc,
2437 4567 2490 4630 si
2537 4583 2690 4647 opus
2734 4565 2954 4645 fuerit,
3018 4566 3247 4630 auxilio

529 4648 768 4713 brachii
815 4651 1129 4716 secularis.
1177 4653 1392 4717 Testes
1437 4657 1668 4731 antem,
1717 4655 1820 4736 qui
1865 4654 2094 4718 fuerint
2139 4653 2459 4729 nominati,
2507 4652 2558 4715 si
2603 4671 2669 4716 se
2712 4652 2933 4734 gratia,
2982 4654 3118 4718 odio
3149 4653 3247 4718 vel

531 4736 751 4800 timore
799 4736 1233 4817 subtraxerint,
1281 4759 1391 4821 per
1437 4758 1757 4806 censuram
1802 4740 2286 4806 ecclesiasticam
2311 4738 2724 4823 appellatione
2771 4743 3051 4806 cessante
3081 4759 3249 4806 com-
