3620 5282
3056 364 3176 428 127

437 539 500 600 in
553 536 824 619 presenti
875 556 1017 618 pace
1064 538 1421 601 renuntiant
1479 537 1887 601 effectualiter
1944 537 2019 602 de
2087 538 2216 601 iure
2278 543 2340 602 et
2396 539 2469 602 de
2527 536 2690 601 facto
2762 539 2821 602 in
2892 539 3179 604 manibus

438 623 931 706 supradictorum
984 623 1374 688 dominorum
1422 627 1852 706 episcoporum
1900 631 2361 706 procuratorum
2409 631 2471 688 et
2517 628 2791 690 actorum
2862 626 3011 690 dicti
3077 629 3180 691 do-

439 715 590 776 mini
639 713 822 794 regis,
875 713 1302 793 recipientium
1353 713 1596 775 nomine
1643 715 1706 776 et
1752 713 1887 776 vice
1931 713 2080 776 dicti
2125 713 2357 777 domini
2405 714 2567 796 regis
2630 716 2693 777 et
2755 732 3176 779 successorum

439 820 708 873 suorum,
766 801 827 863 in
887 820 1076 880 regno
1125 805 1187 864 et
1247 819 1462 864 corona
1527 800 1642 863 toti
1702 801 2036 878 Dalmatie,
2103 819 2137 864 a
2202 802 2532 864 medietate
2577 802 2819 865 scilicet
2865 804 3175 883 quarnarii

441 908 634 970 usque
698 889 777 952 ad
839 888 1103 952 confines
1153 889 1423 966 Duracii,
1490 891 1785 970 tanquam
1843 890 1919 952 ab
1975 888 2227 970 antiquo
2294 889 2368 952 de
2424 888 2554 952 iure
2619 908 2806 972 regno
2846 896 2911 954 et
2962 909 3176 956 corone

441 976 709 1059 Ungarie
756 978 1061 1057 spectanti
1110 982 1173 1040 et
1220 977 1574 1058 pertinenti.

651 1065 809 1127 Item
858 1065 977 1127 fuit
1022 1067 1228 1128 ictum
1281 1065 1443 1128 inter
1485 1064 1686 1127 dictas
1734 1066 1962 1145 parteS,
2012 1064 2172 1146 quod
2219 1083 2402 1146 super
2446 1063 2606 1128 facto
2639 1065 2940 1128 standalis
2980 1066 3176 1130 sancti

441 1150 640 1215 Marci
686 1153 760 1216 de
810 1150 1010 1234 Segna
1058 1154 1121 1215 et
1182 1152 1626 1216 iurisdictionis
1689 1152 2070 1227 consulatue,
2136 1171 2318 1233 quam
2384 1170 2710 1216 commune
2767 1154 3175 1218 Veneciarum

441 1238 502 1301 in
541 1239 674 1302 loco
723 1238 923 1321 Segne
973 1241 1227 1314 obtinet,
1277 1242 1362 1303 sit
1409 1245 1470 1303 et
1516 1258 1649 1302 esse
1702 1239 1942 1303 debeat
2016 1241 2076 1302 in
2139 1240 2434 1304 electione
2502 1241 2881 1304 serenissimi
2944 1241 3176 1306 domini

443 1327 606 1410 regis
653 1329 716 1390 et
763 1329 1146 1391 dominorum
1196 1327 1495 1392 comitum
1538 1326 1736 1409 Segne
1786 1327 1974 1391 simul
2022 1328 2080 1390 in
2122 1327 2237 1391 hac
2286 1328 2502 1403 forma,
2569 1327 2858 1392 videlicet
2912 1331 3074 1411 quod
3124 1331 3177 1393 si

441 1414 858 1478 disposuerint
906 1416 1001 1479 vel
1050 1415 1352 1498 elegerint
1397 1416 1675 1479 standale
1723 1417 1787 1478 et
1834 1414 2224 1479 consulatum
2272 1415 2347 1477 de
2396 1413 2599 1497 Segna
2646 1415 2801 1492 tolli,
2852 1418 3011 1499 qnod
3061 1419 3175 1481 hoc

442 1521 584 1566 caso
659 1502 803 1565 dicti
878 1502 1110 1566 domini
1156 1505 1416 1567 comites
1464 1503 1539 1565 de
1590 1503 1793 1584 Segna
1840 1522 2046 1566 carere
2108 1502 2371 1567 debeant
2434 1501 2717 1566 omnibus
2785 1506 2849 1565 et
2911 1505 3179 1583 singulis

441 1589 776 1664 beneficiis,
831 1591 1184 1668 honoribus,
1235 1590 1599 1672 privilegiis,
1649 1590 1848 1671 pactis
1911 1595 1974 1652 et
2026 1590 2550 1665 conventionibuS,
2615 1609 2731 1671 que
2794 1591 3050 1656 haberet
3114 1594 3177 1655 in

444 1678 725 1741 Veneciis
774 1680 838 1740 et
898 1697 1037 1742 311111
1103 1680 1413 1743 communi
1466 1679 1892 1755 Veneciarum,
1965 1677 2081 1742 nisi
2150 1682 2356 1742 tamen
2430 1678 2548 1760 ipsi
2616 1679 2849 1741 domini
2922 1680 3178 1744 comites

443 1763 645 1847 Segne
707 1767 1091 1830 ostenderint
1155 1787 1220 1830 se
1284 1769 1344 1830 in
1394 1767 1678 1830 Veneciis
1735 1769 1799 1828 et
1862 1784 2003 1830 cum
2053 1767 2432 1830 comunitate
2482 1765 2885 1830 veneciarum
2955 1768 3180 1830 habere

440 1854 567 1917 alia
615 1854 958 1952 privilegia,
994 1856 1274 1929 11000133,
1311 1854 1631 1931 beneficia,
1681 1856 1863 1935 pacta
1895 1857 1959 1916 et
1995 1856 2431 1918 conventiones
2463 1855 2587 1916 alia
2617 1854 2954 1933 occasione,
2990 1873 3174 1937 quam

438 1940 754 2005 occasione
803 1942 1105 2006 dictorum
1154 1941 1459 2005 standalis
1522 1945 1583 2006 et
1644 1943 2023 2020 consulatus,
2088 1960 2206 2025 que
2268 1941 2415 2006 dicti
2475 1941 2551 2005 de
2601 1941 2880 2006 Veneciis
2951 1944 3181 2006 habent

440 2030 499 2091 in
552 2030 683 2093 loco
735 2030 967 2112 Segne·
1017 2048 1136 2111 quo
1184 2049 1332 2093 casu
1380 2030 1492 2092 illa
1534 2030 1677 2107 alia,
1728 2048 1847 2111 que
1879 2031 2001 2094 alia
2031 2029 2351 2093 occasione
2383 2030 2778 2093 ostenderent
2823 2049 2886 2093 se
2930 2031 3178 2102 habere,

439 2117 624 2181 etiam
678 2118 1083 2199 imposterum
1134 2118 1421 2194 habeant,
1475 2137 1591 2182 non
1640 2119 1930 2182 obstante
1977 2117 2324 2182 remocione
2392 2119 2694 2181 dictorum
2758 2118 3057 2182 standalis
3118 2122 3182 2181 et

439 2206 819 2269 consulatus.

650 2293 807 2357 Item
875 2293 997 2356 suit
1059 2294 1263 2356 actum
1330 2297 1393 2357 et
1457 2294 1791 2356 solenniter
1856 2294 2225 2357 conventum
2287 2292 2449 2356 inter
2494 2292 2696 2356 dictas
2744 2294 2972 2375 partes),
3021 2295 3178 2375 quod

438 2397 650 2443 omnes
699 2381 929 2444 subditi
981 2381 1155 2462 regii,
1228 2384 1290 2445 et
1359 2382 1645 2462 precipue
1692 2380 2022 2456 Jadratini,
2096 2385 2229 2443 tam
2299 2381 2363 2443 in
2434 2382 2686 2445 civitate
2748 2380 3173 2456 Veneciarum,

439 2486 620 2547 quam
675 2469 732 2530 in
785 2470 1246 2550 quibuscunque
1298 2470 1479 2532 terris
1528 2474 1590 2531 et
1638 2468 1788 2531 locis
1835 2469 1952 2531 sibi
2001 2468 2266 2533 subdit-is
2317 2471 2557 2550 possint
2623 2473 2687 2533 et
2729 2467 2980 2533 valeant
3042 2472 3178 2533 tute

441 2558 505 2617 et
552 2557 753 2620 sicure
804 2558 1061 2620 mercari
1113 2566 1175 2619 et
1223 2557 1632 2620 mercationes
1680 2556 1902 2629 facere,
1952 2561 2015 2619 et
2062 2556 2187 2619 alia
2243 2574 2625 2638 quecunque,
2689 2574 2805 2636 que
2871 2560 2934 2620 et
2995 2561 3179 2639 prout

440 2648 583 2706 ante
632 2649 981 2726 presentem
1031 2664 1315 2726 guerram
1384 2646 1583 2709 facere
1647 2647 1948 2727 poterant,
2014 2649 2077 2706 et
2131 2646 2289 2726 quod
2357 2645 2510 2708 dicti
2576 2644 2807 2708 subditi
2876 2647 3051 2727 regii,
3119 2649 3183 2709 et

442 2734 725 2814 precipue
774 2733 1108 2808 Jadratini,
1161 2753 1267 2812 per
1311 2752 1634 2796 commune
1685 2733 2087 2796 Veneciarum
2134 2737 2197 2796 et
2243 2732 2374 2795 eius
2429 2733 2720 2797 officiales
2786 2733 3047 2815 benigne
3119 2735 3183 2797 et

439 2819 862 2884 favorabiliter
908 2822 1253 2884 tractentur
1299 2821 1431 2884 sine
1479 2822 1688 2903 aliqua
1733 2821 1960 2883 iniuria
2009 2818 2104 2883 vel
2153 2823 2420 2921 offensa3
2465 2840 2608 2884 sane
2657 2839 2902 2901 semper
2953 2820 3181 2884 intelli-

435 2910 655 2988 gend0,
707 2912 864 2991 quod
920 2930 1021 2989 per
1069 2928 1321 2991 presens
1369 2909 1735 2989 capitulum,
1786 2926 1898 2972 nec
1944 2906 2154 3006 aliqua
2200 2908 2263 2970 in
2310 2909 2445 2989 ipso
2491 2910 2780 2971 contenta
2825 2924 2946 2970 non
2995 2908 3181 2972 intel·

436 2995 711 3076 ligantur
758 2997 905 3060 dicti
955 2997 1188 3060 subditi
1242 2998 1388 3077 regii
1447 3016 1552 3059 seu
1619 2995 1932 3060 Jadratini
1997 2994 2289 3077 navigare
2357 3014 2465 3058 seu
2538 2994 2798 3058 mercari
2870 3014 3048 3075 posse
3118 2998 3179 3060 in

440 3084 623 3145 dictis
667 3084 892 3159 buccis,
940 3104 1049 3147 nec
1098 3084 1237 3148 aliis
1285 3050 1432 3147 locis
1496 3086 1558 3148 iu
1621 3083 1889 3165 presenti
1963 3084 2375 3146 instrumento
2440 3083 2783 3163 prohibitis.
2856 3082 2937 3147 Et
3006 3103 3181 3147 versa

437 3171 566 3232 vice
615 3172 764 3234 dicti
819 3172 1032 3235 Veneti
1083 3177 1146 3234 et
1189 3171 1423 3234 subditi
1471 3191 1681 3235 eorum
1730 3174 1791 3234 in
1841 3189 2026 3253 regno
2076 3170 2347 3252 Ungarie
2390 3174 2452 3234 et
2501 3171 2687 3234 terris
2729 3172 2794 3233 et
2840 3169 2991 3234 locis
3058 3171 3179 3235 sibi

433 3258 721 3334 subditis,
774 3260 1013 3340 possint
1060 3264 1121 3322 et
1172 3260 1420 3323 valeant
1467 3261 1598 3321 tute
1675 3262 1738 3323 et
1799 3277 2013 3323 secure
2062 3259 2324 3321 mercari
2387 3260 2454 3321 et
2512 3259 2917 3322 mercationes
2981 3256 3179 3323 facere

355 3414 362 3421 s
437 3347 502 3407 et
548 3346 671 3408 alia
718 3366 1094 3427 quecunque,
1145 3367 1262 3428 que
1316 3350 1379 3410 et
1426 3350 1606 3427 prout
1654 3350 1798 3410 ante
1848 3349 2195 3427 presentem
2244 3364 2530 3428 guerram
2582 3345 2780 3410 facere
2853 3348 3179 3427 poterant;

436 3438 499 3494 et
546 3435 709 3515 qnod
756 3434 906 3498 dicti
955 3435 1170 3498 Veneti
1221 3438 1285 3498 et
1330 3454 1537 3498 eorum
1589 3435 1821 3498 subditi
1873 3455 1975 3515 per
2008 3433 2318 3514 prefatum
2353 3435 2824 3498 serenissimum
2858 3433 3178 3498 dominum

436 3539 643 3601 regem
700 3525 763 3584 et
811 3523 942 3585 eius
990 3521 1286 3585 officiales
1336 3522 1597 3604 benigne
1645 3525 1709 3585 et
1753 3522 2178 3587 favorabiliter
2228 3524 2576 3586 tractentur
2625 3524 2756 3585 sine
2805 3522 3018 3603 aliqua
3086 3523 3183 3585 in·

435 3608 592 3671 iuria
641 3611 736 3673 vel
784 3610 1032 3674 offensa.
1083 3612 1163 3673 Et
1214 3610 1379 3673 ultra
1427 3611 1717 3690 predicta,
1769 3609 1929 3692 quod
2000 3609 2148 3673 dicti
2213 3609 2525 3673 Jadratini
2590 3629 2784 3691 usque
2848 3613 2923 3673 ad
2986 3629 3178 3675 annos

436 3696 652 3777 viginti
707 3698 972 3779 singulis
1021 3700 1195 3761 annis
1243 3700 1306 3760 et
1346 3697 1623 3778 quolibet
1679 3717 1858 3773 anno,
1926 3700 1989 3760 et
2026 3697 2130 3760 alii
2194 3696 2524 3760 dalmatini
2586 3716 2781 3779 usque
2844 3696 2919 3760 ad
2986 3697 3181 3761 dictos

433 3801 620 3847 annos
671 3785 893 3866 viginti
942 3785 1207 3866 singulis
1240 3789 1419 3848 annis
1468 3787 1532 3847 et
1578 3786 1854 3866 quolibet
1903 3802 2086 3863 anno,
2138 3786 2372 3864 possint
2418 3788 2483 3848 et
2527 3786 2775 3848 valeant
2823 3787 2886 3847 et
2918 3785 3007 3847 eis
3041 3803 3181 3849 con-

435 3872 672 3936 ceditur
742 3877 805 3937 et
865 3892 1223 3938 concessum
1294 3892 1428 3939 esse
1499 3872 1888 3955 intelligatur
1937 3891 2045 3953 per
2106 3873 2341 3935 dictum
2395 3890 2718 3936 commune
2772 3871 3172 3935 Veneciarum

434 3962 675 4037 portare
750 3961 842 4023 vel
916 3960 1153 4042 portari
1223 3960 1421 4024 facere
1491 3962 1563 4024 ad
1628 3962 1855 4023 dictam
1919 3960 2243 4023 civitatem
2293 3959 2701 4023 Veneciarum
2770 3960 2864 4022 tot
2924 3978 3021 4022 res
3070 3979 3176 4023 seu

438 4064 667 4112 merces
716 4068 786 4111 ex
837 4049 983 4126 illis,
1055 4068 1174 4129 que
1243 4051 1580 4112 nascuntur
1651 4048 1747 4111 vel
1818 4048 2230 4111 extrahuntur
2293 4048 2365 4111 de
2418 4047 2699 4110 teritorio
2745 4046 2893 4109 dicti
2943 4046 3177 4110 domini

433 4136 613 4215 regis,
659 4156 775 4217 que
830 4138 1074 4200 valeant
1120 4137 1482 4199 ducatorum
1550 4136 2041 4217 vigintiquinque
2110 4134 2287 4198 milia
2332 4134 2488 4210 auri,
2536 4134 2822 4197 videlicet
2869 4134 3016 4197 dicti
3066 4134 3178 4198 Ja-

432 4220 657 4285 dratiui
710 4225 978 4288 valorem
1028 4226 1388 4287 ducatorum
1439 4222 1930 4304 vigintimilium,
1979 4225 2041 4285 et
2087 4222 2191 4285 alii
2257 4222 2583 4285 dalmatini
2653 4222 2924 4284 valorem
2987 4221 3175 4286 duca-

434 4310 633 4373 torum
685 4313 1034 4392 quindecim
1091 4311 1356 4375 milium.
1408 4309 1574 4389 Quas
1623 4330 1718 4374 res
1762 4313 1827 4373 et
1875 4328 2107 4373 merces
2174 4311 2251 4372 ad
2316 4311 2546 4373 dictam
2611 4309 2929 4373 civitatem
2982 4310 3177 4374 Vene-

432 4396 664 4460 ciarum
719 4419 822 4477 per
864 4400 1062 4463 dictos
1107 4399 1466 4463 Jadratiuos
1515 4404 1577 4460 et
1624 4398 1996 4461 dalmatinos
2036 4398 2277 4460 delatas
2326 4397 2420 4460 vel
2469 4400 2873 4461 transmissas
2917 4399 3177 4461 vendere
3256 4420 3267 4433 ‘

432 4486 495 4545 et
541 4485 717 4548 vendi
767 4488 986 4560 facere,
1036 4489 1100 4549 et
1146 4488 1267 4549 alio
1318 4504 1677 4568 quocunque
1726 4486 1909 4548 titulo
1957 4484 2231 4549 alienare
2281 4485 2527 4565 possint
2584 4485 2647 4548 in
2701 4486 2871 4547 dicta
2917 4487 3175 4549 civitate

434 4570 837 4637 Veneciarum
887 4575 1351 4656 quibuscunque
1398 4575 1672 4655 personis
1721 4576 1812 4636 eis
1863 4572 2162 4652 placuerit
2209 4573 2398 4635 etiam
2458 4590 2578 4636 non
2630 4573 2900 4636 Venetis.
2968 4573 3050 4637 Et
3110 4573 3171 4635 in

431 4656 597 4722 dicta
639 4662 893 4725 civitate
943 4661 1344 4724 Veneciarum
1406 4662 1553 4724 dicti
1604 4660 1919 4724 Jadratini
1969 4662 2033 4723 et
2077 4659 2405 4725 dalmatini
2453 4678 2660 4724 emere
2723 4662 2786 4723 et
2848 4660 2970 4724 alio
3024 4678 3172 4743 quo-

427 4762 661 4828 cunque
729 4749 913 4812 titulo
981 4749 1300 4830 acquirere
1371 4749 1613 4829 possint
1682 4748 1905 4830 sigulis
1974 4749 2151 4811 annis
2215 4754 2278 4811 et
2333 4747 2611 4829 quolibet
2655 4766 2812 4812 anno
2858 4766 2930 4812 ex
2976 4747 3160 4810 dictis
