3620 5282
494 342 615 408 132

485 515 646 597 quod
690 512 973 577 dominus
1015 510 1380 575 Fredericus
1428 512 1490 574 et
1535 510 1905 574 Franciscus
1953 508 2229 574 Cornarii
2289 509 2353 571 et
2411 507 2599 572 ceteri
2662 507 2883 572 Veneti
2950 507 3013 570 et
3078 524 3216 570 suc-

485 619 752 666 cessores
797 601 1071 682 ipsorum
1121 601 1378 676 sructuS,
1423 598 1719 676 redditae,
1766 599 1983 674 exituS,
2033 596 2432 661 obventiones
2479 606 2542 658 et
2601 595 3037 671 emolumenta,
3101 611 3217 675 que

485 691 549 753 et
595 706 744 770 quos
791 688 961 751 nasci
1007 689 1072 750 et
1117 686 1434 768 provenire
1480 685 1808 767 contigerit
1856 704 1927 748 ex
1978 685 2226 766 prediis,
2297 681 2807 765 possessionibus,
2874 682 2970 745 vel
3025 681 3216 746 ,bonis

483 776 780 858 ipsorum,
830 794 947 856 que
993 778 1056 838 et
1087 792 1238 856 quas
1277 774 1586 838 habebant
1631 775 1775 837 ante
1812 773 2158 854 presentem
2206 790 2487 853 guerram
2539 772 2605 834 et
2649 789 2765 851 que
2813 787 2952 832 vere
2989 770 3054 833 et
3101 787 3218 832 non

484 862 709 927 ficticie
755 863 820 926 et
863 863 993 925 sine
1039 861 1252 925 fraude
1299 880 1491 943 usque
1551 861 1613 924 in
1656 863 2005 942 presentem
2066 859 2232 922 diem
2294 857 2735 941 aquisiverint,
2800 874 2918 919 non
2980 856 3217 920 intelli-

486 950 686 1033 gendo
732 948 893 1031 quod
935 950 1246 1030 acquirere
1290 949 1606 1029 potuerint
1651 948 1865 1030 aliqua
1909 947 2141 1011 casalia
2210 946 2309 1010 vel
2372 945 2505 1009 loca
2573 964 2688 1027 que
2759 943 2989 1008 fuerint
3051 961 3216 1007 corn·

490 1038 697 1102 munis
743 1035 944 1101 Janue
991 1038 1089 1100 vel
1134 1036 1480 1118 aliquorum
1528 1035 1974 1111 Januensium‚
2014 1035 2087 1099 de
2134 1033 2302 1097 dicta
2348 1033 2551 1098 insula
2598 1032 2916 1095 extrahere
2979 1034 3041 1094 et
3099 1049 3217 1114 quo

490 1123 799 1189 voluerint
845 1128 1092 1206 portare
1138 1126 1203 1187 et
1252 1124 1479 1203 portari
1527 1122 1729 1188 facere
1773 1123 2024 1187 valeant
2070 1122 2575 1204 quandocumque
2610 1119 2803 1183 libere
2835 1121 2899 1182 et
2932 1119 3217 1200 impune;

487 1212 833 1292 recipiendo
880 1214 1090 1275 tamen
1139 1210 1437 1275 bulletam
1486 1210 1561 1273 de
1608 1210 1903 1293 predictis
1965 1209 2363 1273 extrahendis
2410 1209 2471 1271 in
2533 1207 2786 1271 civitate
2830 1207 3219 1289 Famagoste,

489 1297 820 1362 dummodo
867 1300 1110 1381 portare
1157 1299 1257 1363 vel
1302 1298 1625 1362 extrahere
1671 1297 1961 1361 debentes
2008 1297 2211 1360 iurent
2258 1297 2320 1360 in
2370 1294 2653 1359 manibus
2699 1293 3055 1358 officialium
3103 1294 3220 1357 Fa-

491 1387 770 1467 magoste
820 1386 913 1450 vel
957 1385 1219 1450 alicuius
1246 1385 1516 1467 ipsorum
1563 1403 1653 1463 ea,
1704 1404 1823 1467 que
1869 1387 2016 1448 tunc
2061 1385 2549 1459 extraherentur,
2598 1401 2669 1446 ex
2709 1382 3218 1464 possessionibuS,

496 1472 719 1554 prediis
785 1473 882 1536 vel
949 1473 1122 1538 bonis
1193 1474 1462 1554 ipsorum
1512 1473 1888 1537 Venetorum
1958 1471 2119 1536 infra
2183 1470 2457 1554 Cyprum
2525 1472 2864 1534 existentes
2937 1468 3218 1546 crevisse,

490 1579 674 1642 quam
737 1558 1039 1625 bullatam
1086 1559 1233 1625 dicti
1306 1559 1599 1626 officiales
1648 1559 2018 1641 Famagoste
2081 1558 2367 1641 requisiti
2430 1558 2670 1622 tradere
2733 1558 2924 1622 libere
2989 1557 3222 1620 tociens

493 1648 783 1729 quociens
829 1647 1011 1712 dictis
1055 1646 1310 1712 Venetis
1355 1666 1505 1728 opus
1552 1647 1671 1710 erit
1717 1647 1848 1710 sine
1895 1647 2345 1710 contraditione
2377 1644 2649 1727 qualibet
2680 1643 3020 1709 teneantur.
3070 1644 3222 1707 Pos-

499 1735 626 1817 sint
675 1737 882 1798 autem
932 1734 1084 1799 dicti
1131 1734 1428 1798 officiales
1457 1753 1644 1816 super
1689 1733 1937 1816 navigio
1983 1734 2080 1798 vel
2127 1733 2413 1815 navigiis,
2462 1751 2645 1813 snper
2692 1750 2810 1814 quo
2861 1731 2956 1794 vel
2997 1731 3220 1812 quibus

490 1822 840 1886 huiusmodi
887 1841 985 1886 res
1032 1822 1266 1886 extrahi
1313 1821 1655 1902 debuerint,
1698 1822 1947 1886 mittere
1995 1840 2187 1886 unum
2233 1840 2443 1885 eorum
2493 1819 2802 1898 nuncium,
2851 1819 2957 1900 qui
3018 1819 3224 1883 videat

492 1928 588 1972 res
634 1928 743 1990 per
786 1909 984 1974 dictos
1032 1909 1295 1974 Venetos
1343 1910 1416 1973 ut
1459 1910 1844 1990 premittitur
1890 1908 2266 1973 deferendas.
2315 1909 2386 1973 In
2433 1908 2687 1973 civitate
2731 1911 2940 1971 autem
3000 1906 3222 1971 Fama-

490 2000 667 2079 goste
715 1997 778 2059 et
824 2015 895 2060 ex
947 1998 1081 2078 ipsa
1127 1999 1191 2060 et
1235 1995 1312 2061 ad
1359 1997 1556 2079 ipsam
1607 1996 1845 2078 possint
1886 1997 1995 2074 ire,
2058 2000 2244 2074 stare,
2307 1996 2505 2059 redire
2565 2000 2629 2059 et
2686 2011 3045 2067 conversare
3115 2012 3221 2076 pro

492 2084 819 2147 mercando
866 2086 929 2146 et
969 2083 1094 2146 alia
1126 2102 1239 2149 sua
1270 2085 1520 2166 negotia
1566 2085 1900 2148 exercendo
1941 2083 2314 2165 quicumque
2361 2083 2602 2160 Veneti,
2653 2084 2717 2147 et
2764 2082 2993 2145 ibidem
3030 2084 3220 2145 etiam

492 2189 609 2251 quo
672 2168 751 2234 ad
800 2171 1172 2234 commercia
1233 2173 1299 2235 et
1359 2171 1641 2253 gabellas
1701 2173 2049 2235 tractentur
2113 2173 2177 2235 et
2222 2169 2795 2235 tractari-debeant
2839 2170 2957 2251 ipsi
3007 2168 3219 2233 Veneti

494 2256 917 2321 favorabiliter
952 2260 1016 2322 et
1061 2258 1322 2339 benigne
1370 2262 1667 2340 tanquam
1715 2259 1881 2322 cives
1928 2258 2155 2340 proprii
2204 2258 2567 2323 januenses.

701 2344 861 2408 Item
922 2344 1041 2409 fuit
1093 2348 1299 2411 actum
1364 2348 1426 2409 et
1470 2346 1828 2410 solemniter
1874 2347 2238 2411 conventum
2287 2345 2448 2409 inter
2509 2344 2710 2408 dictas
2763 2345 2964 2425 partes
3029 2343 3223 2407 nomi·

492 2431 671 2495 nibus
716 2431 1067 2509 antedictis,
1118 2434 1277 2514 quod
1325 2432 1379 2496 si
1425 2434 1528 2497 ubi
1576 2432 1737 2496 inter
1784 2433 2250 2497 serenissimum
2282 2432 2620 2514 principem
2654 2434 2719 2495 et
2753 2430 3071 2495 dominum
3115 2431 3221 2494 do-

493 2518 730 2582 minum
777 2517 1115 2584 Grecorum
1163 2519 1601 2602 imperatorem
1650 2519 2016 2585 Caloianum
2054 2539 2163 2584 seu
2208 2521 2457 2584 nuntios
2508 2518 2604 2585 vel
2660 2518 2923 2582 factores
2984 2519 3115 2581 eius
3161 2521 3229 2582 et

493 2606 814 2670 dominum
877 2606 1096 2671 ducem
1167 2611 1234 2671 et
1299 2624 1623 2672 commune
1669 2607 1869 2673 Janue
1939 2626 2046 2673 seu
2109 2607 2357 2673 nuncios
2405 2606 2504 2673 vel
2549 2607 2816 2671 factores
2884 2622 3093 2670 eorum
3140 2607 3225 2670 sit

492 2693 964 2776 presentialiter,
1011 2694 1174 2760 sicut
1196 2714 1304 2777 per
1336 2695 1570 2778 aliquos
1597 2696 1914 2773 asseritur,
1964 2714 2080 2777 pax
2128 2698 2191 2760 et
2236 2696 2556 2760 concordia
2599 2694 2925 2773 celebrata,
2973 2712 3043 2758 eo
3077 2712 3222 2757 casu

498 2782 682 2844 liceat
743 2780 1124 2863 quibuslibet
1176 2782 1432 2847 Venetis
1494 2787 1558 2847 et
1618 2783 1884 2864 singulis
1944 2783 2221 2865 ipsorum
2282 2802 2420 2846 cum
2485 2783 2760 2864 ipsorum
2831 2781 3095 2863 navigiis
3162 2784 3228 2843 et

496 2868 915 2933 mercimoniis
962 2871 1025 2933 et
1073 2870 1249 2934 bonis
1296 2869 1433 2933 aliis
1482 2888 1590 2952 pro
1660 2888 1768 2933 sue
1833 2870 2168 2935 voluntatis
2230 2870 2411 2934 libito
2479 2872 2767 2952 navigare
2821 2888 2990 2933 more
3044 2867 3226 2933 solito

496 2956 573 3019 ad
620 2956 951 3037 imperium
999 2960 1064 3020 et
1108 2976 1218 3039 per
1262 2958 1590 3040 imperium
1640 2956 2321 3038 Constantinopolitano
2367 2957 2598 3039 absque
2639 2957 3079 3038 impedimento
3128 2954 3221 3019 vel

499 3042 786 3106 molestia
853 3043 1087 3108 eisdem
1134 3046 1197 3108 in
1241 3044 1517 3126 personis
1565 3044 1662 3109 vel
1710 3045 1886 3109 bonis
1948 3064 2056 3126 per
2115 3045 2459 3127 Januenses
2525 3043 2623 3109 vel
2678 3061 2889 3106 eorum
2947 3043 3223 3107 subditos

495 3130 592 3194 vel
642 3130 1070 3211 stipendiarios
1140 3131 1598 3213 quomodolibet
1667 3131 2031 3195 inferendis:
2099 3132 2154 3195 si
2220 3150 2363 3196 vero
2427 3130 2658 3196 nudum
2720 3129 2885 3194 facta
2942 3131 3027 3194 sit
3083 3149 3223 3193 con-

495 3216 701 3281 cordia
747 3220 1088 3282 memorata
1133 3219 1295 3282 inter
1342 3222 1545 3300 partes
1593 3220 1875 3301 superius
1923 3219 2290 3297 nominatae,
2337 3237 2405 3282 eo
2453 3237 2594 3283 casn
2643 3217 2792 3281 dicti
2824 3218 3055 3281 domini
3105 3218 3220 3280 dux

496 3306 562 3367 et
609 3321 935 3368 commune
981 3305 1181 3370 Janue
1231 3308 1556 3370 teneantur
1601 3307 1665 3371 et
1710 3305 1971 3369 debeant
2016 3305 2263 3369 omnino
2310 3308 2451 3369 dare
2499 3323 2712 3387 pacem
2746 3323 2816 3368 ac
2846 3304 3045 3369 facere
3083 3324 3220 3368 cum

496 3390 661 3454 dicto
721 3391 970 3457 domino
1030 3391 1399 3473 imperatore
1447 3391 1800 3472 Chaloiano,
1864 3393 2195 3457 dummodo
2260 3394 2391 3474 ipse
2462 3394 2793 3474 imperator
2856 3391 3224 3456 Chaloianns

497 3477 799 3541 duntaxat
859 3480 1187 3559 promittat
1245 3482 1571 3545 observare
1633 3482 2065 3546 conventiones
2129 3483 2191 3542 et
2240 3482 2439 3561 pacta,
2517 3498 2634 3561 que
2706 3479 2999 3562 vigebant
3065 3479 3225 3542 inter

502 3566 703 3646 ipsum
750 3564 1067 3630 dominum
1138 3566 1574 3649 imperatorem
1622 3572 1685 3631 et
1730 3586 2054 3632 commune
2096 3567 2298 3632 Janue
2359 3568 2504 3631 ante
2570 3568 2873 3647 inceptam
2936 3585 3221 3649 guerram

500 3653 888 3735 presentem:
938 3654 1003 3716 et
1048 3652 1155 3717 det
1199 3658 1570 3735 potestatem
1617 3655 1781 3719 dicto
1829 3655 2076 3719 domino
2122 3655 2330 3719 comiti
2382 3654 2693 3731 Sabaudie
2740 3656 2804 3717 et
2863 3653 3225 3735 deputandis

497 3740 577 3804 ab
626 3757 695 3802 eo
741 3740 804 3803 et
849 3740 1106 3805 cuilibet
1160 3742 1452 3823 ipsorum,
1504 3743 1557 3805 si
1604 3760 1726 3823 qna
1764 3742 1885 3807 alia
1922 3743 2113 3805 dubia
2146 3761 2298 3806 nova
2344 3741 2773 3818 occurrissent,
2825 3742 2984 3804 inter
3024 3743 3221 3820 ipsum

499 3827 815 3891 dominum
865 3827 1296 3909 imperatorem
1344 3832 1409 3893 et
1453 3829 1795 3894 Januenses
1844 3830 2151 3911 predictos
2208 3848 2396 3911 super
2455 3830 2607 3910 ipsis
2668 3827 3086 3911 cognoscendi,
3135 3829 3224 3890 di-

498 3915 696 3991 cendi,
745 3914 1116 3995 declarandi,
1168 3916 1608 3998 pronunciandi
1655 3918 1720 3981 et
1775 3918 2151 3997 disponendi,
2197 3921 2379 3997 prout
2436 3915 2632 3997 ipsius
2684 3915 2917 3978 domini
2979 3914 3223 3977 comitis

497 4003 596 4067 vel
641 4003 773 4065 eius
821 4002 1184 4067 nunciorum
1250 4003 1437 4068 fuerit
1486 4003 1843 4068 voluntatis.
1894 4006 1974 4066 Et
2020 4004 2278 4085 recipiat
2325 4006 2384 4066 in
2432 4023 2497 4067 se
2543 4005 2827 4067 dommus
2897 4004 3223 4082 imperator

497 4089 869 4153 Chaloianns
915 4089 1235 4154 dominum
1281 4091 1696 4155 Andronicum
1745 4091 1891 4153 ‘eins
1956 4092 2151 4154 filium
2212 4091 2286 4153 ad
2336 4091 2470 4155 eius
2534 4091 2823 4172 gratiam,
2867 4088 3219 4164 ordinandO,

494 4177 654 4258 quod
698 4178 828 4258 ipse
876 4177 1158 4242 dominus
1205 4176 1591 4241 Andronicus
1647 4177 1846 4240 eidem
1907 4178 2067 4258 patri
2116 4196 2225 4241 suo
2273 4180 2561 4243 succedat
2623 4179 2681 4241 in
2750 4179 3007 4260 imperio
3068 4174 3222 4239 Con-

496 4263 1042 4345 stantinopolitano
1086 4266 1223 4345 post
1268 4265 1400 4328 eius
1448 4265 1594 4327 dicti
1642 4266 1832 4345 patris
1879 4265 2120 4328 obitum
2159 4268 2223 4328 et
2267 4267 2611 4344 decessum,
2682 4268 2811 4347 ipso
2860 4270 3069 4327 tamen
3116 4264 3222 4326 do-

498 4351 661 4413 mino
709 4350 1043 4415 Chaloiano
1088 4353 1235 4415 dum
1284 4352 1504 4416 vixerit
1549 4351 1795 4415 domino
1845 4352 1992 4415 dicti
2062 4352 2306 4433 imperii
2372 4360 2759 4433 remanente3
2807 4352 3036 4434 quibus
3083 4370 3224 4432 pen-

497 4437 787 4500 dentibus
833 4438 983 4502 dicti
1011 4439 1233 4502 Veneti
1281 4439 1516 4521 prefato
1562 4439 1809 4503 domino
1857 4438 2192 4502 Chaloiano
2226 4459 2342 4504 non
2395 4441 2689 4520 prebeant
2719 4440 3043 4516 auxilium,
3081 4457 3222 4503 con-

498 4521 708 4586 silium
757 4524 854 4587 vel
903 4524 1208 4590 favorem:
1259 4526 1409 4607 ipsis
1457 4529 1694 4597 tamen,
1731 4525 1915 4589 factis
1964 4530 2033 4590 ut
2094 4546 2283 4608 supra
2345 4526 2442 4591 vel
2513 4527 2734 4590 saltem
2809 4546 2919 4609 per
2987 4526 3219 4592 dictum

496 4606 816 4673 dominum
864 4610 1263 4676 Chaloianum
1325 4632 1442 4676 non
1504 4615 1702 4677 staret
1761 4614 2089 4694 quominus
2157 4614 2430 4695 predicta
2498 4614 2716 4677 fierent
2765 4618 2834 4677 ut
2899 4615 3219 4696 prefertur,

496 4695 644 4759 tunc
691 4714 764 4761 eo
809 4714 952 4762 casu
999 4702 1063 4761 et
1109 4700 1513 4765 incontinenti
1545 4701 1736 4764 etiam
1785 4700 2080 4782 predictis
2127 4703 2300 4765 novis
2348 4700 2552 4765 dubiis
2600 4720 2716 4766 non
2757 4701 3007 4780 sedatiS,
3044 4718 3221 4782 super
