3620 5282
544 338 674 402 446

544 515 769 579 habere
811 515 1047 578 statum
1098 533 1278 578 suum
1327 533 1635 590 securum,
1683 516 1842 596 quod
1892 516 2114 580 civitas
2158 515 2347 580 Jadre
2392 515 2478 579 sit
2524 516 2638 581 sub
2686 534 2801 580 sua
2876 515 3180 598 potentia
3228 516 3295 576 et

546 603 607 665 in
658 603 942 665 manibus
991 608 1053 665 et
1098 601 1284 664 fortia
1354 603 1549 665 nostri
1618 602 1897 671 dominii,
1962 605 2112 684 quot
2159 622 2299 667 vero
2347 602 2632 682 periculis
2680 605 3015 667 subiacent
3066 604 3290 665 status

547 693 755 753 noster
801 687 967 751 dicta
1012 687 1086 749 de
1133 706 1336 764 cansa,
1387 691 1452 752 et
1498 691 1558 752 in
1608 695 1842 771 quanta
1886 692 2108 753 damna
2154 691 2527 754 incurrimus
2559 708 2678 753 non
2713 690 2993 753 habendo
3029 689 3288 752 dictam

546 778 778 839 terram
827 774 1111 838 omnibus
1152 775 1307 837 satis
1358 780 1530 856 patet
1576 778 1640 840 in
1688 779 1958 853 tantum,
2000 779 2159 859 qnod
2193 777 2531 840 dominatio
2579 779 2780 854 debet,
2815 777 3139 860 posseudo
3169 774 3291 837 hoc

548 861 766 931 facere,
818 865 1181 942 postponere
1228 863 1440 926 omnia
1485 862 1609 926 alia
1652 882 2040 945 quecumque
2088 867 2151 928 et
2194 865 2734 947 quantumcunque
2803 866 2933 928 sint
3003 881 3131 945 pro
3183 865 3292 924 at-

545 948 847 1012 tendendo
921 948 997 1011 ad
1086 948 1436 1013 habendum
1516 950 1629 1013 sub
1703 952 1984 1032 potentia
2030 958 2092 1014 et
2138 950 2324 1014 fortia
2374 953 2584 1014 nostra
2628 951 2863 1014 dictam
2913 952 3288 1023 civitatem,

546 1035 714 1118 quia,
764 1034 817 1097 si
860 1054 1072 1097 sumus
1118 1038 1316 1099 securi
1365 1056 1399 1099 a
1447 1039 1621 1118 parte
1670 1039 1884 1113 maris,
1931 1057 2036 1118 pro
2103 1039 2243 1102 aliis
2290 1036 2570 1118 partibus
2619 1037 2818 1102 multa
2866 1040 3017 1102 sunt
3072 1041 3144 1101 et
3189 1036 3290 1098 in-

545 1123 874 1185 veniuntur
922 1121 1214 1198 remedia,
1265 1132 1325 1185 et
1362 1126 1683 1205 propterea
1730 1126 2135 1189 consideratis
2200 1124 2514 1206 predictiS,
2571 1126 2638 1187 et
2696 1125 2854 1207 quod
2920 1126 2980 1188 in
3036 1122 3292 1188 nostris

546 1209 760 1272 diebus
808 1226 1121 1291 nunquam
1169 1210 1499 1274 habuimus
1549 1214 1637 1274 ita
1683 1211 1918 1276 clarum
1968 1214 2032 1275 et
2078 1213 2307 1275 subtile
2352 1211 2650 1292 partitum
2699 1217 2764 1275 et
2837 1215 3104 1276 modum
3174 1230 3290 1292 pre

550 1295 833 1360 manibus
880 1295 955 1357 de
999 1295 1279 1360 habendo
1326 1297 1556 1361 dictam
1602 1298 1941 1376 civitatem,
1980 1302 2052 1361 ut
2078 1298 2378 1363 habemus
2411 1300 2485 1362 ad
2529 1317 2814 1380 presens;
2850 1300 3288 1372 considerato,

546 1383 703 1465 quod
750 1383 952 1445 omnis
997 1402 1165 1446 mora
1212 1388 1307 1447 est
1349 1386 1895 1466 periculosissima,
1944 1386 2087 1468 quia
2131 1386 2289 1449 tales
2335 1387 2766 1466 dispositiones
2812 1390 2876 1450 et
2922 1386 3087 1450 talia
3144 1405 3287 1467 par·

552 1470 669 1533 tita
715 1470 1032 1533 rarissime
1080 1472 1387 1549 eveniunt,
1437 1476 1500 1535 et
1544 1472 1705 1553 quod
1753 1473 1917 1536 clare
1965 1474 2227 1549 videtur,
2275 1472 2456 1554 quod,
2522 1474 2637 1536 nisi
2698 1476 2907 1553 presto
2956 1491 3283 1555 ponamus

552 1556 918 1633 remedium,
965 1556 1132 1621 dicta
1177 1559 1345 1621 terra
1391 1560 1487 1622 est
1549 1563 1918 1639 perventura
1979 1562 2057 1623 ad
2110 1578 2327 1623 manus
2372 1578 2646 1642 persone,
2694 1561 2768 1624 de
2814 1580 2935 1641 qua
2980 1578 3282 1623 essemus

549 1645 814 1725 pessime
862 1644 1151 1720 contenti,
1202 1645 1348 1725 qnia
1395 1646 1594 1709 status
1644 1650 1851 1710 noster
1897 1647 2019 1710 erit
2064 1648 2125 1709 in
2174 1646 2445 1729 periculo
2488 1646 2852 1720 manifesto;
2896 1650 3073 1712 vadit
3124 1664 3281 1729 pars

550 1731 710 1811 quod
765 1731 826 1793 iu
874 1731 1120 1795 nomine
1168 1731 1396 1794 domini
1445 1735 1509 1797 et
1554 1735 1750 1797 sancti
1798 1733 1994 1802 Marci
2044 1732 2422 1815 evangeliste
2478 1736 2841 1814 protectoris
2911 1736 3116 1799 nostri
3168 1735 3286 1796 de-

550 1817 695 1881 beat
740 1818 973 1882 attendi
1023 1820 1086 1881 et
1132 1820 1408 1900 prosequi
1451 1821 1788 1885 tractatum
1830 1810 2023 1905 nuper
2058 1822 2232 1884 nobis
2265 1821 2643 1902 propositum
2678 1840 2787 1902 per
2817 1822 2982 1886 hunc
3013 1822 3278 1885 fidelem

553 1906 832 1969 nostrum
880 1905 953 1967 de
1004 1905 1315 1969 voluntate
1363 1908 1427 1969 et
1472 1908 1903 1972 commissione
1971 1908 2221 1972 illorum
2291 1910 2583 1989 quattuor
2653 1908 2949 1973 nobilium
2997 1908 3279 1973 Jadren-

549 1993 733 2067 sium,
779 1995 843 2055 et
882 2010 998 2055 non
1047 1992 1244 2056 solum
1289 1993 1594 2074 prosequi,
1645 1994 1751 2058 sed
1802 1995 1951 2058 totis
2000 1995 2284 2058 sensibus
2329 1994 2554 2058 nostris
2604 2012 2929 2074 procurare
2992 1995 3278 2059 executi-

550 2098 727 2142 onem
773 2083 836 2141 et
880 2080 1337 2143 conclusionem
1385 2080 1650 2144 habendi
1698 2081 1927 2145 dictam
1977 2083 2295 2146 civitatem
2343 2080 2533 2145 Jadre
2578 2081 2641 2144 in
2690 2084 2980 2147 manibus
3030 2088 3096 2145 et
3145 2082 3277 2144 for-

550 2167 640 2230 tia
686 2171 899 2229 nostra
969 2171 1032 2229 et
1092 2167 1206 2230 sub
1270 2167 1572 2248 regimine
1634 2171 1697 2231 et
1765 2170 2144 2249 protectione
2200 2169 2390 2232 nostri
2453 2169 2728 2244 dominii,
2777 2175 2841 2234 et
2875 2174 2945 2234 ut
2993 2171 3057 2233 in
3106 2168 3274 2231 bona

550 2253 757 2341 gratia
803 2252 983 2317 detur
1033 2254 1256 2316 bonum
1308 2254 1680 2335 principium
1727 2256 1871 2318 huic
1904 2254 2218 2330 tractatui,
2254 2257 2493 2319 dicatur
2524 2257 2590 2319 et
2617 2257 3066 2339 respondeatur
3099 2256 3272 2319 dicto

552 2344 761 2407 nostro
810 2340 1002 2416 fideli,
1051 2341 1151 2421 qui
1195 2342 1292 2403 est
1336 2344 1636 2405 tractator
1683 2341 1869 2406 huius
1919 2343 2174 2426 negocii,
2224 2344 2382 2424 quod
2431 2344 2851 2425 cognoscendo
2885 2343 3274 2407 manifestis·

553 2431 731 2501 simis
778 2429 978 2513 signis
1018 2429 1083 2491 et
1130 2426 1475 2491 rationibus
1522 2428 1721 2492 dictos
1769 2430 2004 2493 nobiles
2049 2429 2259 2501 Jadre,
2304 2429 2412 2512 qui
2460 2429 2661 2511 ipsum
2713 2432 3037 2508 miserunt,
3086 2431 3154 2492 et
3182 2428 3271 2491 si-

555 2518 793 2587 militer
841 2516 1043 2597 ipsum
1094 2520 1407 2596 tamquam
1460 2505 1951 2597 sapientissimos
1998 2520 2064 2581 et
2107 2517 2298 2581 bonos
2369 2534 2434 2580 se
2504 2518 2764 2581 movisse
2812 2536 2849 2582 a
2896 2535 3123 2599 magna
3170 2535 3270 2579 re-

556 2603 853 2680 verentia,
903 2621 1087 2685 quam
1126 2621 1368 2684 semper
1433 2601 1784 2667 habuerunt
1849 2607 1912 2667 et
1974 2604 2203 2683 habent
2261 2620 2480 2667 corone
2542 2602 2877 2686 Hungarie,
2950 2624 3023 2669 ne
3098 2605 3270 2694 dicta

557 2697 719 2758 terra
744 2691 1060 2773 perveniat
1091 2691 1150 2752 in
1178 2690 1462 2753 manibus
1486 2690 1874 2754 inimicorum
1907 2691 2068 2755 dicte
2117 2710 2333 2755 corone
2378 2690 2716 2774 Hungarie,
2751 2696 2815 2754 et
2846 2711 2883 2756 a
2918 2694 3073 2757 bono
3106 2690 3263 2762 zeln,

555 2799 737 2868 quem
789 2777 1021 2841 habent
1066 2778 1266 2858 patrie
1310 2797 1435 2852 sue,
1488 2796 1560 2841 ne
1606 2778 1926 2859 perveniat
1968 2779 2046 2841 ad
2097 2797 2316 2843 manus
2362 2796 2636 2859 persone,
2707 2798 2824 2861 que
2870 2780 3070 2861 ipsam
3105 2796 3266 2856 ,cou-

557 2870 761 2934 sumet
805 2867 870 2934 et
914 2866 1193 2941 desertet,
1243 2883 1351 2927 nec
1397 2864 1593 2945 possit
1637 2883 1771 2929 eam
1820 2865 2164 2943 defendere,
2244 2869 2306 2927 et
2352 2884 2389 2927 a
2436 2866 2681 2929 sincera
2750 2867 3010 2930 caritate
3055 2868 3123 2928 et
3165 2884 3263 2927 re-

558 2957 851 3031 verentia,
901 2970 1082 3036 quam
1125 2971 1366 3032 semper
1412 2952 1755 3016 babuerunt
1808 2954 1874 3015 et
1941 2954 2172 3019 habent
2239 2953 2452 3016 honori
2503 2957 2709 3016 nostro
2767 2957 2832 3016 et
2879 2955 3086 3017 nostro
3153 2950 3262 3012 do·

557 3045 769 3115 minio,
818 3044 959 3123 quia
997 3039 1394 3121 cognoscunt,
1430 3040 1588 3122 quod
1636 3058 1851 3103 snmus
1897 3042 2080 3104 amici
2129 3058 2346 3103 corone
2392 3038 2714 3121 Hungarie
2760 3042 2825 3103 et
2870 3043 3150 3122 potentes
3180 3038 3262 3100 ad

557 3129 967 3194 defensionem
1077 3127 1266 3209 ipsius
1342 3131 1520 3204 terre,
1613 3129 1676 3189 et
1746 3126 1877 3209 apti
1967 3127 2044 3191 ad
2137 3126 2583 3191 meliorandum
2676 3125 2876 3206 ipsam
2968 3129 3033 3189 et
3110 3128 3261 3187 bene

560 3215 893 3300 regendum
973 3217 1035 3278 et
1118 3212 1537 3295 premiandum
1612 3214 1764 3278 bene
1842 3213 2156 3292 facienteS,
2232 3215 2632 3295 acceptamus
2708 3217 2774 3276 et
2842 3212 3268 3294 gratificamns

556 3326 695 3374 cnm
767 3302 964 3375 illari,
1045 3302 1280 3364 sincero
1368 3302 1431 3364 et
1510 3303 1659 3365 bono
1735 3301 1945 3365 animo
2036 3319 2213 3365 suam
2305 3299 2717 3371 oblationem,
2813 3299 3098 3381 dispositi
3199 3300 3267 3360 et

558 3391 829 3478 prompti
909 3389 1226 3471 procedere
1301 3385 1376 3451 ad
1454 3388 1872 3452 executionem
1943 3390 2006 3452 et
2068 3387 2522 3454 conclusionem
2601 3385 2789 3450 huius
2838 3386 3072 3468 negocii
3120 3403 3270 3447 cnm

558 3502 670 3547 suo
752 3477 1005 3543 consilio
1080 3480 1143 3540 et
1219 3475 1640 3549 subventione,
1719 3474 2033 3539 referendo
2108 3476 2293 3539 dictis
2371 3473 2686 3537 nobilibus
2748 3476 2812 3536 et
2875 3473 2996 3553 ipsi
3059 3475 3271 3535 nostro

558 3570 722 3633 fideli
770 3557 1165 3647 dignissimas
1213 3567 1439 3645 grates,
1487 3564 1551 3626 et
1589 3563 1914 3627 offerentes
1959 3581 2069 3628 nos
2116 3564 2360 3644 paratos
2390 3565 2455 3623 et
2485 3561 2991 3641 promptissimos
3023 3557 3104 3622 ad
3136 3576 3273 3620 om-

560 3676 668 3721 nes
715 3672 859 3719 suos
905 3654 1162 3716 honores
1208 3654 1271 3714 et
1312 3652 1583 3725 comoda,
1632 3652 1696 3714 et
1739 3653 2062 3730 propterea
2108 3651 2409 3723 nolenteS,
2449 3651 2523 3710 ut
2567 3646 2996 3726 supradictum
3028 3649 3143 3721 est,
3180 3647 3279 3708 vi·-

563 3745 705 3807 dere
779 3742 1071 3804 damnum
1157 3743 1220 3802 et
1267 3739 1698 3802 exterminium
1775 3736 1939 3801 dicte
2007 3741 2166 3799 terre
2240 3738 2302 3799 et
2372 3737 2616 3798 tantum
2663 3733 2998 3797 incaricnm
3046 3749 3278 3795 corone

564 3827 904 3911 Hungarie,
947 3825 1327 3908 providimus
1376 3825 1625 3888 mittere
1674 3841 1813 3886 cum
1861 3824 1990 3905 ipso
2038 3829 2245 3887 nostro
2316 3820 2484 3885 fideli
2555 3838 2740 3884 unam
2790 3837 3112 3900 personam
3159 3838 3279 3899 pro

568 3921 738 3999 parte
786 3915 1015 3989 nostra,
1065 3914 1170 3995 qui
1216 3913 1415 3987 ambo,
1464 3911 1624 3992 quod
1673 3911 1945 3992 prestius
2020 3916 2081 3973 et
2135 3907 2390 3973 caucius
2442 3908 2580 3971 fieri
2629 3908 2875 3987 poterit,
2926 3906 3153 3971 vadant
3196 3906 3279 3969 ad

567 4004 888 4068 abbatiam
935 4003 998 4064 et
1043 4000 1262 4072 locum,
1312 3999 1387 4062 ad
1436 4018 1615 4081 quem
1661 3999 1841 4061 datus
1888 3999 1988 4061 est
2031 3998 2197 4073 ordo,
2259 4015 2380 4077 quo
2443 3994 2581 4074 ipse
2625 3997 2924 4058 tractator
2964 3994 3185 4057 debeat
3214 4013 3284 4057 se

571 4092 858 4155 reducere
906 4089 967 4150 in
1016 4087 1125 4151 s'uo
1173 4086 1393 4162 reditu,
1444 4091 1508 4150 et
1550 4090 1690 4167 post
1734 4103 1947 4148 eorum
1995 4082 2476 4166 applicationem
2531 4083 2786 4145 teneant
2831 4081 3076 4144 modum
3136 4097 3285 4143 cum

566 4180 729 4244 dicto
775 4177 1017 4249 abbate,
1067 4173 1226 4257 quod
1272 4174 1607 4236 secundum
1653 4172 1925 4237 ordinem
1977 4174 2188 4236 datum
2267 4169 2490 4234 debeat
2565 4168 2873 4232 notificare
2940 4168 3286 4230 adventum

570 4266 718 4331 dicti
765 4263 960 4327 nostri
1006 4262 1205 4326 fidelis
1254 4264 1317 4323 et
1363 4278 1616 4341 persone
1662 4261 1849 4323 misse
1894 4279 2000 4340 per
2061 4275 2169 4322 nos
2256 4256 2384 4320 illis
2433 4259 2723 4337 quattuor
2789 4254 3125 4331 nobilibnS,
3176 4272 3289 4334 pro

572 4371 834 4439 quorum
886 4352 1056 4430 parte
1104 4349 1329 4411 missus
1379 4350 1477 4411 est
1527 4348 1727 4410 dictus
1775 4350 2093 4422 tractator,
2140 4346 2376 4424 quibus
2427 4343 2736 4407 nobilibus
2806 4342 3010 4405 dictus
3074 4343 3290 4404 noster

570 4442 770 4508 fidelis
817 4441 882 4501 et
927 4436 1095 4499 dicta
1143 4453 1400 4515 persona
1443 4434 1634 4498 missa
1679 4432 1942 4496 habeant
1989 4434 2185 4496 dicere
2241 4430 2701 4509 responsionem
2748 4431 3041 4505 nostram,
3090 4431 3154 4492 et
3185 4447 3295 4491 su-

573 4530 860 4610 pradicta
907 4524 1112 4598 verba,
1162 4542 1277 4601 qne
1324 4520 1441 4584 sibi
1492 4522 1775 4596 diximuS‚
1849 4522 1913 4582 et
1976 4520 2138 4584 ultra
2219 4518 2353 4593 illa,
2428 4516 2588 4598 quod
2636 4515 2886 4580 veniunt
2932 4534 3038 4597 pro
3085 4515 3295 4579 dando

572 4615 991 4679 executionem
1042 4610 1202 4673 dicto
1251 4609 1522 4690 negocio,
1569 4626 1675 4689 pro
1721 4627 1840 4688 quo
1888 4607 2186 4670 miserant
2216 4609 2297 4671 ad
2335 4623 2452 4670 nos
2476 4605 2679 4681 ipsum
2712 4606 2988 4666 nostrum
3022 4601 3294 4676 fidelem,

574 4703 641 4764 et
686 4698 843 4780 quod
890 4696 1254 4761 deliberatio
1304 4696 1511 4759 nostra
1554 4697 1619 4758 et
1665 4712 1877 4776 parere
1928 4697 2205 4758 nostrum
2262 4693 2360 4758 est
2412 4692 2476 4756 in
2521 4688 2642 4755 hac
2706 4690 2924 4768 forma,
2997 4687 3297 4753 videlicet

572 4786 737 4870 quod
780 4785 842 4847 in
889 4785 1047 4847 bona
1089 4782 1295 4866 gratia
1340 4800 1555 4846 sumus
1622 4782 1895 4846 contenti
1965 4781 2215 4845 mittere
2293 4797 2480 4846 omne
2520 4777 2869 4842 subsidium
2914 4778 3296 4859 oportunum
