3620 5282
501 349 629 415 206

512 526 683 589 sione
732 524 896 607 regis
943 522 1022 586 ad
1069 524 1464 587 ambaxatam
1514 524 1807 599 nostram,
1865 523 2173 598 volumus,
2228 540 2346 606 quo
2416 540 2522 604 pro
2564 524 2736 604 parte
2801 523 3006 586 nostra
3063 521 3229 585 dicto

516 613 645 697 regi
696 614 1083 695 respoudeat,
1133 612 1292 693 quod
1340 613 1501 676 teste
1548 612 1681 688 dee,
1724 612 1822 675 cui
1870 610 2059 674 nichil
2109 612 2281 674 extat
2312 610 2643 686 occultum,
2694 629 2833 673 cum
2878 609 3044 673 omni
3092 609 3232 671 dili-

510 700 723 782 gentia
770 704 834 764 et
874 700 1078 764 studio
1128 700 1426 764 hactenus
1473 700 1829 763 curavimus
1877 700 1940 762 et
1985 715 2272 762 curamus
2321 697 2645 763 observare
2691 701 2755 761 et
2801 697 3110 762 observari
3143 698 3236 760 fa-

510 807 645 853 cere
694 792 985 871 treuguas
1033 788 1219 850 initas
1256 790 1319 851 et
1348 787 1585 852 iuratas
1628 787 1771 850 hinc
1816 786 1978 863 inde,
2028 805 2138 849 nec
2193 785 2441 867 reperiri
2487 786 2716 868 poterit
2763 803 2905 848 cum
2949 784 3234 859 veritate,

509 876 665 957 quod
715 877 778 938 in
825 876 1122 940 lesionem
1150 893 1362 940 earum
1415 894 1485 940 ex
1534 877 1705 956 parte
1753 877 1967 938 nostra
1992 872 2225 955 aliquid
2260 874 2341 937 sit
2384 874 2802 944 commissum,
2851 874 2914 937 et
2960 871 3049 936 sic
3080 874 3237 936 ami-

503 964 791 1028 cabiliter
834 982 941 1028 eas
990 982 1235 1027 servare
1282 963 1697 1046 proponimus
1751 961 1942 1026 etiam
1992 962 2043 1025 si
2093 962 2170 1024 ab
2218 962 2338 1026 alio
2391 962 2839 1043 requireremus
2888 962 2947 1024 in
2994 963 3237 1024 contra-

505 1054 688 1130 rium,
737 1051 883 1135 quia
931 1052 982 1115 si
1030 1051 1213 1115 aliter
1259 1051 1458 1115 facere
1508 1054 1996 1133 temptaremuS,
2064 1053 2229 1133 esset
2293 1050 2356 1112 in
2418 1048 2823 1131 preiudicium
2886 1048 3231 1112 animarum

506 1144 859 1204 nostrarum
911 1142 975 1202 et
1021 1140 1317 1221 perpetua
1362 1137 1617 1225 infamia
1680 1137 1875 1203 nostri
1938 1136 2223 1212 honoris;
2296 1140 2358 1202 et
2404 1137 2456 1200 si
2521 1137 2675 1202 forte
2736 1135 2972 1218 aliquid
3020 1139 3233 1199 contra

511 1247 615 1292 eas
662 1230 893 1291 iactum
946 1229 1129 1301 esset,
1178 1226 1242 1290 id
1290 1228 1495 1308 preter
1541 1227 1810 1290 nostram
1870 1224 2308 1289 conscientiam
2357 1225 2789 1307 processisset,
2853 1225 2918 1287 et
2962 1242 3233 1287 essemus

513 1316 714 1397 parati
766 1316 971 1378 omnia
1018 1315 1287 1378 indebite
1336 1315 1501 1378 facta
1546 1313 1745 1378 facere
1794 1312 2116 1376 reformari
2164 1311 2325 1377 sicut
2369 1313 2606 1376 iustum
2672 1312 2852 1375 esset.
2918 1311 3002 1375 Et
3062 1312 3232 1374 simi·

515 1404 659 1467 liter
700 1403 1027 1479 credimuS,
1079 1421 1187 1466 nec
1234 1401 1516 1466 dubitare
1562 1402 1869 1485 possimus
1909 1400 2035 1466 ullo
2083 1400 2281 1477 modo,
2331 1401 2488 1481 quod
2537 1420 2606 1463 ex
2651 1401 2831 1482 parte
2886 1398 3234 1462 maiestatis

508 1511 614 1555 sue
664 1510 772 1574 pro
819 1490 1021 1554 salute
1068 1491 1132 1554 et
1177 1491 1404 1554 honore
1452 1507 1558 1554 suo
1606 1491 1892 1571 treugue,
1939 1488 2026 1551 sic
2072 1487 2185 1551 deo
2234 1489 2434 1551 iurate
2465 1490 2610 1551 sunt
2641 1489 2705 1550 et
2735 1486 3053 1568 promisse,
3104 1485 3232 1568 ple·
3275 1560 3286 1566 ,

504 1581 674 1643 narie
719 1579 1144 1643 servabuntur.
1198 1577 1293 1641 Ad
1345 1579 1406 1642 id
1455 1596 1613 1656 vero,
1663 1595 1779 1660 quo
1828 1594 1938 1659 pro
1986 1577 2162 1657 parte
2186 1575 2377 1658 ipsius
2421 1574 2585 1657 regis
2612 1573 3025 1656 subiungitur,
3076 1574 3233 1656 quod

506 1668 747 1749 appetit
793 1665 1139 1730 amiciciam
1188 1667 1252 1729 et
1294 1683 1507 1746 pacem
1555 1664 1778 1729 habere
1826 1663 2149 1727 nobiscum
2213 1663 2420 1745 pocius
2478 1681 2663 1745 quam
2723 1680 2865 1725 cum
2928 1662 3232 1744 aliquibus

506 1756 669 1833 aliis⁹
721 1755 1184 1836 respondeatur,
1242 1754 1399 1836 quod
1448 1771 1690 1834 semper
1733 1752 2083 1834 optavimus
2129 1750 2477 1816 amiciciam
2525 1752 2590 1814 et
2632 1767 2848 1833 pacem
2895 1768 3035 1813 cum
3084 1765 3232 1830 quo-

486 1842 690 1923 libet,
737 1843 842 1905 sed
893 1860 1029 1905 eam
1078 1840 1503 1923 principaliter
1550 1844 1612 1905 et
1657 1840 1924 1904 maxime
1979 1838 2327 1921 optavimus
2381 1840 2444 1903 et
2504 1840 2791 1921 optamus
2847 1856 2986 1901 cum
3037 1837 3229 1900 maie-

504 1932 665 1995 state
711 1949 822 1994 sua
874 1934 1081 2006 (sicut)
1119 1929 1445 1992 habuimus
1502 1948 1644 1992 cum
1693 1928 2184 2010 progenitoribus
2220 1927 2367 2003 suiS,
2424 1926 2528 2009 qui
2567 1944 2811 2009 semper
2855 1944 2966 1989 nos
3002 1925 3234 1989 amicos

504 2020 569 2083 et
590 2017 844 2083 devotos
873 2018 1222 2081 carissimos
1250 2016 1634 2098 reputarunt,
1684 2018 1746 2080 et
1790 2017 1880 2080 sic
1905 2015 2279 2080 intendimus
2311 2016 2537 2079 habere
2579 2016 2643 2078 et
2686 2030 2930 2078 servare
2967 2030 3107 2076 cum
3142 2031 3232 2090 ee,

508 2107 749 2188 quando
791 2124 901 2169 sue
948 2104 1192 2188 placeat
1239 2104 1574 2179 maiestati,
1624 2104 1688 2168 et
1731 2100 1934 2168 facere
1980 2122 2052 2167 ex
2098 2105 2275 2185 parte
2323 2103 2534 2168 nostra
2580 2100 2866 2184 quicquid
2912 2100 3097 2165 fuerit
3141 2100 3233 2164 fa-

510 2194 816 2271 ciendum,
867 2195 937 2256 ut
982 2192 1162 2256 firma
1209 2209 1324 2274 pax
1371 2194 1433 2256 et
1479 2193 1776 2275 perpetua
1826 2191 2246 2256 benivolencia
2289 2192 2581 2273 sequatur
2626 2187 2961 2255 hincinde.
3010 2188 3095 2252 Et
3122 2202 3272 2253 au-·

508 2282 641 2346 diat
700 2281 1153 2363 responsionem
1226 2297 1439 2354 suam3
1512 2279 1575 2343 et
1636 2279 1689 2343 si
1746 2299 1851 2342 rex
1897 2279 2084 2343 fuerit
2143 2280 2467 2344 contentus
2514 2279 2587 2343 de
2634 2277 2770 2361 ipsa
2821 2277 3234 2359 responsione,

504 2370 709 2439 dictus
759 2372 965 2433 noster
1011 2367 1269 2431 nuncius
1318 2366 1534 2430 redeat
1577 2367 1912 2441 Venecias3
1963 2366 2015 2430 si
2062 2368 2270 2431 autem
2317 2384 2439 2430 non
2485 2366 2964 2444 contentaretur,
3014 2364 3234 2430 rescri-

507 2459 632 2535 bat,
683 2459 746 2520 et
791 2456 866 2521 de
915 2456 1086 2520 novis
1135 2454 1420 2519 omnibus
1468 2456 1531 2518 et
1576 2455 1845 2518 maxime
1893 2454 2293 2536 tangentibus
2341 2453 2508 2518 facta
2552 2454 2785 2531 nostra,
2835 2454 2899 2517 et
2945 2454 3224 2517 nostrum

507 2546 788 2628 expectet
833 2543 1219 2608 mandatum.
1268 2543 1352 2607 Et
1397 2542 1764 2607 informetur
1788 2541 1992 2606 dictus
2040 2542 2298 2606 nuncius
2332 2541 2408 2606 de
2436 2540 2564 2624 liga
2594 2540 2761 2605 facta
2809 2540 2972 2604 inter
3019 2561 3226 2623 regem

508 2634 866 2717 Aragonum
915 2635 978 2697 et
1025 2651 1130 2696 nos
1181 2632 1393 2697 contra
1437 2630 1800 2697 JanuenseS.

719 2720 951 2804 Capta:
1002 2721 1081 2784 ad
1128 2719 1374 2784 licteras
1400 2723 1608 2784 autem
1655 2718 1886 2783 domini
1917 2716 2234 2800 Stephani,
2284 2716 2434 2782 olim
2467 2715 2755 2801 voyvode,
2792 2715 3234 2798 respondeatur

510 2830 646 2875 cnm
700 2810 930 2893 pulcris
977 2807 1200 2886 verbiS,
1250 2807 1413 2872 sicut
1458 2807 1728 2872 dominio
1776 2807 2119 2890 apparebit.

592 2901 749 2962 Secr.
794 2918 950 2961 cons.
996 2918 1115 2975 roy.
1162 2899 1238 2959 B.
1288 2901 1431 2970 104,
1464 2915 1506 2960 u
1548 2898 1890 2959 mletaekom
1936 2898 2167 2958 arkivu.

906 3105 1233 3191 (ΣΟ-ΟΠ.
1308 3105 1513 3188 God.
1570 3106 1787 3189 1351.
1847 3107 1898 3188 8
1932 3103 2314 3206 venece,
2368 3126 2428 3184 u
2481 3103 2871 3186 Mletcih.

506 3236 648 3295 Ρὶἕε
678 3252 739 3295 se
780 3233 971 3293 obc'ini
1015 3233 1337 3305 §ibeniekoj
1397 3249 1430 3292 o
1476 3233 1808 3379 umabgnju
1860 3234 2048 3292 kazne
2093 3233 2353 3293 izreffene
2403 3233 2570 3306 proti
2614 3232 2886 3304 m'ekomu
2930 3228 3227 3304 Boydanu

1695 3321 2093 3380 ibenicanimc.

730 3443 913 3507 1350.
962 3443 1059 3507 die
1114 3442 1263 3506 V111
1330 3440 1648 3521 februarii,
1696 3442 1912 3523 capta:
1961 3441 2120 3522 quod
2165 3440 2480 3505 occasione
2526 3438 2852 3503 cuiusdam
2898 3437 3237 3517 condepna-

516 3534 702 3598 tionis
748 3532 911 3597 facte
937 3531 1019 3594 .in
1067 3548 1323 3612 persona
1370 3529 1687 3612 Bogodani
1734 3529 1992 3593 condam
2041 3528 2323 3610 Gregorii
2370 3529 2443 3592 de
2489 3527 2762 3593 Sibinico
2808 3528 3084 3607 tempore
3115 3523 3230 3588 viri

512 3622 739 3687 nobilis
787 3620 1125 3703 Hermolay
1172 3618 1514 3684 Gradonico
1558 3617 1826 3695 comitis,
1876 3617 1982 3697 qui
2027 3615 2397 3699 Bogodanus
2446 3615 2566 3679 fuit
2608 3616 2887 3697 privatus
2931 3613 3149 3677 officiis
3174 3613 3238 3675 et

517 3709 832 3775 beneficiis
879 3707 1155 3785 Sibiuici,
1204 3706 1400 3789 possit
1447 3705 1632 3770 scribi
1678 3705 1891 3770 comiti
1941 3706 2004 3769 et
2050 3704 2305 3769 consilio
2369 3703 2625 3769 Sibinici
2692 3701 3027 3767 secundnm
3073 3700 3233 3782 quod

520 3798 786 3863 consulit
833 3815 928 3860 ser
964 3794 1260 3860 Zufredus
1303 3795 1667 3859 Mauroceno
1715 3811 1922 3857 comes
1971 3792 2220 3867 ibidem,
2289 3791 2447 3872 quod
2496 3791 2696 3856 dictus
2739 3808 3060 3873 processus
3109 3788 3237 3853 sive

514 3884 990 3968 condempnatio
1038 3885 1101 3946 in
1148 3885 1321 3947 tanto
1371 3881 1678 3965 mitigare,
1728 3881 1890 3962 quod
1953 3881 2147 3961 possit
2190 3879 2392 3943 dictus
2458 3898 2662 3944 comes
2727 3897 2866 3942 cum
2930 3876 3237 3943 iudicibus

515 3975 735 4040 deinde
782 3991 1005 4056 ponere
1057 3971 1120 4035 in
1168 3989 1278 4035 suo
1322 3969 1539 4033 maiori
1587 3968 1843 4033 consilio
1889 3972 2149 4049 partem,
2212 3966 2265 4030 si
2314 3967 2401 4031 eis
2449 3966 2545 4031 vel
2593 3967 2810 4031 maiori
2859 3967 3025 4048 parti
3070 3964 3237 4029 vide-

514 4064 700 4139 bitur,
751 4062 910 4145 quod
948 4058 1151 4123 dictus
1199 4058 1567 4141 Bogodanus
1631 4056 1870 4121 absolvi
1918 4056 2141 4120 debeat
2185 4055 2284 4119 vel
2328 4057 2568 4121 tantam
2611 4073 2832 4137 penam
2880 4064 2986 4119 aut
3036 4054 3231 4116 mino-

516 4170 645 4216 rem
695 4149 863 4231 pati;
913 4149 976 4211 et
1022 4148 1109 4211 sic
1156 4147 1532 4222 observetur,
1581 4146 1765 4227 prout
1810 4143 1999 4208 fuerit
2043 4142 2468 4208 terminatum.

600 4241 780 4300 Misti
830 4238 958 4299 XX
971 4238 1070 4300 VI.
1122 4239 1221 4307 50,
1269 4255 1312 4296 u
1357 4237 1575 4297 arkivu
1625 4235 1982 4296 mletaokom.
