3620 5282
543 340 674 410 406

540 541 793 590 occurso
840 524 975 599 sibi,
1025 523 1316 607 gentibus
1363 524 1428 587 et
1472 522 1769 588 exercitui
1816 542 1925 588 sno
1972 522 2355 604 portavimus
2401 522 2732 589 cordialem
2766 525 2831 588 et
2860 522 3302 589 intrinsecam

537 613 886 693 passionem
935 616 1065 675 tam
1112 613 1358 692 propter
1394 614 1619 675 damna
1654 612 2031 675 universalia
2066 612 2258 676 totius
2291 612 2772 675 christianitatis
2805 630 2992 695 quam
3029 616 3306 693 propter

534 699 1017 780 compassionem
1087 702 1182 762 tot
1243 697 1518 762 fidelium
1591 699 2091 776 christianorum,
2154 700 2261 781 qui
2327 700 2385 762 in
2433 699 2602 765 dicto
2655 718 2803 763 casu
2846 698 3305 763 inhumaniter

539 786 872 869 perierunt,
922 787 1011 848 ita
1056 785 1133 849 de
1175 786 1462 849 incolumi
1506 786 1705 850 reditu
1755 805 1863 850 suo
1908 786 1987 850 ad
2032 788 2295 868 patriam
2329 805 2509 850 snam
2556 790 2622 850 et
2666 786 2742 850 ad
2784 805 3046 867 regnum
3090 804 3296 849 suum

538 874 952 937 remansimus
999 875 1063 936 et
1106 891 1495 937 remanemus
1544 874 1815 937 maxime
1861 873 2182 949 consolati,
2214 873 2465 938 indubie
2497 876 2837 956 speranteS,
2874 874 3033 957 quod
3073 873 3298 937 omni·

538 962 772 1043 potens,
821 960 995 1024 cuius
1041 979 1136 1024 res
1183 962 1413 1041 agitur,
1464 960 1851 1025 illuminabit
1885 962 2100 1025 taliter
2143 964 2415 1025 mentem
2451 979 2628 1025 suam
2661 964 2725 1025 et
2754 960 3015 1026 aliorum
3051 979 3301 1041 regum

539 1051 601 1112 et
648 1047 994 1128 principum
1047 1046 1545 1123 christianorum,
1595 1048 1759 1130 quod
1809 1051 1934 1113 ista
1984 1049 2232 1130 negotia
2278 1048 2781 1113 reformabuntur
2831 1068 2937 1130 per
2986 1048 3302 1126 modum,

539 1134 644 1217 qui
689 1136 806 1198 erit
851 1153 996 1199 cum
1042 1134 1267 1199 honore
1313 1136 1795 1201 christianitatis
1836 1138 1900 1200 et
1945 1135 2303 1201 confusione
2365 1154 2438 1201 ac
2493 1136 2850 1200 esterminio
2920 1134 3300 1201 infidelium

538 1221 974 1304 predictorum.

745 1310 827 1373 Et
873 1308 927 1373 si
978 1328 1081 1389 per
1126 1309 1334 1389 ipsum
1381 1308 1700 1374 dominum
1752 1328 1966 1392 regem
2038 1311 2219 1374 fieret
2283 1310 2460 1375 vobis
2532 1310 2785 1387 mentio,
2851 1310 3017 1375 sicut
3067 1310 3302 1374 facere

539 1395 707 1461 soliti
752 1402 897 1460 sunt
944 1396 1094 1460 dicti
1140 1396 1448 1478 Hungari,
1500 1398 1551 1460 si
1601 1397 1845 1462 habetis
1891 1396 2263 1463 sindicatum
2310 1417 2347 1462 a
2379 1398 2555 1464 nobis
2586 1400 2664 1462 ad
2696 1399 3074 1480 possendnm
3116 1399 3306 1461 trac-

538 1488 674 1549 tare
720 1502 955 1560 secum,
1001 1483 1304 1562 volumuS,
1353 1485 1510 1565 quod
1587 1488 1665 1550 ad
1742 1487 1859 1551 hoc
1936 1488 2304 1567 respondere
2374 1486 2670 1563 debeatis,
2719 1487 2880 1570 quod
2927 1484 3303 1549 dominatio

540 1576 748 1636 nostra
796 1591 913 1636 non
961 1571 1112 1635 fecit
1159 1590 1269 1636 nec
1316 1571 1487 1636 dedit
1535 1573 1708 1637 vobis
1755 1573 2025 1655 aliquem
2075 1573 2467 1645 sindicatum,
2541 1576 2606 1637 et
2674 1591 2857 1637 causa
2924 1576 3042 1649 est,
3123 1571 3288 1655 quia

542 1659 859 1742 incognita
906 1660 1080 1723 nobis
1127 1661 1261 1723 erat
1304 1661 1367 1723 et
1413 1660 1512 1723 est
1556 1677 1761 1735 causa,
1829 1664 2081 1742 propter
2146 1679 2331 1743 quam
2393 1661 2690 1725 maiestas
2755 1679 2867 1725 sua
2907 1660 3290 1741 requirebat

544 1751 818 1812 nostram
868 1747 1301 1823 ambasiatam,
1351 1766 1469 1828 qua
1513 1748 1831 1831 incognita
1878 1746 2082 1812 dictus
2129 1748 2473 1813 sindicatus
2522 1750 2686 1813 male
2732 1749 2867 1812 fieri
2946 1747 3292 1829 potuisset,

545 1853 688 1898 nam
736 1835 808 1897 ut
855 1834 1093 1897 dictum
1142 1835 1255 1911 est,
1308 1835 1512 1899 dictus
1558 1854 1657 1899 ser
1704 1836 2073 1899 Franciscus
2121 1836 2357 1900 nnllam
2405 1837 2593 1900 aliam
2667 1835 2845 1900 nobis
2893 1834 3291 1899 mentionem

543 1922 709 1997 fecit,
760 1920 879 1985 nisi
925 1923 1089 2004 quod
1135 1940 1248 1987 sua
1294 1923 1662 1987 excellentia
1707 1941 1821 1987 nos
1863 1924 2140 2005 rogabat,
2191 1922 2353 2006 quod
2406 1925 2582 1988 nobis
2630 1923 2904 2005 placeret
2969 1922 3032 1986 in
3099 1941 3288 1986 suam

544 2008 1054 2091 complacentiam
1101 2009 1289 2073 istam
1335 2016 1610 2076 nostram
1662 2012 1909 2075 mittere
1957 2010 2369 2075 ambasiatam
2417 2011 2493 2075 ad
2540 2030 2718 2075 suam
2765 2009 3176 2093 presentiam,
3216 2012 3289 2073 ut

542 2100 748 2180 posset
793 2097 1064 2160 conferre
1110 2116 1253 2162 cum
1300 2115 1389 2175 ea,
1441 2101 1505 2162 et
1552 2098 1640 2161 ita
1685 2097 1968 2163 fecimuS.

754 2199 1067 2279 Ceterum,
1119 2203 1261 2284 quia
1310 2220 1429 2266 non
1475 2202 1855 2279 dubitamuS,
1904 2205 2061 2287 quod
2110 2222 2227 2269 non
2274 2205 2582 2281 obstante,
2632 2202 2793 2286 qnod
2842 2221 2964 2267 non
2994 2201 3287 2267 habeatis

546 2289 921 2354 sindicatum
970 2307 1007 2352 a
1053 2289 1229 2353 nobis
1274 2293 1525 2371 propter
1572 2308 1845 2367 causam,
1896 2310 2080 2373 quam
2128 2310 2315 2373 supra
2376 2290 2716 2374 tangimus,
2786 2290 2917 2371 ipse
2985 2289 3283 2354 dominus

545 2396 648 2442 rex
699 2396 763 2440 se
808 2375 1088 2458 apperiet
1138 2376 1311 2441 vobis
1359 2383 1422 2440 et
1479 2377 1909 2442 manifestabit
1976 2380 2148 2443 vobis
2215 2397 2469 2443 causam
2539 2378 2636 2442 vel
2707 2395 2949 2451 causae,
3021 2382 3282 2459 propter

549 2483 700 2547 quas
749 2465 877 2545 ipse
925 2464 1253 2544 requisivit
1300 2466 1578 2529 nostram
1625 2465 2058 2543 ambasiatam,
2107 2465 2412 2541 volumus,
2460 2467 2618 2549 quod
2667 2484 2772 2530 vos
2817 2464 3100 2529 debeatis
3136 2465 3280 2529 dili-

548 2552 768 2636 genter
814 2551 1027 2615 audire
1073 2552 1138 2615 et
1185 2552 1532 2633 intelligere
1580 2552 1788 2616 omnia
1838 2552 1965 2629 illa,
2014 2573 2128 2635 que
2175 2571 2285 2617 sua
2331 2555 2627 2618 serenitas
2670 2572 2779 2634 per
2825 2571 3280 2635 quemcumque

548 2640 802 2704 modum
852 2638 1029 2704 vobis
1076 2639 1258 2716 dicet,
1301 2639 1578 2719 dicendo,
1628 2640 1789 2724 quod
1838 2643 2095 2723 propter
2140 2660 2409 2719 causam,
2478 2660 2660 2724 quam
2734 2659 2924 2723 supra
2988 2639 3278 2720 dicimus,

548 2728 836 2793 videlicet
881 2728 1041 2809 quod
1083 2730 1218 2792 erat
1263 2728 1441 2792 nobis
1489 2728 1802 2811 incognita
1850 2728 2113 2794 intentio
2184 2748 2317 2806 sua,
2391 2747 2510 2793 non
2579 2729 2860 2792 dedimus
2930 2727 3124 2792 vobis
3159 2728 3281 2792 ali-

546 2833 730 2899 quam
782 2819 1056 2878 nostram
1106 2815 1510 2880 intentionem
1560 2835 1757 2898 neque
1803 2815 2073 2897 aliquem
2149 2815 2426 2880 ordinem
2497 2834 2679 2898 super
2747 2815 2863 2894 hie,
2934 2834 3053 2898 que
3101 2815 3280 2879 vobis

547 2903 727 2978 dixit,
792 2902 900 2966 sed
947 2903 1001 2965 si
1047 2901 1253 2983 placet
1298 2902 1663 2968 excellentie
1705 2921 1832 2979 sue,
1882 2921 1990 2967 vos
2036 2903 2439 2969 notificabitis
2485 2905 2662 2968 nobis
2707 2903 2935 2979 omnia,
3000 2922 3122 2986 que
3169 2904 3282 2968 ha·

549 2989 773 3056 buistis
819 2990 900 3053 ab
946 3008 1034 3065 eo,
1083 2991 1180 3053 vel
1262 2990 1515 3055 venietis
1591 3010 1753 3055 unus
1834 2993 2107 3055 vestrum
2183 2991 2259 3056 ad
2307 2990 2748 3057 notificandum
2813 2990 3005 3068 nobis,
3055 2992 3120 3053 et
3169 3007 3283 3054 nos

550 3080 763 3160 postea
808 3076 1283 3160 providebimus,
1334 3078 1670 3142 secundum
1719 3079 1875 3161 quod
1922 3079 2096 3143 nobis
2144 3078 2486 3153 videbitur;
2536 3079 2601 3143 et
2662 3078 2752 3143 ita
2815 3079 2877 3141 in
2940 3095 3089 3142 casu
3154 3095 3281 3160 quo

554 3166 672 3230 sibi
720 3165 963 3248 placeat
1009 3163 1226 3242 facere,
1276 3165 1548 3230 debeatis
1595 3165 1920 3231 scribendo
1967 3167 2059 3230 vel
2132 3166 2429 3231 veniendo
2481 3185 2673 3230 unum
2716 3166 3015 3242 vestrum,
3081 3167 3279 3247 prout

556 3252 729 3317 vobis
780 3251 994 3316 utilius
1040 3252 1381 3334 apparebit,
1426 3253 1813 3318 considerata
1880 3255 2101 3318 natura
2169 3255 2232 3318 et
2298 3252 2645 3319 conditione
2715 3271 2945 3329 eorum,
3014 3270 3130 3334 que
3196 3255 3282 3318 ab

549 3341 685 3422 ipso
732 3339 1095 3403 habueritis
1143 3340 1375 3404 Verum
1424 3343 1496 3405 ut
1540 3342 1851 3423 possimus
1899 3341 2121 3405 melius
2171 3343 2235 3405 et
2280 3341 2506 3405 clarius
2553 3340 2909 3416 deliberare,
2960 3338 3283 3404 confiden-

552 3430 648 3491 tes
699 3429 773 3490 de
823 3426 1051 3491 virtute
1100 3429 1163 3492 et
1209 3428 1514 3509 sapientia
1561 3431 1787 3506 vestra,
1839 3428 2143 3507 volumuS,
2215 3429 2375 3512 quod
2443 3430 2772 3511 antequam
2837 3425 3128 3491 scribatis
3176 3429 3283 3492 vel

552 3513 813 3580 veniatis
862 3533 1017 3578 unus
1064 3519 1357 3591 vestrum,
1408 3518 1480 3580 ut
1524 3515 1809 3599 superius
1856 3514 2095 3580 dictum
2145 3517 2261 3593 est,
2308 3514 2587 3580 debeatis
2634 3532 2776 3579 cum
2822 3514 2952 3578 illis
2988 3512 3193 3580 modis
3218 3516 3287 3579 et

552 3601 774 3679 verbiS,
824 3600 929 3682 qui
977 3603 1180 3667 vestre
1225 3604 1524 3685 sapientie
1571 3604 1965 3680 videbuntur,
2010 3605 2400 3668 monstrando
2445 3621 2690 3685 semper
2735 3620 2772 3666 a
2819 3601 2993 3666 vobis
3048 3601 3279 3680 dicere,

550 3691 616 3754 et
660 3707 779 3753 non
830 3687 1165 3771 obligando
1213 3708 1319 3754 nos
1367 3690 1431 3754 in
1476 3690 1684 3773 aliquo
1733 3692 1984 3772 propter
2032 3689 2218 3756 verba
2266 3694 2490 3767 vestra,
2533 3690 2678 3754 dare
2725 3706 2972 3772 operam
3020 3690 3096 3752 de
3149 3692 3283 3753 tra-

549 3777 750 3842 hendo
797 3777 861 3839 et
906 3777 1224 3842 sentiendo
1270 3779 1573 3860 quantum
1624 3778 1760 3859 plus
1808 3778 2094 3861 poteritis
2141 3778 2217 3842 de
2263 3796 2372 3841 sua
2417 3776 2759 3842 intentione
2807 3776 2874 3840 et
2902 3777 2976 3840 de
3009 3774 3133 3853 his,
3160 3795 3283 3859 qne

552 3865 741 3930 vellet
789 3863 990 3928 facere
1038 3866 1102 3928 et
1146 3864 1394 3942 habere,
1446 3866 1803 3930 sustinendo
1851 3865 1986 3930 iura
2031 3867 2257 3938 nostra,
2308 3866 2647 3929 secundum
2691 3864 2852 3946 quod
2885 3863 3061 3927 vobis
3098 3865 3285 3928 cadet

552 3953 616 4017 in
663 3951 971 4034 proposito
1014 3970 1158 4017 cum
1206 3951 1333 4016 illis
1378 3954 1584 4017 verbis
1625 3954 1689 4017 et
1733 3951 2100 4030 rationibus,
2150 3972 2267 4034 que
2302 3953 2504 4016 vestre
2536 3950 2841 4035 sapientie
2873 3949 3274 4028 videbuntur,

552 4044 616 4105 et
655 4041 996 4104 inducendo
1045 4059 1184 4103 eum
1233 4038 1312 4103 ad
1360 4037 1703 4105 faciendum
1754 4058 1905 4122 erga
1952 4057 2061 4104 nos
2108 4038 2182 4102 de
2248 4040 2367 4117 his,
2440 4058 2557 4122 que
2618 4039 2891 4102 facerent
2938 4054 3045 4119 pro
3095 4038 3277 4102 nobis

554 4130 618 4193 et
664 4129 836 4191 statu
885 4130 1114 4204 nostro,
1164 4129 1237 4191 ut
1281 4127 1496 4192 habita
1542 4127 1829 4211 ampliori
1879 4129 1942 4190 et
1987 4126 2239 4191 clariori
2311 4125 2745 4192 informatione
2791 4125 3094 4198 omnium,
3161 4128 3283 4207 que

550 4213 891 4280 habueritis
939 4218 1001 4278 et
1046 4213 1379 4292 traxeritis,
1428 4217 1734 4297 possimus
1784 4215 2005 4279 melius
2050 4214 2390 4279 deliberare
2415 4217 2479 4279 et
2510 4213 2862 4288 terminare,
2900 4212 3064 4276 sicut
3097 4213 3282 4277 nobis

552 4301 859 4367 videbitur
904 4319 1054 4383 opus
1102 4320 1255 4366 esse.
1304 4301 1654 4367 Reddentes
1705 4320 1814 4367 vos
1859 4302 2155 4384 previsoS,
2203 4302 2367 4385 quod
2417 4305 2629 4366 nostra
2658 4299 2925 4363 intentio
2960 4302 3077 4376 est,
3112 4301 3284 4384 quod

553 4390 793 4475 quando
843 4389 1015 4454 vobis
1066 4390 1126 4453 in
1173 4390 1719 4468 ratiotinamentis,
1772 4408 1891 4471 que
1932 4389 2171 4454 facietis
2216 4408 2358 4453 cum
2407 4389 2542 4470 ipso
2588 4387 2835 4452 domino
2876 4404 3046 4470 rege,
3094 4386 3287 4451 cadet

553 4479 614 4543 in
654 4475 986 4561 proposito,
1035 4495 1139 4542 vos
1185 4477 1303 4542 sibi
1352 4476 1555 4541 dicere
1599 4476 1897 4554 debeatiS,
1946 4478 2126 4558 quod,
2198 4477 2358 4541 sicut
2403 4476 2655 4541 scivisse
2705 4478 2926 4555 potest,
2996 4492 3107 4538 nos
3155 4475 3289 4538 iam

551 4566 710 4630 bono
760 4568 1034 4646 tempore
1080 4567 1143 4627 et
1188 4564 1549 4628 immediate
1595 4566 1926 4646 postquam
1976 4582 2087 4628 sna
2131 4563 2478 4628 ambasiata
2524 4563 2644 4627 fuit
2692 4562 2769 4625 ad
2819 4578 2951 4634 nos,
2989 4561 3284 4627 misimus

550 4654 624 4716 ad
673 4653 876 4732 partes
922 4650 1485 4733 Constantinopolis
1533 4654 1660 4716 tres
1707 4653 1950 4716 nostras
1991 4651 2203 4732 galeas
2267 4670 2377 4732 pro
2449 4649 2723 4716 conforto
2792 4648 3030 4713 domini
3077 4650 3285 4731 impe-

551 4738 772 4804 ratoris
818 4741 879 4801 et
922 4736 1330 4804 Januensium
1376 4739 1452 4805 de
1500 4738 1676 4816 Pera,
1719 4737 2001 4804 custodia
2069 4740 2133 4803 et
2200 4737 2537 4803 securitate
2597 4737 2872 4802 locorum
2916 4734 3167 4814 deinde,
3215 4738 3285 4802 et

3509 822 3514 861 η

3505 880 3514 941 ι’
