3620 5282
3032 375 3153 438 361

441 548 892 630 disperdantur,
942 549 1007 612 et
1053 548 1312 612 exeunte
1381 549 1456 612 ad
1529 548 1906 631 presentiam
1978 566 2176 627 suam,
2246 549 2618 630 presentatis
2687 549 2889 615 literis
2939 549 3162 615 nostris

443 635 940 706 credentialibus,
989 654 1140 717 quas
1192 638 1252 699 in
1301 654 1628 716 personam
1678 656 1856 700 suam
1904 638 2021 701 sibi
2071 637 2329 702 fecimus
2377 637 2669 715 exhiberi,
2707 641 2768 700 et
2798 637 2962 702 facta
2995 657 3166 703 reve-

442 724 643 787 rentia
691 726 755 787 et
800 725 1176 788 salutatione
1225 723 1413 787 solita
1460 743 1531 788 ac
1577 724 1888 789 oblatione
1936 725 2210 806 generali
2259 743 2397 790 cum
2440 726 2568 790 illis
2619 725 2841 798 verbis
2890 744 3006 807 que
3042 745 3152 788 sue

443 811 744 894 sapientie
790 810 1185 888 videbuntur,
1236 811 1456 875 debeat
1504 831 1803 893 exponere
1852 814 2163 880 maiestati
2210 832 2335 890 sue,
2363 815 2522 895 quod
2556 813 2894 877 dominatio
2930 819 3158 890 nostra,

440 918 559 981 que
606 899 849 982 semper
891 901 1127 964 sincero
1174 899 1351 964 corde
1395 899 1612 963 dilexit
1656 902 1721 963 et
1751 900 1962 981 diligit
1997 901 2329 983 imperium
2363 919 2543 965 suum
2577 905 2642 965 et
2673 900 2927 964 domum
2963 919 3162 977 suam,

440 986 769 1052 informata
814 1007 922 1070 per
968 1006 1152 1052 suum
1199 986 1715 1051 ambassiatorem
1764 989 2083 1051 dominum
2132 989 2581 1053 Hemanuelem
2628 988 3054 1070 Filatropinos
3088 987 3164 1051 de

443 1075 709 1139 termino
757 1078 820 1139 et
864 1075 1343 1156 condicionibuS,
1392 1076 1452 1139 in
1497 1074 1719 1158 quibus
1768 1094 1834 1139 se
1883 1076 2227 1157 reperiebat
2261 1076 2551 1141 maiestas
2585 1095 2695 1141 sua
2728 1079 2793 1141 et
2826 1075 3163 1158 imperium

440 1181 623 1227 suum
685 1181 824 1227 cum
876 1163 1108 1238 Basit0,
1176 1164 1390 1228 volens
1462 1162 1722 1244 vigilare
1783 1164 1862 1227 ad
1932 1182 2021 1239 ea,
2072 1182 2190 1245 que
2263 1163 2423 1227 bona
2469 1166 2534 1228 et
2583 1164 2763 1228 utilia
2806 1164 3007 1227 forent
3055 1182 3162 1245 pro

442 1251 905 1315 conservatione
955 1250 1300 1315 maiestatis
1348 1269 1456 1314 sue
1503 1254 1566 1312 et
1613 1249 1765 1314 dicti
1818 1252 1913 1315 sui
1964 1252 2228 1331 imperii,
2277 1268 2397 1314 non
2446 1252 2578 1314 sine
2624 1252 2885 1316 notabili
2932 1270 3043 1315 suo
3072 1253 3166 1315 in-

442 1340 762 1404 commodo
810 1340 875 1403 et
917 1356 1183 1420 expensa
1224 1337 1458 1403 facerat
1502 1340 1565 1402 et
1610 1338 1762 1402 facit
1809 1339 2017 1420 plures
2067 1339 2444 1419 provisiones
2469 1340 2655 1404 utiles
2692 1344 2754 1403 et
2787 1338 3164 1415 fructiferaS,

444 1428 509 1490 et
553 1446 671 1510 que
716 1427 1027 1509 prestante
1074 1425 1322 1491 domino
1368 1426 1802 1490 redundabunt
1849 1427 1910 1489 in
1961 1427 2301 1490 utilitatem
2350 1432 2415 1490 et
2460 1426 2787 1491 comodum
2859 1446 3046 1490 suum
3101 1429 3166 1490 et

443 1514 688 1595 imperii
737 1514 854 1592 sui,
902 1516 977 1577 et
1013 1514 1174 1577 inter
1219 1514 1375 1578 alias
1422 1514 1776 1596 providerat
1823 1513 1897 1578 de
1947 1516 2247 1579 mittendo
2294 1532 2434 1577 eum
2483 1533 2623 1579 cum
2673 1519 2808 1578 octo
2859 1515 3051 1596 galeis
3089 1514 3164 1578 ad

445 1604 651 1683 partes
697 1600 841 1666 illas
890 1620 995 1683 pro
1040 1600 1317 1665 conforto
1366 1604 1428 1665 et
1470 1600 1892 1666 'consolatione
1937 1620 2045 1666 sua
2086 1605 2150 1665 et
2195 1619 2449 1666 suorum
2520 1605 2581 1665 et
2652 1620 2762 1684 pro
2813 1601 2998 1665 dubio
3044 1602 3163 1666 ali-

446 1708 639 1760 orum,
687 1690 752 1752 et
798 1690 868 1753 ut
912 1688 1135 1753 melius
1189 1708 1506 1772 possemus
1553 1689 1727 1762 illud,
1775 1689 1935 1772 quod
1986 1691 2413 1772 querebamuS,
2461 1688 2680 1754 ducere
2725 1691 2801 1753 ad
2847 1689 3157 1767 effectum,

445 1780 508 1839 et
556 1795 694 1840 cum
745 1776 874 1840 illis
920 1777 1386 1857 provideremus
1435 1777 1507 1841 de
1558 1776 1863 1841 mittendo
1932 1778 2009 1840 ad
2082 1778 2460 1858 presentiam
2537 1777 2735 1841 Basiti
2783 1776 2935 1841 duos
2985 1778 3163 1841 nota-

447 1864 603 1929 biles
651 1864 715 1928 et
760 1863 1025 1929 famosos
1074 1865 1239 1929 cives
1291 1868 1530 1929 nostros
1572 1866 1644 1928 ad
1692 1863 2104 1929 inducendum
2152 1865 2412 1928 eundem
2463 1884 2604 1929 cum
2654 1865 2781 1928 illis
2848 1865 3053 1928 verbis
3100 1866 3166 1928 et

446 1952 810 2028 rationibuS,
855 1971 973 2033 que
1021 1951 1194 2016 nobis
1237 1953 1620 2017 neccessarie
1667 1947 2064 2035 apparebant,
2114 1954 2274 2035 quod
2322 1952 2509 2017 vellet
2586 1952 2969 2017 reconciliari
3018 1971 3159 2015 cum

443 2057 555 2104 sua
604 2042 949 2116 maiestate,
999 2044 1063 2105 et
1106 2042 1506 2122 sperabamus
1553 2042 1709 2104 satis
1755 2040 2129 2105 concedente
2177 2047 2239 2104 et
2272 2040 2649 2123 suffragante
2697 2040 2910 2105 divina
2940 2040 3166 2123 gratia,

447 2125 607 2209 quod
656 2127 772 2210 ipsi
825 2129 1100 2192 nostram
1148 2127 1555 2193 intentionem
1603 2128 1943 2210 predictam
1992 2129 2068 2192 ad
2133 2129 2423 2193 effectum
2494 2128 2943 2210 perduxissent,
3019 2147 3164 2191 nam

450 2215 998 2280 committebamus
1045 2216 1165 2280 sibi
1211 2216 1547 2297 capitaneO,
1596 2216 1754 2298 quod
1803 2235 2138 2300 numquam
2190 2215 2504 2281 recederet
2535 2218 2606 2280 de
2641 2216 2822 2280 dictis
2856 2216 3163 2297 partibus,
3249 2243 3270 2252 ’

447 2302 553 2366 sed
600 2301 723 2367 iret
767 2321 1015 2369 sursum
1060 2306 1124 2368 et
1170 2304 1456 2368 deorsum
1506 2323 1613 2385 per
1659 2303 1971 2381 strictum,
2021 2303 2213 2367 donec
2246 2303 2505 2368 vidisset
2534 2304 2719 2368 finem
2755 2304 3166 2368 conclusionis

447 2390 967 2455 ambassiatorum
1023 2391 1462 2474 predictorum.
1514 2392 1907 2456 Providimus
1941 2393 2132 2457 etiam
2170 2391 2246 2455 de
2281 2390 2586 2455 mittendo
2620 2393 2693 2456 ad
2729 2394 2923 2456 dictas
2957 2392 3168 2474 partes

446 2478 687 2560 aliquas
735 2479 978 2543 nostras
1026 2498 1209 2544 naves
1259 2498 1399 2544 cum
1448 2479 1775 2557 frumento,
1829 2483 1895 2543 ut
1938 2480 2068 2562 ipse
2118 2480 2373 2544 Basitus
2408 2479 2640 2544 videret
2672 2481 2736 2543 et
2768 2480 3171 2561 comprehen-

449 2566 639 2644 deret,
689 2568 846 2649 quod
893 2567 1214 2651 dispositio
1261 2570 1471 2632 nostra
1520 2585 1634 2631 non
1688 2569 1823 2631 erat
1869 2567 2203 2651 imperium
2252 2586 2436 2631 suum
2482 2567 2929 2651 derelinquere,
2994 2568 3058 2629 et
3103 2567 3173 2630 ut

450 2674 570 2719 non
618 2656 816 2719 staret
860 2655 925 2718 in
973 2656 1258 2738 opinione
1304 2659 1368 2720 et
1405 2655 1751 2737 pertinacia
1801 2675 1932 2733 sua,
1982 2674 2166 2738 quarn
2219 2656 2515 2737 concepit,
2567 2659 2724 2738 quod
2783 2656 2916 2719 sine
2967 2655 3169 2720 bladis

449 2761 704 2807 suorum
753 2741 1030 2829 locorum
1079 2744 1185 2808 alii
1233 2744 1436 2809 vivere
1484 2761 1600 2806 non
1652 2743 1911 2824 possint.
1961 2744 2168 2809 Factis
2216 2746 2426 2808 autem
2490 2744 2673 2807 dictis
2719 2743 3170 2825 provisionibus

452 2832 516 2895 et
559 2832 733 2913 parte
780 2830 1101 2914 galearum
1152 2830 1567 2913 predictarum
1617 2831 1744 2895 iam
1793 2832 2051 2895 exeunte
2100 2833 2163 2895 in
2211 2833 2313 2895 via
2359 2832 2466 2909 ita,
2519 2833 2684 2914 quod
2733 2850 2849 2895 non
2893 2830 3172 2895 restabat

451 2917 572 2982 nisi
613 2918 794 3001 galea
840 2921 1197 2984 nostrorum
1245 2918 1766 2983 ambassiatorum
1817 2919 2247 2997 predictorum,
2319 2918 2625 3001 applicuit
2699 2919 2773 2983 ad
2852 2920 3171 2983 civitatem

453 3007 723 3075 nostram
776 3008 905 3087 ipse
953 3007 1240 3071 dominus
1305 3006 1654 3072 Hemanuel
1718 3007 2096 3071 ambasiator
2160 3025 2271 3070 sue
2343 3007 2724 3082 excellentie,
2791 3007 3034 3071 rediens
3101 3007 3174 3068 de

447 3094 734 3177 partibus
781 3095 1113 3177 Hungarie,
1165 3095 1230 3158 et
1275 3114 1383 3177 per
1434 3094 1613 3159 illurn
1662 3094 1981 3158 informati
2044 3113 2260 3159 sumus
2324 3095 2394 3159 de
2459 3095 2578 3171 his,
2650 3113 2767 3176 qne
2833 3094 3064 3158 fecerat
3112 3095 3175 3156 et

449 3183 831 3247 tractaverat
879 3201 1019 3247 cum
1070 3183 1315 3247 domino
1364 3201 1508 3266 rege
1557 3181 1804 3245 nomine
1848 3181 2092 3264 imperii
2156 3183 2272 3257 sui,
2346 3182 2421 3246 de
2489 3182 2715 3264 quibus
2765 3185 2931 3247 certe
2980 3182 3174 3245 maxi-

448 3288 616 3334 mam
665 3271 1150 3335 consolationem
1196 3272 1259 3334 et
1300 3271 1574 3335 leticiam
1617 3270 1968 3346 habuimuS,
2021 3275 2343 3352 sperantes
2389 3269 2454 3334 in
2503 3270 2712 3333 divina
2754 3272 2977 3351 gratia,
3009 3270 3170 3350 quod

450 3359 794 3440 prosecutio
835 3357 986 3423 dicti
1032 3361 1339 3423 tractatus
1389 3362 1453 3424 et
1499 3376 1730 3434 eorum,
1778 3377 1897 3439 que
1944 3359 2005 3422 in
2054 3356 2242 3421 simul
2290 3357 2486 3421 facere
2518 3357 2962 3440 promiserunt,
2998 3360 3171 3439 pote-

451 3446 534 3509 rit
580 3464 715 3510 esse
763 3448 827 3511 et
872 3446 993 3511 erit
1040 3445 1326 3511 liberatio
1372 3449 1434 3510 et
1481 3447 1649 3511 salus
1696 3445 1937 3525 imperii
1987 3445 2084 3509 sui
2135 3450 2199 3507 et
2242 3445 2590 3509 maiestatis
2640 3465 2767 3511 sue.
2835 3446 2918 3509 Et
2965 3446 3172 3509 volen-

451 3535 544 3597 tes
591 3551 730 3609 cum
779 3533 992 3599 eodem
1042 3533 1489 3599 ambassiatore
1535 3532 1844 3598 conferere
1890 3534 1965 3596 de
2036 3533 2330 3597 missione
2402 3534 2596 3615 ipsius
2663 3536 2870 3598 nostre
2928 3534 3172 3596 ambas-

455 3621 632 3699 siate,
684 3623 975 3704 apparuit
1022 3623 1195 3686 nobis
1244 3625 1308 3687 et
1353 3623 1441 3686 ita
1484 3621 1984 3697 deliberavimus,
2034 3621 2190 3703 quod
2242 3639 2360 3684 non
2409 3620 2769 3702 procederet
2815 3623 2919 3684 sed
2970 3639 3174 3683 rema-

450 3710 643 3787 neret,
692 3709 838 3793 quia
884 3728 975 3786 ea,
1027 3729 1145 3791 que
1186 3711 1453 3775 tractare
1486 3709 1816 3787 habebant,
1852 3728 2198 3792 repugnare
2233 3709 2601 3773 videbantur
2635 3709 2751 3786 his,
2785 3728 2901 3791 que
2938 3709 3174 3772 tracta-

450 3799 623 3861 verat
668 3798 731 3861 et
779 3797 1166 3862 concluserat
1212 3798 1344 3879 ipse
1392 3817 1541 3863 suus
1589 3796 2006 3862 ambassiator
2052 3816 2194 3861 cum
2239 3797 2661 3878 suprascripto
2712 3797 2962 3860 domino
2997 3813 3162 3877 rege,

450 3887 520 3948 ut
568 3886 847 3950 veniente
895 3887 1027 3967 ipso
1074 3886 1347 3950 tractatu
1394 3888 1748 3950 nostrorum
1798 3884 2321 3949 ambassiatorum
2371 3885 2446 3949 ad
2497 3883 2792 3948 noticiam
2864 3883 3016 3947 dicti
3066 3884 3177 3946 do-

451 3972 601 4035 mini
649 3972 832 4055 regis,
873 3992 993 4037 non
1037 3973 1292 4038 baberet
1333 3991 1586 4037 causam
1636 3992 1700 4036 se
1748 3973 2076 4047 turbandi3
2124 3972 2522 4037 confortando
2587 3975 2789 4054 ipsum
2849 3971 3172 4036 dominum

452 4061 881 4143 imperatorem
929 4080 1071 4126 cum
1119 4062 1258 4124 istis
1305 4070 1370 4125 et
1414 4061 1555 4127 aliis
1600 4061 1777 4124 bonis
1829 4061 2052 4136 verbiS,
2102 4080 2216 4142 que
2249 4060 2551 4142 sapientie
2587 4061 2738 4124 dicti
2776 4060 2970 4123 nostri
3005 4060 3172 4141 capi-

450 4150 614 4213 tanei
660 4149 1053 4225 videbuntur,
1103 4151 1167 4213 et
1212 4148 1517 4214 offerendo
1561 4169 1627 4212 se
1675 4149 1748 4212 ad
1798 4167 1910 4212 sua
1961 4149 2350 4231 beneplacita
2400 4149 2467 4211 et
2515 4148 2802 4212 honores,

534 4257 717 4317 Miser·
765 4254 1023 4319 XLIII.
1077 4261 1222 4328 117,
1272 4276 1311 4316 u
1355 4259 1510 4320 mlet.
1554 4258 1789 4316 arkivu.
