3620 5282
2974 313 3101 378 247

388 490 677 576 quicquid
725 491 943 557 fecerit
982 492 1279 558 ordinate.
1327 491 1412 556 Et
1454 491 1680 557 habeat
1722 492 1909 557 etiam
1968 491 2316 557 libertatem
2377 490 2581 557 dictus
2648 492 3098 576 supracomitus

391 580 767 663 expendendi
832 582 894 645 in
944 582 1176 645 nuntiis
1237 585 1300 645 et
1363 581 1606 645 barchis
1699 581 1778 657 id,
1843 579 2003 662 quod
2066 582 2188 646 erit
2248 581 2686 666 necessarium,
2755 583 2818 644 et
2862 580 3097 657 statim,

383 670 545 734 sicut
609 669 735 751 ipse
807 669 1128 753 scripserit
1204 670 1266 733 et
1322 669 1731 733 notificaverit
1795 688 1885 742 ea,
1954 688 2066 751 que
2142 666 2358 732 fecerit
2424 669 2841 746 ethabuerit,
2914 686 3098 751 quam

384 757 577 821 cicius
623 759 848 839 poterit
892 756 1114 821 debeat
1162 758 1361 822 redire
1407 758 1484 821 ad
1521 761 1724 840 partes
1751 757 2045 820 Durachii
2083 775 2191 839 pro
2217 755 2492 821 conforto
2528 758 2590 821 et
2635 758 3097 823 conservatione

380 846 529 910 dicti
574 844 710 923 loci,
757 845 1061 910 existente
1110 846 1241 927 ipso
1285 850 1497 910 nostro
1544 846 1955 927 supracomito
1979 846 2263 909 continue
2297 845 2448 909 bene
2483 847 2729 928 previso
2762 847 2824 909 et
2856 847 3096 910 avisato

378 934 454 998 de
500 933 672 998 novis
719 937 781 997 et
827 934 1278 999 conditionibus
1322 935 1441 999 1οοί
1491 934 1762 997 Dirachii
1812 933 1875 997 et
1918 932 2147 996 domini
2197 933 2345 997 dicti
2389 932 2507 998 loci
2555 934 2619 998 et
2675 936 2747 999 de
2811 935 2983 998 novis
3032 936 3094 996 et

380 1021 807 1106 progressibus
854 1024 919 1086 et
965 1022 1235 1086 motibus
1278 1023 1660 1087 Turonorum
1710 1021 2146 1103 predictorum.
2196 1019 2277 1083 38
2328 1020 2433 1084 38.

587 1125 697 1192 Ser
742 1126 1009 1192 Joannes
1056 1126 1316 1192 Alberto
1363 1128 1603 1209 sapiens
1675 1127 1980 1192 ordinum.
2053 1125 2281 1211 Capta:
2358 1127 2492 1192 vult
2566 1131 2806 1212 partem
2882 1146 3093 1211 supra-

388 1215 673 1299 scriptam
721 1235 828 1298 per
872 1217 1072 1280 totum
1119 1235 1257 1281 cum
1309 1216 1432 1280 ista
1479 1215 1791 1280 additione
1839 1216 2000 1280 iusta
2048 1219 2111 1280 et
2156 1216 2545 1281 rationabili:
2593 1215 2767 1296 Quod
2815 1218 2879 1280 in
2924 1235 3094 1295 casu,

385 1321 493 1384 quo
538 1305 821 1369 dominus
872 1304 1165 1369 Durachii
1214 1323 1331 1369 non
1373 1306 1723 1369 attenderet
1755 1304 1830 1368 ad
1867 1305 2267 1369 intentionem
2320 1307 2592 1369 nostram
2627 1305 2988 1387 predictam,
3026 1308 3096 1369 ut

385 1394 658 1473 superius
683 1411 789 1474 per
812 1394 1087 1457 ordinem
1119 1393 1353 1457 dictum
1381 1395 1492 1468 est,
1524 1395 1586 1457 et
1614 1392 1919 1457 videretur
1948 1392 2075 1474 ipse
2101 1392 2388 1457 dominus
2431 1393 2726 1458 Durachii
2752 1395 3092 1475 dispositus

385 1480 520 1544 dare
541 1474 745 1546 locum
772 1480 1069 1546 Durachii
1104 1501 1244 1546 cum
1271 1482 1398 1545 suis
1447 1481 1754 1546 fortiliciis
1804 1483 1867 1545 in
1895 1481 2177 1545 manibus
2208 1482 2568 1560 Turcorum,
2619 1482 2716 1547 vel
2765 1482 2925 1565 quod
2967 1500 3096 1546 'non

384 1572 583 1649 posset
616 1574 823 1634 tenere
855 1589 1019 1650 eum,
1045 1571 1191 1634 tunc
1232 1571 1307 1634 ad
1340 1570 1700 1635 evitandum
1743 1569 1912 1634 istud
1952 1569 2313 1651 periculum,
2363 1569 2426 1633 in
2458 1588 2605 1634 casu
2664 1589 2780 1652 quo
2812 1571 3095 1635 videatur

385 1659 790 1738 supracomito
815 1661 1041 1738 nostro,
1069 1658 1271 1724 locum
1297 1660 1499 1740 ipsum
1540 1676 1672 1722 esse
1714 1658 1946 1722 iturum
1987 1658 2052 1722 in
2083 1658 2367 1722 manibus
2405 1658 2746 1723 Turcorum
2787 1659 2887 1723 vel
2932 1658 3093 1741 quod

382 1744 658 1811 dominus
691 1745 841 1810 dicti
873 1746 991 1811 loci
1026 1765 1144 1812 non
1204 1749 1411 1830 posset
1442 1749 1649 1812 tenere
1683 1766 1842 1825 eum,
1875 1746 2095 1811 debeat
2126 1764 2446 1828 procurare
2482 1749 2546 1810 et
2580 1748 2829 1812 modum
2881 1749 3090 1812 tenere

385 1851 525 1897 cum
558 1833 679 1900 illis
711 1838 785 1900 de
818 1835 979 1914 inde,
1016 1854 1154 1900 cum
1189 1837 1412 1918 quibus
1444 1835 1664 1900 debeat
1695 1854 1761 1900 se
1793 1834 2131 1913 consulere,
2167 1834 2322 1916 quod
2358 1835 2527 1901 locus
2572 1834 2677 1900 ille
2724 1854 2864 1900 cum
2913 1835 3088 1900 forti-

385 1921 546 1986 liciis
591 1924 716 1990 suis
763 1925 966 1990 veniat
1001 1924 1076 1988 ad
1125 1942 1349 1988 manus
1397 1923 1591 1987 nostri
1638 1922 1914 1987 dominii.
1966 1941 2082 1987 non
2126 1923 2408 1988 obstante
2443 1927 2687 1996 tamen.
2740 1923 2901 2006 quod
2962 1923 3093 2007 ipse

386 2009 665 2076 dominus
723 2013 1016 2079 Durachii
1071 2016 1451 2095 acceptasset
1500 2013 1574 2076 de
1606 2011 2019 2077 oblationibus
2052 2012 2170 2076 sibi
2203 2011 2381 2077 factis
2415 2031 2522 2095 per
2553 2015 2762 2096 partes
2811 2013 3094 2096 superius

380 2100 720 2179 annotatae,
773 2099 1157 2168 informando
1220 2102 1371 2165 bene
1424 2101 1909 2182 supracomitum
1969 2101 2268 2179 nostrum,
2332 2102 2490 2183 quod
2566 2099 2755 2165 faciat
2816 2100 2981 2166 istud
3032 2102 3092 2166 in

379 2204 518 2252 caso
563 2206 683 2270 quo
727 2190 844 2255 sibi
895 2189 1171 2254 videatur
1217 2207 1396 2272 posse
1443 2190 1554 2255 hoc
1598 2188 2054 2253 rationabiliter
2099 2187 2317 2256 facere.
2411 2224 2473 2235 —
2522 2188 2608 2252 45
2655 2222 2730 2234 ——
2775 2189 2886 2253 55.

590 2293 700 2358 Ser
735 2295 1003 2362 Jacobus
1052 2295 1373 2360 Valaresso
1423 2295 1666 2378 sapiens
1714 2294 2028 2359 ordinum:
2108 2295 2252 2378 quia
2297 2295 2418 2360 ista
2465 2296 2711 2378 negotia
2775 2295 3080 2361 Durachii

381 2383 525 2446 sunt
579 2401 799 2467 magna
860 2386 925 2449 et
968 2384 1175 2459 ardua,
1228 2386 1291 2449 et
1334 2384 1655 2467 requirunt
1699 2385 2008 2448 maturam
2057 2381 2570 2449 deliberationem
2619 2384 2680 2447 in
2717 2383 2922 2463 factis,
2972 2403 3089 2468 que

364 2474 767 2558 „occurrerent
810 2470 1062 2547 deinde;
1110 2473 1280 2537 vadit
1322 2491 1463 2553 pars
1511 2473 1572 2536 in
1620 2472 1861 2536 nomine
1908 2473 2037 2537 iesu
2088 2471 2326 2551 christi,
2392 2471 2552 2554 quod
2601 2472 2915 2555 eligantur
2963 2474 3086 2539 duo

377 2558 717 2641 provisores
763 2579 915 2644 apus
971 2579 1069 2624 ser
1127 2560 1452 2626 Nicolaum
1513 2559 1877 2643 Superantio
1947 2560 2433 2645 supracomitum
2479 2561 2759 2625 nostrum
2806 2562 2969 2637 culfi,
3021 2564 3086 2626 et

375 2667 483 2730 per
528 2648 821 2713 maiorem
868 2652 1108 2732 partem
1155 2650 1431 2733 ipsorum
1495 2652 1688 2715 trium
1750 2649 1969 2714 debeat
2034 2650 2166 2715 fieri
2213 2651 2277 2714 et
2321 2650 2557 2733 disponi
2603 2654 2667 2718 et
2739 2651 3086 2717 executioni

375 2735 564 2812 mitti,
614 2736 951 2802 secundum
999 2737 1156 2820 quod
1219 2739 1283 2802 in
1343 2737 1702 2803 comissione
1764 2738 1854 2802 eis
1915 2736 2117 2803 danda
2183 2739 2552 2803 continetur.
2623 2738 2709 2803 Et
2776 2739 3088 2823 eligantur

374 2824 526 2889 dicti
573 2826 691 2890 duo
738 2826 1080 2908 provisores
1126 2826 1341 2891 statim
1387 2846 1494 2909 per
1540 2828 1687 2891 duas
1714 2845 1930 2892 manus
1956 2825 2323 2892 electionum
2356 2827 2417 2890 in
2454 2827 2572 2892 isto
2625 2827 2878 2892 consilio
2910 2847 3088 2911 roga-

377 2915 582 2978 torum
630 2914 692 2977 et
737 2913 1060 2979 additionis
1106 2915 1170 2979 et
1214 2934 1323 2997 per
1368 2913 1778 2997 scruptinium
1824 2915 1888 2978 in
1960 2915 2220 2999 collegio
2268 2915 2519 2990 domini,
2562 2914 3083 2997 consiliariorum,

376 3001 671 3084 capitum,
707 3002 1052 3085 sapientum
1078 3002 1326 3067 consilii
1358 3005 1422 3067 et
1455 3004 1806 3086 sapientum
1832 3002 2136 3081 ordinum,
2170 3003 2274 3086 qui
2308 3003 2648 3086 provisores
2681 3004 3088 3086 respondeant

375 3090 593 3154 statim
641 3109 781 3154 cum
829 3090 1059 3156 fuerint
1105 3090 1308 3168 electi,
1362 3093 1425 3155 et
1472 3092 1761 3156 recedant
1802 3109 1941 3156 cum
1989 3091 2258 3175 presenti
2324 3092 2519 3176 galea,
2570 3094 2633 3156 et
2679 3110 2800 3156 non
2847 3094 3086 3176 possint

375 3178 643 3243 refutare
692 3176 807 3243 sub
855 3198 1008 3262 pena
1041 3181 1404 3245 ducatorum
1437 3177 1504 3244 C.
1541 3197 1649 3262 pro
1681 3179 1993 3262 quolibet,·
2037 3180 2144 3264 qui
2175 3181 2516 3263 provisores
2564 3181 2790 3245 habere
2824 3182 3086 3248 debeant

376 3268 452 3331 de
516 3266 741 3330 salario
789 3266 1042 3331 ducatos
1102 3269 1168 3332 L.
1218 3268 1281 3332 in
1329 3287 1538 3333 mense
1584 3286 1691 3349 pro
1741 3267 2022 3350 quolibet
2065 3270 2131 3332 et
2175 3287 2401 3352 pagam
2447 3267 2709 3335 duorum
2759 3270 3084 3341 mensium.

376 3356 634 3419 tenendo
682 3356 831 3420 duos
877 3354 1141 3420 famulos
1187 3358 1259 3421 ad
1309 3376 1492 3421 suum
1538 3357 1837 3421 salarium
1884 3358 1948 3420 et
1992 3376 2284 3440 expensas
2354 3377 2462 3441 pro
2526 3357 2816 3441 quolibet.
2888 3359 2949 3439 6,
3013 3361 3087 3425 de

376 3461 495 3508 non
551 3447 604 3520 1,
654 3462 770 3508 non
818 3444 1042 3508 sinceri
1090 3443 1126 3507 7
1179 3481 1253 3491 -
1305 3445 1365 3508 4.

461 3553 642 3612 Misti
688 3553 828 3614 XL.
872 3550 1018 3623 108,
1063 3571 1106 3613 u
1150 3554 1306 3615 mlet.
1341 3553 1578 3616 arkivu.

697 3759 1118 3846 CCCLIII.
1174 3763 1379 3846 God.
1433 3764 1659 3848 1388.
1717 3764 1818 3846 10
1870 3767 2235 3866 travnja‚
2279 3788 2339 3848 u
2375 3765 2766 3849 lissetcih.

378 3921 662 3986 Ovlas‘c'en
715 3928 920 3987 Pavao
964 3928 1352 4007 Mamaeam,
1394 3930 1493 4002 koj
1536 3946 1597 3988 se
1629 3931 1905 4002 pomario
1952 3931 2043 3989 bio
2080 3932 2193 3989 kao
2227 3931 2513 4003 poslanik
2557 3931 2614 3989 iz
2679 3928 2961 4004 Uqarske,
3006 3930 3087 3990 da

570 4067 613 4109 u
657 4050 809 4110 viede
854 4051 1024 4124 dodje
1068 4052 1241 4110 svaki
1292 4055 1419 4124 put,
1465 4052 1586 4110 10αά
1628 4069 1690 4111 se
1735 4052 1884 4112 bade
1931 4053 2124 4112 rodilo
2170 4071 2203 4113 o
2247 4052 2583 4127 ondjesnjih
2616 4052 2908 4126 poslovih.

590 4169 776 4235 1388.
825 4171 1161 4237 indictione
1207 4173 1298 4238 XI
1342 4172 1459 4252 die,
1496 4174 1571 4239 X.
1604 4174 1844 4256 aprilis,
1880 4177 2087 4257 capta:
2138 4176 2295 4258 quod
2332 4175 2558 4240 nobilis
2591 4178 2686 4242 vir
2718 4194 2820 4241 ser
2851 4173 3080 4241 Paulus

373 4259 740 4325 Mauroceno
790 4260 990 4333 miles.
1038 4262 1141 4344 qui
1189 4279 1381 4342 nuper
1426 4262 1607 4328 rediit
1656 4263 2038 4328 ambaxiator
2082 4283 2119 4329 a
2162 4264 2443 4346 partibus
2489 4264 2832 4349 Hungarie,
2882 4268 2945 4328 et
2989 4267 3085 4327 est

372 4347 448 4411 de
495 4347 644 4430 ipsis
691 4347 873 4413 factis
919 4349 1096 4431 plene
1142 4349 1532 4423 informatuS‚
1570 4349 1719 4416 licet
1751 4369 1869 4416 non
1903 4352 1986 4415 sit
2015 4352 2092 4415 de
2125 4350 2399 4416 consiliis
2461 4354 2838 4433 rogatorum,
2889 4352 3086 4434 possit

372 4435 577 4500 venire
622 4439 699 4501 ad
750 4437 952 4519 ipsum
999 4438 1326 4504 consilium
1372 4439 1662 4521 quociens
1730 4439 2105 4505 tractabitur
2172 4441 2244 4504 de
2320 4438 2460 4504 istis
2523 4440 2727 4519 factis,
2777 4442 2841 4505 et
2884 4439 3084 4505 dicere

371 4525 721 4605 opinionem
769 4544 963 4601 suam,
1012 4544 1129 4591 non
1174 4527 1469 4610 capiendo
1494 4529 1753 4610 partem.
1789 4526 2037 4593 Omnes.

462 4634 643 4695 Mieza·
687 4634 813 4698 XL
861 4637 1007 4710 111,
1056 4652 1098 4695 u
1141 4636 1296 4698 mlet.
1344 4638 1580 4697 arkivu.
