3620 5282
489 357 574 421 74

487 531 633 616 quia
680 535 808 596 tam
854 534 1254 601 rationabiles
1303 539 1366 601 et
1412 535 1560 600 iusti
1608 536 1896 612 existunt,
1945 534 2102 618 quod
2153 534 2284 616 ipse
2331 532 2614 597 dominus
2648 551 2752 597 rex
2784 530 3220 597 verosimiliter

486 620 561 684 de
610 639 819 684 eorum
860 621 1064 703 aliquo
1111 625 1453 690 contentari
1502 625 1772 688 deberet.
1819 623 1937 689 Sed
1986 624 2048 686 in
2096 641 2259 699 casu,
2309 640 2426 703 quo
2472 640 2579 702 per
2602 621 2873 701 aliquem
2897 622 3216 684 modorum

489 708 758 789 ipsorum
805 709 1124 775 aconcium
1174 732 1312 776 cum
1366 730 1509 793 rege
1556 712 1827 775 invenire
1888 728 2005 774 non
2062 715 2345 793 possent,
2396 708 2665 772 habeant
2710 707 2859 771 dicti
2918 706 3212 771 ambaxa-

492 797 660 859 tores
706 796 1060 861 libertatem
1104 800 1388 882 possendi
1437 799 1773 882 expendere
1823 800 1982 862 inter
2027 816 2235 880 regem
2282 799 2345 860 et
2392 797 2649 860 barones
2713 814 2905 877 usque
2950 794 3209 858 ducatos

489 886 734 947 centum
784 883 983 948 millia
1033 888 1165 951 auri
1214 891 1277 952 et
1328 889 1463 951 inde
1511 887 1688 962 infra,
1752 888 1823 949 ut
1887 885 2107 949 melius
2170 885 2493 967 poterunt,
2558 883 2721 946 sicut
2779 882 3092 946 habebant
3135 882 3210 945 de

489 969 679 1033 libris
712 971 822 1034 LX
871 971 1063 1037 milia.
1114 975 1197 1039 Et
1244 977 1294 1039 si
1341 994 1449 1056 per
1495 975 1687 1037 alium
1739 974 1987 1037 modum
2035 973 2109 1036 de
2158 971 2446 1035 solvendo
2477 970 2708 1052 aliquid
2757 971 3076 1033 annuatim
3123 969 3214 1032 vi-

491 1058 780 1121 derentur
840 1066 1111 1123 nostram
1178 1062 1588 1126 intencionem
1655 1062 1965 1142 percipere
2019 1079 2230 1142 posse,
2297 1059 2565 1122 habeant
2626 1057 2980 1122 libertatem
3025 1057 3211 1120 dandi

490 1146 811 1209 annuatim
859 1146 1103 1212 domino
1148 1149 1279 1231 regi
1327 1152 1578 1214 ducatos
1628 1150 1678 1211 V
1728 1148 1928 1211 millia
1975 1151 2039 1211 et
2083 1148 2221 1210 inde
2274 1146 2456 1224 infra,
2505 1148 2575 1209 ut
2619 1144 2840 1208 melius
2902 1147 3212 1227 poterunt,

490 1233 655 1296 sicut
706 1233 1018 1298 habebant
1066 1236 1416 1301 libertatem
1466 1239 1540 1301 de
1587 1238 1707 1300 tria
1755 1236 1955 1299 millia
2013 1254 2150 1299 cum
2215 1234 2353 1299 aliis
2415 1232 2697 1298 cautellis
2758 1232 2822 1295 in
2886 1250 2997 1296 sua
3040 1249 3211 1295 com-

489 1320 779 1384 missione
825 1324 1152 1390 contentis,
1203 1325 1294 1389 De
1342 1326 1463 1388 ista
1506 1324 1612 1403 50,
1661 1325 1735 1388 de
1777 1343 1895 1387 non
1941 1323 2002 1400 4,
2052 1342 2170 1386 non
2218 1322 2490 1386 sinceri?

699 1406 934 1490 Capta:
976 1414 1040 1473 et
1087 1412 1140 1475 si
1186 1431 1291 1493 per
1337 1412 1773 1495 expositionem
1808 1410 2226 1493 predictorum
2259 1410 2660 1491 tangerentur
2704 1406 3203 1472 ambaxatoribus

488 1496 717 1559 nostris
764 1515 872 1578 per
914 1498 1224 1563 dominum
1275 1518 1485 1583 regem
1536 1499 1631 1563 vel
1680 1500 1833 1563 alios
1878 1500 2205 1582 deputatos
2252 1498 2328 1561 ab
2377 1516 2446 1561 eo
2493 1496 2698 1577 aliqua
2750 1494 2973 1570 verba,
3021 1492 3214 1557 decli-

490 1582 692 1646 nando
739 1586 804 1646 et
850 1582 1216 1651 remov'endo
1260 1606 1325 1651 se
1371 1606 1407 1651 a
1455 1606 1563 1651 sua
1604 1588 1907 1669 peticione
1954 1585 2229 1668 predicta
2263 1585 2490 1661 taliter,
2540 1585 2695 1666 quod
2730 1583 2983 1664 possent
3013 1580 3212 1644 facere

491 1671 809 1734 aconcium
859 1673 921 1736 et
966 1675 1354 1739 concordiam
1398 1693 1536 1739 cum
1586 1676 1717 1756 ipso
1762 1674 2006 1739 domino
2052 1691 2197 1754 rege
2243 1692 2349 1754 per
2395 1672 2663 1753 aliquem
2706 1671 3017 1733 modorum
3067 1685 3211 1731 con-

487 1760 795 1822 tentorum
846 1758 908 1822 in
952 1778 1168 1825 eorum
1217 1763 1684 1837 commissione,
1735 1762 1834 1825 vel
1895 1780 2003 1842 per
2051 1761 2302 1824 modum
2366 1757 2740 1840 expendendi
2801 1756 2992 1820 etiam
3039 1756 3208 1818 ultra

487 1863 670 1928 quam
719 1846 1105 1911 contineatur
1150 1850 1210 1929 in
1258 1868 1371 1914 sua
1400 1850 1853 1922 commissione,
1897 1849 2229 1912 secundum
2265 1866 2338 1911 ea
2371 1866 2487 1929 que
2521 1847 2908 1928 protraentur
2944 1844 3006 1907 in
3036 1845 3211 1924 parte

494 1932 842 2014 precedenti
892 1937 963 1997 de
1011 1933 1057 2000 C
1104 1937 1303 2001 millia
1348 1938 1707 2001 ducatorum
1757 1938 1898 2013 etc.,
1947 1935 2295 2017 compleant
2340 1938 2403 1997 et
2442 1933 2672 1997 faciant
2702 1933 2763 1995 in
2798 1933 2957 1995 bona
3004 1929 3207 2013 gratia

487 2019 822 2084 secundnm
870 2021 1133 2089 formam
1176 2025 1626 2088 commissionis
1673 2044 1779 2089 sue
1827 2023 1925 2088 vel
1971 2024 2281 2087 libertatis
2321 2021 2592 2104 predicte
2625 2020 2862 2084 noviter
2894 2018 3012 2083 sibi
3043 2017 3208 2080 date.

488 2106 604 2171 Sed
652 2109 702 2171 si
749 2109 1033 2174 dominus
1080 2131 1182 2175 rex
1230 2111 1743 2176 condescenderet
1788 2111 1863 2174 ad
1914 2110 2121 2192 aliqua
2173 2110 2602 2191 particularia,
2654 2108 2916 2190 petendo
2968 2103 3202 2187 aliquid

486 2196 547 2259 in
596 2196 849 2276 speciali
897 2201 1069 2261 extra
1113 2200 1410 2281 predicta,
1457 2220 1567 2282 per
1612 2200 1771 2281 quod
1822 2199 2099 2263 viderent
2142 2216 2314 2279 posse
2362 2196 2535 2279 sequi
2595 2214 2809 2278 pacem
2857 2199 2920 2257 et
2964 2211 3209 2257 concor-

488 2283 652 2346 diam
703 2284 863 2347 inter
908 2286 1147 2367 regiam
1198 2287 1585 2352 maiestatem
1636 2289 1699 2351 et
1740 2289 2020 2352 nostrum
2071 2286 2430 2361 dominium,
2480 2283 2880 2365 intelligendo
2922 2279 3212 2346 videlicet

486 2369 645 2452 quod
693 2371 973 2435 dominus
1033 2393 1137 2438 rex
1199 2378 1365 2439 esset
1422 2377 1785 2451 contentuS,
1855 2374 2013 2455 quod
2061 2372 2256 2436 Jadra
2318 2391 2457 2436 cum
2523 2371 2911 2453 pertinentiis
2975 2369 3105 2432 suis
3149 2368 3212 2431 et

488 2458 677 2521 etiam
726 2458 999 2541 quelibet
1045 2461 1241 2526 insule
1288 2463 1618 2540 maritime,
1668 2480 1819 2543 quas
1866 2465 2145 2525 tenemus
2185 2459 2435 2535 ibidem,
2485 2461 2871 2523 remanerent
2918 2456 2981 2519 in
3011 2455 3207 2532 nobie,

484 2544 549 2608 in
598 2545 711 2608 hoc
759 2564 903 2610 casu
950 2566 1327 2631 quecumque
1375 2549 1818 2614 habuerintde
1865 2566 2038 2623 novo,
2087 2546 2429 2611 rescribant
2475 2546 2650 2609 nobis
2712 2563 2848 2608 cum
2900 2562 3009 2607 suo
3064 2560 3210 2606 con·

484 2632 643 2710 silio,
690 2634 754 2697 et
799 2637 1074 2699 nostrum
1116 2640 1438 2718 expectent
1502 2638 1893 2713 mandatum,
1958 2634 2422 2719 providentibus
2484 2633 2572 2697 eis
2634 2632 2696 2696 in
2759 2631 2874 2695 hoc
2937 2649 3085 2694 casu
3132 2627 3211 2693 ad

485 2721 884 2786 securitatem
930 2741 1321 2804 personarum
1369 2743 1639 2802 suarum,
1689 2745 1830 2789 cum
1877 2723 2176 2788 terminus
2243 2723 2593 2786 litterarum
2656 2720 2914 2783 fidancie
2960 2736 3068 2800 per
3113 2719 3209 2781 to-

486 2810 622 2872 tum
669 2828 943 2873 mensem
994 2813 1139 2875 maii
1189 2814 1535 2894 proximum
1585 2813 1839 2894 expiret.
1893 2812 1994 2889 76,
2034 2811 2108 2874 de
2151 2829 2269 2874 non
2319 2811 2420 2886 12,
2467 2827 2586 2872 non
2634 2806 2856 2872 sinceri
2908 2807 3007 2869 11.

698 2895 932 2978 Capta:
982 2902 1045 2961 et
1092 2899 1142 2961 si
1180 2901 1461 2964 dominus
1506 2919 1609 2964 rex
1655 2901 1716 2962 in
1762 2900 1969 2982 aliquo
2037 2898 2516 2963 condescendere
2581 2896 2801 2973 vellet,
2865 2896 2931 2957 et
2991 2894 3054 2957 in
3101 2909 3211 2956 sua

486 2982 790 3065 peticione
837 2991 1197 3066 perseverat
1246 2988 1343 3051 vel
1375 2987 1617 3069 penitus
1642 2987 1891 3065 diceret,
1941 2988 2095 3068 quod
2139 2986 2327 3050 vellet
2351 2985 2603 3050 Jadram
2654 2984 2748 3048 vel
2796 2982 2953 3046 alias
2999 2997 3212 3044 omnes

486 3070 722 3133 insulas
768 3072 1143 3150 maritimaS,
1194 3093 1343 3157 quas
1396 3079 1709 3148 tenemur,
1759 3075 1858 3138 vel
1913 3075 2189 3156 ipsarum
2250 3073 2555 3154 aliquam,
2613 3074 2758 3136 tunc
2818 3087 2958 3133 cum
3005 3067 3210 3132 verbis

487 3157 844 3221 decentibus
892 3164 1243 3225 comeatum
1290 3164 1613 3226 assumant
1661 3165 1723 3226 et
1769 3161 2000 3235 dicant,
2050 3160 2209 3243 quod
2256 3161 2377 3243 ipsi
2426 3161 2498 3222 de
2545 3162 2754 3222 nostro
2800 3157 3088 3238 precepto
3122 3154 3212 3217 la-

486 3244 885 3323 boraverunt,
952 3250 1021 3310 ut
1084 3267 1300 3330 pacem
1362 3252 1426 3313 et
1470 3248 1860 3312 concordiam
1918 3249 2079 3311 inter
2141 3250 2348 3329 partes
2409 3245 2695 3309 inducere
2755 3243 3037 3324 possent3
3104 3240 3210 3303 sed

487 3335 808 3412 postquam
858 3335 1224 3415 composicio
1272 3336 1482 3418 aliqua
1521 3336 1688 3416 sequi
1720 3353 1838 3398 non
1866 3335 2125 3416 poterat,
2175 3333 2513 3415 repatriare
2545 3332 2889 3407 intendunt,
2939 3332 3003 3393 et
3033 3330 3206 3411 regia

487 3418 777 3482 maiestas
822 3422 1234 3487 considerabit
1278 3423 1564 3487 honorem
1611 3441 1808 3499 suum,
1859 3426 1921 3486 et
1967 3421 2116 3485 deus
2165 3425 2341 3503 pater
2380 3420 2783 3500 omnipotenS,
2829 3415 2931 3498 qui
2965 3435 3208 3498 semper

486 3506 688 3569 tenuit
729 3506 788 3570 in
837 3526 1045 3574 amore
1091 3510 1345 3592 pacifico
1392 3528 1531 3574 suos
1594 3510 2053 3591 predecessores
2113 3526 2252 3572 cum
2315 3508 2583 3572 dominio
2649 3505 3092 3580 Veneciarum,
3141 3504 3205 3566 in

486 3593 601 3657 hoc
649 3594 930 3677 disponet
973 3600 1037 3659 et
1084 3599 1273 3662 saciet
1319 3598 1609 3662 honorem
1659 3596 1897 3678 regium
1947 3600 2011 3660 ct
2061 3596 2286 3660 bonum
2351 3597 2667 3666 nostrum:
2733 3593 2797 3656 et
2854 3591 2975 3656 hiis
3021 3590 3206 3655 dictis

487 3681 778 3746 Venetias
826 3685 1236 3748 revertantur.
1291 3687 1382 3749 De
1430 3686 1517 3750 sic
1566 3684 1668 3762 74,
1721 3685 1793 3748 de
1842 3701 1959 3747 non
2008 3686 2067 3760 2,
2116 3702 2233 3747 non
2279 3683 2500 3747 sinceri
2559 3686 2607 3744 1.

699 3768 927 3853 Capta:
977 3774 1042 3835 et
1085 3773 1286 3854 primo
1334 3776 1398 3837 et
1441 3772 1867 3855 principaliter
1913 3774 2162 3854 sumpto
2225 3772 2336 3835 hoc
2396 3772 2603 3835 nostro
2666 3767 2985 3844 mandato,
3048 3766 3212 3830 sicut

485 3856 837 3921 discretioni
881 3877 1095 3923 eorum
1148 3859 1469 3935 videbitur,
1518 3863 1582 3923 et
1629 3879 1735 3941 per
1773 3858 2095 3923 abiliorem
2142 3860 2415 3935 modurn,
2462 3876 2579 3939 quo
2626 3855 2948 3938 poterunt,
3015 3855 3213 3937 preci-

482 3943 658 4025 piant
703 3945 941 4014 consuli
989 3949 1194 4011 nostro
1244 3947 1537 4030 Neapolis
1584 3950 1647 4010 et
1692 3948 1978 4011 omnibus
2004 3946 2448 4011 mercatoribus
2495 3964 2602 4027 per
2638 3962 2899 4026 regnum
2946 3944 3212 4007 existen-

485 4031 672 4108 tibus,
720 4032 880 4115 quod
929 4053 1065 4097 cum
1116 4035 1393 4116 personis
1441 4038 1504 4099 et
1548 4035 1724 4098 bonis
1785 4052 1994 4098 eorum
2045 4035 2306 4098 debeant
2365 4033 2647 4098 recedere
2709 4050 2782 4095 ex
2843 4034 2974 4094 toto
3020 4048 3208 4113 regno

488 4137 677 4199 quam
716 4120 906 4184 cicius
949 4123 1253 4202 poterunt,
1305 4125 1374 4185 ut
1419 4122 1715 4186 damnum
1766 4121 2014 4204 aliquod
2060 4124 2186 4205 pati
2236 4140 2353 4186 non
2400 4121 2676 4203 possint;
2722 4123 2785 4184 et
2830 4120 3020 4182 donec
3085 4119 3204 4201 ipsi

487 4205 918 4271 ambaxatores
979 4208 1128 4272 illuc
1193 4212 1406 4286 erunt,
1466 4211 1793 4291 procurent
1854 4227 2100 4273 omnem
2165 4209 2616 4291 expedicionem
2685 4209 3090 4272 mercatorum
3139 4207 3205 4268 et

487 4292 936 4358 mercacionum
981 4297 1154 4359 iuxta
1197 4313 1394 4377 posse,
1440 4299 1502 4360 et
1549 4315 1665 4360 non
1711 4296 1956 4360 recedat
2001 4300 2326 4379 propterea
2387 4293 2599 4360 consul
2661 4295 2784 4358 nisi
2843 4292 3209 4357 recesserint

485 4381 859 4444 mercatores
905 4384 969 4445 et
1022 4401 1224 4446 naves,

697 4465 924 4549 Capta:
973 4471 1252 4551 preterea
1300 4489 1409 4552 per
1454 4472 1770 4552 presentes
1819 4471 2029 4554 galeas
2091 4471 2299 4553 culphi
2349 4472 2659 4535 scribatur
2716 4469 2953 4535 consuli
2995 4471 3204 4532 nostro

486 4552 823 4631 Clarencie,
873 4556 1028 4638 quod
1076 4575 1184 4638 per
1232 4574 1321 4630 ea,
1370 4575 1487 4638 que
1535 4556 1838 4621 habemus
1892 4559 1970 4622 ab
2032 4558 2535 4624 ambaxatoribus
2582 4560 2845 4635 nostriS,
2894 4574 3042 4639 quos
3102 4554 3209 4617 de-

487 4640 855 4707 stinavimus
902 4644 980 4706 ad
1023 4643 1340 4709 dominum
1387 4662 1593 4726 regem
1649 4645 1989 4727 Hungarie,
2033 4646 2300 4710 nondum
2343 4646 2525 4729 plene
2585 4649 2811 4710 sentire
2872 4642 3203 4726 potuimuS,

489 4729 792 4809 quomodo
838 4729 1005 4794 facta
1050 4733 1261 4796 nostra
1299 4732 1626 4813 procedent
1671 4750 1808 4795 cum
1859 4734 2105 4797 domino
2154 4751 2298 4816 rege
2346 4735 2623 4816 prefat03
2672 4733 2779 4797 sed
2809 4750 2918 4814 per
2961 4748 3052 4807 ea,
3095 4745 3213 4810 qne
