3620 5282
506 367 637 433 368

507 541 667 625 cipio
711 558 783 606 ac
828 540 884 605 si
931 556 997 604 se
1042 556 1354 622 nunquam
1398 537 1727 618 vidissent,
1792 541 1858 604 et
1902 536 1993 603 sic
2053 536 2286 601 domini
2335 537 2559 603 Veneti
2624 537 2819 601 talem
2878 536 3230 619 opinionem

506 629 809 694 habentes
854 625 1244 691 crediderunt
1289 644 1451 692 nunc
1494 626 1718 693 ultimo
1774 623 1840 690 in
1901 623 2065 689 facto
2124 624 2308 689 istius
2355 624 2569 690 cedule
2631 625 2794 689 sicut
2838 622 3239 689 crediderunt

509 717 573 781 in
618 715 780 795 aliis,
829 714 1141 780 dicentes:
1181 713 1235 779 si
1275 712 1777 796 respondebimus
1827 712 1907 777 ad
1953 711 2239 777 cedulam
2275 711 2658 777 articulatim
2703 712 2983 777 nostram
3030 711 3237 776 inten-

506 803 760 882 tionem,
808 801 932 886 ipsi
990 819 1206 885 pacem
1265 819 1389 866 non
1442 799 1818 879 firmabunt,
1884 801 1950 866 et
2011 799 2149 865 ideo
2210 798 2394 865 aliter
2453 797 2821 882 respondere
2885 798 3235 877 noluerunt,

505 909 693 974 quam
740 892 813 956 ut
856 907 1044 973 snpra
1087 888 1325 954 dictum
1371 890 1486 966 est,
1534 888 1611 955 de
1656 906 1774 973 quo
1822 906 1940 953 non
1987 886 2202 953 dubito
2248 887 2580 965 dolebunt,
2646 886 2775 951 imo
2822 887 2951 952 iam
2997 885 3236 965 dolent,

505 980 650 1061 quia
694 977 748 1043 si
789 977 1272 1060 respondissent,
1337 976 1566 1041 saltem
1634 993 1824 1057 supra
1884 974 2370 1058 principalibus,
2436 992 2623 1057 supra
2665 974 2892 1057 quibus
2934 978 3032 1039 est
3077 974 3236 1039 satis

503 1065 747 1131 modica
791 1063 1153 1143 diserentia,
1216 1065 1328 1129 aut
1386 1064 1840 1129 ambaxiatores
1908 1062 2144 1127 domini
2209 1063 2373 1146 regis
2437 1062 2794 1127 firmassent
2853 1079 3070 1145 pacem
3124 1061 3238 1127 aut

505 1156 797 1237 treuguas
843 1153 1274 1236 prorogassent
1318 1169 1626 1235 quousque
1670 1154 1930 1233 uterque
1972 1150 2250 1233 ipsorum
2295 1150 2511 1215 ivisset
2556 1148 2635 1214 ad
2683 1148 3127 1214 consulendum
3173 1150 3238 1214 et

510 1240 963 1326 subgerendnm
1010 1239 1259 1305 domino
1304 1238 1439 1323 regi
1483 1239 1560 1304 de
1605 1256 1772 1322 pace.

720 1327 904 1393 Dicta
948 1328 1262 1411 responsio
1301 1325 1470 1392 facta
1514 1345 1623 1410 per
1666 1325 1988 1391 dominnm
2020 1326 2239 1390 ducem
2286 1322 2363 1389 ad
2410 1322 2696 1390 cedulam
2742 1324 3235 1407 suprascriptam

509 1414 629 1481 fuit
677 1414 870 1481 missa
908 1414 1091 1480 dictis
1137 1415 1686 1491 ambaxiatoribus,
1734 1412 1838 1496 qui
1884 1414 2063 1477 erant
2117 1413 2181 1476 in
2228 1410 2613 1495 Corneglano
2662 1412 2863 1495 ipsam
2909 1413 3237 1495 expectan-

514 1508 629 1584 tes,
678 1502 782 1586 qni
828 1522 937 1587 per
965 1521 1108 1568 snas
1152 1502 1398 1567 litteras
1445 1501 1908 1584 responderunt,
1955 1500 2115 1583 quod
2160 1499 2397 1584 gratias
2448 1500 2560 1564 deo
2625 1498 3015 1576 refferebant,
3075 1497 3239 1582 quod

510 1591 684 1656 dicta
732 1590 1006 1656 evenisse
1052 1590 1573 1675 dignoscebantur
1618 1590 1707 1653 sic
1753 1587 1873 1671 ipsi
1934 1587 2393 1672 cogitaverant,
2449 1589 2777 1670 postquam
2838 1586 2914 1653 de
2958 1585 3238 1652 Venetiis

510 1679 914 1752 recesserant,
962 1677 1108 1761 quia
1151 1678 1312 1742 facta
1337 1677 1711 1742 Venetorum
1759 1693 1882 1740 non
1927 1679 2061 1741 erat
2106 1676 2227 1740 nisi
2273 1673 2523 1740 seducio
2547 1673 2848 1758 temporis
2889 1676 2955 1741 et
2998 1674 3238 1739 delusio

478 1766 849 1843 amborum,
897 1765 1032 1831 ideo
1077 1765 1248 1830 aliud
1295 1784 1411 1830 non
1474 1762 1927 1846 respondebant
1990 1762 2111 1828 nisi
2171 1761 2337 1845 quod
2401 1780 2544 1827 cum
2603 1761 3071 1828 accelleratione
3116 1761 3241 1826 iter

507 1857 784 1937 areptnm
847 1856 1209 1938 peragentes
1269 1852 1382 1917 deo
1429 1852 1614 1917 dante
1674 1851 1911 1916 exitum
1972 1851 2061 1915 rei
2108 1850 2222 1916 deo
2256 1898 2272 1914 .
2307 1900 2322 1915 .
2358 1898 2375 1914 .
2409 1898 2424 1913 .
2459 1849 2916 1933 promittentes.
2994 1849 3078 1914 Et
3122 1849 3239 1914 hec

506 1942 822 2025 responsio
880 1960 985 2024 per
1045 1942 1244 2005 dictos
1300 1940 1754 2004 ambaxiatores
1801 1937 1950 2004 data
2015 1937 2136 2002 fuit
2196 1936 2297 2002 die
2342 1937 2561 2019 quinta
2629 1937 2861 2002 mensis
2907 1937 3123 2021 aprilis
3170 1936 3239 2002 in

506 2028 914 2113 Corneglano,
964 2047 1148 2111 qnam
1175 2027 1408 2111 recepit
1433 2028 1755 2110 episcopus
1780 2025 2107 2091 Firmanus
2131 2025 2229 2092 die
2256 2028 2430 2090 sexta
2461 2023 2683 2107 prefati
2721 2024 2953 2091 mensis
2988 2025 3238 2109 aprilis.

892 2218 1203 2301 DXLI.
1276 2217 1483 2300 God.
1539 2216 1765 2303 1358.
1819 2217 1918 2300 18
1971 2215 2336 2319 venatos,
2406 2240 2469 2299 u
2525 2216 2836 2300 Zadru.

507 2345 784 2422 Poyodba
826 2345 983 2404 mira
1026 2344 1225 2418 measa
1269 2344 1576 2418 uqarskim
1622 2344 1874 2418 kraljem
1917 2343 2300 2418 Ιᾼααευειοηι
2330 2344 2371 2403 1
2416 2344 2833 2417 irepublikom
2875 2342 3238 2405 mutaekom.

717 2464 843 2529 Pax
881 2482 1025 2529 cum
1072 2462 1318 2527 domino
1364 2480 1509 2547 rege
1533 2463 1874 2546 Hungarie.
1922 2461 2265 2528 Lodovicus
2312 2462 2411 2527 dei
2453 2462 2660 2546 gratia
2704 2461 3045 2546 Hungarie,
3081 2462 3239 2527 Dal·

505 2553 724 2631 macie,
772 2549 1042 2627 Croatie,
1092 2549 1327 2627 Rame,
1372 2549 1604 2628 Servis,
1653 2550 1982 2633 Bulgarie,
2032 2548 2443 2639 Comanieque
2490 2569 2631 2629 rex,
2694 2551 2982 2634 princeps
3030 2549 3238 2616 Saler-

505 2641 781 2707 mitanus
827 2645 892 2706 et
938 2638 1206 2717 honoris,
1255 2638 1486 2704 montis
1532 2639 1728 2704 sancti
1760 2638 1964 2723 angeli
1995 2637 2300 2704 dominus.
2351 2637 2667 2704 Universis
2700 2638 2921 2704 christi
2948 2637 3238 2704 fidelibus

504 2731 820 2814 presentes
868 2731 1108 2793 nostras
1152 2727 1400 2792 litteras
1446 2726 1819 2809 inspecturis
1865 2728 2134 2793 salutem
2188 2727 2251 2791 in
2299 2727 2544 2791 domino
2589 2726 3056 2809 sempiternam.
3105 2728 3235 2792 Rex

505 2818 801 2901 pacificus
846 2833 957 2900 pro
1003 2815 1425 2898 redemptione
1486 2815 1731 2899 generis
1793 2814 2050 2880 humani
2108 2813 2182 2878 de
2234 2815 2580 2897 suppremis
2641 2813 2915 2879 celorum
2960 2813 3041 2879 ad
3084 2831 3235 2898 yma

504 2904 721 2970 mundi
766 2903 1162 2982 descendenS,
1211 2904 1277 2968 et
1321 2901 1572 2968 tandem
1619 2905 1885 2968 mortem
1932 2902 2181 2967 subiens
2213 2902 2638 2985 temporalem,
2687 2901 2972 2967 dominus
3020 2905 3233 2967 noster

505 2991 688 3059 Jesus
735 2990 1022 3057 Christus
1065 2992 1210 3073 post
1253 2990 1588 3073 gloriosam
1635 2990 2112 3055 resurectionem
2175 3006 2353 3054 suam
2418 3007 2788 3054 ascensurus
2843 2990 2919 3054 ad
2965 2991 3230 3072 patrem,

505 3097 744 3163 pacem,
791 3098 907 3162 que
955 3079 1232 3143 caritatis
1277 3080 1376 3143 est
1422 3078 1752 3157 vinculum,
1802 3078 1866 3142 in
1913 3096 2022 3143 suo
2068 3076 2263 3141 natali
2306 3075 2574 3161 glorioso
2637 3076 2962 3142 celestium
3024 3077 3229 3161 agmi-

504 3185 655 3231 num
700 3164 1101 3229 multitudine
1149 3165 1498 3230 nunciatam
1536 3166 1664 3229 suis
1711 3165 1957 3246 prebuit
2000 3163 2286 3229 fidelibus
2348 3172 2409 3228 et
2468 3164 2725 3248 reliquit
2784 3164 2904 3230 sibi
2951 3164 3233 3230 subditos

509 3253 679 3336 pacis
725 3252 1038 3316 instruens
1083 3253 1409 3327 amatores,
1455 3255 1526 3316 ut
1570 3252 1845 3334 relegato
1890 3253 2028 3316 odio
2076 3251 2345 3317 fraterne
2391 3251 2620 3317 invidie
2681 3270 2854 3317 amor
2914 3253 3223 3337 regnaret,

509 3341 575 3403 et
618 3341 777 3422 qnod
826 3338 1125 3404 novercba
1169 3338 1473 3403 discordia
1517 3338 1908 3416 seiunxisset,
1954 3341 2153 3404 mater
2212 3340 2535 3404 concordia
2595 3338 2767 3422 pacis
2830 3339 3032 3404 amica
3077 3339 3230 3405 soli-

508 3427 706 3491 daret.
753 3426 1021 3490 Proinde
1065 3424 1144 3488 ad
1195 3425 1616 3490 universorum
1655 3427 1952 3491 noticiam
2015 3427 2394 3509 presentium
2460 3426 2779 3492 literarum
2847 3427 3007 3492 serie
3058 3427 3232 3493 volu-

506 3533 647 3579 mus
688 3513 1023 3597 pervenire,
1071 3512 1234 3595 quod
1279 3531 1420 3578 cum
1453 3514 1617 3578 inter
1647 3513 1947 3597 quosdam
1978 3515 2437 3597 predecessores
2469 3517 2710 3580 nostros
2744 3515 3022 3579 illustres
3050 3533 3228 3597 reges

504 3600 829 3686 Hungarie
874 3602 939 3665 et
983 3619 1090 3664 nos
1136 3601 1384 3665 demum
1432 3620 1502 3666 ex
1551 3620 1672 3666 nna
1718 3604 1911 3684 parte,
1959 3619 2032 3666 ac
2078 3601 2322 3666 inclitos
2377 3600 2563 3667 duces
2611 3603 2675 3668 et
2731 3620 3058 3667 commune
3102 3602 3229 3668 Ve-

505 3691 819 3757 neciarum
866 3707 939 3754 ex
982 3688 1196 3764 altera,
1245 3690 1611 3771 procurante
1643 3689 1818 3755 hoste
1843 3690 2098 3772 antiquo
2138 3688 2397 3753 humani
2422 3689 2665 3773 generis
2709 3689 2980 3768 inimico,
3030 3690 3228 3756 multe

501 3778 821 3857 discordie,
868 3776 1015 3855 rixe,
1062 3776 1507 3853 contentiones,
1556 3777 2033 3855 derrobationeS,
2075 3777 2517 3859 oppressioneS,
2554 3776 2937 3856 offensioneS,
2986 3778 3228 3862 strages

505 3869 571 3933 et
630 3865 856 3931 damna
924 3866 1057 3929 orte
1119 3863 1384 3928 fuissent
1441 3865 1826 3945 temporibus
1888 3865 2210 3929 retroactis
2265 3863 2584 3930 occasione
2646 3866 2822 3948 regni
2883 3866 3223 3944 Dalmatis,

502 3973 688 4037 quam
727 3954 918 4018 iidem
979 3952 1168 4016 duces
1217 3952 1281 4015 et
1323 3969 1648 4017 commune
1708 3954 1787 4017 ab
1848 3952 1998 4018 olim
2057 3953 2384 4017 tenuerant
2444 3954 2507 4015 et
2567 3954 2882 4018 tenebant.
2952 3952 3226 4019 Tandem

503 4042 756 4107 inclitus
802 4039 1086 4106 dominus
1149 4038 1464 4104 ‚Iohannes
1525 4038 1848 4124 Delphyno
1908 4039 2315 4105 Veneciarum
2347 4037 2497 4114 ,dux
2562 4041 2626 4105 et
2685 4043 2818 4105 tota
2878 4042 3223 4107 comanitas

504 4128 778 4194 civitatis
823 4128 1126 4192 antedicte
1171 4130 1311 4210 post
1354 4127 1752 4210 quamplures
1799 4128 2160 4193 ambaxatas
2203 4126 2400 4192 factas
2446 4126 2781 4206 hincinde,
2830 4127 3225 4196 honorabiles

500 4216 668 4280 viros
709 4216 967 4281 Petrum
1012 4213 1405 4279 Trivisanum
1469 4216 1535 4279 et
1595 4213 1945 4281 Johannem
2009 4213 2351 4281 Gradonico
2411 4232 2482 4279 ac
2529 4215 2899 4280 Benintendi
2965 4217 3225 4282 ducatus

502 4302 914 4366 Veneciarum
959 4302 1434 4381 cancellarium,
1501 4301 1665 4367 cives
1731 4301 2005 4368 civitatis
2068 4299 2403 4385 prelibate,
2469 4300 2550 4366 ad
2596 4320 2707 4368 nos
2752 4320 2892 4367 cum
2941 4304 3123 4387 pleno
3164 4305 3229 4369 et

503 4388 835 4453 sufficienti
884 4390 1192 4462 mandato,
1240 4393 1311 4454 ut
1356 4392 1616 4472 apparet
1660 4410 1733 4455 ex
1778 4389 1979 4455 forma
2011 4387 2406 4454 instrumenti
2437 4407 2626 4456 manu
2655 4391 2869 4474 scripti
2898 4390 3227 4476 Raphayni

503 4475 579 4540 de
623 4474 916 4541 Carisinis
983 4477 1218 4559 publici
1285 4477 1658 4542 auctoritate
1727 4477 2035 4559 imperiali
2096 4476 2323 4541 notarii
2380 4479 2445 4541 et
2502 4478 2764 4542 ducatus
2809 4478 3221 4544 Veneciarum

504 4562 703 4628 scribe
776 4562 890 4628 sub
953 4563 1288 4628 millesimo
1358 4564 1786 4629 trecentesimo
1855 4563 2364 4648 quinquagesimo
2430 4565 2697 4648 septimo
2758 4565 2855 4631 die
2921 4566 3223 4650 vigesimo

502 4654 717 4717 octavo
762 4650 994 4717 mensis
1040 4651 1409 4730 novembris,
1458 4651 1695 4716 decime
1738 4651 2112 4731 indictionis,
2162 4653 2309 4715 dum
2367 4651 2433 4715 in
2476 4652 2729 4718 civitate
2776 4655 2992 4719 nostra
3037 4653 3224 4721 Jadre

502 4737 836 4808 fuissemus
854 4784 871 4816 ,
936 4737 1432 4817 transmiserunt,
1480 4739 1545 4804 et
1586 4757 1697 4804 nos
1746 4739 2082 4806 declaratis
2141 4738 2415 4822 ipsorum
2475 4739 2903 4807 voluntatibus
2948 4741 3025 4806 ad
3072 4760 3209 4825 per·
