3620 5282
440 310 674 403 '350
1464 344 1498 356 ·

540 531 776 594 cunque
824 510 1128 576 voluerint
1165 530 1274 595 pro
1318 511 1501 577 dictis
1546 511 1730 576 factis
1776 511 1895 575 sub
1937 529 2096 595 pena
2138 510 2442 577 librarum
2475 512 2668 576 trium
2699 531 2808 595 pro
2841 512 3117 595 quolibet
3147 532 3269 578 non

543 600 842 677 veniente,
891 618 1072 680 quam
1122 599 1363 683 exigere
1410 600 1526 681 ipsi
1574 598 1976 664 advocatores
2023 600 2306 679 debeant,
2355 599 2653 665 habentes
2680 601 2963 682 tertium,
3012 601 3266 666 tertium

542 688 742 753 scribe
788 688 853 751 et
898 685 1138 765 famuli,
1188 689 1252 752 et
1295 686 1462 752 aliud
1510 686 1765 751 tertium
1813 686 1896 750 sit
1941 686 2321 765 communis,
2385 691 2450 752 et
2511 706 2631 752 non
2691 687 2897 754 valeat
2953 689 3043 755 eis
3089 707 3271 753 excu-

544 774 706 839 satio
751 774 870 838 nisi
916 780 1175 857 persone
1221 774 1285 838 et
1328 774 1448 839 alie
1497 793 1679 839 cause
1725 775 2062 857 exceptate.

626 864 841 924 Maius
885 866 1211 924 consilium.
1258 865 1507 925 Novella
1554 866 1699 934 128,
1744 882 1787 924 u
1831 864 2174 925 mletackom
2218 865 2453 925 arkivu.

914 1053 1280 1135 ΒΧΧΠ.
1336 1052 1953 1137 God.1357.14
2005 1052 2451 1151 kolovoza‚
2504 1075 2565 1134 ιι
2620 1051 2913 1153 sensu.

414 1232 420 1240 .
555 1179 777 1239 Nikola
822 1180 969 1240 knez
1012 1180 1180 1240 kreki
1224 1181 1492 1254 obventv‘e
1527 1196 1598 1240 ec
1642 1178 1842 1240 duidu
1887 1179 2288 1249 mletackomu,
2341 1179 2420 1238 da
2466 1178 2528 1239 ce
2573 1197 2674 1239 mu
2714 1180 2976 1253 izplatiti
3014 1196 3132 1259 sve,
3181 1180 3272 1241 §to

1469 1285 1571 1327 mu
1616 1285 1659 1327 u
1702 1269 1816 1326 ime
1865 1267 2069 1326 danka
2112 1266 2345 1341 duqm‘e.

758 1387 1122 1470 Exemplum
1171 1387 1490 1452 literarum
1536 1386 1783 1452 comitis
1830 1385 2076 1450 Nicolai
2124 1386 2199 1450 de
2247 1385 2443 1469 Vegla
2491 1386 2823 1451 missarum
2857 1387 3101 1453 domino
3132 1386 3274 1452 duci

543 1490 654 1556 pro
687 1473 938 1556 regalia,
987 1476 1269 1540 datarum
1299 1475 1447 1539 XIV
1471 1475 1742 1559 augusti.
1790 1473 2120 1557 Magnifice
2152 1474 2411 1539 domine.
2464 1475 2808 1539 Intellectis
2839 1475 3273 1540 dominationis

547 1563 752 1626 vestre
794 1563 1029 1642 literis,
1078 1581 1229 1645 quas
1272 1562 1463 1627 michi
1529 1564 1707 1627 hodie
1767 1561 1915 1625 XIV
1980 1563 2226 1644 augusti
2288 1563 2492 1626 vester
2556 1563 2810 1627 nuntius
2870 1564 3272 1645 presentavit,

549 1650 1005 1732 magnificentie
1051 1651 1252 1716 vestre
1297 1651 1654 1733 respondeo,
1705 1649 1885 1732 quod,
1934 1648 2223 1732 quicquid
2273 1648 2527 1714 iuridice
2574 1650 2761 1716 debeo
2806 1650 2978 1715 vobis
3024 1654 3136 1715 aut
3179 1653 3275 1714 te-

542 1752 692 1799 neor
738 1755 976 1820 quoquo
1023 1737 1224 1815 modo,
1275 1758 1346 1802 ex
1394 1756 1552 1802 nunc
1599 1755 1698 1801 me
1745 1735 1983 1815 offerro,
2034 1737 2313 1818 qnalibet
2358 1737 2650 1805 dilatione
2687 1738 3062 1820 postposita,
3110 1737 3276 1802 solu-

541 1824 773 1891 turum.
822 1825 941 1891 Sed
988 1827 1133 1908 quia
1178 1826 1470 1890 honorem
1502 1826 1584 1888 -et
1630 1826 1864 1889 statum
1921 1844 2127 1888 meum
2181 1823 2469 1889 amisisse
2537 1824 2781 1904 videor,
2830 1843 2948 1907 quo
3010 1827 3276 1889 mortem

539 1910 747 1992 potius
792 1912 1168 1991 affectarem,
1218 1912 1495 1995 supplico
1543 1911 1960 1994 magnitudini
2007 1913 2229 1990 vestre,
2279 1914 2583 1995 quatenus
2629 1931 2815 1995 super
2862 1932 2960 1978 me
3009 1930 3129 1977 non
3174 1912 3272 1977 di·-

542 2000 817 2079 gnemini
862 2019 1221 2083 processum
1266 2000 1563 2065 novitatis
1611 1999 1955 2072 extendere,
2006 1999 2144 2077 nisi,
2202 1999 2497 2081 equitatis
2544 1997 2823 2064 examine
2885 2001 3268 2082 procedente.

544 2085 712 2152 Data
759 2087 983 2171 Segnie
1029 2088 1127 2152 die
1177 2087 1471 2170 predicto,
1519 2086 1610 2150 XI
1637 2086 1721 2169 (ἓ)
1749 2084 2125 2150 indictionis„
2174 2085 2470 2152 Nicolaus
2516 2105 2721 2152 comes
2769 2086 2986 2171 Vegle.

634 2176 1202 2239 Commemorialium
1260 2178 1350 2239 VI
1353 2224 1364 2237 .
1414 2179 1475 2254 8,
1521 2194 1564 2236 u
1609 2176 1951 2236 mletackom
1999 2177 2236 2237 arkivu.

807 2365 1220 2449 DXXIII.
1300 2365 1508 2448 (iod.
1561 2364 1781 2449 1357.
1840 2365 1929 2446 17
1982 2364 2433 2463 kolovoza,
2483 2387 2544 2446 ιι
2595 2363 2989 2447 Mletcih.

828 2492 995 2551 Rada·
1029 2492 1352 2565 pocim'ena
1395 2492 1627 2551 zlocina
1671 2491 1977 2563 odredjuje
2035 2507 2097 2550 se
2140 2491 2337 2551 kazna
2383 2491 2573 2550 knezu
2617 2490 2992 2552 hvarskomu.

762 2608 947 2677 1357.
998 2608 1322 2674 indictione
1370 2609 1445 2688 X,
1496 2609 1592 2673 die
1630 2609 1816 2676 XVII
1848 2609 2115 2692 augusti.
2167 2608 2600 2675 AdvocatoreS.
2650 2608 2881 2693 Capta:
2932 2609 2985 2676 si
3032 2628 3139 2692 per
3172 2628 3266 2690 ea,

541 2717 659 2781 que
701 2697 866 2763 dicta
910 2698 975 2761 et
1014 2697 1174 2762 lecta
1220 2699 1397 2776 sunt,
1440 2698 1681 2762 videtur
1726 2699 1903 2764 vobis
1950 2696 2024 2762 de
2071 2696 2452 2780 procedendo
2512 2699 2729 2762 contra
2775 2698 3042 2763 nobilem
3068 2699 3270 2763 virum

541 2806 639 2851 ser
689 2785 1002 2850 Andream
1066 2785 1361 2850 Paradiso
1424 2788 1797 2869 potestatem
1845 2786 2003 2850 Fare
2064 2787 2128 2849 et
2173 2785 2405 2863 Brace,
2473 2802 2543 2849 eo
2591 2787 2753 2868 quod
2805 2785 3012 2850 noluit
3069 2785 3269 2852 facere

540 2872 1008 2956 inquisitionem
1050 2874 1114 2937 et
1158 2874 1463 2937 iustitiam
1509 2873 1580 2937 de
1627 2892 1725 2937 ser
1765 2872 2022 2973 Aloysio
2069 2871 2334 2937 Micaele
2380 2872 2530 2937 olim
2579 2874 2883 2955 potestate
2915 2872 3132 2952 Lesne,
3164 2875 3269 2956 qui

540 2960 861 3027 interfecit
904 2979 1003 3026 ser
1044 2959 1330 3024 Marcum
1376 2960 1452 3025 de
1513 2961 1575 3024 13
1638 2961 1918 3025 Fontana
1979 2961 2040 3024 in
2087 2961 2306 3025 Lesna.
2359 2959 2462 3041 73,
2528 2961 2602 3026 de
2650 2980 2769 3026 non
2821 2960 2922 3040 10,
2979 2978 3101 3026 non
3148 2961 3275 3025 sin·

539 3050 662 3113 ceri
707 3048 806 3112 15.

750 3133 1087 3199 Dominus,
1135 3134 1291 3215 quod
1338 3133 1543 3199 dictus
1590 3153 1687 3199 ser
1733 3134 2011 3200 Andreas
2056 3133 2354 3199 Paradiso
2416 3136 2696 3218 privetur
2758 3138 3056 3220 perpetuo
3103 3134 3267 3218 regi·
3283 3172 3290 3178 ·

541 3221 705 3286 mine
751 3224 940 3286 Farre
986 3225 1048 3284 et
1093 3221 1302 3304 Braze,
1352 3223 1416 3286 et
1461 3221 1729 3305 quinque
1760 3221 1938 3287 annis
1977 3222 2262 3287 omnibus
2303 3223 2711 3305 regiminibus
2758 3226 2822 3289 et
2869 3223 3266 3307 capitaneriis

543 3310 886 3374 communis
928 3308 1356 3386 Veneciarum,
1404 3312 1467 3374 et
1507 3309 1741 3374 duobus
1787 3310 1965 3374 annis
2025 3302 2310 3375 omnibus
2371 3310 2589 3376 officiis
2635 3314 2700 3378 et
2745 3312 3060 3378 beneficiis
3102 3311 3270 3375 intus

544 3401 608 3462 et
654 3397 843 3474 extra,
892 3398 1142 3478 excepto
1189 3395 1413 3460 maiori
1459 3397 1734 3476 consilio,
1782 3401 1847 3460 et
1891 3397 2092 3462 solvat
2158 3397 2347 3463 libras
2394 3397 2514 3477 CC,
2563 3402 2627 3464 et
2674 3417 2795 3464 non
2840 3398 3040 3482 possit
3084 3416 3262 3464 revo-

540 3484 670 3549 cari
717 3484 831 3548 sub
879 3501 1038 3566 pena
1085 3481 1385 3635 ligrarum
1432 3484 1604 3548 mille
1649 3502 1758 3567 pro
1803 3485 2082 3567 quolibet
2104 3487 2366 3568 ponente
2414 3485 2514 3551 vel
2548 3486 2971 3552 consentiente
3021 3490 3265 3570 partem

545 3573 609 3637 in
654 3572 1051 3637 contrarium.
1103 3574 1130 3633 1

750 3658 1138 3724 consiliarii.
1186 3677 1284 3724 ser
1329 3658 1552 3724 Petrus
1599 3658 1830 3738 Memo,
1877 3679 1974 3724 ser
2021 3659 2314 3725 Nicolaus
2361 3659 2724 3740 Contareno,
2771 3680 2870 3728 ser
2891 3660 3264 3727 Franciscus

540 3747 798 3825 Bembo,
847 3765 945 3811 ser
990 3745 1261 3811 Jacobus
1308 3746 1518 3822 Moro;
1569 3765 1667 3810 ser
1712 3746 2077 3812 Franciscus
2124 3749 2299 3813 Moro
2346 3751 2572 3831 caput:
2622 3748 2780 3833 quod
2825 3749 2956 3849 ipse
3003 3769 3101 3814 ser
3131 3749 3264 3814 An·

538 3837 717 3902 dreas
762 3835 1054 3899 Paradiso
1103 3833 1376 3915 privetur
1421 3836 1714 3917 perpetuo
1739 3834 2041 3916 regimine
2067 3835 2253 3900 Farre
2300 3837 2364 3900 et
2407 3837 2620 3915 Braze,
2670 3838 2736 3902 et
2775 3837 3041 3921 quinque
3087 3837 3267 3901 annis

539 3925 828 3991 omnibus
875 3920 1280 4005 regiminibus
1326 3924 1392 3985 et
1435 3921 1830 4004 capitaneriis
1862 3922 2202 3987 communis
2237 3923 2665 4004 Veneciarum,
2715 3927 2778 3990 et
2825 3924 3031 3989 solvat
3074 3925 3267 3990 libras

538 4012 853 4090 ducentaS,
903 4013 967 4074 et
1013 4008 1088 4073 de
1135 4007 1429 4091 predictis
1477 4028 1583 4073 seu
1628 4009 2048 4092 predictorum
2095 4009 2304 4093 aliquo
2350 4030 2469 4077 non
2494 4013 2696 4096 possit
2736 4012 2874 4078 fieri
2920 4012 3127 4095 gratia
3151 4012 3265 4079 sub

538 4119 696 4183 pena
739 4099 1043 4163 librarum
1090 4096 1262 4160 mille
1308 4114 1417 4178 pro
1464 4097 1742 4180 quolibet
1784 4096 2168 4178 consiliario,
2233 4098 2473 4181 capite,
2535 4099 2635 4165 vel
2688 4100 2807 4165 alio
2865 4102 3129 4182 ponente
3172 4098 3269 4167 vel

538 4186 955 4252 consentiente
1001 4185 1244 4267 partem
1290 4183 1354 4248 in
1401 4185 1800 4250 contrarium.
1860 4185 1967 4263 32,
2017 4184 2122 4249 61.

750 4272 861 4338 Ser
908 4271 1272 4336 Franciscus
1324 4271 1695 4337 Mauroceno
1738 4275 1928 4357 caput
1973 4272 2122 4336 XL:
2186 4273 2344 4355 quod
2393 4273 2593 4339 dictus
2657 4293 2770 4339 ser
2803 4274 3088 4341 Andreas
3135 4276 3264 4358 pri-

541 4363 717 4426 vetur
756 4361 1050 4444 perpetuo
1096 4358 1396 4442 regimine
1442 4359 1662 4438 Lesne,
1723 4363 1786 4425 et
1832 4361 2034 4426 solvat
2098 4360 2288 4426 libras
2335 4362 2721 4442 trecentum,
2786 4364 2851 4427 et
2910 4382 3029 4429 non
3073 4361 3268 4447 possit

538 4447 811 4515 revocari
856 4451 926 4511 ut
972 4465 1176 4528 supra,
1241 4447 1345 4525 32,
1395 4446 1500 4511 32.

748 4534 1196 4599 Advocatores·
1247 4534 1405 4616 quod
1450 4533 1571 4599 iste
1617 4552 1716 4598 ser
1760 4532 2047 4599 Andreas
2092 4536 2368 4617 privetur
2414 4537 2707 4619 perpetuo
2768 4536 3055 4602 omnibus
3101 4536 3266 4622 regi-

539 4622 810 4689 minibus
856 4620 1199 4686 communis
1245 4621 1675 4699 Veneciarum,
1722 4623 1788 4687 et
1833 4622 2070 4687 duobus
2132 4623 2310 4688 annis
2356 4624 2639 4689 omnibus
2707 4623 2926 4690 officiis
2973 4628 3038 4690 et
3084 4624 3270 4691 bene-

537 4711 694 4777 ficiis
740 4707 1083 4776 communis
1129 4708 1534 4775 Veneciarum
1580 4709 1748 4776 intus
1795 4711 1859 4775 et
1904 4711 2093 4790 extra,
2156 4711 2431 4795 exceptis
2495 4711 2805 4794 consiliis,
2865 4713 2932 4778 et
2975 4713 3269 4780 condem-
