3620 5282
2990 373 3117 438 125

381 547 602 613 vitatis
643 547 931 631 Tragurii
974 565 1121 612 sono
1168 566 1461 629 campane
1510 550 1573 612 et
1628 566 1772 612 voce
1818 547 2094 630 preconis
2143 564 2310 611 more
2363 547 2544 610 solito
2591 549 3004 629 congregato,
3042 549 3108 612 in

383 636 625 718 palacio
671 636 1213 713 dicticommuniS,
1264 655 1384 700 non
1431 637 1766 700 revocando
1812 635 2179 700 sindicatum
2242 633 2398 698 alias
2444 634 2506 696 in
2556 651 2877 714 personam
2925 635 3113 700 infra-

384 723 606 806 scripti
651 723 924 788 Jadricis
971 722 1250 806 Gregorii
1316 722 1583 802 factum,
1650 722 1931 788 dominus
1996 723 2243 785 Marcus
2307 720 2470 785 Celsi
2533 740 2735 785 comes
2797 724 3107 802 predictus

382 810 464 874 de
505 829 807 875 consensu
854 813 919 874 et
958 811 1276 874 voluntate
1341 812 1613 874 omnium
1674 813 1737 874 et
1783 809 2163 891 singulorum
2227 810 2290 873 in
2350 810 2481 890 ipso
2545 808 2798 873 consilio
2844 811 3112 874 existen-

389 899 574 973 tium,
625 902 685 962 et
734 897 928 980 ipsius
989 898 1228 961 consilii
1291 898 1559 962 universi
1626 916 1696 962 ac
1743 898 1863 979 ipsi
1922 915 2133 960 omnes
2180 899 2243 960 et
2289 895 2517 979 singuli
2567 896 2630 958 in
2678 897 2811 977 ipso
2859 898 3112 963 consilio

388 987 726 1050 existentes
764 990 827 1049 et
874 987 1077 1067 ipsum
1144 986 1471 1049 consilium
1533 986 1929 1062 universum,
1993 985 2095 1066 qui
2142 985 2342 1048 totum
2411 1002 2626 1065 corpus
2681 986 2744 1047 et
2788 1003 3112 1050 commune

386 1073 552 1137 dicte
594 1074 868 1136 civitatis
908 1073 1191 1155 Tragurii
1241 1075 1706 1155 representant,
1754 1078 2010 1153 sponte,
2076 1072 2449 1135 unanimiter
2510 1076 2575 1134 et
2619 1074 3002 1135 concorditer
3048 1078 3111 1136 et

386 1179 461 1224 ex
483 1165 654 1224 certa
682 1161 940 1224 scientia
980 1160 1275 1234 fecerunt,
1325 1160 1775 1224 constituerunt
1825 1164 1888 1223 et
1932 1160 2368 1222 ordinaverunt
2394 1177 2603 1221 eorum
2652 1160 2715 1221 et
2759 1159 2908 1222 dicti
2944 1178 3112 1222 com-

386 1248 614 1324 munis,
663 1247 925 1323 consilii,
975 1249 1293 1311 hominum
1341 1251 1404 1311 et
1450 1248 1839 1329 singularum
1870 1265 2262 1327 personarum
2304 1246 2467 1309 dicte
2515 1245 2790 1309 civitatis
2815 1246 3105 1328 Tragurii

386 1336 557 1398 omni
603 1334 803 1411 modo,
853 1336 983 1398 iure
1031 1337 1095 1398 et
1140 1336 1352 1410 forma,
1404 1335 1625 1416 quibus
1666 1333 1885 1398 melius
1919 1335 1992 1397 de
2025 1334 2156 1398 iure
2184 1335 2536 1416 potuerunt,
2586 1336 2844 1407 certum,
2896 1352 3110 1398 verum

387 1424 454 1486 et
496 1422 890 1505 legiptimum
940 1423 1421 1496 ambaxatorem,
1488 1422 1778 1487 nuncium
1827 1424 1889 1485 et
1938 1427 2390 1503 procuratorem
2438 1427 2500 1484 et
2547 1420 2852 1484 sindicum
2910 1421 3108 1504 speci-

394 1509 561 1573 alem
610 1513 675 1573 et
721 1510 1005 1592 quicquid
1055 1509 1276 1573 melius
1340 1528 1473 1572 esse
1529 1511 1592 1576 et
1656 1509 1859 1573 valere
1921 1512 2124 1590 potest
2185 1510 2248 1571 et
2294 1508 2521 1588 poterit
2584 1508 2854 1571 nobilem
2903 1512 3103 1573 virum

389 1597 728 1675 Jadricem,
775 1600 1029 1661 condam
1079 1596 1363 1678 Gregorii
1410 1596 1591 1673 Luce,
1649 1597 1846 1660 civem
1893 1596 2179 1678 Tragurii
2243 1597 2563 1658 absentem
2611 1599 2929 1676 tamquam
2972 1614 3110 1677 pre-

388 1688 629 1748 sentem
678 1685 1030 1766 specialiter
1074 1684 1150 1748 ad
1213 1684 1479 1747 eundum
1540 1686 1604 1747 et
1649 1684 2125 1766 comparendum
2187 1689 2330 1745 ante
2392 1683 2771 1764 presenciam
2840 1683 3104 1747 illustris

387 1777 452 1836 et
490 1773 805 1853 magnifici
867 1772 1098 1836 domini
1161 1772 1390 1835 domini
1454 1771 1698 1835 Andree
1759 1771 2043 1835 Dandulo
2105 1769 2301 1833 incliti
2368 1770 2542 1833 ducis
2591 1770 2994 1833 Veneciarum
3042 1774 3104 1834 et

383 1860 519 1923 eius
565 1858 806 1924 ducalis
851 1859 1127 1935 dominii,
1176 1861 1240 1922 et
1284 1859 1361 1921 ad
1408 1859 1804 1934 offerendum,
1872 1858 2355 1940 promittendum
2423 1860 2487 1920 et
2548 1856 2985 1921 contulendum
3030 1858 3109 1922 ad

383 1948 855 2030 paysanaticum
901 1947 1169 2011 fiendum
1212 1948 1275 2009 et
1320 1946 1722 2009 ordinandum
1771 1946 1845 2009 ad
1895 1950 2102 2028 partes
2150 1944 2461 2008 Dalmatio
2510 1963 2617 2008 seu
2644 1942 2963 2008 Sclavonie
2997 1962 3107 2026 per

385 2035 672 2098 eumdem
721 2033 1040 2099 dominum
1088 2034 1308 2096 ducem
1356 2035 1418 2097 et
1459 2034 1590 2097 eius
1638 2033 1856 2097 ducale
1899 2033 2240 2096 dominium
2291 2031 2462 2094 illam
2488 2031 2899 2112 quantitatem
2933 2032 3105 2113 equi-

384 2124 518 2185 turn
571 2123 645 2185 de
692 2121 959 2185 denariis
1011 2121 1160 2185 dicti
1207 2121 1552 2185 communis
1598 2121 2064 2197 solvendorum,
2125 2139 2310 2202 quam
2358 2119 2521 2182 dicto
2567 2119 2770 2181 ducali
2835 2119 3106 2183 dominio

383 2209 699 2273 videbitur
745 2209 1066 2273 convenire
1112 2210 1187 2272 ad
1235 2209 1482 2289 tempus
1526 2208 1621 2271 vel
1672 2209 1730 2270 in
1783 2212 2164 2289 perpetuum,
2215 2207 2378 2270 sicut
2422 2206 2541 2288 ipsi
2591 2206 2793 2269 ducali
2838 2206 3106 2271 dominio

383 2296 695 2362 videbitur
740 2296 1084 2373 convenire,
1136 2302 1199 2360 et
1242 2296 1322 2358 ad
1367 2295 1859 2377 promittendum
1909 2295 2151 2358 nomine
2199 2299 2261 2357 et
2308 2293 2435 2357 vice
2481 2292 2632 2356 dicti
2670 2294 3013 2357 communis
3046 2298 3110 2359 et

384 2384 793 2465 singularium
840 2402 1261 2466 personarum,
1306 2383 1465 2464 quod
1513 2382 1629 2464 ipsi
1677 2383 1915 2464 equites
1958 2383 2035 2446 ad
2081 2400 2324 2445 omnem
2358 2380 2844 2462 requisitionem,
2887 2381 3103 2445 volun-

382 2473 581 2535 tatem
624 2475 686 2534 et
736 2471 1191 2553 beneplacitum
1240 2471 1545 2551 capitanei
1596 2470 1831 2534 ducalis
1878 2468 2169 2545 dominii,
2237 2467 2341 2550 qui
2389 2468 2617 2550 preerit
2663 2467 2828 2532 dicto
2889 2487 3108 2553 paysa-

382 2560 586 2622 natico
628 2577 767 2623 cum
816 2576 887 2623 eo
929 2559 1213 2641 guardias
1259 2557 1507 2634 facient,
1572 2556 1972 2638 equitabunt,
2024 2561 2237 2630 erunt,
2289 2557 2354 2619 et
2398 2575 2539 2619 eum
2602 2556 2997 2620 associabunt
3042 2557 3106 2619 in

381 2647 661 2729 quolibet
702 2648 1012 2723 exercitu,
1076 2647 1339 2711 correria
1401 2665 1505 2709 seu
1568 2646 1918 2722 calvacata,
1982 2664 2164 2727 quam
2214 2645 2344 2725 ipse
2408 2643 2608 2708 facere
2656 2644 2845 2708 vellet
2885 2647 3099 2713 eontra

382 2753 819 2818 quoscumque,
870 2737 933 2799 et
971 2735 1036 2797 in
1077 2751 1460 2816 quocumque
1506 2734 1637 2797 loco
1682 2733 1736 2796 ei
1785 2732 2076 2796 obedient
2119 2734 2184 2795 et
2232 2730 2537 2813 parebunt
2592 2731 2655 2793 in
2703 2731 2989 2794 omnibus
3040 2735 3106 2796 et

385 2823 464 2886 ad
505 2841 717 2887 omnes
758 2827 819 2885 et
866 2821 1177 2904 quaslibet
1222 2820 1695 2903 promissiones,
1762 2819 2252 2884 renunciationes
2315 2822 2377 2881 et
2424 2818 2834 2901 obligationes
2884 2818 3099 2897 reales,

382 2910 737 2992 personales
779 2913 842 2973 et
886 2909 1238 2991 pecuniales
1271 2913 1335 2972 et
1358 2908 1649 2991 precaleS,
1686 2907 2031 2984 dicendum,
2067 2905 2406 2970 fatiendum
2438 2908 2501 2968 et
2545 2906 2938 2983 firmandum,
2983 2926 3102 2989 que

381 2996 614 3061 fuerint
658 3000 721 3061 et
767 2997 1147 3079 expedierint
1191 2996 1468 3078 quolibet
1527 2995 1821 3073 dicenda,
1880 2994 2154 3057 fatienda
2199 2995 2264 3056 et
2309 2994 2645 3071 firmanda,
2705 3012 2814 3059 nec
2859 3011 2981 3057 non
3026 2993 3104 3058 ad

382 3084 704 3148 iurandum
740 3084 803 3147 in
839 3084 1163 3148 animabus
1208 3085 1479 3165 ipsorum
1527 3087 1591 3147 et
1639 3083 1786 3147 dicti
1844 3081 2085 3146 consilii
2150 3083 2212 3145 et
2274 3081 2620 3145 communis
2659 3081 2736 3145 de
2782 3082 3099 3146 attenden-

384 3170 479 3235 dis
532 3173 598 3236 et
642 3170 1043 3236 observandis
1112 3173 1396 3235 omnibus
1451 3170 1822 3253 supradictis
1869 3173 1933 3234 et
1986 3172 2187 3233 cartas
2251 3171 2314 3231 et
2361 3170 2773 3233 instrumenta
2812 3170 3107 3251 quelibet,
3180 3232 3187 3241 ,

383 3258 731 3322 faciendum
775 3278 885 3341 pro
926 3260 1215 3341 predictis
1242 3258 1525 3322 omnibus
1574 3263 1636 3321 et
1676 3258 1936 3340 singulis
1962 3256 2408 3321 observandum
2461 3275 2603 3321 cum
2635 3256 2912 3339 qualibet
2948 3277 3102 3339 pene

385 3345 848 3429 interpositione
915 3348 993 3410 ad
1042 3346 1292 3429 plenum
1355 3364 1492 3410 cum
1556 3346 1851 3409 clausulis
1914 3345 2308 3409 neccessariis
2357 3347 2420 3407 et
2466 3345 2861 3426 opportuniS,
2914 3350 2979 3409 et
3023 3345 3102 3409 ad

385 3435 587 3498 omnia
633 3434 757 3497 alia
793 3434 1051 3498 dicenda
1110 3444 1174 3497 et
1218 3433 1523 3509 facienda,
1574 3452 1688 3515 que
1749 3434 1954 3515 ipsum
2002 3433 2327 3496 consilium
2378 3435 2576 3495 totum
2634 3430 2831 3496 facere
2878 3434 3094 3514 possit,

385 3522 609 3586 ectiam
659 3521 710 3585 si
758 3523 915 3586 talia
963 3522 1107 3598 sint,
1167 3540 1283 3602 que
1350 3521 1708 3584 mandatum
1772 3521 2089 3602 exigerent
2150 3520 2444 3602 speciale:
2509 3520 2728 3583 dantes
2776 3527 2839 3593 et
2884 3539 3101 3584 conce-

386 3608 599 3673 dentes
646 3609 766 3691 ipsi
814 3609 1067 3693 syndico
1113 3608 1380 3690 plenam,
1429 3608 1688 3672 liberam
1735 3614 1799 3671 et
1846 3609 2193 3690 generalem
2244 3606 2851 3671 administracionem
2883 3610 2947 3672 et
2976 3608 3105 3690 ple-

385 3715 550 3772 num,
599 3695 864 3760 liberum
915 3700 980 3761 et
1023 3695 1308 3780 generale
1363 3696 1717 3759 mandatum
1767 3714 1839 3759 ac
1881 3696 2070 3759 etiam
2113 3694 2397 3776 speciale,
2448 3695 2551 3759 ubi
2590 3696 2855 3777 speciale
2902 3698 3103 3777 requi-

384 3786 572 3860 retur,
621 3784 683 3847 in
732 3784 1050 3866 premissis
1085 3786 1150 3848 et
1195 3782 1466 3864 quolibet
1513 3784 1970 3864 premissorum,
2008 3784 2411 3865 promitentes
2451 3783 2601 3846 mihi
2634 3783 2868 3846 notario
2913 3782 3105 3846 infra-

386 3872 613 3954 scripto
660 3875 979 3955 tamquam
1026 3871 1269 3954 publice
1317 3876 1583 3952 persone
1646 3870 1970 3951 stipulanti
2037 3874 2101 3934 et
2162 3870 2483 3952 recipienti
2547 3871 2787 3933 nomine
2844 3871 2907 3932 et
2972 3870 3103 3935 vice

384 3960 656 4023 omnium
707 3961 772 4025 et
816 3960 1222 4041 singulorum,
1271 3976 1526 4039 quorum
1575 3959 1834 4021 interest
1880 3957 1974 4021 vel
2024 3958 2317 4022 interesse
2364 3958 2590 4039 poterit
2640 3956 3106 4038 quomodolibet

384 4046 445 4110 in
488 4047 788 4126 futurum,
834 4068 899 4112 se
948 4047 1192 4111 firmum
1255 4050 1318 4109 et
1372 4047 1582 4109 ratum
1644 4049 1938 4127 perpetuo
1992 4047 2310 4110 habituros
2356 4044 2647 4128 quicquid
2712 4063 2819 4125 per
2864 4044 3104 4111 dictum

386 4135 703 4217 syndicum
754 4136 987 4200 factum
1034 4134 1223 4199 fuerit
1269 4133 1332 4196 in
1379 4133 1695 4215 premissis
1742 4137 1806 4197 et
1843 4134 2005 4197 circa
2065 4134 2367 4216 premissa
2414 4134 2476 4196 et
2522 4130 2800 4214 quolibet
2844 4134 3102 4214 premis-

384 4240 588 4287 sorum
638 4225 703 4286 et
744 4241 863 4287 non
911 4221 1324 4287 contrafacere
1370 4220 1466 4285 vel
1513 4222 1717 4285 venire
1765 4222 1879 4285 sub
1923 4221 2304 4305 obligacione
2368 4221 2647 4284 omnium
2695 4238 2945 4283 suorum
2995 4223 3101 4287 bo-

384 4328 599 4374 norum
650 4313 713 4374 et
758 4312 903 4375 dicti
945 4307 1289 4374 communis
1318 4309 1698 4390 presentium
1746 4312 1810 4372 et
1856 4309 2224 4373 futurorum.
2274 4309 2502 4371 Actum
2551 4308 2616 4371 in
2664 4306 2899 4389 palacio
2937 4327 3106 4377 com-

386 4398 589 4463 munis
634 4397 920 4481 Tragurii
968 4395 1356 4481 presentibus
1416 4395 1685 4478 Josepho
1736 4395 2068 4478 Stephani,
2118 4396 2337 4459 Nicola
2391 4395 2694 4460 Johannis
2751 4394 2995 4463 Acelini
3041 4402 3104 4465 et

384 4484 625 4549 Marino
673 4487 912 4551 Mathei
959 4485 1230 4565 Quarchi
1277 4484 1542 4547 testibus
1588 4485 1823 4566 rogatis
1862 4483 1939 4547 ad
1987 4483 2401 4565 infrascripta,
2457 4485 2523 4547 et
2567 4482 2766 4549 Dessa
2810 4485 3102 4552 Damiani

385 4574 818 4639 examinatore.
868 4575 997 4657 Ego
1037 4573 1233 4636 Dessa
1284 4570 1575 4635 Damiani
1621 4571 1847 4635 Duxini
1903 4572 2184 4635 conscius
2230 4570 2591 4635 examinavi.

589 4661 659 4726 L.
711 4661 772 4726 S.
821 4663 954 4744 Ego
1000 4659 1272 4740 Gabriel,
1320 4660 1580 4723 condam
1629 4659 1791 4724 filius
1838 4659 2072 4723 domini
2118 4658 2512 4724 Pizachomni
2557 4658 2635 4722 de
2677 4664 3103 4731 Pizachomnis

383 4748 456 4813 de
505 4749 733 4831 Padua,
785 4749 1067 4834 publicus
1108 4748 1412 4832 imperiali
1453 4749 1823 4812 auctoritate
1855 4742 2148 4826 notarius,
2196 4745 2571 4812 cancelarius
2612 4751 2835 4835 prefati
2867 4752 3101 4818 domini
