3620 5282
3005 360 3089 425 75

366 539 693 617 3011311003,
742 539 954 623 pocius
998 540 1275 605 habituri
1322 559 1534 605 sumus
1579 559 1720 605 cum
1767 558 1839 605 eo
1889 538 2260 604 discordiam
2308 557 2491 620 quam
2550 536 2971 611 concordiam;
3029 538 3090 600 et

358 631 685 710 propterea
732 630 1095 693 mandamus
1144 630 1219 705 ei,
1268 633 1571 710 quatenus
1614 628 1665 692 si
1713 629 2006 703 sentiret,
2057 630 2217 708 quod
2281 627 2564 690 dominns
2619 644 2722 689 rex
2769 627 2933 689 esset
2978 626 3088 688 ha-

360 715 602 780 biturus
651 716 1036 779 contractam
1086 716 1181 779 vel
1222 716 1345 780 alia
1391 734 1565 792 nova,
1616 735 1723 798 per
1769 736 1886 797 que
1943 718 2107 779 esset
2171 714 2593 778 verisimiliter
2657 712 3084 788 dubitandum,

360 805 532 866 caute
579 804 645 866 et
690 806 926 868 secrete
971 803 1190 867 reddat
1234 804 1509 886 provisos
1573 807 1948 867 mercatores
2011 807 2290 902 nostros,
2339 801 2443 883 qui
2505 801 2652 864 sunt
2699 801 2760 863 in
2805 799 3087 882 partibus

359 889 505 968 illis,
550 909 627 954 ne
674 891 917 973 possint
963 891 1233 973 recipere
1279 891 1609 968 damnum,
1677 892 1740 954 et
1788 890 1947 973 quod
2011 889 2438 953 commisimus
2499 887 2821 969 capitaneo
2882 887 3087 951 nostro

362 940 588 1060 calphi,
638 978 799 1059 quod
846 996 950 1042 003
998 988 1060 1043 et
1107 978 1266 1043 bona
1312 997 1422 1042 sua
1468 978 1633 1042 levet
1676 996 1785 1060 pro
1833 978 2226 1042 conducendo
2276 977 2441 1059 ipsos
2489 975 2855 1039 Mothonum
2882 977 2945 1038 et
2971 974 3087 1037 Co·
3157 982 3162 986 ’

358 1083 573 1129 100010
624 1066 723 1130 vel
767 1066 989 1130 Patras
1038 1067 1136 1131 vel
1183 1067 1257 1130 ad
1302 1066 1491 1130 alium
1557 1064 1760 1129 locum
1830 1084 2111 1129 securum
2171 1064 2334 1129 sicut
2397 1062 2617 1127 melius
2675 1062 2903 1143 poterit
2948 1080 3088 1124 cnm

359 1152 582 1216 minori
629 1153 881 1218 sinistro
928 1156 1181 1218 armate.
1232 1154 1316 1217 Et
1340 1152 1732 1217 notificentur
1758 1152 2058 1234 premissa
2102 1154 2290 1217 etiam
2315 1150 2552 1214 consuli
2601 1153 2809 1214 nostro
2837 1148 3130 1231 Corpbu·

358 1242 421 1304 et
468 1241 707 1305 consuli
754 1244 960 1305 nostro
998 1240 1317 1318 Durachii‚
1361 1243 1433 1304 ut
1474 1241 1538 1303 in
1581 1239 1763 1304 factis
1805 1240 1934 1304 suis
1980 1240 2223 1322 possint
2269 1257 2406 1303 esse
2454 1235 2702 1321 provisi.

569 1327 797 1409 Capta:
846 1328 992 1411 quia
1034 1328 1096 1391 10
1142 1347 1305 1403 casu,
1356 1346 1473 1410 quo
1520 1328 1858 1392 debeamus
1907 1346 2039 1391 esse
2085 1327 2394 1391 discordes
2461 1344 2598 1390 cum
2648 1324 2898 1388 domino
2947 1342 3095 1406 rege

361 1415 696 1497 Hungarie,
742 1416 1008 1479 multum
1058 1416 1211 1480 facit
1255 1433 1364 1498 pro
1412 1415 1587 1478 nobis
1634 1414 1978 1497 presentire
2025 1415 2100 1478 de
2138 1414 2478 1478 intentione
2513 1416 2577 1477 et
2609 1412 2942 1494 proposito,
2978 1429 3094 1492 que

365 1503 553 1566 habet
595 1503 880 1567 dominus
926 1504 1095 1585 Papa
1143 1504 1207 1566 et
1251 1504 1419 1567 curia
1464 1520 1718 1566 romana
1765 1521 1912 1585 erga
1959 1502 2163 1584 ipsum
2212 1502 2529 1565 dominum
2581 1518 2828 1580 regem,
2879 1501 2943 1563 et
2986 1518 3095 1580 pe-

373 1590 709 1653 riculosum
758 1592 843 1654 sit
889 1610 995 1672 per
1039 1590 1285 1655 litteras
1333 1591 1682 1672 significare
1726 1588 1959 1672 aliquid
2010 1590 2070 1653 in
2120 1589 2291 1653 curia
2337 1607 2520 1671 super
2572 1587 2733 1664 inde,
2783 1586 2928 1669 quia
2988 1585 3096 1648 lit-

370 1679 499 1741 tere
545 1696 654 1760 per
677 1677 1110 1742 Lombardiam
1152 1677 1511 1759 aperiuntur
1555 1677 1798 1760 ubique,
1847 1677 2178 1741 consulunt
2214 1675 2545 1758 sapienteS‚
2595 1674 2758 1757 quod
2806 1674 3096 1771 mittatur

376 1784 533 1828 unus
581 1765 857 1829 notarius
900 1766 1065 1828 curie
1110 1763 1479 1830 Avinionem
1528 1783 1669 1829 cum
1719 1764 1947 1829 litteris
1993 1763 2379 1829 credulitatis
2427 1763 2503 1825 ad
2550 1760 2934 1838 Amadeum‚
2989 1759 3093 1843 qui

369 1856 462 1916 est
510 1852 599 1915 ibi
639 1872 749 1935 pro
792 1855 999 1916 nostro
1049 1852 1381 1927 communi,
1431 1854 1495 1915 et
1540 1852 1708 1916 dicat
1754 1853 1870 1916 sibi
1916 1870 2024 1934 pro
2070 1854 2245 1934 parte
2293 1852 2503 1914 nostra
2550 1848 2659 1913 illa
2702 1851 2923 1927 verba,
2973 1868 3090 1931 que

366 1941 544 2003 erunt
585 1940 705 2005 sibi
752 1940 1086 2004 commissa
1130 1959 1239 2021 per
1282 1939 1621 2017 (1001100111,
1672 1939 2074 2016 consiliarios,
2123 1938 2329 2021 capita
2373 1940 2438 2002 et
2484 1937 2817 2020 sapientes,
2862 1936 2960 1999 vel
2986 1953 3095 2018 per

365 2027 659 2091 maiorem
707 2030 948 2110 partem
994 2028 1303 2107 ipsorum,
1353 2044 1461 2109 pro
1510 2027 1833 2090 senciendo
1897 2045 1934 2089 a
1981 2026 2227 2090 domino
2295 2024 2612 2089 Tutelensi
2660 2024 2726 2087 et
2769 2043 2806 2088 a
2847 2023 3092 2088 domino

364 2114 836 2198 Petragorgensi
887 2116 950 2178 et
996 2113 1155 2190 31113,
1206 2114 1311 2196 qui
1369 2114 1720 2177 viderentur
1785 2114 1951 2178 dicto
2015 2113 2288 2196 colegiO‚
2347 2112 2813 2194 dispositionem
2859 2109 3095 2175 domini

365 2220 519 2284 pape
567 2204 632 2266 01
672 2201 1080 2266 cardinalium
1126 2202 1190 2266 10
1238 2202 1401 2265 facto
1448 2200 1613 2283 regis
1645 2202 1931 2282 predicti,
1978 2203 2042 2264 01
2091 2219 2232 2264 cum
2267 2200 2437 2263 omni
2471 2199 2928 2273 informacione‚
2980 2217 3094 2280 que

365 2289 587 2353 habere
633 2288 904 2372 potuerit
948 2289 1010 2352 in
1057 2288 1393 2370 premissis,
1442 2288 1643 2352 dictus
1692 2289 1968 2352 notarius
2023 2289 2314 2352 velociter
2359 2287 2662 2352 Venecias
2723 2287 3091 2362 revertatur,

367 2379 428 2440 et
467 2377 527 2440 in
579 2379 710 2441 eins
758 2378 1105 2441 reversione
1156 2378 1384 2440 erimus
1430 2376 1549 2452 hic,
1597 2378 1661 2439 et
1702 2377 1827 2453 fiet,
1879 2375 2040 2439 sicut
2085 2375 2415 2440 videbitur.

574 2462 809 2547 Capta:
861 2466 1018 2546 quod
1068 2464 1128 2527 in
1177 2466 1332 2528 bona
1378 2464 1581 2546 gratia
1625 2464 1886 2546 incipiat
1930 2463 2199 2527 laborari
2255 2465 2318 2526 et
2363 2461 2500 2526 fieri
2549 2463 2803 2538 catena,
2853 2461 2930 2524 de
2977 2477 3096 2541 qua

367 2549 515 2615 alias
552 2553 933 2634 scripserunt
977 2553 1153 2615 nobis
1202 2569 1407 2615 comes
1454 2553 1519 2614 et
1578 2550 1909 2615 consiliarii
1973 2550 2163 2614 nostri
2211 2549 2401 2614 Jadre
2469 2569 2577 2632 pro
2636 2552 2818 2631 portu
2882 2551 3092 2611 nostro

367 2637 546 2703 Jadre
592 2643 657 2704 et
706 2658 815 2721 pro
863 2641 1196 2704 securitate
1243 2639 1403 2703 dicte
1450 2640 1650 2704 terre:
1699 2641 1761 2703 et
1794 2638 2101 2703 scribatur
2147 2638 2254 2714 eis,
2304 2636 2463 2720 quod
2515 2636 2858 2702 rescribant
2904 2635 3012 2700 et
2997 2655 3095 2698 10-

369 2725 630 2791 forment
663 2746 774 2791 nos
820 2727 895 2790 de
937 2727 1318 2810 longitudine
1364 2726 1527 2791 dicte
1575 2709 1788 2790 catene
1855 2728 1919 2790 et
1976 2726 2051 2789 de
2098 2725 2265 2789 omni
2328 2745 2429 2804 00,
2478 2727 2636 2807 quod
2694 2725 2904 2789 vident
2948 2741 3093 2787 nec-

371 2816 701 2878 cessarium
745 2832 854 2897 pro
902 2814 1180 2878 faciendo
1225 2813 1426 2897 ipsam
1469 2817 1752 2878 catenam
1801 2833 1911 2896 per
1955 2816 2206 2878 modum
2252 2813 2737 2888 convenientem,
2784 2813 2857 2875 ut
2903 2809 3098 2875 infor-

370 2903 516 2977 mati
564 2921 674 2984 per
718 2921 842 2979 003,
894 2901 1169 2966 30130103
1209 2901 1450 2974 1001103,
1501 2902 1766 2984 qualiter
1813 2901 1944 2964 fieri
1986 2902 2050 2964 et
2078 2901 2349 2965 laborari
2383 2900 2607 2964 debeat
2639 2900 2809 2964 dicta
2856 2900 3094 2963 catena.

369 2974 457 3053 De
504 3008 622 3053 non
673 2989 733 3066 8,
785 3008 909 3052 000
950 2989 1174 3052 sinceri
1231 2992 1282 3064 1,
1334 2989 1556 3070 reliqui
1603 2988 1680 3053 de
1726 2991 1919 3071 parte.
1988 3051 1990 3053 ,

447 3078 604 3139 Scor.
651 3096 808 3138 cons,
848 3084 1033 3153 royat.
1079 3080 1177 3138 lib.
1224 3079 1301 3136 B.
1348 3080 1408 3148 3,
1454 3096 1497 3136 u
1545 3080 1761 3137 arkivu
1800 3080 2159 3138 mlctadkom.

735 3267 1006 3349 CXII.
1071 3266 1278 3349 Gon.
1335 3267 1566 3349 1348.
1620 3267 1722 3349 10
1776 3267 2155 3368 trimma,
2213 3289 2272 3347 u
2325 3265 2716 3348 Mletcih.

717 3392 1007 3467 Odqovori
1052 3411 1136 3452 na
1179 3395 1361 3453 molbc
1401 3394 1733 3466 podnesene
1783 3395 1860 3452 od
1894 3395 2221 3466 poslanika
2266 3394 2547 3467 srbskoya
2590 3410 2751 3451 cara.

581 3513 770 3578 1348.
817 3513 915 3577 die
961 3514 1019 3577 X
1062 3513 1294 3594 31111113,
1362 3514 1581 3595 capta:
1647 3532 1788 3576 0001
1835 3512 2013 3576 nobis
2075 3513 2353 3576 debitum
2414 3511 2499 3575 sit
2544 3511 2940 3592 complacere
2987 3513 3093 3575 do-

372 3602 529 3664 mino
577 3601 940 3683 imperatori
987 3601 1175 3665 Raxie
1222 3602 1287 3665 et
1330 3601 1702 3677 Grecorum‚
1751 3601 1858 3681 qui
1918 3600 1981 3663 in
2029 3598 2315 3663 omnibus
2383 3599 2558 3663 nobis
2605 3599 2801 3680 gratis
2849 3617 3093 3681 semper

373 3706 433 3751 se
464 3688 731 3752 ostendit
756 3687 1159 3752 favorabilem
1188 3690 1251 3752 et
1272 3690 1646 3771 promptum,
1687 3686 2016 3752 consulunt
2044 3687 2434 3769 (sapientes),
2483 3686 2644 3768 quod
2681 3705 2863 3768 super
2894 3686 3093 3768 primo

375 3774 638 3856 capitulo
672 3775 1096 3857 requisitionis
1143 3795 1249 3839 seu
1296 3776 1623 3839 ambaxate
1669 3793 1777 3839 sue
1809 3775 1983 3839 nobis
2031 3777 2317 3838 oretenus
2362 3774 2701 3856 explicate,
2750 3792 2857 3855 per
2907 3791 3092 3855 quam

373 3862 528 3941 petit
551 3865 677 3926 tres
709 3863 919 3945 galeas
962 3863 1243 3927 omnibns
1269 3863 1457 3928 armis
1491 3862 1853 3927 necessariis
1890 3863 2163 3926 munitas
2198 3879 2304 3943 pro
2342 3860 2654 3943 aliquibus
2692 3861 2808 3924 sibi
2857 3860 3092 3924 incum-

374 3948 654 4013 bentibus
703 3951 901 4032 possit
932 3951 1073 4014 hinc
1129 3950 1363 4014 extrahi
1400 3949 1618 4027 facere,
1656 3949 2111 4030 respondeatur,
2151 3948 2311 4030 quod
2352 3948 2734 4012 considerata
2764 3946 3094 4011 dilectione

373 4035 510 4099 hinc
555 4036 700 4100 inde
746 4038 1015 4119 ingente,
1066 4056 1180 4119 que
1226 4055 1471 4119 semper
1517 4038 1713 4120 gratis
1760 4040 1824 4100 et
1868 4036 2102 4101 mutuis
2149 4037 2423 4101 serviciis
2482 4036 2821 4118 propagata
2882 4034 3096 4099 existit

373 4126 431 4186 et
475 4125 919 4206 propagabitur
964 4125 1078 4188 deo
1126 4125 1328 4199 dante,
1379 4143 1594 4189 sumus
1641 4125 1914 4188 contenti
1961 4123 2346 4206 complacere
2377 4123 2692 4187 maiestati
2742 4140 2849 4185 sue
2897 4122 3095 4203 impe-

371 4210 502 4273 riali
551 4211 888 4276 secundum
936 4211 1407 4293 requisicionem
1453 4230 1647 4289 suam,
1697 4212 1978 4293 quamvis
2026 4209 2295 4275 similem
2342 4210 2610 4293 gratiam
2659 4208 2970 4291 aliquibus
3017 4210 3093 4273 de

374 4297 596 4362 mundo
637 4316 953 4379 nunqnam
999 4299 1497 4363 consueverimus
1543 4298 1759 4374 facere,
1810 4299 1918 4362 sed
1964 4299 2173 4381 pocius
2225 4297 2660 4361 contradicere
2710 4296 2817 4374 51,
2865 4296 2941 4360 (10
2974 4315 3093 4360 000

379 4383 473 4461 11,
518 4403 636 4450 non
684 4385 907 4449 3100011
961 4385 1058 4450 12.

577 4470 810 4555 Capta:
858 4472 935 4536 ad
974 4492 1161 4536 unum
1211 4472 1553 4555 capitulum
1620 4472 1971 4551 continenS,
2020 4473 2176 4554 quod
2233 4471 2286 4535 si
2331 4472 2604 4554 placeret
2645 4470 2841 4551 nobis,
2890 4471 3095 4535 liben-

371 4558 467 4622 ter
512 4558 930 4642 interponeret
974 4562 1181 4642 partes
1229 4579 1370 4624 suas
1430 4560 1506 4624 ad
1570 4559 1965 4624 tractandum
1991 4608 2008 4638 ,
2072 4558 2231 4641 quod
2286 4559 2450 4623 inter
2506 4557 2821 4623 dominum
2886 4578 3095 4642 regem

370 4645 687 4729 Hungarie
735 4648 801 4711 et
846 4648 1123 4711 nostrum
1187 4646 1402 4712 ducale
1464 4646 1804 4711 dominium
1868 4646 2236 4710 reformetur
2279 4664 2398 4728 pax
2455 4647 2519 4710 et
2570 4646 2894 4711 concordia
2949 4665 3091 4710 cnm

371 4731 592 4797 honore
638 4738 868 4805 nostro,
909 4734 1369 4816 respondeatur,
1418 4735 1576 4816 quod
1625 4734 1746 4798 toti
1802 4733 2030 4797 mundo
2075 4735 2139 4796 et
2186 4751 2293 4796 sue
2357 4732 2672 4797 maiestati
2713 4736 2918 4816 potest
2963 4749 3095 4796 esse
