3620 5282
436 368 561 433 124

433 545 601 607 mino
643 548 774 630 regi
823 548 918 612 vel
967 550 1097 613 eius
1147 549 1413 613 subditis
1461 547 1780 613 introitum
1828 549 1892 612 et
1936 549 2171 613 exitum
2244 549 2550 613 dictarum
2616 548 2951 612 buccarum
3023 567 3161 613 cum

438 632 899 718 quibuscunque
947 636 1229 719 navigiis,
1295 636 1477 701 rebus
1520 632 1584 700 e't
1628 636 1974 711 mercibus;
2045 655 2114 701 ac
2160 636 2349 702 etiam
2415 636 2648 700 diceret
2707 636 2837 717 ipse
2900 637 3165 701 serenis-

430 722 624 784 simus
682 742 817 800 rex‚
882 726 1042 806 qnod
1105 725 1182 788 ad
1245 724 1681 806 apperiendum
1746 725 1945 789 dictas
2010 724 2228 789 buccas
2294 728 2358 788 et
2419 724 2611 789 libere
2671 724 3159 805 permittendum

432 807 633 889 ipsum
682 811 1000 876 dominum
1051 831 1259 894 regem
1307 816 1370 876 et
1416 831 1557 877 suos
1604 813 1883 876 subditos
1929 812 2130 877 dictas
2179 814 2401 877 buccas
2449 814 2513 876 et
2558 812 2904 894 quamlibet
2949 830 3158 876 earum

432 896 682 974 intrare,
758 901 941 975 exire,
1013 899 1285 964 imittere
1355 906 1418 963 et
1487 902 1830 978 extrahere,
1907 904 2042 963 erat
2098 904 2162 964 et
2222 901 2318 981 est
2379 918 2702 963 commune
2754 899 3157 964 veneciarum

429 982 632 1046 eidem
682 1005 965 1069 expresse
1011 991 1076 1052 et
1124 987 1476 1070 specialiter
1522 988 1870 1070 obligatum
1921 987 2131 1071 vigore
2178 987 2345 1070 pacis
2393 988 2549 1051 alias
2597 986 2759 1051 facte
2807 989 2871 1051 et
2919 987 3160 1052 firmate

432 1071 591 1134 inter
637 1071 837 1138 dictas
887 1080 1113 1157 parteS,
1162 1077 1235 1139 de
1280 1095 1401 1157 qua
1452 1080 1712 1158 apparet
1757 1075 2003 1158 publice
2055 1075 2232 1139 litere
2267 1076 2538 1157 ipsorum
2571 1076 2964 1139 dominorum
2997 1075 3161 1158 regis

431 1160 495 1221 et
544 1158 716 1224 ducis
763 1164 908 1227 date
958 1163 1126 1246 regie
1175 1164 1461 1228 videlicet
1515 1164 1705 1229 Jadre
1771 1163 2105 1228 millesimo
2162 1164 2593 1227 trecentesimo
2654 1164 3162 1245 quinquagesimo

428 1248 667 1323 octav0,
719 1250 816 1315 die
863 1251 1321 1316 octavodecimo
1358 1252 1670 1328 februarii,
1718 1255 1780 1315 et
1827 1251 2004 1315 ducis
2050 1251 2148 1314 die
2214 1251 2516 1334 vigesima
2565 1250 2783 1332 quinta.
2842 1250 3158 1326 februarii,

429 1352 498 1397 ac
546 1335 732 1400 etiam
785 1339 995 1421 vigore
1032 1338 1184 1404 iuris
1231 1340 1594 1417 communia,
1643 1343 1706 1403 et
1755 1339 1968 1403 multis
2016 1339 2154 1403 aliis
2186 1340 2534 1404 racionibus
2580 1341 2645 1402 et
2689 1357 2760 1403 ex
2801 1338 3025 1403 causis.
3071 1338 3158 1402 Ex

430 1421 707 1500 adverso,
759 1427 1061 1506 prefatum
1109 1446 1435 1491 commune
1484 1427 1882 1491 Venetiarum
1933 1427 2182 1502 diceret,
2231 1426 2428 1491 dictas
2479 1427 2702 1490 buccas
2748 1427 2825 1489 ad
2873 1445 2939 1490 se
2983 1427 3161 1507 pleno

435 1511 561 1573 inre
613 1517 912 1593 spectare,
963 1514 1208 1597 sibique
1256 1515 1538 1598 legitime
1580 1517 1927 1595 competere
1978 1516 2073 1578 ius
2121 1513 2483 1596 prohibendi
2549 1518 2611 1576 et
2657 1514 2899 1578 vetand·
2964 1513 3159 1578 dictas

432 1599 655 1661 buccas
697 1602 761 1663 et
806 1621 1122 1667 accessum
1173 1602 1248 1666 ad
1296 1621 1417 1679 eas,
1482 1603 1542 1666 in
1593 1602 1682 1667 eis
1721 1606 1785 1665 et
1834 1621 1940 1684 per
1999 1621 2102 1666 eas
2163 1604 2228 1666 et
2281 1621 2495 1666 versus
2557 1620 2805 1674 earum:
2876 1604 2937 1665 et
3004 1603 3159 1684 quod

431 1687 546 1768 ipsi
597 1688 993 1754 serenissimo
1057 1690 1305 1754 domino
1352 1691 1482 1773 regi
1545 1710 1659 1755 nec
1724 1690 1855 1753 eius
1918 1688 2185 1754 subditis
2240 1690 2471 1755 licebat
2539 1693 2750 1753 contra
2797 1689 2945 1753 dicti
2994 1707 3161 1752 com·

431 1774 634 1837 munis
684 1776 1094 1843 Veneciarum
1142 1776 1525 1843 voluntatem
1575 1780 1653 1842 ad
1699 1777 1898 1842 dictas
1946 1779 2168 1842 buccas
2217 1776 2507 1842 accedere
2557 1776 2650 1842 vel
2712 1776 3002 1859 navigare
3062 1775 3159 1841 vel

431 1863 490 1925 in
540 1863 630 1925 eis
677 1865 1009 1949 quidquam
1060 1866 1332 1930 imittere
1377 1867 1475 1931 vel
1523 1867 1595 1929 de
1645 1866 1732 1929 eis
1779 1864 2095 1930 extrahere
2143 1868 2357 1929 contra
2407 1865 2600 1947 ipsius
2646 1865 2989 1929 communis
3057 1883 3159 1928 vo·

431 1950 771 2026 luntatem;
821 1971 894 2017 ac
940 1955 1195 2037 negaret
1239 1954 1475 2018 dictum
1525 1972 1848 2018 commune
1896 1954 2104 2036 vigore
2152 1954 2314 2017 dicte
2359 1952 2528 2035 pacis
2590 1952 2829 2034 prefato
2898 1953 3158 2016 serenis-

434 2038 591 2101 simo
641 2040 792 2121 regi,
843 2042 936 2105 vel
988 2042 1118 2106 suis
1165 2042 1432 2107 subditis
1484 2043 1558 2106 ad
1607 2041 1882 2123 predicta
1944 2061 2009 2104 se
2072 2041 2195 2106 fore
2256 2041 2613 2122 aliqualiter
2668 2040 3034 2124 obligatum,
3097 2042 3162 2103 et

429 2125 602 2189 dicto
651 2126 898 2191 domino
947 2130 1077 2213 regi
1127 2128 1222 2193 vel
1269 2129 1536 2194 subditis
1584 2130 1712 2193 suis
1749 2148 1858 2193 seu
1906 2129 2090 2193 alicui
2137 2128 2244 2192 alii
2293 2130 2354 2192 in
2402 2128 2586 2193 dictis
2635 2128 2845 2191 buccis
2892 2128 2987 2191 ius
3043 2127 3159 2191 ali-

431 2214 590 2296 quod
640 2218 988 2297 competere
1037 2219 1252 2300 quovis
1302 2220 1481 2282 modo
1530 2236 1637 2281 seu
1685 2217 2005 2282 occasione
2066 2216 2341 2298 qualibet
2402 2218 2533 2280 sive
2593 2234 2797 2280 causa.
2859 2215 3159 2279 Finaliter

429 2301 599 2365 dicte
650 2307 861 2385 partes
909 2305 1023 2370 suh
1072 2308 1343 2370 tractatu
1390 2306 1613 2388 prefati
1667 2306 1933 2370 illustris
1980 2303 2212 2368 domini
2261 2304 2522 2369 Amedei
2570 2304 2815 2368 comitis
2857 2302 3161 2367 Sabaudie

427 2393 491 2452 et
539 2390 615 2453 ad
665 2391 1120 2475 infrascriptam
1172 2395 1673 2470 transactionem,
1724 2391 2227 2474 compositionem
2281 2394 2341 2456 et
2384 2394 2563 2472 pacta
2596 2390 3001 2474 solempnitus
3046 2389 3173 2454 sti-

429 2476 845 2559 pulationibus
894 2480 1038 2545 hinc
1086 2480 1226 2545 inde
1272 2480 1827 2546 intervenientibus
1874 2480 2285 2563 pervenerunt
2351 2480 2412 2544 in
2476 2479 2674 2543 forma
2740 2478 3155 2560 infrascripta,

429 2564 737 2644 videlicet,
788 2569 946 2650 quod
990 2585 1098 2651 pro
1148 2569 1315 2632 omni
1364 2569 1495 2633 iure
1543 2569 1657 2651 ipsi
1707 2568 1954 2633 domiuo
2000 2568 2128 2652 regi
2167 2568 2231 2630 et
2261 2568 2392 2631 eius
2432 2566 2860 2631 succesoribus
2907 2570 2971 2629 et
3014 2566 3159 2631 sub-

427 2653 580 2716 ditis
627 2657 1171 2739 quomodocunque
1219 2659 1283 2721 et
1327 2657 1836 2740 qualitercunque
1906 2657 2275 2739 competenti
2344 2655 2672 2738 navigandi
2734 2675 2843 2737 per
2898 2655 3153 2731 culfum,

429 2740 638 2806 silicet
680 2742 841 2808 intra
888 2744 1084 2808 dictos
1130 2746 1419 2821 confineS,
1465 2744 1753 2808 videlicet
1803 2764 1840 2808 a
1888 2745 2310 2808 Pulmentorio
2366 2747 2428 2806 et
2488 2743 2565 2814 ab
2612 2741 2893 2807 Arimino
2956 2742 3157 2806 exclu-

429 2831 556 2894 sive
598 2849 812 2896 versus
865 2832 1177 2911 VeneciaS,
1242 2834 1307 2897 et
1351 2833 1426 2897 ad
1474 2831 1672 2897 dictas
1722 2833 1942 2899 buccas
1989 2833 2053 2896 et
2097 2831 2159 2895 in
2207 2832 2317 2904 eis,
2376 2835 2439 2896 et
2486 2830 2794 2895 imittendi
2834 2848 3158 2913 quascum-

429 2937 544 3000 que
595 2936 692 2981 res
740 2919 803 2984 et
849 2939 1103 2996 merces,
1154 2922 1218 2985 et
1262 2920 1402 2984 inde
1447 2919 1804 2984 extrahendi
1855 2926 1917 2984 et
1958 2920 2336 3002 exportandi,
2383 2921 2446 2983 et
2492 2938 2598 3000 pro
2645 2936 3004 3000 quocunque
3066 2917 3155 2981 in-

431 3009 661 3078 teresse
709 3007 904 3089 ipsius
951 3008 1186 3073 domini
1234 3009 1397 3091 regis
1445 3012 1509 3072 et
1557 3008 1941 3072 subditorum
1992 3025 2242 3071 suorum
2288 3026 2395 3090 pro
2443 3025 2512 3071 eo
2560 3005 2717 3088 quod
2765 3025 2874 3088 per
2920 3005 3153 3068 dictum

430 3112 755 3159 commune
810 3095 1215 3160 Veneciarum
1290 3095 1730 3179 prohibeantur
1779 3097 1870 3159 uti
1933 3095 2113 3159 dictis
2163 3095 2391 3173 buccis,
2460 3098 2522 3159 et
2588 3110 2697 3175 pro
2769 3094 2932 3157 omni
3006 3093 3156 3166 iure,

431 3181 745 3263 petitione,
796 3184 1036 3249 actione
1082 3186 1147 3247 et
1189 3185 1605 3267 requisitione,
1653 3204 1768 3267 qne
1818 3183 1879 3246 in
1928 3184 2015 3247 eis
2065 3182 2274 3247 buccis
2323 3183 2421 3246 vel
2469 3200 2576 3264 pro
2624 3182 2713 3245 eis
2782 3181 2878 3244 vel
2943 3198 3151 3244 earum

428 3270 743 3333 occasione
791 3274 1212 3354 competerent
1250 3273 1410 3336 dicto
1479 3271 1725 3334 domino
1797 3272 1944 3352 regi,
2026 3270 2483 3334 successoribus
2545 3270 2608 3332 et
2677 3267 2941 3333 subditis
3012 3266 3158 3339 suia,

428 3356 969 3440 quomodocunque
1017 3360 1082 3423 et
1126 3359 1656 3442 qualitercunque,
1705 3363 1768 3423 et
1814 3359 2133 3422 occasione
2180 3358 2461 3439 qualibet
2503 3357 2631 3420 sive
2677 3375 2893 3430 causa3
2964 3360 3027 3418 et
3089 3358 3156 3418 ut

428 3444 546 3525 ipsi
590 3445 834 3509 domiuo
882 3448 1011 3529 regi
1056 3451 1118 3510 et
1165 3448 1295 3511 eius
1343 3448 1796 3511 successoribus
1851 3450 1913 3510 et
1971 3446 2235 3510 subditis
2298 3446 2358 3509 in
2426 3444 2611 3509 dictis
2676 3443 2884 3508 buccis
2950 3462 3161 3525 perpe-

428 3536 604 3595 tuum
653 3532 973 3597 silencium
1025 3536 1395 3616 imponatur,
1447 3535 1534 3599 sic
1581 3538 1644 3598 et
1691 3533 1923 3608 taliter,
1972 3533 2130 3617 quod
2183 3534 2345 3597 intra
2407 3534 2601 3597 dictos
2663 3533 2921 3606 limitos,
2991 3530 3159 3594 vide-

429 3619 577 3682 licet
623 3638 659 3682 a
706 3620 1129 3686 Pulmentorio
1177 3628 1242 3687 et
1285 3624 1362 3686 ab
1410 3621 1691 3685 Arimino
1741 3621 2045 3685 exclusive
2093 3640 2306 3686 versus
2357 3621 2657 3684 venecias
2690 3619 2986 3700 navigare
3017 3636 3159 3681 cum

432 3707 740 3771 mercibus
806 3728 910 3772 seu
981 3710 1120 3774 aliis
1168 3712 1635 3792 quibuscunque
1708 3709 2077 3774 victualibus
2144 3708 2272 3772 sive
2344 3711 2546 3784 rebus,
2613 3707 2880 3790 exceptis
2946 3708 3155 3770 tamen

435 3794 575 3870 hiis,
623 3815 741 3877 que
789 3815 897 3878 pro
947 3799 1111 3862 victu
1161 3801 1223 3860 et
1270 3798 1497 3861 vestitu
1545 3798 1821 3879 ipsorum
1864 3796 2323 3880 quomodolibet
2370 3797 2741 3877 expedirent,
2799 3794 2920 3857 alio
2970 3811 3152 3876 quam

440 3882 736 3948 Venecias
783 3903 897 3947 non
947 3886 1191 3950 valeant
1239 3905 1349 3951 nec
1394 3885 1652 3966 possint,
1727 3886 1858 3949 sine
1907 3885 2215 3948 mercibus
2264 3886 2470 3948 autem
2533 3883 2722 3947 etiam
2786 3881 3156 3946 victualibus

433 3973 498 4034 et
543 3972 727 4035 rebus
772 3973 1084 4052 predictiS,
1136 3992 1275 4037 cum
1325 3973 1444 4036 hiis
1493 3976 1698 4036 tamen
1747 3992 1863 4056 que
1896 3991 2004 4053 pro
2045 3974 2207 4036 victu
2256 3973 2320 4034 et
2358 3973 2589 4036 vestitu
2635 3972 2907 4053 ipsorum
2980 3988 3158 4050 expe-

431 4060 654 4133 dirent,
704 4063 772 4123 ut
819 4080 1002 4141 supra
1051 4062 1211 4124 intra
1260 4061 1454 4125 dictos
1502 4061 1733 4124 limites
1782 4061 2072 4141 navigare
2104 4059 2353 4123 valeant
2384 4065 2565 4141 atque
2598 4061 2857 4141 possint.
2906 4057 3158 4121 Dictum

429 4165 752 4210 commune
800 4147 1199 4212 venetiarum
1270 4148 1414 4212 dare
1487 4152 1550 4211 et
1618 4149 1856 4213 solvere
1922 4149 2142 4212 debeat
2210 4147 2373 4211 dicto
2436 4149 2681 4211 domino
2745 4144 2875 4227 regi
2920 4147 2986 4208 et
3032 4145 3161 4206 eius

430 4235 889 4299 successoribus
937 4237 998 4300 in
1052 4255 1233 4317 regno
1282 4237 1346 4300 et
1413 4253 1634 4300 corona
1692 4239 1755 4300 et
1819 4237 1933 4316 ipsi
1992 4255 2210 4300 corone
2270 4234 2716 4316 representanti
2781 4250 3037 4315 regnum
3100 4235 3163 4294 et

434 4321 887 4401 presidentibus
937 4343 1041 4403 pro
1089 4325 1222 4406 ipsa
1279 4342 1498 4389 corona
1561 4324 2015 4406 imperpetuum
2077 4322 2394 4386 annuatim
2462 4322 2820 4386 ducatorum
2895 4322 3166 4403 septem-

431 4410 602 4472 milia
650 4412 790 4474 boni
838 4411 975 4474 auri
1027 4414 1090 4475 et
1136 4412 1195 4475 in
1244 4429 1393 4476 auro
1442 4414 1505 4476 et
1552 4411 1690 4476 boni
1735 4415 1797 4475 et
1845 4411 1989 4474 iusti
2040 4411 2338 4490 ponderis,
2390 4410 2677 4474 solvenda
2724 4408 2886 4473 dicto
2918 4408 3164 4472 domino

431 4497 559 4578 regi
617 4498 678 4559 et
723 4498 854 4560 eius
905 4500 1358 4564 successoribus
1405 4501 1468 4562 et
1514 4519 1729 4564 corone
1777 4503 1841 4564 et
1887 4498 2343 4581 presidentibus
2389 4498 2684 4579 predictis
2754 4496 2851 4561 vel
2911 4496 3167 4559 thesau-

431 4584 611 4647 rariis
661 4584 935 4664 ipsorum
982 4589 1044 4649 et
1086 4587 1345 4652 cuilibet
1391 4587 1496 4651 alii
1547 4586 1796 4652 habenti
1846 4589 2145 4670 ydoneam
2192 4588 2561 4668 potestatem
2613 4583 2944 4665 recipiendi
3002 4582 3168 4648 solu·

433 4671 664 4735 tionem
716 4673 1131 4753 predictorum
1176 4678 1411 4756 septem
1462 4675 1707 4738 milium
1755 4675 2139 4759 ducatorum,
2188 4677 2250 4738 et
2295 4674 2370 4737 de
2428 4675 2565 4754 ipsa
2628 4672 2929 4737 solutione
2996 4671 3167 4752 quie-

433 4757 753 4836 tationem‚
805 4759 1253 4824 absolutionem
1304 4765 1367 4825 et
1414 4762 1843 4826 liberationem
1893 4762 2167 4827 debitam
2223 4761 2485 4826 faciendi
2535 4780 2638 4843 per
2704 4761 3170 4844 procuratorem
