3620 5282
290 90 1553 241 *ww*-

640 354 773 422 452

3097 186 3126 253 ,χ

646 534 788 634 inde
834 528 1127 631 confectis
1164 529 1228 594 et
1270 524 1501 631 litter-ib
1526 539 1900 607 ‘autenticis
1932 537 2211 622 ejusdem
2255 540 2697 624 archiepiscopi
2744 542 2951 625 sigillo
2983 544 3239 609 munitis
3268 543 3349 610 di-

651 623 815 687 citur
863 620 1105 704 plemus
1151 620 1475 684 contlnerl·
1522 615 1694 683 Cum*
1736 631 1973 716 sautem,
2026 629 2187 693 sicut
2232 630 2445 696 eadem
2496 629 2715 713 petitio
2758 631 3193 716 subjungebat,
3222 634 3350 699 licet

648 728 757 794 per
800 710 1148 791 episcopum
1196 705 1652 772 Sibenicensem
1701 725 1829 788 prv-
1877 717 2154 805 tempore
2215 717 2582 783 existentem
2644 719 2856 798 saline,
2923 720 3093 799 ville,
3155 722 3347 799 insule,

650 796 969 862 territoria
1014 796 1080 861 et
1115 796 1240 861 alia
1279 794 1633 878 supradicta
1675 795 1943 876 excepta
1985 803 2146 871 mina
2210 805 2275 869 in
2321 806 2694 891 Bossiglina„
2742 826 2927 891 quam
2977 807 3237 874 dilectus
3284 809 3345 874 fi.

649 884 770 951 lius
815 884 1199 968 primicerius
1248 882 1507 949 ecclesie
1576 879 1997 947 Sibenicensis
2039 883 2231 973 tean
2272 896 2335 959 ρι’,
2383 895 2655 977 possidet
2721 913 2759 961 a
2803 900 3083 978 tempore
3128 896 3346 961 donati.

646 974 778 1038 onis
819 975 884 1038 et
927 972 1335 1039 concessionis
1381 970 1761 1054 prefatarum
1803 988 1995 1053 usque
2039 969 2105 1033 in
2148 970 2529 1047 houliernum
2597 982 2765 1049 diem
2810 983 3065 1051 fuerunt
3107 986 3169 1050 et
3236 986 3343 1050 sint

640 1079 939 1144 possessa,
973 1063 1223 1143 ipseque
1257 1059 1575 1142 episcopus
1606 1057 1864 1137 fructuS,
1914 1057 2187 1123 redditus
2233 1058 2296 1121 et
2339 1072 2694 1141 proventus
2741 1072 3092 1157 perceperit
3133 1074 3195 1138 et
3221 1094 3339 1157 per.

645 1150 836 1234 cipiat
881 1150 954 1215 de
1001 1147 1303 1231 presenti3
1353 1150 1563 1212 tamen
1606 1145 1830 1230 prefati
1875 1164 2199 1211 commune
2244 1147 2307 1211 et
2352 1146 2652 1231 heumines
2699 1180 2772 1225 01
2816 1179 2889 1226 ρο
2923 1161 3225 1241 dubitant,
3282 1181 3338 1227 50

640 1256 819 1322 posse
867 1256 1048 1322 super
1093 1234 1413 1319 premissis
1460 1254 1564 1318 per
1609 1234 1960 1318 episcopum
2005 1235 2350 1318 predictum
2396 1235 2462 1300 in
2507 1242 2855 1318 ‘2003oeer
2921 1248 3223 1334 inquetari
3279 1253 3334 1314 et

639 1325 974 1404 molestari,
1021 1325 1343 1407 ipsumque
1415 1324 1765 1406 episcopum
1836 1322 2114 1388 futurum
2184 1321 2433 1403 salinas,
2507 1324 2728 1416 viulas,
2798 1339 3045 1404 insulas
3112 1339 3173 1403 et
3233 1337 3335 1403 alja

638 1415 938 1499 predicta,
985 1431 1102 1496 que
1145 1411 1566 1478 huiuscemodi
1611 1412 1878 1477 decimas
1922 1410 2000 1475 ab
2046 1410 2198 1494 ipsis
2258 1430 2580 1478 commune
2613 1424 2709 1507 &pt
2751 1426 3112 1492 hominibus
3155 1430 3333 1510 petere

642 1503 707 1567 et
752 1502 995 1586 exigere
1039 1518 1219 1584 posse
1265 1502 1327 1565 et
1371 1498 1545 1579 velle,
1592 1501 1751 1582 quod
1798 1498 2027 1566 dudum
2098 1500 2264 1565 certe
2332 1502 2548 1584 gentes
2610 1518 2940 1579 anmorum
3001 1516 3067 1580 in
3127 1514 3327 1579 dictam

639 1590 954 1656 civitatem
1003 1588 1295 1655 violentia
1353 1587 1685 1664 intrarunt,
1752 1586 1818 1654 et
1876 1589 2038 1652 inter
2082 1590 2290 1654 cetera
2354 1592 2483 1653 tam
2542 1587 2805 1667 littei-:23
2867 1603 3328 1669 confirmationis

641 1678 952 1762 predictas
997 1696 1178 1762 quam
1226 1677 1634 1742 instrumenta
1679 1675 2005 1761 originalia
2050 1675 2215 1741 inter
2261 1677 2588 1760 episcopan
2634 1679 2701 1742 et
2719 1683 3080 1757 &commune
3114 1710 3183 1756 ηρ
3237 1692 3331 1754 ho-

641 1767 842 1832 mines
887 1785 1072 1850 super
1121 1764 1475 1849 hujusmodi
1521 1766 1862 1830 comordias
1904 1764 2122 1829 habita
2164 1762 2441 1830 totaliter
2473 1764 2768 1831 concrem'
2893 1782 2996 1855 nt3
3046 1799 3150 1863 pro
3175 1784 3325 1863 parte
3497 1842 3498 1845 Ἴ

640 1855 946 1921 dictorum
996 1852 1339 1919 communis
1387 1854 1451 1918 et
1494 1852 1814 1918 hominum
1862 1850 2038 1918 nobis
2112 1851 2299 1918 fuerit
2369 1852 2692 1919 humiliter
2752 1874 2782 1919 s
2889 1868 3204 1952 plicatum,
3263 1868 3321 1932 ut

641 1942 996 2027 hujusmodi
1042 1941 1395 2008 concordias
1440 1944 1503 2007 et
1533 1941 1659 2007 alia
1696 1941 1860 2007 facta
1904 1939 2058 2006 inter
2108 1959 2209 2006 eos
2254 1928 2472 2007 habita
2494 1947 2559 2007 et
2588 1940 2939 2022 observata
2975 1954 3322 2032 confirmare,

645 2034 710 2097 et
753 2029 1047 2097 alias-eis
1092 2031 1153 2094 in
1200 2029 1520 2113 premissis
1567 2030 1640 2093 de
1699 2029 2043 2112 opportuno
2102 2030 2373 2095 remedio
2434 2028 2751 2113 providere
2819 2032 2914 2108 de3
2973 2045 3320 2128 benignitate

639 2117 1203 2274 mimi?
1232 2116 1958 2271 {iiissitffssvt'ssiissifflit
1969 2120 2218 2271 &1333
2250 2119 2538 2273 2333?
2570 2117 3083 2286 ssss'stnffbe'm
3130 2151 3195 2197 ⁸⁰
3235 2149 3321 2196 '⁰’

640 2297 751 2362 deo
798 2313 1127 2379 possumus
1173 2293 1502 2360 salubriter
1547 2252 1814 2374 obviare,
1840 2224 2211 2361 qhuiusmodi
2257 2225 2815 2379 supplicazionibus
2845 2224 3163 2389 ἓιυὲῗιῃῑξὲἔ
3204 2239 3319 2373 (ἒξ
3500 2259 3503 2365 l

640 2382 957 2450 ternitatis
1002 2386 1107 2448 tue
1152 2401 1260 2465 per
1326 2380 1664 2465 apostolica
1710 2384 1945 2466 scripta
1986 2380 2439 2449 committimus
2484 2384 2549 2449 et
2592 2385 3012 2461 mandamus*
3044 2400 3310 2481 qnatenus

639 2470 715 2537 de
761 2473 1083 2556 premissis
1130 2474 1196 2536 et
1238 2489 1448 2536 eorum
1495 2469 1984 2537 circumstantiis
2030 2472 2330 2538 universis
2375 2473 2439 2537 te
2484 2471 2816 2555 diligenter
2884 2472 3204 2565 inim-mes,
3261 2487 3316 2548 et

636 2561 695 2626 ei
741 2580 851 2646 per
891 2558 1392 2625 informationem
1434 2558 1788 2644 huJusmodi
1833 2560 1924 2624 ita
1967 2576 2103 2624 esse
2149 2559 2491 2643 reperieris,
2548 2560 2969 2641 donationem,
3079 2573 3311 2640 oncessi-

639 2666 817 2715 onem
871 2667 983 2715 nec
1028 2667 1146 2714 non
1191 2650 1372 2731 pacta
1416 2649 1480 2713 et
1522 2647 1958 2715 conventiones
2002 2643 2166 2713 inter
2211 2650 2584 2732 episcopum,
2648 2661 2984 2716 commune
3072 2666 3100 2728 t
3139 2662 3308 2727 homi-
3503 2626 3504 2718 ἶ

637 2756 747 2803 nes
788 2738 1099 2821 predictos
1141 2737 1372 2814 habita,
1421 2738 1494 2801 ut
1537 2736 1657 2820 ipsi
1707 2755 2029 2803 commune
2075 2744 2140 2802 et
2184 2737 2461 2802 homines
2505 2741 2811 2815 asserunt,
2858 2755 3021 2823 usqu
3127 2754 3183 2816 in
3223 2751 3312 2814 110-
3503 2729 3504 2786 ἱ

638 2827 921 2893 dier-num
970 2825 1135 2890 diem
1176 2825 1515 2903 observata,
1563 2827 1631 2891 et
1670 2825 1797 2890 alia
1839 2823 1902 2890 in
1948 2824 2130 2889 dictis
2175 2825 2408 2890 litteris
2454 2827 2519 2890 et
2562 2825 2999 2892 instrumentis
3028 2833 3304 2926 Quanta,

637 2931 897 2999 quorum
933 2916 1209 2979 tenorem
1258 2916 1332 2978 de
1376 2915 1562 2979 verbo
1601 2911 1678 2978 sd
1716 2913 1971 2978 verbum
2019 2913 2230 2979 haberi
2276 2915 2581 2992 volumus,
2649 2916 3040 2997 presentibus
3133 2945 3191 2993 ro
3222 2944 3306 2991 ΘΧ.

637 3002 866 3086 pressis
912 3002 1249 3068 autoritate
1292 3000 1631 3084 apostolica
1672 3001 2036 3067 confirmare
2077 3003 2146 3066 et
2187 3004 2528 3086 approbare
2569 3020 2898 3085 procures;
2949 3003 3019 3067 ill
3147 3034 3177 3081 θ
3233 3013 3308 3078 ἢ.

639 3092 767 3156 cias
810 3091 1128 3174 perpetuis
1176 3090 1401 3155 futuris
1446 3090 1827 3173 temporibus
1871 3089 2315 3156 inviolabiliter
2343 3090 2676 3169 observari,
2703 3092 3190 3184 contradictoises
3218 3119 3306 3186 per
3451 3109 3482 3222 k

634 3195 954 3244 censuram
978 3178 1461 3244 ecclesiasticam
1499 3175 1909 3262 appellatione
1948 3180 2294 3263 postposita
2327 3179 2758 3262 conpescendo,
2799 3197 2923 3245 non
2943 3180 3306 3262 obstantibus

637 3267 690 3331 si
722 3267 1034 3350 aliquibus
1065 3268 1439 3351 conjunctim
1471 3269 1569 3333 vel
1600 3265 1850 3332 divisim
1883 3285 1920 3332 a
1950 3269 2091 3332 sede
2120 3268 2453 3351 apostolica
2483 3267 2571 3332 sit
2598 3267 2932 3350 indultum,
2958 3270 3113 3352 quod
3132 3267 3307 3346 fimf.

637 3354 780 3436 dici,
825 3354 1113 3438 suspendi
1159 3355 1259 3422 vel
1302 3354 1749 3421 excomunicari
1823 3373 1942 3420 uon
2010 3357 2250 3439 possint
2307 3375 2415 3439 per
2474 3355 2716 3422 litteras
2773 3331 3151 3450 apostolicas
3208 3383 3307 3430 non

639 3441 934 3508 facientes
979 3442 1219 3526 plenam
1270 3446 1336 3509 et
1380 3455 1726 3528 expressam
1772 3443 1850 3508 de
1895 3444 2079 3510 verbo
2123 3443 2201 3509 ad
2246 3445 2500 3510 verbum
2546 3444 2624 3509 de
2692 3445 3044 3530 huiusmodi
3096 3445 3312 3521 indulto

638 3533 1030 3598 mentionem.
1076 3531 1311 3597 Datum
1356 3532 1551 3597 Rome
1596 3532 1755 3614 apud
1799 3533 2081 3597 sanctum
2130 3533 2381 3598 Petrum
2427 3531 2722 3598 kalendas
2768 3534 2981 3599 martii
3045 3530 3309 3619 OCQGII,

636 3619 1025 3703 pontificatus
1066 3620 1264 3685 nostri
1308 3638 1464 3685 anno
1495 3621 1670 3685 XIII.

844 3725 974 3792 Nos
1018 3726 1210 3810 igitur
1254 3726 1635 3811 Grisogonus
1680 3728 1997 3811 episcopus
2058 3727 2121 3792 et
2163 3724 2346 3793 iudex
2391 3725 2760 3809 antedictus,
2821 3728 3091 3794 volentes
3153 3743 3312 3801 mm.

636 3814 849 3881 datum
897 3815 1304 3897 apostolicum
1375 3814 1729 3899 hujusmodi
1804 3815 1980 3882 nobis
2033 3816 2097 3881 in
2166 3813 2283 3882 hac
2356 3818 2532 3898 parte
2607 3818 2920 3882 decretum
2984 3815 3312 3889 reverentffl·

638 3903 872 3986 exequi,
915 3913 983 3968 ut
1026 3905 1308 3968 tenemur
1342 3904 1520 3986 juxta
1556 3904 1750 3986 ipsius
1793 3903 2002 3969 littere
2048 3903 2380 3986 apostolice
2411 3903 2867 3971 continentiam
2926 3905 2989 3968 et
3030 3908 3313 3990 tenorem,

638 3997 708 4058 ut
749 4010 849 4057 res
895 3993 960 4056 et
1003 3990 1316 4076 negotium
1358 3991 1437 4055 ad
1484 3991 1768 4057 effectum
1816 3992 2037 4058 melius
2084 3990 2579 4075 producerentur,
2613 3995 2679 4058 et
2710 3994 2927 4058 melius
2957 4009 3028 4055 ac
3057 3989 3317 4068 lucidius

641 4080 866 4145 veritas
913 4080 1166 4162 reperiri
1214 4081 1439 4163 posset,
1465 4097 1583 4145 non
1620 4082 1938 4162 parcentes
1974 4077 2288 4146 laboribus
2333 4100 2405 4145 ac
2437 4080 2782 4159 sudoribus,
2816 4079 3205 4163 personaliter
3238 4076 3311 4140 ad

642 4167 960 4233 civitatem
1004 4167 1271 4234 Sibenici
1320 4168 1564 4246 ivimuS‚
1626 4168 1730 4233 ubi
1790 4185 1975 4251 super
2032 4167 2386 4233 huiusmodi
2448 4173 2512 4233 et
2568 4168 2830 4254 singulis
2893 4166 3189 4233 contentis
3251 4149 3370 4225 ini
3411 4217 3428 4240 ,

640 4257 776 4339 ipsa
819 4256 1031 4321 littera
1071 4255 1407 4338 apostolica
1453 4257 1518 4320 et
1560 4256 1898 4321 secundum
1941 4256 2137 4340 ipsius
2167 4259 2444 4322 tenorem
2504 4257 3025 4340 investigavimus,
3080 4250 3315 4337 perqui-
3379 4241 3420 4322 F

641 4345 901 4411 sivimus
950 4346 1014 4409 et
1057 4343 1488 4428 indagavimus
1531 4343 1882 4427 diligenter,
1929 4351 1994 4410 et
2051 4346 2536 4411 examinavimus
2599 4345 2975 4412 consentiose
3022 4345 3084 4406 et
3127 4340 3311 4406 subti·
3373 4357 3456 4428 vf-

636 4432 781 4497 liter
826 4452 898 4518 ac
943 4432 1208 4515 perfecte
1252 4450 1393 4497 cum
1442 4436 1848 4511 sacramento,
1894 4434 1966 4498 ut
2010 4433 2234 4514 decuit,
2281 4452 2466 4516 quam
2506 4433 2711 4517 plures
2742 4436 2806 4498 et
2834 4430 3100 4498 infinitos
3132 4428 3308 4494 testes
3395 4435 3410 4468 '-

635 4522 761 4584 tam
810 4520 1128 4602 religiosos
1174 4538 1357 4603 quam
1406 4521 1731 4601 seculareS,
1793 4520 2029 4586 nobiles
2098 4525 2163 4587 et
2225 4520 2545 4606 ignobiles),
2613 4520 2850 4587 villicos
2914 4524 2977 4585 et
3034 4518 3305 4590 forenses
3407 4517 3432 4582 ἱ

634 4610 763 4672 tam
809 4607 1143 4673 Jadrenses
1178 4627 1360 4692 quam
1409 4607 1748 4684 Nouenses,
1800 4609 2269 4689 Scardonense8‚
2318 4609 2775 4695 Tragurienses,
2838 4607 3208 4692 Spalatenses
3249 4603 3310 4701 et
3421 4627 3448 4694 χ.

638 4710 760 4760 non
805 4695 1007 4759 nullos
1056 4695 1234 4759 allios
1279 4697 1606 4762 Dalmatas
1658 4700 1723 4763 et
1753 4694 2081 4765 Sclavonos
2125 4696 2469 4764 convicinos
2509 4697 2706 4781 ipsius
2751 4697 3018 4763 civitatis
3059 4691 3310 4759 Sibenici
3447 4777 3448 4780 Ἴ

634 4781 811 4849 nobis
858 4783 1170 4866 productis
1221 4802 1331 4867 per
1375 4784 1644 4866 prefatos
1682 4786 1752 4851 d.
1794 4786 2107 4869 comitem,
2179 4786 2520 4853 iudiceset
2583 4802 2903 4854 commune
2953 4783 3085 4869 jam
3155 4777 3307 4846 dicte

3219 4923 3236 5006 'a

3234 5049 3244 5104 t
