3620 5282
474 351 603 416 308

402 570 405 571 ν
474 525 818 590 sessionum
888 524 954 588 et
1021 523 1321 588 bonorum
1391 522 1805 604 predictorum
1829 570 1845 599 ,
1893 523 1957 586 et
1997 520 2344 605 predictum
2399 520 2815 603 Margaritum
2875 520 3209 585 restituant

472 610 540 677 in
587 610 970 697 possessione
1018 628 1262 689 eorum,
1307 609 1478 673 salvo
1540 610 1604 673 et
1664 610 1976 676 reservato
2036 607 2313 692 quolibet
2373 608 2508 673 iure
2572 607 2724 673 dicti
2776 607 3090 673 Francisci
3139 610 3203 672 et

432 736 435 741 ·
476 699 811 763 cuiuslibet
855 697 1113 763 alterius
1157 715 1431 779 persone.

562 789 743 848 Misti
794 787 1075 850 XXVII.
1126 790 1227 859 54,
1264 806 1307 848 u
1350 787 1692 848 mletackom
1737 787 1972 847 arkivu.

802 975 1201 1061 CCCCLI.
1282 977 1465 1060 God
1519 976 1746 1061 1356.
1805 978 1904 1058 16
1961 974 2317 1079 siecnja,
2371 1000 2432 1059 u
2484 976 2875 1058 Mletcih.

759 1091 924 1178 sabe
964 1119 1027 1163 se
1070 1102 1502 1177 zapozffedniku
1545 1104 1745 1176 vojske
1788 1122 1832 1163 u
1874 1104 2205 1177 Hrvatskoj
2251 1104 2442 1178 njegco
2488 1106 2656 1178 boine
2699 1121 2928 1178 sprave.

693 1222 883 1288 1355.
934 1221 1267 1288 indictione
1306 1223 1416 1300 IX,
1472 1222 1572 1287 die
1618 1222 1770 1287 XVI
1831 1223 2115 1302 ianuarii,
2181 1225 2398 1305 capta:
2463 1224 2623 1307 quod
2670 1224 2746 1288 de
2812 1222 2953 1288 istis
2999 1223 3203 1302 rebuS‚

478 1331 630 1397 quas
667 1311 828 1397 petit
850 1311 1206 1394 capitaneus
1240 1309 1583 1389 Sclavonie,
1619 1311 1746 1390 ille,
1775 1329 1892 1394 que
1923 1311 2302 1376 videbuntur
2326 1312 2590 1391 domino,
2629 1311 2963 1376 mittantur
2993 1329 3211 1392 quam-

486 1400 677 1466 cicius
724 1417 856 1464 esse
903 1400 1129 1480 potest,
1179 1399 1589 1480 computando
1630 1398 1699 1462 in
1747 1398 1838 1464 eis
1862 1418 1951 1478 ea,
1999 1416 2118 1481 que
2151 1398 2349 1481 pridie
2387 1400 2727 1473 miserunt3
2776 1401 2839 1463 et
2870 1398 3205 1478 ordinetur,

358 1496 375 1517 ⁸
485 1487 644 1570 quod
693 1506 783 1564 ea,
833 1505 948 1568 que
996 1484 1188 1550 missa
1232 1487 1379 1549 sunt
1424 1487 1487 1550 et
1531 1485 1863 1551 mittentur
1909 1486 1972 1550 in
2020 1489 2333 1569 posterum
2381 1487 2443 1550 in
2472 1485 2879 1564 Sclavoniam,
2927 1484 3208 1551 ordinate

484 1577 549 1640 et
583 1594 693 1658 per
733 1593 798 1639 se
844 1574 1212 1651 scribantur,
1262 1574 1352 1638 ita
1397 1573 1555 1654 quod
1601 1573 1768 1638 omni
1814 1575 2093 1655 tempore
2139 1573 2331 1638 videri
2377 1574 2625 1638 valeant
2669 1573 2938 1638 rationes
2986 1591 3208 1654 expen-

482 1681 708 1741 sarum,
756 1678 909 1744 quas
955 1661 1282 1726 fecerimus
1327 1678 1438 1743 pro
1490 1660 1616 1725 illis
1664 1660 1867 1727 factis.
1937 1662 2021 1725 Et
2065 1660 2406 1726 dominatio
2468 1680 2576 1744 pro
2638 1661 2987 1726 executione
3054 1661 3209 1726 isto-

480 1769 618 1814 rum
665 1748 864 1832 possit
909 1748 1298 1812 committere
1344 1749 1625 1832 patronis
1670 1751 1991 1814 arsenatus
2041 1747 2137 1813 vel
2185 1748 2322 1813 aliis
2370 1748 2739 1814 officialibus
2766 1749 3013 1827 nostrie,
3047 1749 3211 1814 sicut

485 1835 813 1902 videbitur.
861 1837 943 1900 Et
988 1837 1297 1901 scribatur
1342 1836 1662 1918 capitaneo
1709 1835 1983 1919 predicto
2030 1841 2093 1900 et
2138 1835 2275 1900 aliis
2308 1837 2536 1901 nostris
2569 1835 2909 1901 rectoribus
2942 1838 3007 1900 et
3036 1855 3206 1901 com-

482 1923 917 2001 munitatibu8‚
964 1922 1451 1988 commendando
1498 1942 1602 1988 eos
1650 1925 1714 1988 et
1757 1923 1945 1988 fidem
2001 1942 2214 2003 suam,
2278 1925 2342 1988 et
2387 1923 2726 2001 hortando,
2795 1926 2860 1987 et
2905 1924 3066 2007 quod
3113 1943 3209 1988 res

480 2013 708 2095 petitas
755 2011 1090 2089 mittimus,
1140 2012 1204 2075 et
1237 2011 1565 2076 mittemus
1614 2012 1832 2094 gentes
1877 2013 1942 2076 in
1988 2010 2194 2091 brevi,
2236 2012 2327 2076 ita
2373 2012 2535 2094 quod
2580 2012 2648 2075 in
2694 2011 2862 2076 omni
2904 2015 3065 2076 casu*
3097 2031 3206 2077 no-

484 2101 686 2164 strum
722 2099 1014 2163 honorem
1059 2098 1287 2181 poterit
1329 2116 1675 2180 procurare.
2579 2138 2582 2139 f

570 2190 750 2249 Misti
801 2188 931 2248 XX
941 2189 1082 2249 1711.
1132 2190 1233 2259 54,
1280 2207 1323 2249 u
1365 2189 1708 2249 mletackom
1753 2190 1986 2249 arkivu.

666 2342 669 2347 ’
789 2374 1228 2460 ccccm.
1308 2377 1516 2460 coo.
1569 2378 1798 2462 1356.
1855 2379 1950 2461 21
2004 2376 2357 2479 sicema,
2408 2401 2469 2460 u
2521 2378 2915 2460 metam.

818 2500 1027 2562 οῡόῑηι·
1069 2503 1311 2577 rabskoj
1354 2503 1655 2575 nazoreno,
1711 2505 1867 2564 nelca
1915 2505 2097 2579 metm
2130 2505 2405 2580 poyodbu
2451 2504 2618 2564 coeno
2663 2506 2889 2579 inpuni.

706 2621 892 2687 1355.
943 2620 1041 2686 die
1086 2621 1238 2686 XXI
1295 2622 1576 2703 ianuarii,
1645 2623 1979 2690 indictione
2041 2624 2154 2706 IX,
2216 2626 2431 2709 capta:
2493 2625 2652 2707 quod
2712 2624 3025 2690 scribatur
3088 2623 3216 2690 illis

490 2715 564 2778 de
609 2710 779 2777 Arbo
816 2712 889 2775 de
935 2710 1058 2774 ista
1096 2711 1560 2793 compositione,
1607 2730 1726 2793 que
1772 2715 2047 2778 tractata
2092 2714 2189 2778 est
2231 2712 2394 2777 inter
2440 2712 2722 2796 syndicos
2756 2731 2898 2778 suos
2931 2714 2995 2778 et
3034 2713 3214 2777 illum
3259 2761 3280 2794 ,

492 2799 723 2865 Michoi
769 2798 846 2862 de
894 2796 1065 2863 Arbo
1113 2816 1295 2881 super
1338 2799 1753 2882 appellatione
1799 2820 1905 2883 per
1949 2801 2155 2884 ipsum
2204 2800 2569 2883 interposita
2636 2818 2675 2864 6
2721 2801 3032 2866 sententia
3086 2801 3220 2864 lata

492 2908 603 2971 per
652 2905 772 2966 606,
823 2887 886 2950 et
932 2884 1007 2949 de
1054 2883 1199 2950 allis
1249 2887 1536 2970 querelis,
1578 2906 1731 2970 quas
1778 2889 1911 2971 ipse
1957 2886 2188 2953 Michoi
2253 2886 2522 2953 faciebat
2580 2890 2793 2953 contra
2840 2907 2979 2968 eos,
3040 2906 3219 2952 man-

493 2974 693 3039 dando
739 2973 848 3053 616,
890 2972 1055 3056 quod
1099 2991 1239 3037 cum
1285 2973 1521 3039 dictum
1564 2975 1954 3041 concordium
2000 2976 2086 3040 sit
2131 2976 2495 3041 conveniens
2542 2993 2653 3059 pro
2711 2977 2969 3059 utraque
3015 2977 3213 3060 parte,

492 3062 696 3214 ffisum
745 3061 1009 3209 debelant
1055 3059 1377 3210 obtservare
1423 3062 1893 3142 invariabiliter,
1945 3064 2009 3128 et
2054 3064 2274 3142 facere,
2324 3064 2486 3128 sicut
2511 3063 2842 3128 consulunt
2875 3063 3214 3128 auditores.

621 3167 675 3210 si
721 3166 890 3213 consl
920 3165 1048 3210 1um
1095 3167 1127 3210 e
1162 3166 1215 3211 c.

581 3237 777 3307 Misti,
829 3236 1110 3296 XXVII.
1156 3239 1257 3307 54,
1304 3257 1346 3297 u
1390 3241 1731 3300 mletackom
1776 3243 2008 3300 arkivu.

756 3424 1291 3521 ‚CCCCLIIL
1329 3424 1534 3507 Gon.
1590 3425 1817 3510 1356.
1872 3426 1974 3509 23
2029 3425 2388 3530 sicema,
2441 3450 2502 3509 u
2555 3428 2948 3512 Mletcih.

497 3553 636 3614 Ρίἔε
679 3570 741 3613 se
778 3553 1106 3627 poslaniku
1150 3570 1193 3611 u
1237 3551 1443 3625 Srbz'ji,
1488 3555 1645 3613 nelca
1687 3571 1750 3613 se
1794 3554 1934 3613 leuci
1976 3556 2168 3623 vrati,
2229 3555 2342 3613 ako
2374 3555 2442 3627 ,7⁶6
2487 3556 2724 3628 m'eyovo
2772 3557 3128 3632 boravljenje
3174 3576 3217 3617 u

1076 3641 1217 3699 onih
1262 3642 1515 3699 stranah
1558 3642 1743 3715 posh‘e
1788 3658 1992 3701 carave
2035 3642 2209 3701 smrti
2253 3643 2352 3701 bez
2395 3643 2623 3701 koristi.

710 3760 895 3825 1355.
945 3760 1044 3825 die
1091 3759 1176 3823 23
1225 3760 1503 3838 ianuarii,
1550 3760 1879 3825 indictione
1921 3761 2032 3825 IX.
2099 3762 2436 3840 Dominus,
2499 3762 2835 3828 consiliarii
2883 3766 2946 3829 et
2992 3764 3218 3847 capita.

497 3848 730 3932 Capta:
778 3847 942 3931 quod
981 3848 1288 3914 scribatur
1335 3867 1434 3912 ser
1480 3848 1715 3913 Jacobo
1756 3848 2084 3930 Delphino,
2133 3849 2292 3932 quod
2339 3849 2392 3914 si
2426 3854 2674 3933 propter
2720 3851 2960 3917 obitum
2984 3852 3221 3919 domini

497 3937 891 4021 imperatoris
937 3935 1132 4001 Raxie
1181 3954 1355 4000 mora
1400 3954 1512 4000 sua
1556 3955 1676 4001 non
1719 3936 1918 4017 possit
1964 3955 2097 4001 esse
2140 3937 2226 4001 ibi
2274 3936 2535 4002 ulterius
2577 3938 2771 4018 utilis,
2820 3940 3013 4005 donec
3051 3942 3224 4007 aliud

502 4025 787 4091 videatur
830 4024 1116 4089 volumus
1165 4025 1229 4089 et
1269 4023 1359 4088 sic
1406 4024 1793 4102 mandamUS,
1844 4026 2146 4104 quatenus
2193 4025 2493 4090 Venecias
2540 4030 2907 4093 revertatur.

583 4116 765 4175 Misce·
815 4114 945 4174 XX
956 4115 1098 4175 VII.
1148 4116 1248 4184 54,
1295 4131 1339 4173 u
1383 4114 1724 4174 mletackom
1764 4115 1997 4174 arkivu.

806 4302 1276 4387 GCGOLIV.
1334 4302 1516 4385 Gon
1553 4302 1781 4387 1356.
1834 4303 1936 4386 23
1990 4301 2339 4406 Siecnja,
2394 4328 2455 4387 u
2506 4305 2899 4389 ffletcih.

497 4423 837 4496 Republika
879 4444 941 4485 se
980 4425 1289 4500 iepricava
1331 4444 1405 4486 sa
1445 4429 1823 4488 milonezkim
1865 4430 2165 4502 vojvodom
2183 4473 2196 4498 ‚
2263 4430 2353 4490 ἔίο
2397 4449 2499 4491 mu
2543 4433 2774 4493 nemoie
2826 4432 3053 4507 praesti
3103 4437 3225 4510 voj-

674 4513 855 4571 nic‘ku
887 4514 1116 4586 pomoc,
1151 4515 1327 4588 poeto
1360 4515 1441 4587 ju
1485 4533 1683 4589 napae
1730 4519 2058 4591 aqam-hrt).
2105 4517 2282 4591 krah’,
2332 4522 2386 4578 te
2429 4521 2530 4593 φύε
2569 4537 2740 4580 sama
2784 4523 3022 4596 trebm'e.

720 4630 906 4695 1355.
954 4632 1051 4702 die
1098 4633 1183 4697 23
1214 4634 1493 4700 ianuarii.
1529 4634 1856 4714 DominuS,
1891 4635 2249 4716 consiliarii,
2286 4637 2493 4721 capita
2529 4641 2593 4703 et
2624 4640 2953 4724 sapientes.
2995 4642 3223 4727 Capta:

498 4716 939 4806 respondeatur
984 4719 1231 4786 domino
1276 4720 1567 4788 Galeacio
1613 4743 1722 4789 seu
1768 4725 2150 4790 ambaxatori
2202 4744 2341 4807 suo,
2406 4727 2564 4810 quod
2609 4730 2783 4796 novit
2827 4730 2977 4797 deus
2996 4780 3014 4812 ‚
3074 4750 3222 4798 cum
