3620 5282
512 300 603 366 40

375 495 432 536 ψ’
514 476 658 557 fuit,
700 476 912 543 habito
972 480 1250 561 respectu
1311 479 1388 543 ad
1447 478 1673 543 bonum
1724 479 1787 542 et
1831 479 2354 543 conservationem
2416 479 2725 544 terrarum
2786 475 3107 543 Sclavenie
3159 479 3226 541 et

516 585 766 631 suarum
804 567 1110 631 terrarum
1156 569 1219 630 et
1264 569 1625 644 castrorum,
1674 570 1737 632 et
1782 567 1960 650 quod,
2012 571 2083 631 ut
2128 568 2284 631 scire
2332 567 2565 650 potuit,
2628 566 2886 632 fecimus
2940 567 3231 631 nostrum

517 672 713 738 posse,
765 673 838 719 ne
886 655 1086 737 ipsum
1136 656 1408 720 castrum
1455 653 1798 719 Ostrovicie
1847 655 2029 719 dictis
2078 655 2346 738 Ungaris
2392 657 2770 735 traderetur,
2815 657 2877 719 et
2924 653 3109 736 quod,
3162 655 3235 719 ut

517 762 627 826 per
670 742 825 807 alias
874 746 1110 807 nostras
1157 744 1403 808 litteras
1449 744 1503 807 ei
1552 743 1931 825 scripsimus,
1980 745 2054 807 ad
2101 763 2348 825 presens
2414 745 2735 808 mittemus
2798 746 3037 808 nostros
3101 760 3234 806 am·

521 833 840 896 baxatores
902 831 1209 896 solemnes
1274 832 1350 896 ad
1411 831 1727 895 dominum
1793 849 2002 914 regem
2052 831 2318 914 Ungarie
2383 850 2489 913 pro
2553 832 2828 895 habendo
2890 849 3106 911 pacem
3173 831 3237 894 et

517 937 789 984 amorem
842 938 982 983 cum
1030 936 1099 984 eo
1147 938 1311 1002 rege,
1360 921 1521 1002 quod
1569 922 1859 1002 putamus
1910 921 2128 984 ducere
2175 920 2251 984 ad
2300 919 2621 995 effectum3
2687 923 2751 984 et
2794 917 3234 983 nichilominus

516 1008 578 1071 in
628 1007 795 1071 omni
843 1026 988 1071 casu
1035 1011 1241 1072 nostre
1268 1008 1627 1072 intentionis
1660 1012 1755 1072 est
1787 1008 2102 1072 attendere
2141 1011 2204 1072 et
2251 1008 2564 1090 providere
2611 1008 2686 1071 ad
2714 1007 3233 1072 conservationem

520 1097 584 1159 et
629 1098 1075 1178 augumentum
1126 1097 1424 1161 terrarum
1475 1099 1828 1160 nostrarum
1886 1095 2299 1179 predictarum
2342 1097 2406 1161 et
2451 1095 2722 1161 locorum
2771 1097 2835 1159 et
2883 1098 3231 1159 castrorum

521 1202 806 1260 suorum,
874 1186 939 1249 et
1003 1186 1161 1267 quod
1234 1203 1422 1267 usque
1482 1184 1558 1249 ad
1623 1185 1954 1249 adventum
2020 1185 2319 1248 dictorum
2375 1187 2720 1249 nostrorum
2767 1183 3236 1248 ambaxatorum

521 1272 826 1336 credimus
873 1272 1099 1337 bonum
1149 1291 1302 1350 esse,
1352 1273 1509 1356 quod
1557 1291 1696 1337 cum
1746 1272 2100 1337 castellanis
2150 1272 2420 1357 Ungarie
2467 1273 2617 1337 dicti
2660 1273 2848 1336 castri
2890 1269 3236 1336 Ostrovicie

516 1378 580 1424 se
625 1360 856 1424 habeat
899 1363 962 1424 et
991 1363 1267 1426 transeat
1310 1380 1491 1443 quam
1541 1361 1760 1425 melius
1808 1362 2049 1442 poterit.

606 1449 765 1510 Scor.
807 1468 946 1510 cons
990 1455 1175 1528 νομαί.
1221 1451 1296 1511 Α.
1346 1453 1447 1522 92,
1493 1469 1536 1510 u
1579 1452 1917 1511 mletackom
1966 1454 2197 1510 arkivu.

869 1641 1089 1722 LIV.
1143 1641 1349 1724 God.
1404 1641 1622 1724 1347.
1678 1639 1785 1725 20
1840 1642 2334 1740 studenoga,
2386 1664 2446 1723 u
2499 1640 2891 1722 Mletcih.

524 1765 902 1841 Obaviesc‘uje
940 1785 1002 1826 se
1047 1769 1260 1827 Iconsul
1289 1770 1312 1826 i
1342 1770 1662 1841 zastupnik
1692 1788 1733 1828 u
1757 1768 2032 1842 Napuzju
2079 1786 2110 1827 o
2145 1769 2533 1844 poslanstvu,
2583 1769 2711 1841 koy’e
2755 1784 2815 1826 se
2861 1785 2902 1826 u
2960 1767 3241 1842 Uqarsku

521 1855 669 1930 ἔαζᾷε
690 1901 703 1926 ,
751 1860 806 1915 te
849 1858 962 1915 isto
1009 1858 1144 1915 take
1180 1857 1580 1929 punemocnik
1625 1876 1666 1916 u
1712 1857 1913 1925 Rima,
1960 1858 2040 1915 da
2085 1857 2285 1916 znadu
2329 1857 2651 1932 odyovoriti
2671 1900 2684 1926 ,
2731 1857 2843 1915 ako
2888 1856 3048 1915 budu
3100 1857 3239 1929 upi-

1329 1946 1459 2004 tam'
1502 1963 1535 2005 o
1582 1950 1696 2004 tom
1742 1945 1816 2004 od
1863 1946 2123 2005 doticm‘h
2164 1944 2433 2004 dvorova.

738 2063 921 2129 1347.
970 2062 1068 2128 die
1121 2063 1239 2130 XX
1298 2064 1663 2143 novembris,
1730 2069 1945 2149 capta:
2010 2066 2166 2148 quod
2230 2065 2540 2130 scribatur
2600 2065 2805 2129 nostro
2864 2063 3100 2129 consuli
3169 2064 3238 2127 in

523 2152 789 2236 Neapoli
838 2155 902 2218 et
946 2151 1329 2217 ambaxatori
1372 2157 1600 2231 nostre,
1645 2155 1748 2236 qui
1795 2156 1892 2219 est
1939 2154 2044 2232 ibi,
2109 2154 2264 2239 quod
2327 2172 2436 2236 pro
2499 2152 2803 2236 aliquibus
2849 2151 3236 2231 differentii8‚

525 2260 641 2325 que
690 2242 836 2305 sunt
879 2240 1042 2305 inter
1083 2241 1402 2305 dominum
1455 2261 1661 2325 regem
1720 2243 2039 2325 Hungarie
2102 2245 2165 2307 et
2226 2252 2506 2307 nostrum
2566 2260 2887 2306 commune
2935 2241 3239 2305 delibera-

523 2329 726 2394 vimus
789 2328 1036 2394 mittere
1093 2333 1340 2394 nostros
1404 2329 1707 2395 solemnes
1764 2332 2191 2394 ambaxatores
2253 2330 2329 2394 ad
2392 2332 2590 2413 ipsum
2655 2329 2969 2395 dominum
3018 2347 3232 2412 regem

525 2417 840 2482 occasione
887 2417 1195 2481 tractandi
1239 2418 1625 2482 concordiam
1670 2438 1809 2484 cum
1860 2421 1988 2501 ipso
2034 2418 2274 2482 domino
2322 2436 2500 2502 rege3
2565 2419 2668 2481 sed
2718 2416 3018 2497 nolumuS,
3071 2416 3238 2501 quod

526 2505 604 2569 de
641 2506 754 2569 hoc
796 2505 1029 2587 aliquid
1074 2523 1111 2569 a
1158 2525 1221 2570 se
1269 2506 1513 2582 dicant3
1563 2508 1665 2571 sed
1713 2507 1763 2570 si
1813 2507 2119 2571 diceretur
2166 2507 2251 2572 eis
2289 2505 2520 2590 aliquid
2569 2506 2644 2570 de
2689 2506 2823 2587 ipsa
2885 2506 3236 2584 ambaxata,

525 2593 935 2677 respondeant
980 2592 1125 2672 illis,
1175 2595 1276 2677 qui
1324 2595 1445 2660 sibi
1490 2594 1796 2674 dicerent,
1862 2594 2022 2678 quod
2084 2598 2179 2659 est
2226 2614 2475 2673 verum,
2519 2594 2675 2678 quod
2738 2612 2875 2659 eam
2924 2593 3236 2659 mittimus

524 2701 631 2765 pro
679 2683 1004 2748 tractando
1053 2683 1404 2748 acconcium
1448 2703 1587 2749 cum
1634 2684 1800 2749 dicto
1847 2684 2092 2749 domino
2139 2703 2281 2768 rege
2327 2701 2466 2748 cum
2516 2687 2724 2748 nostro
2755 2684 2979 2747 honore
3011 2690 3073 2747 et
3103 2683 3238 2747 sine

525 2771 755 2836 lesione
804 2771 1075 2836 alterius.
1133 2772 1215 2836 Et
1259 2772 1401 2855 quia
1444 2772 1819 2855 scripserunt
1883 2773 2058 2836 nobis
2114 2771 2315 2836 dictus
2376 2773 2589 2836 consul
2641 2774 2702 2836 et
2748 2771 3107 2836 ambaxator
3160 2771 3237 2835 de

525 2859 729 2925 verbis
773 2860 954 2923 dictis
999 2879 1108 2943 per
1151 2859 1464 2925 dominum
1507 2862 1879 2926 Ludovicum
1926 2861 2001 2925 de
2045 2860 2332 2937 TarentO,
2375 2861 2439 2925 et
2481 2861 2554 2924 de
2588 2860 2996 2942 responsione,
3045 2877 3234 2942 quam

525 2946 802 3025 fecerint,
850 2948 1088 3012 dicatur
1134 2947 1242 3026 eis,
1285 2949 1439 3032 quod
1490 2968 1603 3014 sua
1653 2950 1961 3032 responsio
1999 2948 2117 3012 fuit
2162 2949 2347 3013 nimis
2395 2949 2586 3031 larga,
2637 2952 2701 3013 et
2743 2947 2917 3013 nobis
2951 2966 3068 3012 non
3096 2947 3237 3030 pla-

528 3035 675 3113 cuit,
724 3037 788 3100 et
832 3035 989 3118 quod
1035 3038 1303 3121 amplius
1350 3035 1543 3102 talem
1590 3039 2042 3121 responsionem
2091 3055 2210 3101 non
2256 3036 2484 3102 faciant
2527 3035 2652 3100 ullo
2701 3037 2895 3101 modo.
2944 3035 3028 3100 Et
3069 3033 3238 3100 Nea-

527 3122 767 3206 poleoni
814 3127 1022 3188 nostro
1090 3126 1470 3207 procuratori
1519 3127 1580 3189 in
1627 3127 1796 3191 curia
1859 3126 2164 3190 scribatur
2210 3125 2497 3189 similiter
2551 3125 2624 3189 de
2669 3124 2836 3189 dicta
2881 3124 3231 3204 ambaxata,

530 3211 687 3295 quod
736 3212 1117 3295 respondeat,
1167 3213 1219 3277 si
1266 3214 1502 3278 dicetur
1546 3215 1662 3279 sibi
1707 3214 1958 3296 aliquid,
2006 3216 2076 3278 ut
2119 3212 2353 3277 dictum
2401 3216 2498 3277 est
2544 3231 2750 3295 supra.

529 3348 538 3365 .
616 3302 773 3364 Secr.
818 3320 974 3363 cons·
1018 3322 1138 3379 roy.
1179 3303 1255 3362 A.
1307 3306 1408 3375 92,
1452 3323 1496 3363 u
1538 3306 1877 3365 mletac‘kom
1921 3306 2152 3364 arkivu.

895 3494 1067 3575 LV.
1122 3493 1326 3577 θοὰ.
1381 3496 1601 3578 1347.
1654 3494 1758 3578 26
1813 3495 2311 3595 studenoga,
2364 3514 2425 3577 u
2477 3494 2866 3576 Mletcih.

533 3606 695 3693 SazJe
736 3638 798 3680 se
842 3622 1113 3681 sveteano
1148 3623 1494 3695 poslanstvo
1540 3624 1578 3681 Ic
1615 3625 1972 3698 uyarskomu
2018 3624 2237 3696 kralju,
2284 3641 2316 3681 o
2361 3624 2491 3681 kom
2534 3640 2594 3682 se
2632 3622 2890 3696 qovorilo
2910 3667 2923 3691 ,
2971 3623 3049 3682 da
3082 3625 3147 3696 je
3197 3641 3239 3681 u

533 3709 887 3769 Furlansku
925 3710 1119 3779 ἀοὲαο,
1166 3712 1246 3769 da
1284 3729 1366 3785 qa
1392 3712 1626 3784 pocasti
1666 3713 1688 3769 i
1734 3712 1815 3770 da
1856 3730 1957 3769 mu
2000 3713 2228 3784 ponudi
2260 3712 2474 3784 prolaz
2519 3712 2658 3770 kroz
2702 3710 2979 3771 mletaeke
3021 3711 3242 3784 semble.

750 3829 934 3895 1347.
976 3830 1072 3895 die
1118 3830 1327 3897 XXVI
1352 3832 1723 3911 novembris,
1773 3834 1989 3914 capta:
2031 3851 2169 3896 cum
2205 3832 2462 3908 dicatur,
2509 3831 2827 3896 dominum
2876 3851 3084 3917 regem
3108 3832 3242 3898 Un-

532 3917 702 4003 garie
750 3919 986 3984 venisse
1032 3919 1108 3983 ad
1156 3921 1362 4002 partes
1407 3919 1714 3998 Foroiulii,
1764 3919 1925 4003 quod
1970 3921 2056 3984 sit
2102 3923 2398 3985 venturus
2446 3920 2749 3997 breviter,
2812 3922 2876 3984 et
2920 3920 3245 3987 conveniat

533 4025 644 4090 pro
692 4007 917 4072 honore
963 4007 1217 4073 dominii
1262 4008 1557 4073 honorare
1605 4027 1763 4085 eum,
1828 4011 2154 4092 postquam
2210 4012 2307 4073 est
2353 4009 2441 4073 sic
2503 4009 2737 4072 vicinus
2783 4010 2996 4075 nobis:
3067 4008 3246 4074 vadit

536 4112 700 4178 pars„
749 4096 909 4177 quod
955 4097 1285 4161 mittantur
1331 4097 1460 4161 sine
1507 4114 1675 4161 mora
1721 4115 1825 4161 sex
1872 4098 1944 4161 de
1983 4098 2206 4162 nostris
2254 4096 2561 4161 nobilibus
2606 4096 2683 4159 ad
2733 4116 2905 4162 suam
2953 4098 3246 4162 maiesta-

530 4186 661 4246 tem
730 4182 805 4246 ad
874 4184 1325 4267 exponendum,
1398 4184 1695 4267 quomodo
1763 4185 2047 4250 misimus
2112 4185 2190 4249 ad
2260 4204 2431 4249 suam
2502 4185 2770 4268 regalem
2844 4186 3240 4251 maiestatem

533 4270 812 4334 nostrum
876 4271 1166 4337 nuncium
1230 4292 1337 4355 pro
1402 4273 1629 4338 litteris
1699 4273 2048 4338 securitatis
2113 4292 2220 4358 pro
2289 4274 2514 4338 nostris
2582 4273 2958 4338 solemnibus
3028 4275 3243 4339 amba-

534 4357 868 4424 xatoribus.
916 4380 1063 4443 quos
1109 4362 1574 4439 intendebamus
1620 4361 1697 4426 ad
1741 4381 1881 4426 eum
1931 4362 2254 4441 destinare,
2303 4380 2453 4445 quas
2498 4361 2741 4426 litteras
2777 4380 3068 4444 generose
3098 4382 3243 4428 con-

535 4445 723 4512 cessit
767 4448 830 4511 et
874 4449 1004 4513 dari
1047 4447 1193 4513 fecit
1234 4449 1352 4532 ipsi
1396 4451 1617 4515 nuncio
1664 4453 1891 4529 nostre,
1942 4450 2160 4533 quibus
2206 4450 2457 4529 habitis„
2506 4450 2718 4515 statim
2766 4450 3067 4535 elegimus
3113 4453 3240 4515 tres

534 4534 840 4601 solemnes
887 4536 1312 4602 ambaxatores
1355 4538 1430 4602 de
1470 4537 1776 4604 nobilibus
1825 4541 1889 4603 et
1934 4538 2389 4603 honorabilibus
2436 4538 2673 4603 civibus
2707 4539 2952 4617 nostriS,
3000 4539 3103 4622 qui
3134 4540 3240 4604 de-

537 4622 767 4688 bebant
814 4624 1016 4690 venire
1062 4624 1136 4691 ad
1181 4644 1352 4691 suam
1401 4628 1786 4691 maiestatem
1855 4646 1993 4692 cum
2062 4627 2388 4692 ambaxata
2450 4627 2542 4691 sui
2590 4627 2839 4692 honoris
2887 4628 2951 4692 et
2995 4627 3237 4703 nostri;

540 4711 647 4776 sed
692 4730 830 4776 cum
884 4714 1081 4795 parati
1127 4716 1332 4778 essent
1374 4733 1485 4797 pro
1530 4714 1696 4779 dicta
1743 4714 1862 4793 via,
1910 4715 2238 4780 habuimus
2284 4734 2437 4780 nova
2480 4716 2660 4779 firma
2705 4716 2779 4779 de
2825 4717 3087 4780 adventu
3131 4732 3241 4780 suo
