3620 5282
458 344 590 408 412

461 539 653 604 parva
696 518 937 602 questio
985 520 1215 586 oriatur
1265 519 1687 604 promiserunt
1732 519 2065 602 supradicti
2107 536 2312 584 comes
2337 518 2544 584 Rados
2590 519 2655 583 et
2700 520 3031 604 Bogdanus
3063 519 3179 585 Al-

462 608 643 672 mesii
712 625 828 671 suo
869 608 933 670 et
990 607 1492 673 communitatis·
1530 607 1695 671 dicte
1762 610 1926 671 terre
1995 607 2241 670 nomine
2307 606 2506 671 eidem
2553 607 2799 672 domino
2846 606 3172 673 Albertino

460 696 832 760 Mauroceno
879 696 1091 760 comiti
1141 697 1397 778 suisque
1443 693 1809 760 consiliariis
1858 694 2224 777 supradictis
2270 693 2516 758 nomine
2546 693 2699 758 dicti
2724 693 2961 759 domini
3007 694 3181 761 ducis

463 784 528 847 et
573 781 916 846 communis
965 781 1379 847 veneciarum
1427 781 1905 864 recipientibus,
1967 783 2034 845 et
2078 800 2143 846 se
2209 780 2641 864 obligaverunt
2698 785 3034 864 spontanea
3079 802 3185 849 vo-

458 870 700 934 luntate
748 886 953 933 coram
1000 869 1229 934 comite
1278 869 1669 952 supradicto,
1734 869 1814 932 ab
1874 869 2088 932 eodem
2151 870 2342 932 etiam
2389 887 2526 932 cum
2590 887 2818 952 magna
2883 870 3181 935 instantia

464 958 866 1040 postulantes,
915 955 1073 1037 quod
1122 959 1172 1021 si
1220 955 1297 1020 de
1361 957 1682 1022 voluntate
1725 955 1955 1019 domini
2019 955 2193 1018 ducis
2259 958 2323 1019 et
2381 955 2726 1020 communis
2774 956 3182 1021 veneciarum

465 1044 765 1125 provehit,
816 1042 1056 1108 licitum
1107 1044 1193 1108 sit
1239 1043 1358 1127 ipsi
1407 1043 1651 1107 domino
1722 1043 1860 1107 duci
1911 1044 1976 1105 et
2019 1043 2331 1106 communi
2373 1042 2779 1107 Veneciarum
2828 1043 3181 1126 supradicto

460 1130 780 1195 hominem
828 1149 1020 1195 unum
1070 1132 1132 1194 in
1179 1131 1333 1213 ipsa'
1363 1135 1526 1194 terra
1575 1130 1839 1194 Almesii
1885 1148 2142 1212 ponere,
2193 1130 2296 1212 qui
2343 1129 2493 1193 illuc
2538 1130 2758 1194 debeat
2804 1150 3179 1212 permanere,

462 1235 668 1282 coram
718 1234 836 1298 quo
885 1215 937 1279 si
981 1218 1210 1301 aliquis
1256 1217 1353 1284 vel
1395 1218 1592 1299 aliqui
1658 1216 1979 1281 Almesani
2047 1219 2539 1298 presummerent
2601 1219 2816 1282 contra
2875 1218 3179 1300 predicta,

463 1308 537 1369 ut
582 1304 864 1387 superius
908 1307 1006 1369 est
1050 1324 1423 1388 expressum,
1472 1307 1585 1369 aut
1630 1303 1948 1386 quodlibet
2004 1303 2422 1386 predictorum
2469 1303 2565 1367 vel
2611 1303 2881 1370 facerent
2942 1306 3184 1370 restau-

466 1393 736 1456 rationes
781 1391 1189 1475 dampnorum
1237 1392 1511 1457 omnium
1564 1393 1848 1455 datorum
1909 1391 2168 1455 ulterius
2215 1410 2322 1473 per
2383 1391 2647 1467 eosdem,
2711 1392 2842 1457 sine
2889 1392 3181 1458 dilatione

471 1479 749 1563 qualibet
794 1479 1100 1544 satisfiant
1144 1500 1254 1562 per
1297 1480 1439 1544 illos
1476 1479 1761 1543 homines
1808 1480 1907 1542 vel
1934 1496 2243 1560 personas,
2291 1479 2393 1559 qui
2427 1477 2579 1543 talia
2609 1477 2809 1545 facere
2853 1498 3180 1562 presump-

473 1566 687 1643 serint,
736 1568 845 1630 aut
888 1586 995 1648 per
1038 1567 1428 1633 fideiussores
1475 1585 1685 1631 eorum
1734 1567 1834 1631 vel
1880 1585 1986 1647 per
2044 1583 2367 1630 commune
2430 1565 2702 1630 civitatis
2750 1566 3046 1644 Almesii,
3112 1569 3176 1633 et

468 1652 632 1737 quod
676 1673 784 1736 per
831 1653 1141 1719 hominem
1189 1671 1377 1736 supra
1422 1653 1657 1718 dictum
1702 1653 2025 1717 videantur
2071 1655 2135 1717 et
2177 1653 2625 1740 cognoscantur
2666 1653 2933 1736 dampna
3002 1616 3182 1720 illata

470 1743 749 1806 decetero
796 1741 1150 1806 hominibus
1195 1743 1298 1806 vel
1342 1741 1621 1824 personis
1669 1740 2072 1805 veneciarum
2118 1718 2217 1804 vel
2262 1758 2507 1803 suorum
2545 1739 2820 1805 fidelium
2868 1740 3179 1806 undecun-

463 1848 601 1910 que,
646 1831 709 1893 et
754 1829 1087 1893 secundum
1141 1829 1272 1893 eius
1320 1829 1666 1893 sentencias
1709 1829 2076 1910 procedatur
2119 1826 2195 1891 de
2242 1827 2588 1908 quantitate
2650 1846 2855 1892 rerum
2913 1847 3021 1910 per
3068 1826 3175 1892 ho-

459 1916 657 1980 mines
704 1916 973 1981 Almesii
1030 1916 1404 1995 ablatarum,
1447 1917 1520 1980 ad
1569 1915 1708 1993 hoc,
1754 1920 1827 1979 ut
1874 1933 2179 1998 nunquam
2230 1916 2388 1978 inter
2435 1914 2741 1996 predictas
2787 1918 2994 1997 partes
3039 1933 3181 1998 pro-

459 2005 601 2085 pter
647 2004 759 2068 boc
805 2003 1015 2086 aliqua
1062 2003 1353 2068 scandala
1400 2002 1570 2068 nasci
1618 2002 1876 2085 possint.
1937 2000 2036 2065 Ad
2084 1999 2198 2065 hec
2259 2004 2490 2078 autem,
2538 2004 2608 2064 ut
2652 2002 2930 2084 predicta
2976 2003 3181 2067 omnia

464 2093 526 2155 et
574 2091 821 2173 singula
865 2091 1048 2155 robur
1093 2091 1414 2155 firmitatis
1462 2091 1801 2167 obtineant,
1851 2088 2071 2172 prefati
2119 2089 2355 2153 nobiles
2403 2107 2606 2153 comes
2652 2089 2860 2153 Rados
2907 2091 2971 2153 et
3018 2090 3181 2173 Bog-

460 2178 655 2242 danus
702 2177 964 2242 Almesii
1013 2196 1141 2255 suo,
1192 2176 1657 2242 communitatis
1706 2179 1769 2239 et
1815 2176 2134 2240 hominum
2183 2175 2443 2240 Almesii
2489 2175 2756 2254 nomine,
2812 2194 3180 2259 suorumque

458 2264 753 2329 heredum
819 2267 884 2328 et
947 2283 1370 2329 successorum
1436 2265 1833 2346 corporaliter
1897 2264 2254 2328 iuraverunt
2311 2263 2390 2326 ad
2436 2265 2652 2327 sancta
2697 2263 2793 2327 dei
2854 2264 3176 2347 evangelia

460 2352 649 2416 tactis
697 2349 1037 2435 evangeliis
1083 2353 1294 2430 sacriS,
1345 2352 1410 2416 et
1457 2371 1639 2435 super
1699 2370 1878 2415 cruce
1942 2349 2365 2415 sacratissima
2423 2350 2642 2415 christi
2703 2350 2910 2415 omnia
2956 2369 3173 2433 supra-

461 2438 628 2503 dicta
675 2440 739 2503 et
786 2439 1033 2522 singula
1078 2441 1258 2504 firma
1303 2440 1368 2504 et
1413 2442 1548 2504 rata
1593 2439 1858 2514 habere,
1928 2442 2132 2502 tenere
2191 2440 2253 2500 et
2297 2436 2465 2502 nullo
2514 2437 2693 2502 modo
2753 2439 3176 2505 contravenire

462 2524 674 2608 aliqua
722 2527 958 2591 ratione
1006 2527 1102 2591 vel
1146 2545 1333 2591 causa
1377 2544 1607 2609 magna
1651 2527 1750 2591 vel
1795 2543 2005 2608 parva,
2067 2542 2141 2588 ac
2202 2523 2265 2588 in
2310 2527 2677 2607 perpetuum
2736 2525 3179 2591 inviolabiliter

436 2613 812 2679 ·observare.
860 2614 945 2679 Et
990 2614 1040 2678 si
1090 2616 1302 2679 contra
1346 2614 1626 2697 predicta
1669 2612 1766 2679 vel
1815 2611 2062 2695 aliquod
2089 2610 2504 2694 predictorum
2552 2610 2641 2677 ire
2689 2614 3181 2696 presumpserint

462 2703 573 2767 aut
618 2702 865 2781 iverint,
913 2703 1073 2785 quod
1119 2702 1451 2766 iamdictus
1498 2700 1787 2765 dominus
1812 2698 2178 2764 Albertinus
2225 2718 2426 2765 comes
2472 2717 2595 2764 una
2641 2719 2779 2764 cum
2808 2700 3178 2765 consiliariis

465 2788 840 2871 supradictis
886 2789 985 2854 vel
1023 2789 1180 2854 alius
1223 2792 1332 2854 aut
1376 2790 1525 2865 alii,
1589 2789 1692 2871 qui
1740 2788 1872 2853 loco
1934 2788 2206 2869 ipsorum
2269 2786 2505 2869 positus
2570 2787 2667 2852 vel
2713 2788 2902 2870 positi
2949 2787 3170 2866 forent,

462 2879 646 2960 prout
691 2878 767 2942 de
815 2877 1198 2960 beneplacito
1245 2879 1308 2942 et
1354 2876 1646 2941 mandato
1692 2875 1885 2958 ipsius
1946 2874 2176 2939 domini
2225 2874 2399 2938 ducis
2460 2876 2524 2938 et
2586 2875 2933 2940 communis
2976 2875 3177 2940 Vene-

462 2963 701 3028 ciarum
749 2966 1036 3046 procedet
1080 2968 1143 3028 et
1191 2983 1508 3041 consensu,
1553 2982 1686 3028 esse
1734 2963 1960 3027 debeat
2004 2960 2230 3044 vigilis,
2282 2960 2587 3026 sollicitus
2627 2962 2690 3026 et
2735 2964 3011 3026 attentus
3037 2980 3175 3026 cum

458 3050 818 3115 civitatibus
861 3055 925 3116 et
972 3052 1524 3116 communitatibus
1571 3041 1849 3115 fidelium
1882 3049 2287 3114 Veneciarum
2336 3047 2413 3113 ad
2451 3049 3010 3132 dampnificandum
3044 3068 3179 3114 eos-

454 3137 596 3201 dem
646 3139 707 3201 in
755 3139 1029 3221 personis
1077 3143 1140 3202 et
1188 3140 1372 3203 rebus
1422 3140 1716 3220 tanquam
1764 3154 1979 3201 eorum
2010 3135 2314 3218 perfidos
2300 3137 2600 3215 mimicOS,
2648 3136 2779 3201 vice
2826 3138 2889 3199 et
2927 3138 3173 3202 nomine

461 3223 614 3290 dicti
657 3225 886 3290 domini
934 3226 1110 3291 ducis
1156 3227 1220 3290 et
1264 3226 1608 3290 communis
1658 3225 2066 3288 Veneciarum
2114 3224 2474 3305 supradicti.
2518 3224 2602 3288 Et
2649 3224 2702 3288 si
2749 3225 3016 3306 dampna
3060 3225 3175 3289 ali-

458 3330 581 3394 qua
624 3312 755 3376 tam
804 3314 866 3377 in
906 3314 1181 3395 personis
1221 3331 1408 3394 quam
1455 3312 1520 3375 in
1567 3312 1746 3375 rebus
1801 3311 1880 3375 ab
1927 3310 2240 3392 aliquibus
2288 3312 2545 3376 Venetis
2591 3312 2690 3376 vel
2735 3310 3020 3377 fidelibus
3051 3312 3175 3377 Ve-

455 3400 742 3463 netorum
790 3398 853 3462 in
901 3399 1049 3464 locis
1096 3399 1404 3483 aliquibus
1451 3398 1844 3475 sustinerent,
1891 3397 2169 3463 faciendo
2216 3401 2431 3463 contra
2497 3398 2810 3480 predicta,
2874 3403 2945 3463 ut
2990 3418 3171 3481 supe-

455 3486 589 3550 rius
635 3485 871 3550 dictum
920 3491 1016 3551 est
1063 3485 1160 3550 vel
1206 3485 1526 3569 quodlibet
1570 3484 1990 3568 predictorum
2038 3486 2166 3549 tam
2216 3485 2279 3550 in
2327 3488 2527 3551 morte
2589 3485 2855 3551 hominis
2920 3486 3017 3551 vel
3060 3486 3171 3551 ho-

453 3572 712 3649 minum,
763 3591 947 3655 quam
998 3573 1184 3637 etiam
1235 3573 1298 3636 in
1340 3573 1524 3637 rebus
1572 3573 1659 3637 eis
1683 3572 1934 3650 ablatiS,
1970 3573 2406 3655 promiserunt,
2440 3574 2604 3656 quod
2650 3591 2961 3656 nunquam
2996 3574 3170 3638 stau·

452 3659 755 3725 rationem
801 3660 1070 3743 aliquam
1119 3662 1335 3743 petent
1378 3678 1416 3724 a
1462 3660 1770 3725 communi
1827 3660 2225 3724 Venetiarum
2295 3661 2545 3744 suisque
2605 3660 2928 3740 fidelibus,
2988 3664 3052 3726 et
3096 3681 3166 3725 ex

453 3766 614 3812 nunc
661 3766 775 3811 sua
819 3747 1015 3813 libera
1061 3752 1125 3811 et
1171 3748 1486 3813 voluntate
1542 3749 1882 3830 spontanea
1947 3766 2133 3896 super
2188 3747 2307 3811 hiis
2373 3766 2656 3830 expresse
2704 3747 2990 3813 omnibus
3039 3750 3168 3813 suis

450 3832 687 3900 iuribus
732 3836 796 3898 et
842 3835 1181 3900 rationibus
1247 3835 1779 3900 renunciaverunt.
1858 3834 2012 3899 Simi
2041 3834 2160 3899 iter
2208 3835 2621 3916 promiserunt
2682 3855 2791 3917 per
2833 3836 3166 3917 prestitum

449 3919 901 4001 iuramentum,
974 3922 1130 4006 quod
1199 3923 1450 4005 insuper
1497 3923 1726 4007 (vacat)
1774 3921 1905 3986 dies
1977 3924 2304 4004 postquam
2365 3920 2651 3987 dominus
2719 3940 2925 3987 comes
2973 3921 3162 3988 Jadre

450 4009 766 4091 predictus
811 4028 882 4073 ac
929 4009 1264 4075 consiliarii
1310 4010 1635 4076 memorati
1685 4028 1867 4074 suum
1916 4010 2374 4074 ambaxatorem
2439 4009 2685 4074 nomine
2732 4009 2880 4073 dicti
2929 4010 3164 4075 domini

451 4096 623 4160 ducis
670 4100 736 4161 et
780 4098 1125 4162 communis
1183 4097 1589 4162 Veneciarum
1653 4096 2002 4161 Almesium
2069 4097 2389 4174 miserint,
2461 4095 2620 4178 quod
2688 4095 2919 4160 facient
2963 4097 3167 4161 iurare

451 4200 667 4248 omnes
714 4186 777 4249 et
822 4184 1095 4268 singulos
1140 4203 1178 4248 a
1223 4184 1684 4267 quatuordecim
1731 4185 1910 4249 aunis
1942 4202 2127 4265 super
2155 4185 2360 4249 omnia
2405 4183 2764 4266 supradicta
2811 4186 2874 4247 et
2918 4183 3166 4267 singula

450 4270 893 4336 inviolabiliter
939 4273 1281 4349 observare,
1331 4274 1727 4337 manutenere
1797 4273 1862 4336 et
1929 4271 2126 4335 facere
2194 4291 2301 4354 per
2363 4290 2428 4336 se
2500 4290 2758 4353 suosque
2820 4270 3038 4336 eredes
3103 4275 3167 4334 et

452 4374 834 4422 successores
873 4358 1027 4423 bona
1074 4359 1193 4424 fide
1239 4359 1370 4423 sine
1417 4359 1662 4435 fraude,
1720 4358 2239 4443 quemadmodum
2303 4358 2422 4442 ipsi
2485 4358 2721 4423 nobiles
2769 4358 3163 4433 iuraverunt3

450 4444 515 4508 et
562 4443 617 4507 si
663 4444 831 4509 dicto
878 4446 1125 4511 domino
1172 4447 1313 4511 duci
1362 4445 1663 4529 placuerit
1710 4448 1960 4529 eiusque
2007 4447 2295 4523 consilio,
2348 4446 2506 4529 quod
2574 4449 2897 4510 teneantur
2958 4463 3164 4510 sacra-

452 4531 662 4595 menta
704 4533 766 4596 in
809 4533 1012 4614 capite
1058 4534 1322 4616 quinque
1369 4552 1670 4598 annorum
1735 4534 2156 4617 quorumlibet
2216 4534 2524 4600 innovare.
2601 4532 3035 4598 Promiserunt
3081 4532 3164 4596 si-

450 4616 686 4682 militer
732 4620 1034 4700 sepedicti
1081 4639 1284 4685 comes
1344 4619 1554 4686 Rados
1614 4626 1678 4685 et
1727 4621 2062 4704 Bogdanus
2123 4640 2266 4699 suo,
2339 4621 2685 4685 communis
2735 4621 2800 4685 et
2841 4620 3164 4687 hominum

450 4702 716 4770 Almesii
763 4707 1026 4785 nomine,
1090 4709 1155 4771 et
1213 4709 1612 4790 corporaliter
1674 4707 2064 4787 iuraverunt,
2138 4708 2193 4773 si
2238 4707 2486 4773 domino
2552 4708 2694 4773 duci
2756 4708 3164 4774 Veneciarum
