3620 5282
519 448 651 514 214

862 620 1211 704 CCCIII.
1270 621 1474 704 God-
1532 620 1754 704 1385.
1815 620 1912 702 16
1964 621 2340 721 tramis,
2398 644 2454 703 u
2510 621 2899 703 Mletcih.

529 778 897 857 Odpravzjen
954 783 1239 855 poslanik
1283 799 1325 840 u
1384 781 1679 856 Uyarsku‚
1724 781 1806 840 da
1873 782 2159 854 izposluje
2225 783 2619 856 oslobodjenje
2684 782 2924 840 Jakova
2987 780 3247 854 Quirina

524 887 735 930 onamo
809 887 895 928 na
949 871 1253 943 povratku
1319 868 1701 941 zasuim'ena,
1749 870 1773 926 i
1817 869 1897 927 da
1957 871 2190 929 izviesti
2229 887 2263 929 o
2307 871 2562 944 uspjehu
2606 870 2815 938 stvari,
2860 869 3001 940 koju
3042 869 3099 938 je
3145 868 3252 924 isti

1536 956 1734 1015 Jakov
1778 957 2001 1015 obaviti
2045 958 2221 1017 imao.
2327 967 2330 978 ·

737 1073 924 1139 1385.
966 1074 1301 1140 indictione
1327 1075 1495 1150 VIII,
1536 1075 1634 1138 die
1673 1073 2084 1139 sextodecimo
2125 1074 2354 1139 mensis
2386 1075 2620 1156 aprilis.
2671 1075 2780 1140 Ser
2828 1073 3051 1138 Petrus
3098 1071 3249 1136 Cor-

525 1164 696 1228 nario
735 1165 1109 1244 procurator,
1158 1182 1257 1227 ser
1294 1162 1635 1226 Ludovicus
1687 1161 2045 1226 Lauredano
2095 1164 2471 1242 procurator,
2531 1182 2630 1226 ser
2675 1161 3025 1226 Ludovicus
3067 1160 3246 1223 Mau·

523 1269 760 1327 rucene,
785 1268 886 1313 ser
919 1249 1188 1315 Michael
1214 1250 1423 1326 Steno,
1451 1248 1758 1325 sapientes
1782 1249 2043 1312 consilii.
2063 1248 2293 1331 Capta:
2314 1269 2452 1314 cum
2481 1249 2701 1314 nobilis
2731 1250 2825 1312 vir
2850 1267 2949 1312 ser
2972 1247 3015 1313 J
3018 1246 3246 1311 acobus

524 1337 778 1417 Quirino
840 1336 992 1401 civis
1051 1341 1260 1401 noster
1307 1335 1494 1400 fuerit
1540 1336 1885 1399 destinatus
1933 1335 2010 1399 ad
2056 1341 2265 1418 partes
2310 1338 2628 1419 Hungarie
2677 1355 2782 1418 pro
2827 1334 3008 1400 factis
3051 1333 3250 1398 nostri

529 1424 804 1504 dominii,
851 1425 917 1488 et
960 1424 1092 1506 ipse
1139 1423 1425 1488 alacriter
1470 1423 1669 1500 iverit,
1702 1426 1769 1487 ut
1808 1425 1909 1486 est
1969 1425 2204 1500 notum,
2260 1426 2325 1487 et
2370 1426 2674 1489 redeundo
2719 1422 3012 1487 Venetias
3061 1422 3248 1485 fuerit

530 1511 770 1593 captuS,
820 1512 886 1574 et
920 1513 1196 1576 nescitur
1240 1510 1474 1592 aliquid
1520 1509 1596 1574 de
1642 1528 1729 1587 ec,
1779 1512 1843 1573 et
1885 1529 1995 1593 pro
2038 1511 2265 1575 honore
2334 1512 2528 1575 nostri
2575 1510 2832 1575 dominii
2879 1508 3062 1574 faciat
3111 1527 3246 1588 pro-

527 1617 739 1664 curare
806 1598 1248 1663 relaxacionem
1311 1602 1376 1662 et
1437 1596 1866 1661 liberationem
1930 1598 2082 1674 eius,
2145 1603 2212 1661 ut
2258 1598 2363 1662 alii
2423 1598 2618 1663 nostri
2688 1598 2926 1662 nobiles
2972 1596 3249 1660 habeant

527 1703 776 1751 causam
824 1685 1006 1750 eundi
1054 1685 1344 1750 alacriter
1389 1684 1466 1747 ad
1514 1684 1840 1749 servitium
1888 1687 2203 1760 nostrum;
2256 1685 2428 1749 vadit
2472 1704 2634 1767 pars,
2683 1685 2840 1767 quod
2888 1682 3244 1766 collegium,

524 1772 767 1838 scilicet
811 1770 1118 1848 dominuS,
1170 1771 1527 1848 consiliarii,
1556 1771 1762 1852 capita
1793 1773 1858 1835 et
1896 1773 2207 1853 sapientes
2250 1773 2523 1836 habeant
2561 1773 2919 1837 libertatem
2954 1770 3244 1835 mittendi

525 1878 716 1924 unum
757 1859 1038 1923 nostrum
1102 1858 1408 1924 notarium
1472 1858 1886 1922 sufficientem
1946 1859 2024 1922 ad
2072 1861 2514 1940 procurandam
2563 1860 2990 1923 liberationem
3039 1861 3103 1922 et
3151 1876 3246 1920 re·

525 1947 893 2012 laxationem
941 1947 1087 2010 dicti
1136 1965 1235 2010 ser
1278 1945 1497 2011 Jacobi
1565 1943 1823 2024 Quirino
1871 1947 2032 2028 apud
2098 1946 2439 2028 reginalem
2489 1948 2880 2011 maiestatem
2927 1946 3246 2026 Hungarie

527 2036 592 2098 et
634 2033 813 2106 alios,
862 2033 933 2098 ut
977 2033 1164 2096 fuerit
1208 2032 1642 2110 necessarium,
1688 2051 1830 2097 cum
1881 2034 2007 2097 illis
2054 2034 2257 2098 verbis
2290 2034 2660 2110 efficacibuS,
2699 2034 2956 2097 utilibus
3004 2034 3068 2095 et
3096 2031 3244 2094 dex-

527 2121 663 2200 tris,
707 2140 823 2203 que
867 2121 1244 2185 videbuntur
1289 2138 1396 2202 pro
1443 2121 1670 2183 honore
1741 2120 1934 2184 nostri
1983 2121 2237 2185 dominii
2287 2124 2351 2185 et
2395 2122 2552 2185 bono
2598 2121 2748 2185 civis
2796 2120 2991 2185 nostri
3038 2119 3246 2200 predi-

526 2209 632 2273 cti.
667 2208 1315 2273 Item-committatur
1372 2206 1537 2272 dicto
1598 2208 1857 2284 notario,
1918 2208 2075 2289 quod
2121 2227 2264 2273 cum
2335 2209 2534 2274 literis
2576 2210 2806 2272 nostris
2851 2207 3243 2272 credulitatis

529 2296 754 2361 debeat
793 2313 1141 2376 comparere
1177 2313 1379 2359 coram
1428 2312 1649 2378 magno
1694 2295 1941 2375 comite,
1984 2297 2047 2359 et
2075 2296 2278 2360 dicere
2326 2296 2782 2379 magnificentie
2814 2314 2943 2367 sue,
2974 2295 3246 2377 qualiter

534 2383 937 2447 misseramus
984 2382 1063 2445 ad
1111 2384 1316 2464 partes
1364 2381 1505 2446 illas
1573 2399 1671 2445 ser
1715 2381 2024 2447 Jacobum
2071 2381 2327 2462 Quirino
2355 2384 2725 2466 predictum,
2777 2381 2882 2465 qui
2929 2380 3241 2446 redeundo

530 2470 825 2534 Venetias
871 2470 1086 2550 captus
1132 2468 1270 2545 fuit,
1320 2482 1383 2532 et
1426 2468 1587 2550 quod
1635 2488 1742 2550 per
1781 2470 1985 2550 ipsum
2033 2489 2132 2534 ser
2162 2470 2464 2536 Jacobum
2509 2471 2848 2534 dominatio
2882 2472 3089 2533 nostra
3121 2486 3242 2532 non

525 2557 731 2640 potuit
773 2556 1001 2620 habere
1046 2556 1317 2637 aliquam
1365 2557 1820 2637 responsionem
1867 2575 1986 2621 nec·
2023 2557 2522 2622 informationem
2570 2557 2647 2620 de
2677 2556 2842 2622 facto
2891 2555 3240 2638 principali,

527 2662 638 2728 pro
683 2660 802 2727 quo
849 2644 1075 2708 missus
1121 2644 1240 2708 fuit
1283 2645 1359 2708 ad
1406 2646 1608 2724 partes
1653 2644 1813 2715 illas.
1866 2647 1930 2708 et
1974 2646 2131 2728 quod
2179 2665 2288 2710 nos
2333 2647 2598 2710 libenter
2639 2647 2961 2721 sciremus,
3013 2645 3076 2707 in
3121 2662 3240 2725 quo

528 2732 794 2796 termino
864 2731 976 2795 illa
1042 2732 1294 2813 negocia
1362 2735 1806 2810 remanserunt,
1857 2734 1926 2795 ut
1968 2732 2277 2813 possimus
2347 2733 2682 2815 providere,
2741 2733 2903 2796 sicut
2948 2732 3239 2796 convenit

525 2837 635 2902 pro
681 2819 836 2883 bono
895 2818 1270 2900 agendorum
1335 2818 1601 2893 illorum,
1649 2821 1711 2881 et
1757 2836 1899 2882 cum
1943 2837 2064 2901 qua
2108 2821 2446 2885 intentione
2496 2821 2781 2884 veniebat
2821 2838 2919 2884 ser
2963 2818 3268 2884 Jacobus‘

530 2905 785 2985 Quirino
833 2906 1180 2988 predictus;
1228 2909 1292 2969 et
1335 2903 1411 2968 de
1457 2905 1742 2970 omnibus
1801 2906 2174 2987 supradictis
2220 2908 2494 2971 notarius
2542 2909 2750 2971 noster
2785 2911 3077 2989 procuret
3126 2906 3238 2968 ba-

527 2994 669 3058 bere
738 2993 1163 3075 plenissimam
1231 2991 1745 3068 informationem,
1810 2998 1874 3056 et
1935 3013 2077 3058 cum
2124 3012 2213 3072 eo,
2261 2994 2421 3077 quod
2468 2994 2683 3059 fecerit
2727 2995 2789 3057 et
2835 2994 3126 3058 habuerit
3174 2992 3242 3055 in

526 3082 866 3164 premissis,
914 3079 1126 3144 redeat
1170 3080 1452 3145 celeriter
1500 3079 1787 3144 Venetias
1835 3081 1908 3144 de
1954 3081 2240 3146 omnibus
2298 3082 2659 3164 plenissime
2705 3081 3098 3145 insol-metue.
3159 3080 3243 3143 Et

530 3168 584 3232 si
631 3173 839 3233 noster
884 3168 1162 3232 notarius
1210 3167 1504 3248 reperiret
1561 3185 1662 3231 ser
1705 3167 2007 3233 Jacobum
2057 3166 2312 3248 Quirino
2360 3167 2724 3246 relaxatum,
2767 3187 2892 3233 non
2941 3167 3239 3250 procedat

527 3255 788 3320 ulterius
834 3254 901 3320 in
933 3254 1095 3321 sacto
1132 3254 1423 3336 predicto,
1472 3255 1579 3319 sed
1622 3254 1833 3319 redeat
1863 3256 2153 3319 Venetias
2185 3256 2261 3320 de
2291 3257 2576 3321 omnibus
2624 3261 2801 3339 plene
2850 3254 3242 3320 informatus

732 3359 892 3424 Item
938 3358 1369 3425 committatur
1429 3358 1593 3423 dicto
1641 3360 1871 3437 nuntio,
1905 3360 2063 3442 quod
2109 3362 2171 3425 in
2217 3361 2318 3426 via
2363 3380 2477 3426 sua
2528 3361 2582 3425 si
2629 3363 3013 3443 persentiret,
3080 3360 3244 3442 quod

528 3464 629 3511 ser
671 3446 943 3512 Jacobus
990 3444 1244 3527 Quirino
1307 3466 1422 3511 non
1487 3448 1652 3510 esset
1712 3446 1912 3512 adbuc
1968 3448 2294 3522 relaxatus,
2344 3451 2408 3513 et
2448 3451 2606 3532 quod
2656 3467 2836 3531 posse
2885 3448 3004 3512 sibi
3053 3447 3240 3530 loqui,

528 3536 675 3598 tunc
719 3533 1009 3617 loquatur
1034 3535 1110 3613 ei,
1158 3537 1224 3598 et
1268 3533 1321 3598 si
1366 3534 1621 3599 habebit
1665 3535 1744 3599 ab
1791 3551 1863 3598 eo
1909 3535 2154 3617 plenam
2202 3536 2691 3601 informationem
2739 3535 2888 3601 facti
2938 3535 3248 3618 principa-

518 3619 629 3699 ·lis,
677 3620 753 3685 de
802 3622 1074 3703 presenti
1120 3621 1357 3686 scribat
1402 3621 1577 3686 nobis
1639 3623 1936 3699 ordinate,
1986 3625 2050 3686 et
2095 3625 2495 3706 prosequatur
2543 3624 2706 3688 viam
2755 3642 2934 3687 suam
2982 3642 3099 3687 non
3146 3621 3242 3685 di-

523 3706 712 3775 cendo
751 3707 989 3791 aliquid
1028 3728 1254 3791 magno
1291 3710 1523 3786 comiti,
1573 3709 1679 3773 sed
1724 3715 2010 3791 procuret
2064 3710 2494 3776 liberationem
2544 3715 2608 3774 et
2651 3712 3095 3775 relaxationem
3145 3728 3244 3773 ser

522 3795 741 3861 Jacobi
790 3794 1048 3876 Quirino
1096 3816 1133 3861 a
1179 3797 1436 3878 reginali
1487 3797 1813 3862 maiestate
1893 3797 2232 3880 Hungarie,
2282 3803 2351 3863 ut
2396 3799 2679 3881 superius
2725 3798 2965 3862 dictum
3012 3800 3129 3875 est,
3178 3800 3245 3860 et

525 3884 601 3948 de
645 3883 769 3948 alio
815 3902 881 3948 se
925 3902 1046 3948 non
1089 3883 1403 3966 impediat.
1450 3920 1529 3930 —
1588 3882 1689 3947 70.

733 3986 1127 4052 Consiliarii:
1176 4008 1275 4053 ser
1334 3987 1545 4054 Simon
1593 3987 1931 4066 Dalmari0,
1994 4008 2093 4054 ser
2135 3992 2485 4055 Leonardus
2534 3990 2814 4055 Dandulo
2880 3989 3060 4053 miles
3106 4008 3247 4071 pro-

521 4078 769 4141 curator
829 4074 1088 4157 sapiens
1139 4073 1298 4153 Quia
1344 4076 1510 4140 istud
1580 4073 1813 4139 factum
1880 4083 1974 4141 est
2037 4096 2334 4159 magnum
2375 4080 2440 4141 et
2483 4078 2763 4154 arduum,
2812 4080 2877 4141 et
2922 4096 3114 4159 usque
3163 4077 3254 4140 ad.

520 4181 743 4244 paucos
791 4162 921 4227 dies
954 4180 1094 4226 cum
1148 4163 1242 4227 dei
1291 4165 1495 4246 gratia
1541 4161 1910 4228 babebimus
1955 4164 2309 4230 claritatem
2359 4165 2624 4247 negotii,
2678 4164 2843 4229 vadit
2890 4183 3051 4246 pars,
3087 4167 3245 4246 quod

518 4249 870 4315 inducietur
916 4267 1023 4331 pro
1084 4251 1264 4315 modo
1324 4269 1514 4333 usque
1576 4249 1653 4312 ad
1724 4249 1969 4333 aliquos
2039 4252 2190 4330 dieS,
2255 4256 2318 4318 et
2363 4258 2508 4317 tunc
2553 4252 2788 4316 erimus
2838 4252 2959 4326 hic,
3003 4252 3068 4314 et
3113 4252 3243 4329 fiet,

517 4337 682 4401 sicut
728 4336 1037 4401 videbitur
1082 4336 1225 4401 huic
1272 4338 1529 4403 consilio
1575 4355 1686 4420 pro
1735 4338 1892 4402 bono
1937 4340 2316 4422 agendorum
2365 4343 2713 4404 nostrorum
2766 4375 2841 4384 —-
2894 4339 2977 4402 29
3027 4372 3114 4384 —
3162 4338 3240 4402 de

517 4440 634 4488 non
681 4431 737 4502 1,
787 4442 905 4488 non
950 4423 1173 4489 sinceri
1205 4424 1266 4492 9.

599 4531 779 4592 Misti
829 4529 1143 4593 XXXIX.
1189 4536 1290 4604 66,
1334 4551 1377 4593 u
1421 4534 1577 4595 mlet.
1629 4534 1865 4597 arkivu.
