3620 5282
480 342 607 407 398

480 516 638 600 quod
685 517 893 599 puella
937 514 1198 599 quedam
1248 515 1492 579 nomine
1531 565 1545 579 .
1581 566 1594 580 .
1632 566 1647 579 .
1686 534 1794 597 pro
1843 516 2054 580 obside
2119 516 2346 581 morari
2406 517 2590 579 debet
2652 533 2760 596 pro
2823 515 3038 579 eodem
3086 515 3205 580 Pe-

480 604 706 688 trigna‚
756 622 1069 686 quousque
1111 602 1221 666 alii
1267 602 1511 668 obsides
1560 621 1793 667 moram
1828 602 2119 678 fecerint;
2168 606 2232 667 et
2277 603 2354 667 ad
2389 603 2593 685 ipsum
2627 603 2981 679 terminum,
3017 621 3203 685 quem

480 692 764 757 dominus
813 693 932 755 dux
979 693 1043 755 et
1087 690 1414 755 consilium
1478 708 1585 774 per
1632 690 1875 755 litteras
1940 691 2257 756 mandabit
2324 692 2443 773 ipsi
2490 690 2816 773 Petrigne‚
2882 692 2952 754 ut
2999 691 3207 755 veniat

482 780 557 844 ad
613 780 907 844 Venecias
957 798 1061 860 pro
1109 778 1337 855 obside,
1389 778 1593 842 veniet
1638 781 1703 843 et
1747 778 1963 855 stabit,
2012 778 2159 842 dum
2205 779 2314 843 alii
2361 778 2667 842 steterint.

568 870 755 929 Liber
784 871 1119 945 pleyiorum
1150 871 1251 928 list
1300 872 1399 941 69,
1448 870 1532 927 br.
1582 870 1729 936 432,
1768 886 1810 927 u
1853 870 2194 928 mletadkom
2241 871 2477 928 arkivu.

940 1057 1173 1140 XXI.
1237 1057 1445 1140 (iod.
1482 1056 1693 1140 1227.
1749 1060 1792 1139 1
1841 1054 2194 1158 sicema,
2248 1079 2306 1138 u
2359 1056 2749 1139 Mletcih.

481 1187 620 1246 Dva
655 1186 970 1245 Mletcana
1016 1185 1213 1257 Jamce
1274 1201 1349 1243 za
1381 1183 2080 1258 jednoqa.Zadranina,
2123 1183 2203 1241 da
2241 1186 2376 1256 ovqj
2422 1185 2539 1242 niti
2567 1185 2664 1243 tko
2695 1184 2872 1260 druqi
2913 1202 2988 1245 za
3031 1186 3207 1259 njeya

838 1273 974 1332 nece
1017 1273 1144 1346 svoj
1189 1272 1333 1331 brod
1372 1273 1428 1332 iz
1474 1272 1750 1331 Mletaka
1793 1273 1998 1331 izvesti
2044 1272 2143 1331 bez
2188 1271 2420 1332 dozvole
2465 1272 2616 1331 mlet.
2663 1273 2851 1331 vlade.

698 1393 813 1458 Die
861 1394 1060 1476 primo
1109 1393 1379 1457 intrante
1424 1391 1754 1472 februario,
1802 1392 2137 1458 indictione
2185 1392 2317 1457 XV.
2361 1391 2566 1456 Adam
2612 1391 2897 1459 Avonaro
2943 1393 3016 1457 de
3063 1411 3206 1458 con-

489 1480 635 1546 finio
682 1481 881 1546 sancti
926 1480 1158 1545 Felicis
1204 1484 1270 1545 et
1314 1479 1631 1546 Johannes
1693 1480 1770 1544 de
1824 1479 2048 1545 Ymola
2111 1480 2188 1544 de
2251 1480 2512 1546 confinio
2575 1482 2770 1545 sancti
2821 1481 3078 1545 Martini
3124 1481 3202 1545 de

486 1569 729 1636 Gemin.
779 1570 1088 1634 steterunt
1134 1568 1321 1650 plegii
1386 1569 1449 1631 et
1511 1569 1838 1650 pagatores
1901 1588 2006 1649 pro
2069 1567 2341 1652 Nycolao
2403 1567 2478 1632 de
2522 1566 2718 1632 Jadra
2763 1570 2878 1633 sub
2927 1587 3079 1650 pena
3126 1568 3204 1631 li-

485 1657 733 1723 brarum
781 1655 952 1733 CCC,
1005 1655 1290 1720 videlicet
1336 1654 1496 1739 quod
1545 1656 1675 1737 ipse
1721 1656 2034 1737 Nycolaus
2081 1674 2192 1720 nec
2237 1656 2397 1720 alius
2461 1675 2568 1737 per
2629 1656 2826 1720 ullum
2889 1656 3207 1737 ingenium

487 1747 661 1809 extra
706 1744 1005 1809 Venecias
1054 1762 1173 1807 nou
1234 1745 1575 1808 conducent
1636 1743 1975 1808 banzonem
2038 1744 2235 1826 ipsius
2303 1741 2582 1827 Nycolay
2631 1746 2913 1808 vocatum
2961 1762 3010 1808 s,
3057 1744 3207 1807 Bla-

489 1834 681 1902 xium.
731 1832 838 1914 qui
885 1834 1020 1896 erat
1065 1830 1226 1913 apud
1274 1829 1561 1913 Clugiam
1609 1830 1849 1894 minore
1891 1831 2123 1914 absque
2169 1832 2462 1896 mandato
2510 1832 2737 1896 domini
2764 1832 2937 1895 ducis
2969 1834 3034 1895 et
3064 1850 3208 1896 con-

482 1920 629 1984 silii.
680 1920 937 1984 Testes:
983 1920 1206 1983 Petrus
1255 1918 1532 1982 Dandolo
1581 1920 1645 1983 et
1689 1917 1921 1982 Aurius
1969 1919 2280 1984 Barastro.

571 2010 758 2070 Liber
795 2011 1129 2084 pleyiorum
1174 2010 1275 2068 list
1324 2011 1425 2087 72,
1473 2010 1559 2068 br.
1596 2010 1742 2078 459,
1789 2028 1833 2067 u
1879 2010 2097 2069 arkt'vu
2141 2010 2500 2069 mletalkom.

908 2197 1180 2280 XXll.
1236 2197 1443 2280 Gon.
1490 2196 1701 2280 1227.
1756 2197 1852 2281 15
1905 2197 2216 2299 lipnja„
2269 2218 2331 2278 u
2384 2196 2777 2279 Mleteih.

480 2327 683 2387 Jedan
726 2325 1065 2384 Mletcanin
1096 2325 1285 2397 J‘amd‘i
1329 2341 1404 2383 za
1448 2325 1564 2383 dva
1610 2324 1902 2382 Zadrana
1923 2367 1937 2393 ‚
2003 2323 2083 2382 da
2143 2324 2204 2382 όε
2247 2340 2309 2382 se
2369 2324 2566 2382 naimo
2627 2341 2738 2383 ova
2780 2324 2897 2383 dva
2930 2326 3207 2398 pred-sta-

636 2415 747 2473 viti
793 2413 1010 2490 dulcia,
1059 2413 1179 2470 kad
1209 2413 1328 2485 jim
1372 2414 1508 2486 ovnj
1551 2411 1875 2485 zapoviedi,
1921 2411 1991 2469 ili
2035 2429 2119 2469 na
2161 2412 2333 2485 m'eko
2380 2411 2770 2485 opredieljeno
2817 2414 3047 2473 vrieme.

698 2532 817 2597 Die
864 2530 980 2596 XV
1029 2532 1301 2595 intrante
1346 2530 1519 2608 iunii,
1565 2529 1898 2595 indictione
1944 2530 2080 2595 XV.
2130 2530 2442 2595 Vetranus
2490 2530 2685 2595 Balbo
2732 2533 2805 2596 de
2854 2533 3116 2598 confinio
3156 2552 3208 2598 s.

484 2621 729 2689 Marino
777 2620 958 2685 stetit
1002 2618 1248 2702 plegius
1294 2618 1537 2684 domino
1598 2618 1743 2684 duci
1805 2618 1886 2683 ad
1947 2621 2187 2700 partem
2250 2618 2594 2684 communis
2643 2620 3048 2687 Veneciarum
3097 2640 3204 2704 pro

485 2711 615 2775 filio
664 2711 822 2774 Dese
870 2709 945 2774 de
994 2707 1221 2791 Picega
1267 2709 1513 2771 nomine
1539 2756 1553 2770 .
1599 2756 1613 2771 .
1652 2757 1666 2771 .
1705 2757 1719 2771 .
1756 2758 1769 2772 .
1822 2708 1934 2772 sub
1969 2726 2121 2788 pena
2164 2707 2462 2772 librarum
2495 2708 2551 2771 D
2585 2713 2649 2772 et
2679 2728 2786 2790 pro
2827 2708 2955 2773 filio
2993 2710 3208 2774 Preste

485 2798 560 2863 de
610 2797 802 2864 Jadra
848 2797 964 2862 sub
1012 2814 1169 2878 pena
1218 2796 1482 2860 aliarum
1529 2796 1829 2860 librarum
1863 2796 1917 2858 D
1944 2794 2369 2873 Veneciarum‚
2420 2795 2708 2860 videlicet
2740 2796 2919 2878 quod,
2970 2799 3209 2879 quando

488 2886 777 2951 dominus
824 2887 942 2950 dux
988 2884 1262 2968 requiret
1323 2885 1376 2948 ei
1426 2886 1538 2948 aut
1602 2883 1828 2965 requiri
1891 2882 2105 2947 fecerit
2163 2901 2264 2947 eos
2328 2883 2424 2948 vel
2491 2902 2681 2948 unum
2749 2885 3022 2966 ipsorum
3069 2885 3211 2950 hinc

485 2973 566 3037 ad
617 2973 769 3038 Vlll
817 2973 948 3046 dies
999 2975 1141 3036 ante
1186 2971 1413 3036 festum
1478 2990 1527 3035 ε.
1588 2971 1915 3035 Michaelis
1980 2971 2327 3052 proximum
2388 2972 2792 3053 septembris,
2858 2971 3048 3037 faciet
3108 2991 3213 3036 eos

491 3061 841 3144 presentari
885 3078 1088 3125 coram
1138 3060 1385 3123 domino
1432 3058 1606 3135 duce,
1656 3061 1720 3123 et
1771 3059 1921 3123 licet
1968 3058 2249 3140 requisiti
2314 3077 2431 3122 non
2497 3058 2724 3122 fuerint
2785 3058 2946 3122 infra
2994 3059 3211 3124 termi-

488 3167 662 3224 num,
714 3150 785 3211 ut
828 3147 1065 3212 dictum
1114 3150 1230 3224 est,
1279 3150 1488 3211 tamen
1537 3146 1616 3210 ad
1661 3146 1869 3229 ipsum
1918 3146 2254 3210 terminum
2304 3146 2417 3210 sub
2480 3146 2697 3210 eadem
2763 3165 2921 3230 pena
2967 3150 3212 3213 tenetur

487 3253 593 3301 eos
640 3234 841 3299 facere
888 3237 953 3298 in
1000 3235 1133 3299 eius
1181 3233 1411 3315 palatio
1459 3234 1801 3316 presentari
1847 3233 1947 3298 die
1992 3232 2142 3297 XVI
2189 3233 2458 3298 intrante
2506 3236 2807 3316 augusto,
2874 3235 3209 3300 indictione

488 3324 690 3406 prima
736 3321 800 3386 in
844 3323 1158 3405 presentia
1205 3323 1325 3384 An.
1375 3320 1709 3404 Marigloni
1756 3325 1820 3386 et
1866 3321 1944 3385 D.
1993 3320 2221 3386 Dalfini
2268 3321 2779 3386 consiliariorum.
2834 3323 3054 3387 Dictus
3090 3323 3211 3388 Ve-

488 3416 708 3477 tranus
756 3410 872 3474 sub
922 3408 1137 3473 eadem
1184 3408 1582 3487 condictione,
1634 3412 1706 3473 ut
1750 3428 1934 3490 supra
1981 3409 2215 3473 dictum
2265 3411 2380 3487 est,
2436 3409 2696 3491 pleiavit
2740 3409 2943 3474 dictos
2989 3428 3212 3493 pueros

489 3499 740 3563 tantum
788 3497 971 3580 modo
1018 3496 1081 3560 in
1129 3515 1285 3578 pena
1332 3496 1631 3561 librarum
1674 3496 1730 3560 D
1779 3498 1854 3561 de
1900 3495 2333 3579 consignandis
2394 3496 2544 3579 ipsis
2592 3497 2842 3562 domino
2891 3497 3066 3576 duci,
3135 3500 3207 3562 ut

492 3587 733 3652 dictum
783 3589 898 3663 est,
946 3585 1090 3649 hinc
1133 3586 1209 3648 ad
1256 3583 1484 3648 festum
1530 3582 1804 3649 omnium
1853 3585 2228 3649 sanctorum.

579 3677 768 3737 Liber
801 3677 1128 3751 pleqiorom
1169 3676 1269 3734 list
1318 3677 1417 3745 73,
1463 3676 1548 3734 br.
1596 3677 1742 3745 480,
1789 3693 1833 3734 u
1878 3676 2095 3735 arkivu
2137 3676 2496 3735 mletadkom.

884 3864 1199 3948 XXlll.
1274 3863 1481 3947 God.
1536 3862 1747 3945 1227.
1798 3865 1898 3945 19
1954 3865 2278 3965 srpma,
2330 3885 2392 3945 u
2444 3863 2836 3946 Mletcih.

490 3995 630 4054 Dva
673 3994 990 4054 Mletbana
1045 3993 1242 4065 ‚iambe
1285 4008 1359 4050 za
1392 3991 1654 4065 jednoya
1700 3989 2075 4059 Zadrcmina,
2122 3991 2203 4050 da
2255 3991 2316 4051 de
2363 4009 2444 4065 qa
2488 3993 2683 4050 naime
2719 3991 2959 4050 iamditi
2989 3989 3206 4060 dulcia,

755 4081 877 4142 kad
916 4099 997 4156 qa
1042 4083 1177 4154 ovaj
1220 4079 1525 4139 zahtievao
1571 4078 1736 4148 bude,
1781 4079 1807 4137 i
1853 4081 1911 4137 to
1945 4078 2072 4152 pod
2115 4080 2365 4139 kaznom
2416 4079 2491 4138 od
2535 4081 2705 4137 1000
2751 4079 2962 4138 libara.

700 4201 813 4267 Die
862 4199 1017 4265 XIII
1059 4200 1312 4264 exeunte
1360 4197 1513 4275 iulii,
1564 4197 1898 4263 indictione
1924 4197 2061 4263 XV.
2111 4196 2269 4262 Cum
2308 4198 2471 4264 Desa
2515 4198 2590 4262 de
2637 4197 2858 4263 Piceca
2907 4199 2982 4263 de
3006 4198 3203 4264 Jadra

488 4292 705 4372 captus
752 4290 812 4354 in
859 4287 1092 4372 palatio
1138 4288 1397 4351 ducatus
1446 4285 1832 4364 retineretur,
1878 4305 2065 4368 quum
2115 4286 2189 4349 de
2238 4289 2434 4350 morte
2482 4285 2794 4368 quondam
2840 4286 2940 4352 Jo.
2993 4284 3198 4369 Bagui

491 4378 564 4440 de
611 4375 802 4442 Jadra
848 4377 1167 4458 suspectus
1213 4374 1635 4457 reputabatur,
1684 4376 1844 4456 quod
1891 4375 2094 4454 ipsum
2140 4372 2372 4438 fecerat
2418 4373 2700 4449 interfici,
2750 4376 3052 4440 venerunt
3097 4391 3202 4438 co-

490 4482 625 4528 ram
661 4463 907 4527 domino
955 4465 1109 4527 duce
1153 4464 1216 4526 et
1261 4481 1371 4526 suo
1419 4462 1675 4526 consilio
1719 4461 2072 4526 Leonardus
2120 4460 2504 4527 Gradonicus
2547 4461 2623 4526 de
2669 4462 2927 4527 confinio
2975 4481 3022 4525 s.
3077 4459 3202 4525 Sil-

488 4549 615 4614 veri
663 4555 725 4612 et
769 4549 870 4615 Jo.
917 4549 1185 4615 Michael
1231 4549 1304 4613 de
1351 4548 1609 4636 confinio
1656 4569 1704 4614 s.
1754 4548 2074 4626 cantiani,
2140 4549 2245 4631 qui
2293 4549 2498 4631 ipsum
2546 4550 2779 4614 Desam
2824 4548 3205 4632 pleiarerunt

490 4637 745 4701 domino
795 4637 937 4701 duci
984 4636 1064 4700 ad
1112 4639 1349 4718 partem
1396 4637 1760 4701 communis¹
1802 4636 2210 4701 Veneciarum
2272 4637 2386 4701 sub
2449 4636 2628 4702 libris
2675 4638 2761 4701 M.
2811 4636 3215 4702 Veneciarum

490 4724 707 4790 silicet
755 4724 1107 4790 Leonardus
1156 4724 1542 4790 Gradenicus
1588 4742 1698 4807 pro
1760 4723 1937 4789 libris
1984 4722 2344 4789 DCCLXVI
2392 4725 2598 4792 minus
2659 4725 2853 4790 tercia
2907 4727 2970 4788 et
3014 4723 3220 4789 dictus
