3620 5282
3060 385 3192 452 413

469 556 794 640 placuerit,
843 573 1054 621 omnes
1099 555 1375 620 homines
1422 557 1485 620 et
1532 574 1837 638 personaS,
1888 576 2038 640 quos
2085 575 2407 622 commune
2454 558 2861 624 veneciarum
2907 579 3017 643 pro
3059 562 3182 626 ini-

469 644 647 724 micis
693 644 951 710 habebit
995 646 1058 708 et
1098 643 1354 722 tenebit,
1396 661 1498 709 eos
1546 644 1839 709 similiter
1904 645 2217 710 habebunt
2273 648 2337 710 et
2391 646 2725 724 tenebunt,
2790 648 2961 712 salvo
3007 649 3071 712 in
3118 668 3186 715 eo

472 733 633 814 quod
683 732 972 797 tenentur
1020 731 1269 796 domino
1316 731 1450 814 regi
1490 730 1781 814 Ungarie.
1831 732 2136 814 Equidem
2200 750 2341 797 vero
2387 735 2852 816 prenominatus
2898 734 3182 801 dominus

473 821 837 890 Albertinus
887 819 1260 884 Mauroceno
1308 837 1515 884 comes
1563 837 1684 883 una
1730 838 1873 883 cum
1939 819 2309 884 consiliariis
2356 819 2747 903 supradictis,
2797 821 3035 887 scilicet
3079 824 3187 889 do-

472 911 660 977 minis
710 908 994 976 ‚Iohanne
1040 905 1334 971 Cornario
1383 909 1445 969 et
1491 903 1752 970 Nicolao
1798 906 1993 971 Minio
2039 907 2169 971 vice
2215 911 2279 972 et
2326 907 2573 972 nomine
2619 908 2853 973 domini
2901 908 3074 974 ducis
3121 911 3186 975 et

473 996 821 1066 communis
865 994 1272 1059 Veneciarum
1328 992 1665 1074 supradicti
1713 1011 2084 1076 suorumque
2131 1012 2555 1060 successorum
2615 1014 2686 1060 ac
2732 996 3010 1061 omnium
3059 997 3181 1061 Ve-

473 1086 789 1153 neciamm
837 1081 1115 1146 fidelium
1162 1079 1577 1163 promiserunt
1621 1081 1889 1145 dominis
1960 1081 2174 1146 comiti
2230 1079 2434 1147 Rados
2499 1085 2563 1147 et
2608 1082 2905 1164 Bogdano
2951 1084 3025 1149 de
3070 1082 3187 1149 Al-

472 1174 687 1250 mesio,
738 1168 1177 1252 recipientibus
1225 1186 1334 1251 pro
1380 1186 1446 1232 se
1492 1168 1623 1232 vice
1664 1171 1728 1232 et
1770 1168 2018 1233 nomine
2044 1170 2512 1234 communitatis
2562 1171 2626 1233 et
2671 1171 2987 1234 hominum
3021 1173 3183 1236 terre

469 1260 748 1346 predicte
793 1258 960 1339 ipsos
1008 1255 1287 1320 homines
1329 1254 1614 1333 Almesii,
1664 1255 1919 1320 heredes
1967 1258 2032 1320 et
2077 1274 2458 1321 successores
2504 1274 2713 1320 eorum
2761 1257 2961 1322 salvos
2993 1260 3057 1322 et
3087 1277 3185 1324 se-

471 1367 648 1415 curos
689 1347 907 1423 facere,
955 1345 1165 1409 tenere
1212 1345 1277 1406 et
1320 1341 1548 1406 habere
1596 1345 1727 1406 tam
1775 1343 1838 1407 in
1887 1344 2043 1408 mari
2091 1361 2278 1425 quam
2326 1345 2389 1408 in
2435 1345 2601 1408 terra
2661 1362 2732 1409 ac
2796 1345 2859 1408 in
2905 1347 3184 1426 qualibet

469 1434 685 1501 mundi
732 1433 906 1516 parte
953 1431 1016 1494 in
1058 1429 1334 1512 personis
1376 1434 1439 1493 et
1484 1430 1668 1494 rebus
1718 1433 1781 1493 et
1826 1430 1887 1494 in
1938 1431 2223 1494 omnibus
2277 1430 2459 1510 aliie,
2526 1449 2643 1514 que
2705 1431 3006 1497 haberent
3072 1434 3184 1498 aut

469 1522 699 1589 lucrati
746 1519 950 1585 forent
996 1518 1160 1581 ultra
1206 1515 1469 1582 sormam
1517 1519 1823 1598 presentis
1855 1517 2094 1601 pagine,
2145 1518 2429 1600 ipsosque
2471 1519 2540 1582 ut
2574 1517 2810 1583 amicos
2858 1522 2923 1584 et
2968 1521 3179 1585 fideles

472 1630 684 1676 eorum
730 1608 975 1683 habere,
1024 1604 1234 1669 tenere
1280 1607 1344 1667 et
1390 1606 1658 1669 tractare
1717 1622 1789 1669 ac
1835 1607 2132 1688 perpetuo
2196 1623 2574 1669 conservare.
2645 1605 2844 1670 Tener
2890 1626 3031 1672 vero
3077 1626 3180 1672 co-

472 1697 786 1763 missionis
833 1693 1116 1776 superius
1163 1691 1474 1756 nominate
1521 1692 1666 1755 talis
1715 1693 1830 1756 est.
1903 1691 2030 1757 Nos
2091 1692 2461 1756 Laurentius
2512 1692 2785 1775 Teupolo
2830 1693 2926 1758 dei
2973 1697 3180 1777 gratia

467 1783 894 1859 Veneciarum,
945 1778 1268 1846 Dalmacie
1293 1782 1479 1861 atque
1503 1777 1757 1843 Croacie
1800 1779 1939 1858 dux,
1976 1779 2261 1844 dominus
2306 1781 2527 1862 quarte
2574 1780 2768 1862 partis
2815 1783 2879 1845 et
2924 1781 3177 1847 dimidie

469 1874 663 1938 totius
698 1868 943 1951 imperii
988 1866 1308 1932 Romanie.
1357 1865 1591 1931 Notum
1640 1865 1905 1953 facimus
1953 1871 2163 1931 tenore
2212 1867 2600 1948 presencium
2650 1868 2986 1947 universis,
3036 1868 3179 1951 quia

466 1979 577 2044 per
622 1976 731 2023 nos
779 1959 843 2021 et
888 1959 1167 2019 nostrum
1237 1954 1441 2017 minus
1508 1955 1572 2017 et
1630 1955 1832 2018 maius
1894 1955 2218 2018 consilium
2283 1954 2525 2019 nomine
2593 1958 2802 2020 nostro
2864 1957 2928 2019 et
2975 1958 3172 2022 nostri

464 2046 808 2113 communis
855 2040 1264 2107 Veneciarum
1318 2040 1578 2105 facimus
1624 2040 1689 2104 et
1734 2041 2170 2106 constituimus
2233 2041 2470 2105 nobiles
2517 2043 2581 2106 et
2627 2044 2937 2125 sapientes
3006 2044 3176 2109 viros
3225 2054 3234 2057 “

462 2134 860 2199 Albertinum
905 2131 1272 2194 Mauroceno
1321 2127 1396 2191 de
1443 2130 1653 2192 nostro
1700 2129 1991 2193 mandato
2037 2128 2331 2193 comitem
2376 2128 2763 2207 Jadrensem,
2820 2130 3172 2196 Johannem

465 2220 757 2288 Cornario
802 2220 865 2282 et
909 2216 1236 2281 Nicolaum
1283 2213 1480 2278 Minio
1524 2216 1653 2279 eius
1701 2215 2105 2294 consiliarios,
2154 2215 2367 2280 fideles
2415 2223 2656 2281 nostros
2701 2217 2998 2294 dilectos,
3066 2237 3176 2283 no-

462 2312 625 2374 stros
672 2307 736 2371 et
780 2304 972 2387 ipsius
1019 2302 1365 2368 communis
1407 2301 1690 2385 syndicos
1758 2305 1824 2366 et
1870 2304 2104 2367 actores
2166 2304 2229 2366 et
2281 2306 2742 2385 procuratores,
2807 2323 2880 2369 ac
2928 2305 3173 2388 plenam

462 2396 760 2463 virtutem
807 2396 869 2458 et
914 2391 1286 2474 potestatem
1335 2390 1424 2453 eis
1472 2387 1690 2454 damus
1736 2390 2107 2455 auctoritate
2131 2391 2513 2472 presencium
2540 2390 2819 2472 faciendi,
2861 2392 3168 2457 tractandi

463 2487 525 2549 et
569 2479 853 2547 firmandi
900 2481 964 2542 et
1010 2475 1357 2560 complendi
1404 2479 1657 2558 pactum
1704 2477 2206 2559 compositionem
2263 2482 2326 2542 et
2366 2497 2585 2561 pacem
2648 2498 2788 2544 cum
2836 2479 3171 2544 comitibus

463 2573 590 2636 sive
636 2567 979 2633 rectoribus
1025 2566 1089 2630 et
1133 2564 1578 2639 communitate
1627 2563 1926 2643 Almesii,
1984 2566 2419 2647 promissiones
2481 2568 2545 2631 et
2604 2568 2969 2632 securitates
3018 2566 3170 2632 faci-

462 2660 598 2724 endi
644 2659 710 2723 et
754 2653 1083 2736 recipiendi
1129 2653 1381 2735 propter
1426 2651 1540 2716 hoc
1585 2652 1924 2716 secundum
1973 2655 2132 2736 quod
2179 2653 2269 2718 eis
2325 2654 2424 2718 vel
2470 2654 2687 2720 maiori
2734 2656 2898 2738 parti
2946 2655 3169 2721 melius

461 2749 525 2811 et
568 2745 785 2810 utilius
831 2740 1174 2824 apparebit,
1223 2739 1652 2821 promittentes
1700 2740 1946 2824 nomine
1995 2744 2200 2805 nostro
2270 2742 2333 2804 et
2375 2743 2718 2806 communis
2763 2743 3171 2812 Veneciarnm

460 2833 709 2898 firmum
757 2831 821 2895 et
866 2830 1072 2893 ratum
1120 2826 1346 2890 habere
1394 2828 1458 2890 et
1501 2828 1707 2891 tenere
1755 2828 1822 2891 et
1866 2845 1985 2891 non
2033 2828 2479 2906 contravenire,
2525 2828 2810 2911 quicquid
2859 2830 3169 2912 predictus

461 2939 664 2986 comes
710 2920 776 2982 et
816 2914 1079 2999 predicti
1126 2912 1460 2978 consiliarii
1509 2912 1617 2981 vel.
1667 2914 1863 2978 maior
1924 2932 2066 2996 pars
2129 2932 2337 2979 eorum
2402 2915 2465 2979 in
2529 2917 2818 2997 predictis
2881 2919 2945 2982 et
3006 2919 3171 2983 circa

463 3006 741 3091 predicta
777 3003 1067 3068 duxerint
1109 3000 1479 3065 faciendum.
1521 3000 1607 3064 Et
1649 3000 1726 3066 ad
1777 3003 2073 3065 maiorem
2121 3000 2306 3065 huius
2353 3003 2444 3066 rei
2502 3002 2864 3068 firmitatem
2933 3008 2995 3068 et
3041 3007 3169 3070 evi-

460 3095 734 3161 dentiam
782 3090 1119 3174 pleniorem
1166 3089 1481 3172 presentes
1529 3088 1773 3152 litteras
1820 3089 1952 3153 fieri
2000 3087 2293 3166 fecimuS,
2359 3091 2424 3153 et
2470 3090 2666 3154 nostri
2712 3090 2909 3175 sigilli
2957 3093 3169 3157 muni-

462 3184 624 3247 mine
670 3180 964 3245 iussimus
1011 3175 1313 3249 roborari,
1378 3194 1451 3239 ac
1506 3194 1616 3258 per
1678 3194 1927 3240 manum
1995 3175 2255 3240 Conradi
2321 3177 2544 3241 notarii
2612 3180 2676 3242 et
2738 3180 2907 3244 curie
2950 3184 3161 3246 nostre

462 3266 815 3335 cancellarii
854 3263 1145 3341 roborari,
1194 3265 1474 3327 currente
1521 3281 1678 3328 anno
1723 3263 1959 3327 domini
2008 3263 2338 3328 millesimo
2385 3263 2768 3345 COLXXIV,
2816 3285 3028 3333 mense
3059 3286 3172 3334 au-

464 3356 630 3441 gusti
676 3355 773 3418 die
818 3352 985 3428 XVI,
1033 3351 1143 3416 IX.
1171 3350 1504 3415 indictione
1550 3350 1838 3415 secunda.
1893 3355 1968 3432 -4-
1996 3350 2126 3435 Ege
2151 3350 2464 3416 Conradus
2496 3353 2774 3418 notarius
2821 3357 2885 3419 et
2932 3355 3167 3421 ducalis

468 3444 604 3509 aule
643 3440 1047 3507 Veneciarum
1097 3437 1501 3502 cancellarius
1550 3437 1855 3520 complevi
1901 3440 1966 3502 et
2008 3439 2310 3503 roboravi.

674 3526 1007 3594 Sciendum
1054 3528 1148 3588 est
1194 3526 1437 3601 autem,
1482 3525 1641 3605 quod
1688 3527 1759 3588 de
1806 3525 1920 3589 hoc
1969 3528 2148 3608 pacto
2209 3526 2371 3591 facta
2431 3530 2577 3591 sunt
2637 3548 2744 3610 per
2791 3547 2889 3593 me
2937 3530 3168 3595 Rolan-

464 3618 615 3683 dum
660 3615 965 3681 notariam
1011 3611 1473 3693 infrascriptum
1520 3612 1638 3676 duo
1686 3612 1932 3694 publica
1991 3613 2433 3692 instrumenta,
2505 3616 2833 3697 unicuique
2893 3617 3166 3699 partium

464 3724 691 3779 nnum;
740 3705 804 3767 et
848 3702 927 3765 ad
972 3700 1267 3764 maiorem
1306 3698 1681 3764 evidentiam
1716 3699 1857 3763 huic
1902 3701 2175 3782 presenti
2239 3702 2463 3784 pagine
2519 3702 2611 3766 vir
2674 3703 2902 3767 nobilis
2948 3722 3169 3787 supra-

461 3793 657 3858 dictus
708 3789 993 3854 dominus
1038 3787 1238 3852 Rados
1285 3804 1489 3850 comes
1535 3786 1797 3850 Almesii
1829 3786 2100 3870 pendens
2125 3787 2405 3871 sigillum
2454 3807 2636 3852 suum
2662 3808 2905 3854 cereum
2939 3791 3166 3874 apponi

461 3876 773 3946 consensit
817 3880 879 3940 et
924 3874 1139 3952 voluit,
1189 3877 1252 3938 et
1298 3873 1554 3938 comites
1600 3873 1791 3939 Jurra
1840 3877 1904 3939 et
1953 3872 2176 3939 Semen
2222 3893 2334 3939 sua
2377 3874 2668 3940 similiter
2710 3876 3046 3957 pendencia
3077 3880 3163 3944 si-

456 3967 610 4052 gilla
658 3980 836 4029 cerea
872 3963 1228 4045 posuerunt,
1277 3978 1349 4024 ac
1395 3961 1585 4025 etiam
1633 3961 1979 4026 communis
2011 3961 2265 4026 Almisii
2315 3961 2525 4044 sigillo
2562 3963 2849 4045 pendenti
2899 3966 2995 4030 est
3025 3985 3163 4047 pre-

452 4072 591 4121 sens
636 4050 863 4134 pagina
906 4048 1203 4131 sigillata.
3139 4092 3152 4105 .

665 4137 955 4203 Ceterum
999 4135 1272 4218 prefatus
1318 4134 1601 4200 dominus
1649 4135 2006 4201 Albertinus
2051 4156 2255 4202 comes
2277 4135 2468 4202 Jadre
2506 4154 2625 4201 una
2670 4155 2808 4201 cum
2858 4138 2984 4203 suis
3018 4157 3165 4205 con-

454 4227 707 4294 siliariis
753 4223 1141 4306 supradictis,
1190 4223 1393 4288 virum
1440 4223 1708 4288 nobilem
1753 4222 2101 4290 Johannem
2149 4223 2496 4289 Centareno
2556 4241 2664 4305 pro
2713 4226 2937 4289 nuncio
2985 4245 3157 4293 com-

453 4314 656 4381 munis
697 4311 1107 4377 Veneciarum‘
1148 4310 1226 4375 ad
1275 4310 1608 4375 Almisium
1656 4310 1854 4388 misit,
1902 4313 2004 4395 qui
2052 4311 2293 4376 rediens
2339 4311 2497 4375 dixit
2543 4313 2606 4374 et
2652 4313 2952 4394 exposuit,
2998 4316 3162 4398 qued

454 4401 739 4469 omnibus
784 4400 948 4464 terre
993 4397 1399 4463 abitatoribus
1447 4397 1701 4463 dederat
1746 4401 2152 4477 sacramenta,
2204 4403 2268 4464 et
2315 4398 2435 4481 ipsi
2498 4397 2895 4478 iuraverant,
2939 4403 3009 4467 ut
3052 4422 3163 4485 per

449 4490 695 4557 litteras
743 4486 860 4569 ipsi
903 4485 1147 4550 domino
1192 4485 1403 4549 comiti
1449 4505 1555 4567 per
1601 4484 1894 4551 comitem
1932 4486 2266 4552 Radesium
2315 4485 2556 4563 missaS,
2628 4485 2903 4552 munitas
2948 4488 3159 4573 sigillo

453 4573 795 4645 communis
839 4571 1092 4636 Almisii
1137 4571 1377 4655 plenius
1423 4573 1788 4636 continetur.
2239 4572 2284 4587 ’“

660 4661 731 4726 L.
781 4659 843 4727 S.
892 4660 1025 4742 Ego
1072 4659 1384 4724 Rolandus
1431 4659 1596 4724 filius
1657 4660 1916 4725 condam
1962 4659 2317 4725 Thomasini
2387 4661 2779 4738 mercatoris,
2845 4663 3002 4726 sacri
3047 4681 3159 4744 pa-

449 4750 590 4818 latii
653 4747 932 4814 notarius
998 4746 1283 4829 publicus
1350 4764 1422 4810 ac
1481 4746 1673 4828 ipsius
1719 4749 1957 4830 egregii
2001 4748 2251 4813 comitis
2314 4747 2507 4814 Jadre
2562 4747 2795 4814 domini
2840 4747 3158 4815 Albertini

450 4840 843 4917 Mauroceno,
892 4833 1178 4901 omnibus
1224 4832 1599 4916 supradictis
1643 4831 1922 4914 interfui,
1970 4837 2032 4900 et
2078 4837 2335 4918 rogatus
2367 4834 2592 4917 scripsi
2638 4837 2701 4900 et
2740 4833 3152 4902 corroboravi.
