3620 5282
532 282 662 347 432

535 459 761 522 habere
835 456 1225 540 pacientiam,
1298 457 1439 538 quia
1488 456 1641 521 bene
1689 455 2188 539 adimpleverunt
2236 457 2515 522 debitum
2583 475 2789 533 suum,
2841 458 2907 520 et
2967 456 3067 520 ita
3118 455 3293 538 sapi·

536 551 727 625 enter,
777 545 1013 609 solicite
1052 547 1116 608 et
1163 544 1434 608 virtuose
1482 544 1542 607 in
1623 543 1909 608 omnibus
1986 563 2052 607 se
2130 548 2473 627 gesserunt,
2530 548 2685 627 quod
2734 546 2895 625 apud
2949 545 3290 607 dominum

535 654 715 698 suum
772 651 1107 714 omnesque
1154 631 1306 695 alios
1355 631 1663 714 principes
1711 632 1932 696 domus
1994 632 2247 697 Austrie
2311 632 2513 696 multa
2573 632 2757 708 laude
2821 636 2889 693 et
2953 650 3292 695 recomen-

535 724 784 786 datione
832 720 1004 802 digni
1052 722 1214 783 sunt.
1263 719 1580 783 Veniendo
1628 722 1737 782 aut
1783 720 1863 783 ad
1910 723 2149 801 partem
2199 720 2458 796 consilii,
2504 719 2668 802 quod
2726 719 2975 782 anobis
3034 721 3286 799 petunt,

537 829 645 874 nos
693 809 975 884 dicimuS,
1026 806 1186 890 quod
1235 806 1521 871 dominus
1569 826 1715 870 suus
1748 807 2245 889 sapientissimus
2294 810 2407 884 est,
2457 809 2521 872 et
2561 807 2749 872 habet
2795 806 3095 869 solemne
3145 825 3290 870 con-

537 898 745 960 silium
793 913 976 977 penes
1025 913 1110 971 se,
1161 914 1300 960 cum
1351 913 1472 976 quo
1519 895 1675 959 sciet
1719 895 2048 977 superinde
2097 898 2336 958 mature
2383 896 2447 959 et
2490 896 2852 959 solemniter
2918 896 3288 975 providere.

537 984 863 1060 Loquendo
912 985 1125 1047 tamen
1167 1001 1306 1046 cum
1357 983 1466 1045 illa
1514 981 1901 1058 confidentia,
1951 1001 2073 1065 qua
2116 983 2283 1065 loqui
2332 983 2513 1046 debet
2560 1002 2717 1046 unus
2777 983 3072 1045 sincerus
3124 984 3288 1045 umi-

538 1091 644 1135 cus
691 1090 834 1134 cum
883 1070 1025 1149 alio,
1075 1088 1187 1135 nos
1236 1071 1546 1134 credimus
1595 1089 1728 1133 esse
1776 1071 2001 1135 bonum
2051 1068 2443 1151 supersedere
2490 1074 2552 1133 et
2599 1071 2800 1134 videre
2828 1087 2937 1149 pro
2974 1070 3290 1150 presenti,

537 1158 697 1241 quod
747 1161 993 1240 tempus
1043 1157 1229 1222 faciet
1269 1160 1333 1221 et
1379 1159 1682 1240 disponet,
1731 1176 1873 1221 nam
1953 1157 2435 1237 consideramus,
2515 1159 2667 1240 quod
2745 1157 2858 1233 illi,
2944 1176 2983 1220 a
3053 1157 3291 1239 quibus

539 1247 972 1329 processerunt
1015 1264 1254 1310 errores
1302 1248 1365 1309 et
1411 1244 1920 1323 inconvenientie,
1970 1246 2072 1327 qui
2120 1247 2186 1309 et
2231 1265 2349 1327 que
2388 1249 2620 1309 secrete
2688 1251 2851 1323 sunt,
2906 1264 3031 1308 non
3088 1245 3285 1308 debe—

536 1336 675 1397 rent
726 1333 883 1397 vell}
933 1351 1322 1415 perseverare
1370 1334 1432 1396 in
1478 1331 1628 1409 illis,
1676 1334 1781 1396 sed
1829 1351 2153 1414 procurare
2200 1332 2340 1396 illos
2430 1332 2633 1398 debite
2708 1331 3073 1409 emendare,
3158 1353 3283 1414 quo

537 1422 874 1499 eveniente,
942 1424 1087 1485 tunc
1137 1421 1403 1484 illustris
1450 1421 1734 1484 dominus
1782 1440 1930 1484 suus
1992 1420 2275 1485 dominus
2354 1422 2473 1484 dux
2533 1420 2743 1484 savius
2814 1429 2903 1483 et-
2948 1420 3290 1483 salubrius

540 1509 767 1590 poterit
833 1508 1166 1590 providere,
1229 1508 1345 1586 his,
1426 1527 1543 1590 que
1620 1512 1989 1571 concernent
2034 1509 2324 1573 honorem
2373 1512 2434 1571 et
2480 1510 2713 1573 statum
2762 1526 2969 1584 suum,
3021 1511 3100 1571 et
3180 1527 3289 1589 per

537 1617 651 1680 que
701 1597 875 1678 sequi
927 1598 1118 1677 possit
1165 1597 1378 1677 optata
1427 1594 1733 1660 conclusio
1783 1595 2158 1678 nuptiarum.
2253 1595 2344 1659 De
2390 1599 2563 1677 parte
2611 1594 2732 1671 813
2807 1613 2927 1658 non
2984 1595 3065 1670 1;
3156 1615 3280 1659 non

539 1686 760 1748 sinceri
819 1686 869 1746 1.

747 1770 978 1853 Capta:
1023 1771 1119 1835 Ad
1164 1771 1426 1834 alteram
1476 1771 1735 1852 partem,
1785 1788 1972 1852 quam
2022 1771 2382 1852 tetigerunt,
2455 1771 2527 1834 de
2599 1771 2781 1835 factis
2858 1771 3042 1853 regni
3096 1771 3287 1834 Hun-

538 1859 712 1943 garie
759 1877 830 1922 ac
877 1859 1114 1934 auxilii,
1163 1859 1404 1923 consilii
1482 1861 1545 1921 et
1618 1858 1869 1936 favoriS,
1918 1858 2074 1942 quod
2138 1876 2176 1921 a
2222 1858 2400 1923 nobis
2446 1859 2604 1940 petit
2650 1859 2934 1923 dominus
2984 1878 3171 1934 suus,
3223 1861 3285 1921 in

538 1966 685 2011 casu
735 1965 854 2029 quo
904 1945 1093 2010 vellet
1139 1946 1371 2028 aliquid
1419 1947 1730 2010 attentare
1777 1946 1944 2010 circa
1990 1945 2334 2010 dominium
2396 1944 2567 2029 regni
2636 1948 2753 2010 etc.
2797 1946 3285 2027 respondeatur,

539 2034 700 2117 quod
749 2054 854 2116 per
899 2053 987 2109 ea,
1023 2053 1137 2116 que
1185 2033 1412 2098 litteris
1480 2036 1543 2096 et
1604 2036 1893 2099 oretenus
1952 2034 2256 2098 sensimus
2318 2034 2383 2097 et
2445 2034 2766 2109 sentimus,
2830 2035 3286 2098 serenissimus

541 2123 830 2187 dominns
881 2141 984 2185 rex
1031 2121 1349 2205 Hungarie
1413 2122 1587 2198 vivit,
1665 2121 1830 2199 licet,
1910 2125 1979 2185 ut
2053 2122 2294 2198 dicitur,
2345 2123 2430 2186 sit
2473 2122 2532 2185 in
2583 2122 2892 2204 potestate
2939 2122 3282 2186 baronum.

549 2211 865 2275 Sentimus
914 2210 1128 2287 etiam,
1178 2209 1334 2292 quod
1385 2210 1501 2291 ipsi
1549 2207 1804 2273 barones
1844 2211 1990 2273 sunt
2036 2211 2094 2272 in
2141 2211 2410 2274 tractatu
2460 2209 2984 2274 reconciliationis
3020 2230 3164 2286 sue,
3201 2209 3290 2273 ita

543 2297 702 2379 quod
738 2298 1062 2378 ‚stantibus
1112 2298 1295 2361 rebus
1345 2297 1406 2360 in
1454 2296 1553 2360 his
1592 2296 1897 2374 terminiS,
1950 2313 2066 2360 non
2116 2296 2425 2362 videretur
2471 2299 2646 2362 nobis
2700 2298 3057 2374 honestum,
3117 2301 3289 2362 sicut

541 2385 852 2468 sapiencia
899 2403 1009 2449 sua
1052 2384 1218 2448 clare
1265 2384 1653 2448 considerare
1700 2385 1927 2466 potest,
1978 2383 2144 2467 loqui
2192 2385 2268 2450 de
2344 2386 2458 2450 tali
2506 2386 2784 2464 materia,
2834 2386 2942 2450 sed
2993 2385 3283 2450 illustris

540 2473 826 2538 dominus
901 2473 1019 2535 dux
1098 2471 1447 2536 Guilelmus
1520 2472 1704 2536 debet
1778 2492 1913 2536 esse
1987 2471 2394 2547 certissimus,
2473 2473 2631 2557 quod
2677 2492 2817 2537 eum
2862 2491 3173 2537 amamus
3222 2478 3287 2538 et

539 2580 745 2624 amare
793 2560 1168 2624 intendimus
1215 2562 1533 2644 tamquam
1606 2560 1998 2624 carissimum
2065 2562 2130 2625 et
2193 2560 2760 2644 singularissimum
2826 2561 3137 2638 amicum,
3217 2565 3282 2625 et

540 2651 611 2714 de
657 2650 823 2713 omni
871 2667 1037 2727 casu,
1090 2649 1189 2730 qui
1243 2651 1593 2717 occurreret
1638 2658 1702 2712 et
1734 2651 1941 2729 posset
1984 2665 2303 2715 occurrere
2350 2649 2850 2714 exaltationionis
2928 2651 2998 2712 et
3057 2653 3281 2713 status

540 2738 654 2811 sui,
704 2738 1113 2819 reciperemus
1162 2735 1334 2799 illam
1417 2736 1924 2816 consolationem,
2005 2755 2189 2819 quam
2267 2738 2679 2818 reciperemus
2758 2738 2831 2801 de
2879 2736 3285 2802 exaltatione

544 2824 791 2889 honoris
839 2828 905 2887 et
950 2826 1153 2888 status
1203 2822 1419 2888 nostri.

758 2912 849 2975 De
896 2914 1072 2993 parte
1121 2910 1240 2988 783
1293 2930 1409 2975 non
1458 2910 1532 2988 7;
1581 2931 1697 2978 non
1746 2911 1972 2978 sinceri
2018 2909 2078 2976 5.

631 3019 869 3079 Secreta
921 3016 1096 3081 Cous,
1146 3002 1292 3092 Roj.
1341 3017 1399 3077 Ι.
1449 3021 1506 3095 6,
1554 3037 1595 3079 u
1641 3020 1795 3080 mlet.
1847 3020 2082 3080 arkivu.

1027 3260 1186 3344 DC.
1243 3260 1448 3343 Gon.
1504 3259 1730 3345 1401.
1786 3262 1890 3345 28
1946 3262 2251 3365 lipnja,
2310 3285 2366 3345 u
2422 3264 2810 3347 Mletcih.

758 3383 915 3466 Quia
963 3404 1033 3451 ex
1110 3404 1278 3460 novo
1312 3386 1563 3449 auditur
1618 3387 1810 3469 „quod
1875 3386 2209 3453 Jadrenses
2265 3390 2513 3454 omnino
2583 3408 2773 3472 usque
2845 3389 3063 3455 decem
3154 3391 3295 3457 dies

542 3475 691 3539 sunt
739 3474 1017 3540 habituri
1071 3473 1476 3538 intentionem
1525 3492 1696 3538 suam
1746 3479 1960 3538 contra
2008 3475 2145 3539 illos
2192 3476 2266 3540 de
2301 3476 2489 3560 Pago,
2529 3495 2718 3559 quum
2752 3477 2914 3541 forte
2944 3479 3077 3542 iam
3118 3499 3295 3544 nunc

545 3563 917 3640 habuerunt,
967 3564 1032 3627 et
1100 3561 1262 3643 quod
1309 3578 1428 3624 non
1478 3567 1687 3642 posset
1734 3561 1865 3625 fieri
1931 3562 2115 3628 dictis
2184 3562 2593 3629 Jadrensibus
2658 3583 2756 3628 res
2803 3567 3009 3648 magis
3058 3567 3298 3649 displi-

546 3652 769 3716 cabilis
816 3654 880 3715 et
927 3649 1251 3724 molesta“,
1302 3653 1366 3711 et
1410 3648 1873 3727 considerando,
1945 3649 2105 3732 quod
2173 3652 2518 3734 expedictio
2596 3653 2802 3717 nuncii
2849 3653 3046 3717 nostri
3094 3655 3298 3719 facile

548 3758 649 3804 eos
701 3738 987 3802 inducere
1038 3737 1264 3818 poterit
1309 3735 1369 3798 in
1420 3735 1850 3819 suspitionem,
1902 3757 2081 3814 „cum
2145 3741 2371 3821 quibus
2436 3742 2532 3805 est
2583 3743 2960 3821 querendum
3036 3743 3297 3806 nutrire

545 3845 821 3891 amorem
870 3827 934 3888 et
982 3826 1203 3889 bonum
1253 3823 1530 3886 animum
1580 3826 1645 3887 et
1692 3842 1807 3887 non
1858 3827 2063 3890 odium
2110 3830 2173 3889 et
2206 3828 2430 3891 malam
2481 3828 2861 3892 voluntatem
2896 3829 3105 3892 causis
3150 3848 3298 3894 om-

546 3914 729 3978 nibus
775 3913 928 3977 satis
979 3914 1203 3989 notis“,
1253 3911 1388 3975 ideo
1437 3911 1821 3994 proponitur,
1855 3914 2014 3995 quod
2049 3915 2301 3979 nuntius
2331 3934 2451 3980 non
2491 3917 2798 3980 mittatur.
2835 3914 2996 3999 (Non
3028 3919 3287 3999 capta).

631 4023 811 4080 Masta·
856 4020 1052 4079 XLV.
1105 4023 1206 4089 90,
1249 4037 1290 4078 u
1335 4019 1491 4078 mlet.
1541 4008 1773 4079 drlcivu.

1012 4245 1222 4327 DCI.
1281 4246 1488 4329 God.
1545 4247 1769 4329 1401.
1824 4246 1880 4329 4
1931 4250 2258 4350 srpnja‚
2310 4271 2393 4369 ¹!-
2422 4249 2812 4332 Mletcih.

633 4389 968 4461 Repubzika
1009 4407 1086 4461 po
1126 4390 1447 4461 poslam'ku
1491 4390 1665 4464 yleda
1704 4391 1782 4449 da
1826 4392 2116 4464 inposlme
2160 4395 2293 4451 mir-
2338 4394 2495 4466 medj
2541 4393 2815 4453 Zadrani
2861 4396 2884 4453 i
2934 4394 3187 4454 Pariani.

765 4509 950 4573 1401.
999 4510 1334 4573 indictione
1382 4528 1560 4587 nona,
1611 4509 1708 4573 die
1762 4510 1850 4574 IV
1892 4511 2050 4575 iulii.
2119 4510 2231 4577 Ser
2300 4512 2572 4578 Karolus
2641 4513 2814 4580 Geuo
2894 4518 3288 4598 procurator,

547 4615 645 4661 ser
692 4595 1070 4660 Rambertus
1118 4596 1392 4675 Quirino,
1446 4617 1545 4662 ser
1585 4597 1808 4662 Justus
1856 4597 2216 4679 Contaren0,
2267 4602 2579 4683 sapientes
2627 4602 2912 4679 consilii;
2969 4622 3068 4668 ser
3118 4605 3287 4672 Her-

550 4684 787 4751 molaus
835 4683 1126 4765 Barbam,
1175 4704 1274 4749 ser
1322 4683 1687 4751 Sanctucius
1737 4685 2017 4767 Venerio,
2066 4689 2373 4771 sapientes
2437 4690 2746 4755 ordinum.
2819 4689 3053 4774 Capta:
3124 4694 3275 4776 quia
