3620 5282
484 297 610 365 182

685 473 971 537 Domini:
1023 493 1120 538 ser
1164 474 1458 538 Nicolaus
1513 471 1747 555 Volpe,
1806 493 1905 538 ser
1965 474 2293 538 Bertucins
2360 473 2678 549 Grimaui,
2747 492 2847 538 ser
2895 471 2982 537 M.
3031 471 3207 548 Lion,

474 561 845 637 consiliarii;
894 565 958 625 et
1004 581 1101 625 ser
1146 562 1485 628 Jerolimus
1520 560 1872 634 Cavatorta,
1924 581 2021 626 ser
2058 562 2273 625 Victor
2303 561 2683 640 Trivisanus,
2716 562 2940 643 capita.
2976 559 3208 642 Capta:

477 649 638 730 quod
687 655 813 712 tam
862 651 1181 713 occasione
1230 650 1576 714 novitatum
1625 650 1931 713 factarum
1983 650 2210 713 nostris
2258 649 2543 714 fidelibus
2596 650 2658 713 in
2704 650 2987 732 partibus
3036 646 3211 721 Scla-

475 737 655 801 vonie
703 755 811 818 per
858 737 1137 801 subditos
1181 738 1344 819 regis
1390 737 1733 818 Hungarie,
1791 756 1976 818 quam
2024 755 2134 819 pro
2183 738 2456 800 novitate
2516 736 2683 801 facta
2742 736 3060 819 nuperime
3107 753 3214 799 no-

476 825 623 889 stris
671 825 1117 888 mercatoribus
1161 826 1220 887 in
1269 825 1510 906 'Apulea
1558 844 1664 906 per
1713 826 2086 906 magistrum
2149 825 2513 890 rationalem
2563 824 2713 888 dicti
2761 824 2946 906 regiS,
2996 825 3061 887 et
3100 841 3211 904 pro

475 911 616 975 aliis
663 911 1044 993 quibuslibet
1092 912 1473 976 novitatibus
1525 913 1704 976 sactis
1752 911 2136 976 nostratibus
2184 930 2292 994 per
2338 912 2540 994 ipsum
2585 930 2795 994 regem
2844 911 2941 976 vel
2993 913 3209 992 gentes

474 1018 615 1063 suas
663 1000 952 1062 mittatur
997 1019 1154 1063 uuus
1203 1000 1481 1064 notarius
1527 1000 1693 1063 curie
1740 1000 1837 1062 vel
1885 1000 2008 1064 alia
2055 999 2368 1064 sufficiens
2415 1003 2482 1064 et
2526 999 2794 1063 discreta
2842 1015 3103 1081 persona
3132 996 3211 1060 ad

475 1086 708 1150 dictum
761 1105 967 1168 regem
1017 1087 1092 1150 ad
1143 1087 1567 1169 deponendum
1618 1088 1929 1170 querelam
1979 1087 2054 1150 de
2104 1087 2418 1169 predictis,
2481 1087 2650 1150 velut
2697 1106 2813 1168 que
2857 1086 3022 1150 facta
3068 1088 3211 1149 suut

476 1177 687 1239 contra
749 1175 1008 1238 formam
1070 1180 1467 1257 treuguarum
1518 1180 1581 1238 et
1628 1175 1960 1257 petendum
2024 1177 2343 1238 emendam
2409 1179 2473 1239 et
2536 1174 3016 1239 satisfactionem
3065 1191 3205 1236 cum

475 1262 602 1326 illis
650 1262 852 1325 verbis
901 1264 964 1325 et
1008 1263 1458 1337 commissione,
1509 1281 1627 1344 que
1677 1263 1943 1335 domino,
1989 1262 2397 1337 consiliariiS,
2449 1262 2755 1343 capitibus
2803 1266 2867 1326 et
2912 1260 3210 1342 sapienti-

477 1350 616 1423 bus,
670 1349 767 1412 vel
813 1349 1032 1413 maiori
1083 1352 1245 1432 parti
1294 1351 1680 1413 videbuntur.
1730 1350 1815 1413 Et
1857 1350 1906 1413 si
1956 1351 2263 1414 obtinebit
2289 1350 2702 1415 intencionem
2746 1355 3019 1413 nostram
3055 1349 3207 1411 bene

484 1437 766 1520 quidem;
836 1439 932 1501 sin
980 1445 1210 1514 autem,
1277 1438 1579 1502 rescribat
1630 1440 1693 1501 et
1735 1439 2019 1520 expectet
2067 1441 2345 1502 nostrum
2409 1437 2795 1502 mandatum.
2874 1438 3103 1501 Verum
3153 1437 3206 1499 si

485 1525 721 1588 videret
781 1544 890 1606 per
952 1525 1420 1608 dispositionem
1485 1526 1651 1608 regis
1713 1527 2037 1590 imminere
2100 1525 2348 1608 aliquod
2411 1525 2750 1607 periculum
2805 1524 3208 1599 nostratibus,

485 1613 588 1695 qui
637 1617 784 1676 suut
829 1612 1069 1683 deinde,
1122 1614 1345 1677 debeat
1391 1631 1492 1677 eos
1541 1618 1720 1678 caute
1768 1613 2096 1678 informare
2139 1612 2213 1677 de
2260 1614 2391 1690 hoc,
2440 1615 2513 1677 ut
2557 1614 2800 1695 possint
2843 1613 2961 1678 sibi
3006 1615 3069 1676 et
3112 1609 3205 1675 fa-

479 1702 598 1765 ctis
645 1700 775 1763 suis
821 1699 1153 1765 salubriter
1200 1701 1536 1782 providere.
3185 1708 3188 1709 ’

688 1787 984 1851 Preterea
1034 1791 1329 1852 mittatur
1376 1789 1448 1851 do
1495 1789 1767 1871 presenti
1815 1788 1938 1852 u'na
1984 1788 2216 1852 barcha
2263 1808 2455 1871 usque
2501 1786 2902 1865 Mothonum,
2951 1789 3015 1852 et
3061 1787 3211 1853 scri·

483 1875 666 1938 batur
712 1875 910 1939 duche
956 1879 1021 1940 et
1065 1876 1434 1941 consiliariis
1483 1875 1682 1948 Crete,
1739 1876 1898 1958 quod
1964 1876 2257 1940 studeant
2317 1894 2557 1941 armare
2621 1876 2858 1941 solicite
2906 1876 3050 1939 illas
3098 1893 3209 1957 ga-

474 1962 627 2040 leae,
678 1965 829 2044 quas
876 1963 995 2027 sibi
1044 1964 1424 2045 scripsimuS,
1478 1963 1849 2043 expediendo
1896 1966 1960 2028 et
2006 1964 2310 2028 mittendo
2353 1963 2505 2026 duas
2566 1964 2767 2046 primo
2811 1982 2998 2045 quam
3047 1962 3208 2026 velo-

479 2068 611 2114 cius
659 2069 790 2114 esse
853 2053 1059 2131 potest
1122 2057 1185 2115 et
1246 2051 1639 2133 postmodum
1707 2052 2001 2127 terciam,
2067 2070 2184 2115 non
2247 2052 2620 2133 expectando
2687 2052 3025 2115 terminum
3089 2050 3207 2113 sibi

480 2139 781 2219 scriptum
831 2137 1009 2209 alias,
1059 2140 1163 2202 sed
1211 2140 1379 2221 ipsas
1418 2139 1492 2202 ad
1543 2137 1774 2202 culfum
1825 2139 2131 2204 mittendo
2180 2159 2363 2221 quam
2398 2140 2743 2221 expeditius
2790 2158 2924 2202 esse
2972 2139 3208 2220 potest;

481 2227 546 2289 et
591 2226 884 2289 similiter
929 2227 1234 2289 scribatur
1282 2226 1496 2290 comiti
1545 2226 1802 2308 Ragusii
1830 2275 1845 2301 ,
1913 2228 1984 2289 ut
2044 2226 2284 2291 solicite
2351 2231 2554 2292 armet
2595 2231 2658 2291 et
2705 2228 2919 2290 mittat
2965 2225 3212 2308 galeam

474 2314 820 2377 ordinatam
872 2314 957 2376 ibi
1008 2314 1237 2376 armari
1285 2314 1362 2376 ad
1410 2313 1665 2377 culfum.
1717 2312 2061 2395 Capitaueo
2110 2315 2300 2378 etiam
2349 2314 2494 2378 culfi
2527 2316 2853 2391 scribatur,
2903 2314 3060 2395 quod
3108 2332 3213 2377 ve-

474 2401 609 2463 niat
651 2401 817 2463 intra
864 2400 1094 2464 culfum
1133 2419 1274 2464 cum
1323 2404 1563 2465 armata
1610 2419 1739 2477 sua,
1789 2401 2188 2465 discurrendo
2235 2421 2342 2483 per
2388 2402 2681 2483 riperiam
2730 2401 2967 2483 Apulee
3007 2404 3071 2465 et
3102 2420 3211 2483 per

476 2489 766 2569 riperiam
819 2485 1159 2562 Sclavonie‚
1210 2489 1375 2552 sicut
1420 2507 1528 2570 pro
1578 2488 1912 2552 securitate
1961 2492 2024 2553 et
2070 2488 2518 2554 confortacione
2571 2494 2877 2553 terrarum
2928 2492 2993 2552 et
3039 2483 3213 2553 navi-

475 2576 719 2659 giorum
764 2592 836 2638 ac
885 2575 1158 2639 fidelium
1202 2578 1266 2639 et
1313 2578 1723 2640 mercatorum
1774 2578 2121 2641 nostrorum
2172 2577 2288 2640 sibi
2339 2576 2561 2641 melius
2623 2576 2970 2655 videbitur,
3021 2594 3209 2658 appo-

476 2665 671 2728 nendo
717 2663 1081 2745 diligentem
1132 2669 1402 2728 mentem
1452 2667 1515 2729 et
1563 2683 1771 2729 curam
1823 2666 1896 2729 de
1945 2665 2237 2747 gentibus
2284 2668 2522 2728 armate
2569 2683 2695 2741 sue,
2746 2663 2904 2747 quod
2951 2682 3067 2727 non
3102 2665 3209 2728 de-

474 2752 771 2815 scendant
803 2752 863 2815 in
913 2756 1163 2829 terram,
1210 2752 1315 2815 sed
1364 2770 1466 2816 eas
1515 2752 1788 2816 studiose
1851 2753 2117 2817 retineat
2179 2752 2241 2817 in
2312 2753 2527 2835 galea,
2595 2752 2759 2817 sicut
2801 2753 3085 2834 superius
3133 2751 3209 2816 de

475 2838 627 2923 ipsc.
678 2839 782 2904 61.

682 2926 791 2991 Ser
838 2928 1063 2991 Petrus
1115 2927 1280 2991 Zane
1328 2926 1735 3005 consiliarius,
1788 2947 1889 2991 ser
1937 2928 2211 2994 Joaunes
2257 2928 2531 3009 Darpino
2597 2930 2804 3009 caput.
2877 2921 3050 3005 Quod
3099 2927 3212 2992 fiat

480 3013 539 3076 in
591 3015 788 3077 totum
839 3017 910 3078 ut
956 3033 1167 3097 supra,
1211 3016 1314 3078 sed
1367 3016 1469 3079 ubi
1520 3016 1745 3079 dicitur
1781 3014 1857 3079 de
1905 3015 2209 3079 mittendo
2259 3017 2602 3093 notarium,
2654 3017 2896 3080 dicatur
2937 3016 3013 3080 de
3060 3016 3207 3079 mit·

473 3099 659 3164 tendo
703 3120 893 3165 uuum
940 3103 1424 3177 alnbaxatorem,
1474 3105 1538 3166 et
1583 3101 1982 3185 postmodum
2030 3105 2215 3185 capta
2262 3104 2384 3167 ista
2429 3107 2603 3186 parte
2667 3104 3090 3186 providebitur
3136 3104 3210 3167 de

481 3186 782 3253 electione
828 3191 892 3253 et
937 3192 1217 3270 expensis
1264 3190 1609 3267 ambaxate,
1670 3189 1840 3254 sicut
1888 3190 2214 3255 videbitur.
2287 3191 2385 3266 15,
2432 3209 2553 3256 non
2605 3190 2661 3269 1,
2698 3208 2834 3270 ,nou
2879 3190 3100 3256 sinceri
3147 3190 3208 3254 3.

566 3278 748 3337 Misti
797 3278 925 3338 XX
937 3280 1039 3339 VI.
1085 3281 1190 3349 24,
1236 3298 1279 3339 u
1325 3282 1543 3339 arkivu
1592 3281 1951 3341 mletackom.

843 3464 1203 3549 ccmx.
1248 3467 1455 3550 eoo.
1513 3461 1742 3553 1350.
1797 3468 1894 3550 13
1931 3468 2310 3569 mauja,
2364 3490 2424 3548 u
2472 3467 2865 3550 metam.

472 3594 682 3654 Prima
728 3611 789 3653 se
805 3638 821 3670 ,
886 3594 966 3651 da
1025 3610 1086 3651 se
1148 3612 1189 3651 u
1238 3593 1585 3665 Dalmaciju
1649 3595 1908 3667 odprave
1955 3596 2071 3652 dva
2124 3594 2492 3666 providura5
2563 3613 2602 3652 a
2663 3612 2703 3652 u
2747 3594 2917 3667 poslu
2952 3592 3213 3666 prolana

702 3682 1031 3757 wycam-hri).
1080 3682 1299 3755 kralja,
1349 3683 1428 3739 da
1463 3699 1525 3741 se
1569 3698 1776 3741 sazove
1822 3682 1993 3752 υἰεόε,
2040 3683 2203 3741 laada
2246 3683 2507 3752 uztreba,
2542 3683 2669 3755 pod
2713 3684 2976 3741 kaznom.

686 3801 874 3865 1350.
928 3800 1261 3865 indictione
1310 3801 1424 3878 111,
1474 3801 1571 3865 die
1619 3803 1777 3866 XIII
1824 3801 2032 3866 madii.
2086 3800 2434 3866 Consiliarii
2481 3803 2544 3866 et
2590 3802 2823 3884 capita.
2883 3800 3055 3881 Quod
3104 3821 3211 3866 su-

483 3889 879 3974 persedeatur
925 3908 1033 3972 pro
1080 3890 1260 3952 modo
1308 3889 1381 3952 de
1431 3889 1733 3953 mittendo
1776 3890 2119 3973 provisores
2162 3889 2239 3952 ad
2299 3894 2505 3970 partes
2570 3887 2926 3968 Sclavonie,
2990 3891 3054 3954 et
3101 3909 3210 3972 pro

479 3977 932 4042 confortacione
979 3978 1328 4040 nostrorum
1355 3977 1632 4041 fidelium
1684 3976 1759 4041 de
1807 3977 1949 4040 inde
1985 3977 2337 4041 scribantur
2374 3977 2585 4041 littere
2626 3979 2832 4041 nostre
2857 3976 3209 4053 comitibuS,

474 4065 780 4130 iudicibus
828 4067 893 4128 et
938 4064 1248 4129 communi
1290 4064 1594 4128 dictarum
1665 4066 2006 4144 terrarum,
2064 4064 2363 4128 hortando
2430 4082 2534 4128 eos
2595 4063 2674 4127 ad
2736 4063 3103 4128 fidelitatem
3133 4067 3213 4129 ‘et

472 4152 762 4216 honorem
813 4153 1093 4215 nostrum
1140 4170 1280 4215 cum
1333 4151 1460 4215 illis
1510 4153 1740 4232 pulcris
1786 4151 2011 4227 verbiS,
2062 4170 2177 4232 que
2239 4152 2647 4226 videbuntur,
2699 4153 2764 4216 et
2809 4151 3202 4231 notificaudO,

474 4240 773 4320 quomodo
819 4256 927 4320 pro
976 4239 1176 4302 salute
1225 4242 1290 4304 et
1333 4239 1492 4303 bono
1540 4258 1651 4303 suo
1699 4239 2140 4314 ordinavimuS,
2190 4239 2352 4322 quod
2400 4239 2576 4321 galee
2636 4241 2844 4303 nostre
2890 4239 3099 4321 culphi
3149 4242 3213 4305 et

472 4325 591 4389 alie
638 4329 846 4389 nostre
891 4324 1066 4408 galee
1114 4326 1366 4390 veniant
1413 4327 1736 4391 visitatum
1785 4327 1952 4409 ipsas
2003 4331 2221 4404 terraS,
2271 4329 2335 4391 et
2380 4326 2563 4408 quod,
2633 4327 2685 4391 si
2733 4326 2881 4409 quid
2927 4345 3211 4392 necessa·

473 4412 631 4476 rium
682 4416 847 4477 esset
891 4414 983 4477 eis
1022 4431 1130 4495 pro
1179 4415 1528 4478 salvacione
1576 4416 1640 4478 et
1685 4414 1937 4480 comodo
1984 4433 2216 4490 eorum,
2283 4414 2669 4490 rescribant,
2737 4415 2882 4496 quia
2928 4415 3211 4497 provide-

473 4499 702 4576 bimus,
751 4499 914 4563 sicut
959 4502 1369 4582 opportunum
1418 4502 1557 4566 erit.
1617 4501 1753 4566 Illis
1817 4519 1960 4567 vero
2008 4502 2228 4577 terriS,
2278 4520 2395 4582 que
2450 4503 2819 4584 receperunt
2864 4503 3087 4566 damna
3133 4502 3213 4566 ab

474 4585 816 4668 HungariS‚
865 4586 1194 4664 scribatur,
1245 4590 1556 4670 quomodo
1602 4589 1946 4672 cupienteS,
1997 4589 2069 4653 ut
2112 4589 2382 4653 habeant
2408 4588 2896 4654 satisfactionem
2945 4589 3220 4671 ipsorum

476 4674 841 4738 damnorum
891 4673 1227 4739 secundum
1280 4676 1469 4741 nobis
1523 4677 1763 4760 scripta
1818 4696 1928 4760 per
1975 4695 2208 4759 regem,
2260 4679 2325 4741 et
2370 4676 2527 4760 quod
2570 4677 2631 4741 in
2663 4677 2980 4759 posterum
3014 4694 3225 4741 cessen
