3620 5282
469 293 593 358 124

468 467 920 534 ministratione
966 470 1239 534 omnium
1309 470 1372 533 et
1432 469 1818 551 singulorum
1881 469 2374 552 supradictorum
2439 468 2857 551 negotiorum,
2909 468 3066 550 quod
3127 470 3192 533 et

465 574 650 638 quam
696 557 945 637 ipsimet
991 558 1433 621 constituentes
1479 558 1794 636 haberent,
1846 557 1899 620 si
1948 561 2090 621 ante
2120 558 2456 640 prefatum
2520 560 2796 620 nostrum
2844 556 3187 620 dominium

464 644 869 726 personaliter
897 645 1298 717 interessent;
1350 644 1804 726 promittenteS,
1855 664 1921 709 se
1948 645 2216 721 firmum,
2265 646 2468 708 ratum
2505 647 2569 708 et
2600 646 2843 727 gratum
2895 646 3187 725 perpetuo

464 732 800 806 habituros
849 731 1137 814 quicquid
1200 750 1307 813 per
1354 731 1584 795 dictum
1648 750 1858 796 eorum
1921 732 2247 816 syndicum
2303 734 2367 795 et
2423 734 2879 813 procuratorem
2933 730 3186 808 dictum,

469 819 697 894 actum,
744 821 1164 900 procuratum,
1215 818 1534 883 firmatum
1582 820 1645 884 et
1686 820 2062 901 completum
2121 819 2311 885 fuerit
2373 819 2436 882 in
2484 819 2768 882 omnibus
2816 820 2880 881 et
2926 817 3187 899 singulis

465 907 838 988 supradictis
883 906 996 969 sub
1059 909 1318 989 ypoteca
1373 909 1437 970 et
1496 906 1872 989 obligatione
1933 907 2206 972 omnium
2275 908 2572 970 bonorum
2640 904 2792 969 dicti
2848 904 3190 968 communis

466 990 881 1059 Sibenicensis
925 996 989 1057 et
1034 992 1445 1076 singularium
1491 1012 1887 1076 personarum
1935 995 2066 1060 eius
2120 994 2500 1076 presentium
2551 995 2615 1057 et
2659 994 3039 1070 futurorum,
3087 1009 3191 1055 vo-

470 1080 789 1163 lentesque
835 1081 1104 1145 relevare
1150 1080 1385 1144 dictum
1428 1099 1634 1145 eorum
1684 1082 2003 1165 syndicum
2040 1085 2102 1146 et
2136 1083 2593 1164 procuratorem
2641 1082 2718 1143 ab
2767 1080 2933 1143 omni
2969 1079 3193 1142 honere

464 1168 805 1232 satisdandi
849 1169 1267 1251 promiserunt
1315 1168 1469 1231 mihi
1533 1170 1770 1233 notario
1830 1169 2221 1251 infrascripto
2272 1172 2338 1232 ut
2385 1168 2628 1250 publice
2676 1186 2929 1250 persone
2990 1166 3193 1249 stipu-

464 1255 621 1319 lanti
669 1257 734 1320 et
780 1255 1098 1338 recipienti
1146 1275 1253 1338 pro
1316 1256 1601 1319 omnibus
1649 1259 1713 1320 et
1759 1256 2058 1338 singuliS,
2109 1275 2368 1338 quorum
2428 1256 2690 1320 interest
2753 1253 2849 1318 vel
2895 1254 3192 1318 interesse

466 1343 660 1424 possit
704 1344 802 1421 vel
849 1345 1094 1425 poterit,
1145 1344 1219 1406 de
1265 1342 1491 1406 iudicio
1540 1345 1695 1408 svsti
1741 1345 1804 1408 et
1850 1345 2116 1409 iudicato
2165 1343 2474 1408 solvendo.
2534 1342 2761 1407 Actum
2813 1341 3081 1407 Sibenici
3130 1342 3192 1404 iu

469 1430 635 1513 logia
680 1431 1034 1513 supradicta
1076 1431 1465 1512 presentibus
1512 1430 1812 1513 Gregorio
1855 1433 2110 1495 condam
2161 1431 2409 1514 Dragoy
2454 1429 2696 1508 Gosme,
2758 1429 3180 1504 examinatori,

468 1517 768 1599 magistro
831 1517 1164 1582 Gullielmo
1226 1518 1482 1581 condam
1535 1518 1704 1582 Pacii
1770 1520 1846 1582 de
1908 1518 2257 1583 Mediolano
2319 1517 2662 1582 cancelario
2712 1516 2989 1581 malefico
3036 1516 3188 1580 dicti

470 1605 831 1682 communiS‚
883 1605 1134 1669 Matheo
1184 1605 1443 1668 condam
1479 1605 1674 1669 Niche
1709 1607 1950 1689 Fasque
1982 1606 2056 1669 de
2088 1605 2301 1681 Jadra,
2351 1609 2414 1669 et
2442 1605 2878 1670 Bartholomeo
2926 1602 3188 1667 condam

468 1691 770 1757 ‚Iohannis
817 1692 892 1755 de
942 1693 1333 1769 Pochaterra,
1383 1692 1620 1757 notario
1646 1692 1796 1757 dicti
1846 1693 2079 1757 domini
2119 1693 2407 1776 episcopi,
2456 1694 2721 1756 testibus
2757 1694 2831 1756 ad
2857 1692 2966 1755 hec
3015 1709 3195 1771 roga-

471 1780 554 1843 tis
584 1781 646 1843 et
671 1782 905 1843 vocatis
930 1783 991 1844 et
1016 1779 1176 1845 aliis,
1204 1781 1336 1860 Ego
1373 1781 1726 1862 GregoriuS,
1749 1783 1999 1865 Dragoy
2022 1781 2255 1856 Cosme,
2283 1781 2680 1856 examinator,
2708 1797 2960 1843 manum
2988 1779 3191 1842 mitto.

679 1866 749 1931 L.
799 1867 861 1932 S.
910 1868 991 1931 Et
1037 1885 1150 1950 ego
1193 1869 1482 1932 Matheus
1528 1869 1785 1932 condam
1821 1868 2089 1933 Simonis
2137 1868 2211 1932 de
2260 1868 2530 1945 Petusio,
2564 1867 2870 1949 imperiali
2920 1868 2983 1930 et
3026 1883 3196 1930 com-

472 1953 675 2017 munis
725 1954 1139 2020 Sibenicensis
1184 1955 1555 2019 auctoritate
1603 1957 1876 2020 notarius
1923 1958 1987 2020 et
2031 1955 2412 2021 cancelarius
2446 1956 2594 2019 dicti
2640 1953 3003 2031 communiS,
3051 1970 3191 2035 pre-

475 2040 658 2105 dictis
691 2045 944 2125 rogatus
977 2042 1248 2119 interfui,
1298 2042 1514 2124 scripsi
1546 2044 1610 2107 et
1643 2043 1975 2125 publicavi,
2009 2062 2268 2125 meoque
2300 2042 2477 2125 signo
2510 2061 2581 2107 ac
2619 2042 2865 2107 nomine
2897 2040 3192 2106 roboravi.

553 2132 872 2191 Paetorum
926 2132 987 2193 V.
1039 2135 1183 2208 108,
1230 2151 1273 2192 u
1315 2133 1654 2192 mletackom
1699 2136 1937 2193 arkivu.

867 2320 1152 2403 CXCI.
1203 2320 1411 2403 God.
1464 2321 1694 2404 1349.
1748 2324 1838 2404 11
1890 2322 2260 2424 svlbnja‚
2317 2344 2376 2403 u
2428 2319 2821 2403 Mletcih.

480 2443 826 2522 Odredq'eno,
873 2447 954 2505 da
993 2464 1054 2505 se
1099 2448 1309 2517 milost,
1341 2449 1686 2522 podieljena
1732 2447 2034 2508 Saladinu
2079 2447 2455 2518 Zadraninu,
2502 2448 2735 2521 ἀνειμένη
2769 2451 2982 2520 putem
3027 2446 3200 2504 odma

1721 2538 1936 2598 invade.

690 2653 872 2719 1349.
922 2655 1018 2719 die
1064 2656 1153 2719 XI
1202 2656 1368 2733 maii,
1417 2658 1631 2740 capta:
1697 2676 1838 2721 cum
1888 2658 2133 2722 attenta
2178 2656 2397 2720 debili-
2433 2657 2497 2721 et
2542 2654 2941 2720 strictissima
2988 2654 3200 2720 condi-

469 2742 635 2807 tione
685 2742 962 2808 Saladini
1009 2743 1084 2808 de
1132 2743 1439 2809 Saladinis
1488 2746 1563 2808 de
1608 2746 1822 2821 Jadra,
1873 2747 2124 2827 captum
2172 2744 2358 2809 fuerit
2402 2763 2511 2827 per
2556 2743 2723 2808 istud
2766 2744 3096 2807 consilium
3121 2743 3198 2807 de

470 2830 853 2895 concedendo
899 2831 974 2895 de
1023 2832 1274 2912 speciali
1321 2833 1527 2915 gratia
1596 2833 1830 2909 eidem,
1881 2833 2040 2915 quod
2107 2833 2363 2897 haberet
2408 2833 2558 2896 duas
2622 2836 2835 2914 postas
2882 2832 3200 2914 equestres

382 2926 391 2938 ⁴
479 2919 542 2981 in
589 2916 886 2996 Tarvisio,
939 2920 1002 2983 et
1046 2919 1215 2984 nulle
1261 2920 1336 2984 ad
1386 2940 1635 3002 presens
1683 2923 1906 2984 vacent
1951 2922 2014 2984 iu
2061 2920 2352 2984 banderia
2386 2919 2793 2997 Ytalicorum,
2838 2919 2987 2983 licet
3038 2918 3200 2982 mul-

475 3006 611 3068 tum
663 3007 1078 3087 expectaverit
1125 3026 1263 3071 cum
1312 3008 1603 3089 gravibus
1650 3008 1931 3089 expensis
1977 3012 2106 3072 tam
2167 3026 2459 3089 equorum
2510 3025 2694 3090 quam
2756 3008 2976 3071 aliter:
3024 3006 3200 3072 vadit

474 3109 636 3173 parS,
686 3093 848 3174 quod
896 3094 951 3157 ei
999 3094 1221 3158 dentur
1265 3094 1382 3158 due
1430 3099 1606 3177 poste
1653 3098 1944 3160 vacantes
1993 3096 2070 3159 ad
2114 3114 2363 3178 presens
2411 3094 2474 3158 in
2525 3095 2817 3159 banderia
2869 3093 3200 3158 Theotoni-

474 3196 702 3256 corum,
748 3198 1061 3262 quousque
1112 3183 1464 3246 vacaverint
1509 3182 1571 3245 in
1605 3183 1895 3247 banderia
1927 3183 2333 3259 Ytalicorum,
2383 3185 2446 3245 et
2491 3182 2804 3264 quamcito
2844 3181 3197 3246 vacaverint

470 3265 535 3329 in
568 3266 856 3330 bauderia
894 3267 1301 3345 Ytalicorum,
1348 3269 1509 3333 dicte
1542 3270 1657 3334 due
1692 3274 1868 3352 poste
1916 3271 2285 3335 reducantur
2310 3271 2424 3333 sub
2450 3269 2742 3334 banderia
2788 3268 3195 3333 Ytalicorum.

557 3355 742 3449 Misti
785 3357 985 3417 XXV.
1038 3362 1135 3430 17,
1182 3378 1224 3417 u
1269 3360 1608 3419 mletackom
1644 3363 1872 3419 arkivu.

844 3545 1150 3628 oxon
1230 3546 1704 3631 eou.134e.
1760 3548 1854 3630 12
1903 3520 2277 3650 mimia,
2327 3570 2387 3629 u
2441 3548 2836 3647 Trogiru.

486 3673 808 3748 Troyirani
862 3675 1244 3748 odpravljaju
1305 3693 1484 3751 svoya
1536 3675 1864 3749 poslanika
1908 3692 1949 3732 α
1994 3675 2249 3744 Menae,
2304 3677 2460 3733 nelca
2506 3675 2565 3733 bi
2612 3691 2673 3733 sc
2718 3690 2790 3732 sa
2835 3672 3139 3747 Spljedani
3182 3674 3207 3732 i

487 3747 827 3820 Sibeniffani
871 3765 1242 3835 sporazumio
1283 3764 1448 3837 ylede
1491 3765 1708 3822 obrane
1767 3763 2033 3908 9211011111
2101 3763 2361 3822 ἀοίἱῦηἰῘι
2422 3764 2644 3832 kebam⁴
2679 3763 2754 3821 od
2816 3762 3206 3821 dusmanskih

1653 3868 1774 3923 nup
1860 3868 2024 3923 anya.

686 3967 1038 4033 Sindicatus
1086 3970 1393 4054 Tragurii.
1460 3972 1526 4034 In
1580 3968 1814 4035 Christi
1862 3970 2101 4033 nornine
2150 3990 2346 4035 amen.
2415 3972 2594 4035 Anno
2655 3970 2931 4036 eiusdem
2982 3970 3207 4035 nativi-

475 4057 623 4121 tatis
671 4057 1008 4122 millesimo
1057 4059 1492 4122 trecentesimo
1539 4059 2007 4140 quadragesimo
2052 4076 2241 4133 nono,
2305 4058 2640 4123 indictione
2706 4058 3014 4136 secunda,
3066 4077 3205 4141 reg-

471 4146 656 4209 nante
704 4146 953 4209 domino
1016 4145 1317 4210 Lodovico
1387 4147 1781 4211 serenissimo
1854 4165 1996 4229 rege
2061 4146 2418 4229 Hungarie,
2486 4146 2723 4210 excelso
2772 4150 2835 4209 et
2880 4146 3206 4229 magnifico

472 4232 720 4295 domino
767 4232 1011 4297 domino
1073 4234 1317 4297 Andree
1366 4233 1651 4297 Daudulo
1700 4233 1797 4296 dei
1862 4235 2068 4316 gratia
2132 4234 2347 4298 inclito
2410 4234 2815 4299 veneciarum
2878 4234 3049 4310 duce,
3101 4252 3206 4297 va-

471 4322 650 4383 cante
698 4321 1052 4404 episcopatu
1099 4322 1385 4403 Tragurii
1433 4340 1539 4402 per
1580 4322 1847 4385 mortem
1894 4322 2122 4387 domini
2163 4322 2510 4404 Lampredii
2543 4321 2690 4385 olim
2736 4321 3006 4404 episcopi
3053 4322 3208 4385 Tra-

474 4406 655 4488 gurii,
707 4410 1088 4490 temporibus
1137 4409 1383 4490 quidem
1433 4409 1644 4492 egregi
1691 4410 1754 4472 et
1799 4411 2066 4490 pot-entis
2116 4410 2229 4473 viri
2278 4409 2508 4474 domini
2554 4409 2750 4473 Marci
2799 4408 2961 4473 Celsi
3010 4409 3202 4473 hono-

474 4492 688 4557 rabilis
736 4496 978 4560 comitis
1025 4495 1299 4560 civitatis
1332 4497 1637 4578 Tragurii,
1689 4514 2061 4579 suorumque
2108 4497 2378 4562 iudicum
2427 4497 2726 4561 nobilium
2779 4497 3049 4561 virorum
3082 4498 3202 4561 Pe·

471 4581 714 4645 trarche
764 4580 1079 4665 Stephani,
1131 4584 1394 4666 Tompse
1444 4585 1695 4658 Donati,
1741 4582 1957 4649 Nicole
2007 4585 2235 4649 Marini
2283 4587 2347 4649 et
2390 4584 2592 4648 Danni
2642 4584 2942 4649 Johannis
2990 4583 3203 4661 Desse,

487 4668 585 4733 die
631 4670 988 4735 duodecimo
1036 4672 1266 4735 mensis
1313 4672 1483 4751 maii,
1540 4673 1601 4735 in
1647 4671 1828 4755 pleno
1875 4675 1939 4736 et
1983 4673 2260 4755 generali
2318 4672 2570 4736 consilio
2633 4671 2972 4737 communis
3013 4672 3078 4735 et
3120 4670 3208 4734 ci-
