3620 5282
2977 391 3115 462 419

588 577 731 663 Ego*
770 575 860 641 M.
910 573 1129 660 Pegini
1178 593 1364 640 manu
1412 592 1550 639 mea
1594 574 1835 657 scripsi.

591 667 725 749 Ego
774 665 843 729 P.
896 662 1162 746 Bazeglo
1208 680 1396 726 manu
1435 681 1574 726 mea
1612 662 1857 745 scripsi.

593 754 726 837 Ego
772 749 1138 817 Gusmerius
1185 751 1259 814 de
1307 749 1600 814 Madonio
1665 750 1928 814 ducatus
1976 748 2382 814 Venetiarum
2450 749 2653 814 scriba
2697 751 2770 814 de
2832 750 3118 815 mandato

382 842 689 908 dictorum
738 840 1126 905 dominorum
1173 836 1736 921 suprascriptorum
1788 835 2120 902 consilium
2168 836 2526 902 cancellavi.

466 933 681 992 Maius
723 931 1049 991 consilium.
1100 928 1551 989 Luna-Zaneta
1595 929 1696 987 list
1741 930 1848 1007 22,
1896 946 1939 987 u
1984 928 2202 987 arkivu
2245 928 2605 987 mletackom.

777 1112 1044 1202 LVII.
1119 1116 1325 1201 flod.
1381 1117 1606 1200 1383.
1660 1117 1761 1201 25
1819 1115 2178 1218 veljabe,
2233 1139 2293 1198 u
2345 1117 2739 1199 Mletoih.

731 1248 1093 1307 Doznadena
1139 1249 1309 1304 svota
1352 1261 1428 1305 za
1470 1245 1781 1319 yracvenje
1828 1243 1971 1302 kuce
2015 1259 2090 1303 za
2139 1243 2430 1303 zadarske
2475 1242 2755 1303 viconike.

588 1366 707 1432 Die
752 1367 1056 1451 vigesima
1078 1365 1291 1448 quinta
1316 1364 1629 1442 februarii,
1678 1366 1860 1446 capta
1904 1362 2025 1428 fuit
2069 1380 2246 1443 pars:
2297 1361 2458 1445 quod
2505 1363 2875 1428 consiliariis
2921 1364 3116 1432 Jadre

384 1456 515 1521 dari
559 1454 824 1520 debeant
870 1455 1027 1519 libre
1070 1453 1520 1537 Quinquaginta
1570 1452 1631 1516 in
1678 1469 1891 1515 mense
1937 1468 2046 1534 pro
2078 1450 2444 1532 complenda
2491 1449 2694 1530 dome,
2742 1451 2807 1515 in
2852 1471 2969 1534 quo
3005 1453 3117 1516 ha-

387 1546 585 1611 bitare
631 1543 857 1609 debent
902 1542 1021 1625 ipsi
1068 1541 1441 1619 consiliarii,
1499 1560 1616 1622 que
1678 1540 1925 1622 incepta
1985 1539 2102 1616 est,
2151 1538 2216 1601 et
2257 1537 2406 1616 hoc,
2472 1539 2662 1603 donec
2711 1539 2844 1622 ipsa
2891 1539 3111 1605 domus

384 1631 505 1697 erit
551 1630 877 1714 completa.
923 1630 1058 1713 Ego
1105 1631 1222 1693 etc.

465 1722 680 1782 Maius
721 1722 1050 1782 consilium.
1091 1719 1542 1779 Luna-Zaneta
1586 1719 1687 1778 list
1731 1716 1838 1786 25,
1882 1735 1925 1776 u
1971 1717 2188 1776 arkivu
2231 1716 2590 1777 mletackom.

772 1909 1086 1991 LVIII.
1142 1908 1349 1991 God.
1399 1907 1620 1990 1283.
1673 1906 1722 1989 2
1773 1907 2150 2008 travnja,
2206 1928 2266 1987 u
2318 1904 2711 1987 Mleteih.

380 2037 655 2111 Pozivlyu
699 2053 760 2096 se
805 2036 1047 2096 knezovi
1092 2036 1275 2105 kraha
1318 2036 1471 2094 neka
1502 2035 1735 2108 izplatc,
1781 2034 1870 2093 §to
1912 2032 2006 2104 505
2033 2032 2263 2106 duyuju
2293 2032 2557 2091 sinovom
2588 2030 2787 2091 duida
2808 2032 3114 2093 Lovrinca

1268 2123 1534 2196 Teupola
1578 2141 1620 2181 u
1666 2123 1777 2181 ime
1825 2120 2222 2181 duidevstine.
2864 2134 2880 2149 ’

590 2243 863 2309 Comites
911 2243 1107 2327 Vegle
1156 2261 1259 2325 pro
1307 2241 1454 2306 filiis
1500 2242 1736 2306 domini
1781 2239 2101 2305 Laurentii
2146 2239 2341 2305 ducis.
2417 2239 2532 2304 Die
2583 2238 2850 2307 secundo
2892 2239 3107 2321 aprilis

381 2334 567 2416 capta
610 2330 730 2395 fuit
776 2350 940 2413 pam,
990 2330 1151 2412 quod
1194 2331 1486 2395 mittatur
1531 2329 1924 2412 precipiendo
1972 2326 2302 2393 comitibus
2351 2326 2580 2409 Vegle‚
2629 2328 2837 2392 silicet
2880 2328 3109 2393 Frede-

380 2420 508 2485 rico
554 2422 619 2484 et
663 2419 866 2497 Petro,
916 2418 1075 2499 quod
1116 2419 1361 2483 solvant
1423 2417 1737 2482 residuum
1802 2416 2030 2499 regalis
2056 2465 2070 2493 ‚
2135 2434 2251 2498 que
2316 2416 2603 2479 tenentur
2664 2415 2898 2480 solvere
2962 2415 3112 2481 filiis

380 2506 615 2572 domini
662 2506 981 2571 Laurentii
1027 2506 1349 2587 Theupulo
1397 2506 1702 2586 quondam
1761 2504 1936 2569 ducis
1999 2523 2190 2587 usque
2255 2504 2332 2567 ad
2399 2504 2626 2583 pascha
2693 2503 2929 2583 maiu8‚
2995 2503 3111 2569 sub

377 2614 538 2680 pena
586 2593 928 2660 solidorum
977 2595 1243 2677 quinque
1284 2612 1393 2676 pro
1441 2592 1619 2658 libra.

587 2683 721 2766 Ego
769 2682 990 2747 Nicolo
1037 2681 1381 2746 Arimundo
1428 2700 1615 2746 manu
1663 2698 1801 2744 mea
1839 2680 2075 2762 scripsi.

589 2770 719 2853 Ego
768 2770 1134 2834 Franciscus
1180 2768 1471 2833 Dandulo
1520 2787 1704 2833 manu
1754 2786 1890 2833 mea
1938 2767 2179 2849 scripsi.

588 2859 719 2941 Ego
759 2857 1038 2922 Marinus
1085 2856 1360 2921 Falletro
1406 2874 1591 2920 manu
1641 2874 1779 2919 mea
1828 2856 2065 2937 scripsi.

587 2946 718 3028 Ego
767 2945 1072 3009 Henricus
1118 2944 1387 3008 Michael
1435 2963 1622 3009 manu
1670 2961 1808 3007 mea
1854 2942 2093 3026 scripsi.

552 3033 718 3116 -Ego
765 3033 1002 3098 Tantus
1050 3032 1460 3097 cancellarius
1522 3033 1596 3097 de
1660 3030 1951 3095 mandato
2011 3029 2496 3113 prescriptorum
2568 3031 2862 3113 quattuor
2912 3030 3115 3096 domi-

341 3139 596 3195 ,norum
645 3121 1002 3199 cancellavi‚

464 3211 681 3270 Maius
726 3211 1054 3271 consilium.
1101 3209 1551 3270 Luna-Zaneta
1598 3211 1699 3269 list
1746 3212 1850 3279 31,
1898 3228 1940 3267 u
1985 3209 2327 3269 mletadkom
2373 3209 2606 3278 arkivu.

762 3397 1023 3479 LIX.
1109 3397 1316 3481 God.
1373 3398 1597 3481 1283.
1653 3399 1741 3481 17
1794 3399 2125 3500 srpnja‚
2181 3421 2241 3480 u
2295 3397 2693 3481 Mletcih.

378 3522 725 3597 Odredjeno,
772 3525 972 3584 odkud
1016 3542 1078 3585 se
1114 3526 1238 3584 ima
1285 3526 1439 3585 uzeti
1481 3543 1668 3585 novae
1712 3540 1786 3584 za
1832 3526 2061 3597 inplatu
2107 3526 2291 3583 brocia
2324 3525 2554 3597 pazeaea
2608 3544 2650 3584 u
2694 3527 2984 3586 Kameru
3031 3544 3116 3586 na

1021 3613 1465 3685 lov-iomoarenje,
1512 3615 1534 3671 i
1577 3630 1653 3673 za
1687 3613 2113 3686 popravkjem‘a
2157 3630 2199 3671 u
2250 3610 2474 3673 Omisu.

597 3733 713 3797 Die
761 3732 999 3797 decima
1046 3734 1314 3816 septima
1359 3733 1515 3798 iulii.
1564 3730 1723 3811 Quia
1777 3750 1974 3815 grana
2019 3733 2083 3795 et
2132 3732 2380 3796 bladum
2427 3734 2491 3797 et
2540 3734 2748 3797 vinum
2797 3733 3113 3798 abundan-

379 3820 514 3885 tius
563 3821 625 3883 et
672 3821 945 3884 securius
1009 3823 1428 3886 conducantur
1490 3819 1782 3886 Venetias
1849 3820 2165 3884 occasione
2213 3820 2403 3902 ligni,
2470 3821 2628 3902 quod
2692 3821 2971 3885 moratur
3035 3822 3115 3885 ad

377 3907 855 3972 custodiendum
883 3906 1288 3987 Quarnerium
1337 3912 1401 3973 et
1446 3909 1764 3974 occasione
1805 3907 2096 3973 custodie·
2126 3910 2192 3972 et
2220 3908 2575 3972 securitatis
2600 3905 2876 3986 Almisii‚
2927 3910 3114 3991 capta

376 3995 501 4059 fuit
547 4013 710 4077 pars,
760 3996 918 4077 quod
965 3996 1200 4060 denarii
1248 4016 1353 4079 pro
1400 3995 1569 4061 soldo
1615 3998 1680 4062 et
1724 4013 1834 4078 pro
1881 3994 2180 4077 expensi8‚
2230 4015 2347 4077 que
2395 3994 2553 4059 fiunt
2595 3996 2657 4057 in
2706 3994 3113 4059 custodiendo

376 4086 445 4148 et
493 4082 760 4165 aptando
807 4083 1142 4148 Almisium
1190 4086 1255 4149 et
1296 4086 1355 4149 in
1397 4084 1567 4167 ligno
1614 4082 1892 4166 predicto
1941 4080 2268 4161 Quarnerii
2315 4083 2634 4146 solvantur
2681 4081 2754 4146 de
2798 4083 3110 4147 denuariis

378 4169 653 4234 tarnarie
703 4172 766 4234 et
810 4170 1103 4235 frumenti
1155 4174 1217 4237 et
1260 4172 1405 4249 vini,
1456 4176 1519 4236 et
1564 4171 1831 4236 addatur
1877 4171 1940 4235 in
1987 4169 2315 4253 capitulari
2370 4170 2810 4234 tarnariorium
2859 4171 2924 4234 et
2968 4169 3109 4236 illo-

379 4277 545 4330 rum,
595 4257 698 4339 qui
746 4260 1001 4339 presunt
1044 4258 1354 4324 frumento
1402 4262 1465 4325 et
1511 4260 1675 4324 datio
1719 4257 1864 4337 vini,
1914 4260 2070 4342 qnod
2117 4259 2358 4339 quando
2405 4257 2494 4321 eis
2555 4256 2940 4322 ordinabitur
3005 4277 3115 4341 per

374 4345 705 4410 dominum
756 4345 971 4410 ducem
1021 4348 1086 4411 et
1126 4347 1526 4426 consiliari08‚
1575 4346 1731 4429 quod
1784 4347 1902 4430 ipsi
1951 4346 2197 4411 solvant
2230 4344 2555 4427 pecuniam
2621 4362 2732 4428 pro
2797 4345 3108 4427 predictis,

374 4433 644 4497 debeant
691 4450 828 4496 eam
877 4434 1132 4511 solvere,
1182 4436 1247 4498 et
1291 4434 1468 4509 illud,
1519 4435 1679 4516 quod
1726 4433 1846 4513 ipsi
1894 4434 2137 4499 solvent
2202 4451 2310 4515 pro
2374 4432 2700 4513 predicti3‚
2766 4433 2959 4516 recipi
3004 4435 3108 4497 de-

374 4521 519 4584 beat
566 4521 643 4584 ab
689 4519 842 4596 illis,
892 4521 997 4603 qui
1046 4524 1303 4602 presunt
1353 4523 1692 4587 rationibus
1748 4521 2136 4604 recipiendis,
2203 4519 2367 4584 sicut
2427 4520 2548 4601 ipsi
2596 4519 2907 4603 recipiunt
2950 4521 3105 4585 alias

379 4627 679 4692 expensas
728 4606 925 4672 factas
972 4627 1080 4690 pro
1128 4628 1338 4674 eorum
1386 4609 1608 4685 offiti03
1653 4610 1719 4674 et
1763 4609 1819 4673 si
1882 4608 2131 4692 aliquod
2196 4606 2522 4671 consilium
2567 4609 2665 4673 est
2708 4611 2962 4687 contra,
3032 4607 3116 4672 sit

378 4700 733 4762 revocatum
788 4697 1084 4776 quantum
1132 4697 1193 4761 in
1242 4698 1374 4761 hoc.

586 4783 718 4865 Ego
765 4782 1039 4848 Thomas
1088 4785 1318 4849 Viadro
1367 4802 1554 4848 manu
1598 4799 1738 4847 mea
1786 4781 2030 4865 scripsi.

1054 4873 1065 4882 ⁴
2892 4880 2930 4919 ιιι
