3620 5282
559 351 689 417 382

558 530 760 610 ipsum
807 527 1183 592 descendere·
1216 524 1455 591 debere.
1518 528 1590 591 In
1652 527 1783 609 ipso
1846 526 2147 609 regimine
2212 526 2440 591 habere
2512 531 2574 592 et
2618 528 2827 591 tenere
2874 527 3092 592 debeat
3159 523 3306 589 suis

556 610 782 681 salario
829 619 894 679 et
939 614 1220 697 expensis
1263 613 1414 678 duos
1459 616 1655 680 socios
1704 618 1949 678 venetos
1997 616 2185 679 bonos
2232 619 2295 679 et
2357 614 2760 692 sufficienteS,
2829 616 2934 698 qui
2985 615 3302 697 placeant

550 704 752 769 ducali
799 703 1089 779 dominio,
1138 701 1337 766 dando
1383 704 1670 787 utrinque
1718 722 1930 766 eorum
1974 704 2228 768 ducatos
2273 704 2382 767 XL
2429 705 2560 767 auri
2610 705 2672 767 in
2733 722 2892 769 anno
2960 705 3128 768 ultra
3189 721 3306 765 ex-

552 812 771 875 pensas
818 792 960 870 oriS,
998 810 1191 855 unum
1242 793 1545 855 notarium
1593 810 1736 856 cum
1786 791 2012 856 salario
2061 790 2425 856 ducatorum
2454 793 2733 874 triginta,
2762 793 3037 874 quinque
3069 790 3302 855 domi-

551 881 739 945 cellos
787 881 974 944 bonos
1021 881 1086 942 et
1131 876 1530 956 sufficientes,
1575 881 1722 944 duos
1768 879 2045 962 ragacios
2119 883 2184 944 et
2243 898 2346 943 sex
2414 898 2622 962 equoS,
2694 898 2954 963 quorum
3002 881 3300 962 quatuor

553 969 680 1033 sint
719 967 900 1050 pretii
949 969 1307 1031 ducatorum
1359 968 1619 1051 triginta
1665 968 1737 1033 ad
1789 971 1992 1032 minus
2038 968 2138 1032 vel
2185 968 2325 1032 inde
2372 987 2560 1051 supra
2592 969 2655 1032 et
2685 968 2761 1032 de
2793 968 2972 1032 annis
3004 970 3300 1049 quatuor

550 1059 613 1121 et
651 1057 832 1127 ultra,
880 1074 1065 1120 unum
1117 1054 1416 1132 tubetam,
1466 1058 1571 1138 qui
1621 1055 1861 1139 quando
1907 1074 2158 1120 necesse
2206 1058 2343 1134 erit,
2391 1061 2636 1121 serveat
2707 1057 2873 1121 dicto
2938 1057 3163 1121 comiti
3223 1058 3297 1118 et

542 1147 896 1234 'capitanem
944 1146 996 1207 si
1044 1142 1443 1225 personaliter
1491 1144 1817 1227 equitaret,
1867 1145 2027 1225 quod
2075 1144 2275 1208 facere
2343 1146 2559 1227 possit,
2620 1144 2672 1207 si
2737 1145 2856 1208 sibi
2922 1145 3279 1218 videbitur,

555 1238 618 1296 et
664 1233 953 1297 similiter
999 1230 1286 1314 gentibus
1363 1234 1609 1310 uostris,
1673 1251 1789 1315 que
1860 1233 2217 1314 equitarent
2283 1232 2358 1297 de
2413 1252 2522 1315 per
2584 1252 2668 1310 se,
2719 1232 3055 1297 secundum
3101 1234 3289 1314 quod

555 1340 663 1404 pro
711 1321 865 1386 bono
911 1322 973 1384 et
1019 1320 1351 1383 securitate
1399 1323 1678 1385 contrate
1725 1320 1845 1383 sibi
1911 1320 2132 1385 melius
2201 1325 2266 1384 et
2340 1321 2559 1384 utilius
2638 1321 2968 1384 videretur.
3035 1320 3294 1385 Verum

556 1410 893 1486 ordinetur,
939 1407 1098 1490 quod
1147 1410 1219 1470 de
1266 1411 1494 1490 quanto
1542 1411 1815 1491 tempore
1864 1408 1994 1489 ipse
2037 1427 2240 1472 comes
2288 1416 2349 1473 et
2411 1411 2771 1492 capitaneus
2831 1410 3030 1473 staret
3091 1413 3292 1473 extra

557 1501 852 1571 castrum,
901 1496 1059 1579 quod
1110 1494 1185 1558 ad
1234 1498 1435 1561 minus
1481 1515 1636 1560 unus
1683 1496 1758 1560 de
1804 1496 1989 1560 sociis
2037 1497 2166 1561 suis
2213 1516 2457 1581 semper
2526 1501 2841 1561 remaneat
2902 1497 3071 1561 intra
3132 1515 3288 1562 cas-

558 1587 727 1650 trum
775 1603 881 1664 pro
928 1585 1205 1649 custodia
1252 1585 1316 1648 et
1356 1585 1688 1650 securitate
1737 1585 1876 1648 loci.

764 1674 846 1738 Et
885 1672 1106 1737 debeat
1150 1671 1351 1736 dictus
1398 1691 1599 1738 comes
1632 1674 1697 1738 et
1739 1673 2097 1755 capitaneus
2147 1691 2354 1755 regere
2432 1673 2660 1738 dictam
2733 1674 3048 1739 civitatem
3121 1692 3279 1737 cum

563 1763 694 1827 toto
743 1781 856 1825 suo
906 1762 1199 1825 comitatu
1247 1765 1310 1824 et
1355 1761 1642 1825 districtu
1689 1765 1753 1824 et
1793 1779 2152 1825 conservare
2198 1762 2276 1826 ad
2325 1762 2601 1825 nostrum
2654 1761 2967 1839 honorem,
3004 1762 3292 1844 regendo

559 1869 773 1914 omnes
821 1855 949 1913 tam
993 1848 1318 1913 interiores
1366 1868 1546 1931 quam
1595 1850 1925 1914 exteriores
1999 1868 2107 1913 sno
2170 1850 2454 1932 regimini
2522 1849 2851 1929 subiectos,
2899 1853 2965 1914 et
3009 1851 3100 1914 eis
3152 1850 3291 1913 ius·

557 1939 764 2003 titiam
817 1936 1219 2002 ministrando
1267 1938 1325 2000 in
1373 1937 1660 2001 civilibus
1701 1942 1762 2001 et
1824 1936 2250 2002 criminalibus
2299 1937 2635 2002 secundum
2683 1936 2971 2016 formam,
3020 1937 3288 2002 modum

562 2028 627 2090 et
670 2026 965 2098 ordinem,
1010 2024 1117 2107 qui
1164 2025 1280 2088 sibi
1328 2024 1578 2089 dabitur
1622 2045 1732 2107 per
1780 2045 1955 2089 suam
2003 2025 2448 2090 comissionem.

769 2115 1000 2179 Verum
1053 2132 1169 2176 non
1216 2113 1414 2193 possit
1462 2113 1655 2177 facere
1703 2132 1814 2178 nec
1853 2114 1983 2177 fieri
2031 2113 2231 2177 facere
2276 2113 2352 2178 de
2399 2112 2898 2192 mercationibuS,
2964 2132 3076 2177 nec
3120 2111 3272 2177 socii

559 2204 658 2267 sui
704 2222 812 2285 per
859 2222 924 2266 se
974 2201 1069 2265 vel
1115 2219 1223 2282 per
1270 2201 1443 2275 alioS,
1496 2220 1606 2265 nec
1652 2203 1860 2266 tenere
1908 2202 1925 2264 i
1975 2201 2152 2265 domo
2182 2202 2472 2285 aliquem,
2520 2204 2621 2285 qni
2671 2202 2880 2280 faciat,
2950 2221 3062 2266 nec
3111 2202 3274 2265 reci-

564 2311 706 2374 pere
752 2291 976 2354 donum
1023 2290 1120 2353 vel
1167 2307 1415 2370 presens
1460 2294 1569 2353 ant
1616 2290 1804 2372 recipi
1853 2289 2057 2372 aliquo
2106 2292 2278 2354 modo
2327 2291 2423 2354 vel
2454 2291 2698 2373 ingenio
2730 2311 2837 2373 per
2869 2294 3073 2355 totum
3111 2294 3273 2354 tem-

563 2399 676 2461 pus
723 2378 819 2443 sui
861 2377 1200 2461 regiminis.
1272 2376 1355 2441 Et
1400 2378 1522 2442 alia
1568 2379 1840 2460 capitula
1887 2377 2202 2459 generalia
2253 2380 2451 2460 posita
2497 2380 2560 2442 in
2606 2379 3039 2442 commissione
3086 2377 3280 2442 baiuli

558 2466 858 2531 Durachii
907 2469 972 2530 et
1016 2465 1196 2529 solita
1244 2465 1385 2547 poni
1437 2468 1496 2528 in
1543 2466 1913 2531 comissione
1941 2468 2249 2530 rectorum
2296 2468 2366 2530 de
2401 2469 2575 2531 extra
2621 2468 2936 2549 cnlphum,
2974 2468 3273 2549 ponantur

566 2557 753 2619 etiam
807 2555 868 2618 in
916 2553 1339 2617 commissione
1388 2554 1538 2617 dicti
1586 2555 1833 2618 comitis
1881 2559 1945 2618 et
1977 2554 2302 2637 capitanei,
2337 2555 2671 2619 secundum
2705 2557 2864 2637 quod
2899 2574 3006 2637 per
3039 2555 3267 2618 dictum

563 2643 897 2727 collegium
946 2641 1131 2706 fuerit
1177 2643 1599 2706 terminatum.
1650 2640 1770 2707 Sed
1817 2645 1962 2707 ante
2007 2644 2140 2707 eius
2187 2663 2492 2708 recessum
2541 2646 2819 2709 venietur
2865 2644 3004 2721 huc,
3046 2648 3112 2707 et
3143 2649 3275 2725 pro-

563 2732 871 2797 videbitur
914 2732 986 2794 de
1036 2729 1233 2806 modu,
1283 2750 1463 2813 quem
1514 2749 1756 2795 servare
1809 2731 2066 2796 habebit
2107 2731 2168 2794 in
2215 2732 2549 2797 recedendo
2594 2735 2658 2797 et
2703 2734 2777 2796 de
2823 2751 2931 2797 suo
2976 2732 3278 2796 descensu

564 2822 628 2884 et
671 2820 746 2883 de
792 2820 1073 2883 omnibus
1121 2817 1319 2882 modis
1367 2822 1429 2882 et
1475 2819 1815 2896 ordinibuS,
1856 2820 1957 2901 qui
2008 2820 2193 2883 dandi
2261 2824 2442 2885 erunt
2506 2820 2797 2904 gentibus
2861 2821 3110 2895 nostris,
3159 2838 3277 2901 qne

570 2908 731 2972 iture
779 2918 923 2972 sunt
969 2908 1041 2971 ad
1089 2907 1230 2970 illas
1281 2911 1483 2987 partes
1544 2927 1651 2990 pro
1708 2908 1881 2984 bono,
1946 2909 2278 2973 securitate
2342 2914 2407 2972 et
2474 2910 2933 2974 conservatione
3005 2908 3278 2972 locorum

574 2999 941 3073 nostrorum,
989 2996 1078 3058 ita
1123 2995 1279 3077 quod
1327 3014 1538 3058 omnes
1585 3015 1650 3060 se
1715 2996 2086 3078 intelligent,
2146 2999 2210 3061 et
2272 2998 2502 3079 poterit
2569 2999 2718 3062 bene
2780 2999 2844 3061 et
2896 2996 3279 3061 sufficienter

574 3085 888 3168 procurari
935 3083 1129 3147 honor
1175 3088 1398 3147 noster.
1449 3084 1541 3148 De
1590 3087 1759 3166 parte
1805 3085 1887 3147 47
1933 3083 2037 3148 53.

774 3171 1024 3235 Electus
1071 3189 1272 3234 comes
1320 3175 1382 3235 et
1419 3173 1775 3254 capitaneus
1826 3173 2071 3238 Scutari
2118 3192 2215 3237 ser
2260 3172 2572 3238 Johannes
2621 3171 2892 3256 Capello.

777 3275 887 3342 Ser
930 3277 1201 3342 Jacobus
1249 3276 1594 3342 Gradonico
1644 3281 1843 3355 mileS,
1884 3297 1982 3342 ser
2026 3278 2337 3343 Johannes
2381 3280 2454 3343 de
2501 3277 2735 3357 Canali,
2786 3277 3130 3361 provisores
3178 3297 3284 3341 re-

574 3368 732 3431 versi
775 3385 811 3430 a
854 3364 1127 3429 Scutam.
1177 3364 1351 3445 Quod
1397 3367 1461 3430 in
1509 3367 1668 3431 bona
1706 3367 1910 3450 gratia
1956 3366 2225 3448 eligatur
2284 3368 2345 3430 in
2407 3369 2622 3431 maiori
2668 3367 2923 3431 consilio
2971 3387 3078 3449 per
3125 3384 3286 3448 qua-

571 3459 707 3517 tuor
742 3472 960 3517 manus
1005 3454 1375 3517 electionum
1426 3473 1578 3518 uuus
1624 3473 1831 3519 comes
1880 3453 2142 3531 Scutari,
2190 3456 2254 3519 et
2299 3456 2423 3533 ille,
2472 3455 2575 3537 qui
2609 3454 2862 3519 habebit
2894 3456 3099 3537 plures
3139 3454 3282 3518 bal-

566 3542 726 3607 lotas
771 3542 931 3612 aliis,
1007 3544 1380 3605 transeundo
1458 3544 1856 3607 medietatem
1905 3543 2166 3620 consilii,
2241 3545 2324 3606 sit
2383 3544 2623 3612 firmus,
2673 3556 2736 3606 et
2780 3542 2890 3607 fiat
2935 3562 3046 3625 per
3119 3541 3284 3605 duos

567 3648 755 3696 annos
800 3633 865 3693 et
910 3632 1154 3694 tantum
1203 3630 1359 3712 pluS,
1396 3634 1693 3712 quantum
1744 3650 2059 3696 successor
2105 3650 2251 3694 suus
2324 3632 2476 3695 illuc
2539 3632 2630 3695 ire
2676 3631 3030 3704 distulerit;
3077 3631 3286 3712 possit

569 3719 765 3802 accipi
812 3717 886 3781 de
930 3719 1091 3781 omni
1141 3719 1273 3781 loco
1322 3723 1385 3783 et
1430 3719 1632 3783 officio
1681 3723 1742 3784 et
1805 3720 2077 3783 iudicatu
2146 3720 2523 3801 peticionum
2590 3723 2656 3784 et
2716 3720 2789 3783 de
2848 3719 2989 3783 aliis
3036 3718 3286 3795 officiiS,

571 3809 675 3891 qui
725 3811 870 3871 sunt
916 3805 993 3869 ad
1042 3804 1271 3870 dictam
1320 3809 1758 3883 condicionem,
1808 3813 1873 3871 et
1917 3808 2138 3872 debeat
2186 3808 2483 3883 recedere,
2532 3809 2608 3872 ad
2670 3806 3122 3890 beneplacitum
3176 3808 3289 3870 do-

571 3896 770 3960 minii.
821 3895 1063 3959 Habeat
1108 3895 1182 3958 de
1223 3894 1452 3958 salario
1500 3895 1563 3959 in
1611 3914 1768 3959 anno
1815 3900 1880 3960 et
1927 3896 2163 3960 ratione
2192 3896 2336 3959 anni
2378 3895 2633 3960 ducatos
2663 3899 2799 3959 octo
2832 3898 3104 3972 centum,
3141 3913 3291 3977 per·

571 3983 852 4067 cipiendo
900 4001 1122 4065 pagam
1168 3983 1353 4047 nnius
1398 3984 1542 4048 anni
1590 3983 1690 4047 hic
1738 3986 1798 4048 in
1852 3984 2134 4048 Venetiis
2175 3988 2238 4048 et
2284 3986 2600 4049 residuum
2669 3984 2887 4048 deinde
2949 3984 3025 4048 de
3074 3982 3287 4048 tribus

578 4075 640 4136 in
688 4075 813 4135 tres
861 4090 1102 4135 menses
1150 4073 1222 4135 ad
1274 4071 1575 4137 rationem
1623 4090 1981 4154 grossorum
2029 4072 2289 4153 triginta
2333 4075 2598 4154 quatuor
2646 4092 2752 4155 pro
2798 4073 3041 4149 ducato,
3091 4074 3157 4136 et
3203 4072 3289 4135 ad

572 4161 801 4225 dictam
846 4160 1149 4222 rationem
1183 4158 1417 4223 solvere
1462 4160 1685 4224 debeat
1729 4161 1947 4225 deinde
1995 4160 2236 4224 familie
2283 4179 2391 4224 sue
2437 4161 2576 4238 toti,
2627 4180 2744 4243 que
2790 4160 3026 4224 familia
3056 4159 3294 4224 debeat

573 4267 706 4312 esse
752 4249 869 4311 duo
916 4248 1085 4324 socii,
1136 4249 1237 4329 qui
1285 4246 1871 4329 placeant'collegio
1913 4248 2166 4325 domini,
2217 4249 2710 4313 consiliariorum
2758 4256 2821 4312 et
2875 4250 3152 4330 capitum
3199 4248 3281 4312 de

575 4336 705 4413 XL,
754 4336 1125 4417 sapientium
1175 4336 1499 4399 ambarum
1551 4354 1866 4414 manuum,
1911 4337 2328 4420 provisoribus
2365 4336 2613 4401 Scutari
2662 4336 2757 4401 vel
2808 4338 3026 4401 maiori
3074 4339 3269 4419 parti,

574 4444 761 4489 unum
814 4424 1143 4497 notarium,
1193 4426 1452 4505 quatuor
1498 4424 1882 4499 domicellos,
1933 4432 2196 4507 quatuor
2227 4444 2412 4509 equos
2445 4430 2509 4489 et
2539 4445 2732 4490 unum
2765 4426 3113 4508 ragacium,
3149 4444 3278 4489 non

575 4514 874 4594 possendo
919 4514 1115 4576 iacere
1164 4530 1273 4575 nec
1321 4512 1592 4595 aliquem
1642 4514 1714 4578 de
1764 4533 1878 4577 sua
1925 4513 2163 4579 familia
2210 4534 2316 4596 per
2362 4533 2428 4578 se
2474 4514 2573 4580 vel
2616 4533 2724 4596 per
2767 4514 2959 4578 alium
3011 4514 3083 4577 de
3117 4533 3292 4578 mer-

575 4601 906 4676 catoribuS,
957 4619 1064 4663 nec
1111 4601 1387 4681 accipere
1433 4601 1661 4665 donum
1714 4602 1815 4665 vel
1845 4621 2096 4685 presens
2130 4621 2239 4667 nec
2270 4603 2543 4684 aliquam
2579 4602 2874 4684 regaliam
2909 4603 3029 4666 sibi
3061 4620 3294 4684 appro-

576 4687 796 4769 priare,
848 4688 955 4751 sed
1002 4707 1213 4752 omnes
1261 4689 1622 4769 perveniant
1668 4691 1729 4753 in
1777 4692 2058 4754 nostrum
2105 4709 2449 4755 commune.
2499 4690 2580 4753 Et
2626 4691 2845 4754 debeat
2876 4691 3158 4772 equitare
3191 4690 3293 4754 di-

577 4778 712 4839 ctus
755 4794 959 4840 comes
1001 4794 1142 4839 cum
1191 4778 1419 4841 nostris
1465 4778 1755 4861 gentibus
1799 4796 2133 4852 armorum,
2179 4781 2420 4860 quando
2467 4797 2710 4844 necesse
2735 4778 2919 4844 fuerit
2952 4777 3028 4844 de
3062 4777 3298 4846 comis-
