3620 5282
555 337 685 405 346

554 516 723 581 filius
772 520 1025 583 condam
1071 519 1301 584 domini
1352 519 1697 586 Strazimiri
1745 520 2026 600 antefati,
2074 521 2230 586 fecit
2264 520 2443 585 nobis
2475 539 2581 602 per
2613 539 2799 586 suum
2823 518 3292 602 procuratorem

557 605 945 670 devotissime
994 609 1345 690 supplicari,
1395 613 1464 672 ut
1510 627 1617 691 pro
1685 610 1939 690 speciali
2009 609 2431 674 consolatione
2484 612 2547 673 et
2611 609 2836 673 honore
2908 625 3017 672 suo
3078 605 3293 669 simile

558 692 969 774 privilegium,
1043 701 1222 776 prout
1297 696 1554 760 condam
1626 695 1789 760 dicto
1859 700 1992 762 eius
2061 698 2224 780 patri
2293 698 2510 762 datum
2558 698 2792 771 extitit,
2842 697 2903 760 in
2953 711 3286 775 personam

561 780 750 859 ipsius
798 781 1030 844 domiui
1080 783 1327 865 Georgii
1376 787 1439 847 et
1472 783 1765 848 heredum
1793 805 2044 849 suorum
2078 786 2408 851 concedere
2443 788 2859 867 dignaremur.
2907 783 3036 847 Nos
3068 784 3291 846 autem

559 867 875 932 amicabili
921 870 1312 951 requisitioni
1358 892 1464 937 sue
1513 892 1782 936 annuere
1829 877 2168 955 cupienteS‚
2230 875 2556 956 presertim
2621 872 2923 936 laudabili
2973 871 3105 934 eius
3154 869 3292 931 dis·

558 955 860 1034 positione
908 977 1053 1040 erga
1099 959 1440 1024 dominium
1488 965 1768 1024 nostrum
1833 961 2125 1043 inspecta,
2177 963 2490 1045 etiamque
2537 960 3053 1043 supplicationem
3106 975 3289 1020 suam

559 1042 787 1104 iustam
836 1063 968 1108 esse
1016 1049 1456 1124 couceruimuS,
1493 1051 1728 1112 dictum
1771 1049 2170 1132 privilegium
2204 1050 2390 1114 scribi
2425 1050 2874 1125 mandavimus,
2910 1054 2974 1110 et
3006 1047 3288 1110 eiusdem

559 1131 966 1196 ambaxiatori
1016 1135 1350 1199 solenniter
1392 1137 1663 1200 exhiberi
1714 1138 1774 1200 iu
1825 1138 2020 1202 forma
2082 1138 2504 1220 subsequenti,
2571 1135 2878 1200 videlicet.
2949 1170 3020 1181 —
3061 1134 3289 1198 *Tanto

568 1214 895 1299 benignius
944 1220 1178 1286 ducalis
1224 1225 1605 1305 providentia
1667 1227 1979 1289 consuerit
2045 1244 2337 1307 personas
2397 1224 2791 1288 honorabiles
2852 1222 2971 1286 sibi
3031 1222 3291 1284 devotas

559 1306 622 1365 et
670 1306 881 1370 fideles
931 1310 1263 1375 honoribus
1312 1312 1641 1391 prevenire,
1694 1313 2087 1395 ipsarumque
2127 1313 2308 1376 fidem
2342 1316 2406 1376 et
2437 1312 2817 1376 devotionem
2862 1310 3068 1392 dignis
3102 1307 3290 1371 retri-

562 1392 915 1459 butionibus
963 1415 1375 1478 compensare,
1427 1418 1497 1461 ac
1542 1401 1703 1480 ipsas
1751 1401 2060 1463 dotalibus
2106 1400 2416 1465 favoribus
2463 1399 2830 1476 convallare,
2895 1402 2959 1460 et
3004 1398 3287 1475 ipsarum

561 1480 892 1560 petitiones
939 1483 1258 1550 liberalius
1307 1487 1614 1564 exaudire,
1664 1490 1895 1569 quanto
1942 1487 2194 1551 ducatui
2242 1494 2446 1552 nostro
2493 1488 2840 1552 devotiores
2887 1485 3008 1549 fide
3042 1488 3107 1548 et
3136 1501 3287 1565 ope·

560 1567 730 1631 ribus
779 1591 843 1632 se
889 1573 1237 1637 ostendunt.
1285 1574 1697 1638 Attendentes
1746 1576 1941 1654 igitur
1987 1575 2362 1657 multiplices
2413 1576 2553 1639 fidei
2599 1574 2936 1656 puritatem
2984 1574 3050 1636 et
3095 1571 3284 1635 devo-

562 1654 749 1719 tionis
798 1658 1265 1739 plenitudinem,
1316 1681 1495 1744 quam
1547 1664 1916 1744 magnificus
1967 1664 2059 1726 vir
2110 1663 2396 1748 dominus
2439 1662 2741 1743 Georgius
2777 1659 3036 1725 condam
3074 1658 3284 1725 Srazi-

558 1743 720 1820 miri,
770 1746 1053 1810 dominus
1103 1748 1289 1813 Zente
1338 1753 1399 1811 et
1464 1752 1578 1813 cet.
1642 1750 1719 1813 ad
1785 1751 1987 1813 nostre
2045 1751 2502 1831 magnitudinis
2563 1748 2999 1812 excellentiam
3048 1747 3281 1812 habere

560 1835 859 1912 promptis
906 1834 1227 1899 affectibus
1268 1857 1330 1899 se
1379 1839 1667 1910 ostendit,
1719 1839 1824 1920 qui
1887 1839 1944 1902 in
1993 1839 2268 1919 agendis,
2341 1857 2466 1912 noe,
2515 1839 2810 1901 ducatum
2862 1839 3143 1899 nostrum
3220 1835 3286 1897 et

555 1918 898 1999 singulares
962 1942 1248 2002 personas
1309 1924 1571 1988 ducatus
1633 1925 1906 1989 eiusdem
1969 1927 2367 2006 tangentibus
2430 1927 2717 1989 devotum
2782 1928 2847 1988 et
2918 1927 3280 2006 promptum

557 2003 951 2072 laudabiliter
998 2014 1060 2072 et
1107 2011 1486 2075 incessanter
1545 2033 1611 2074 se
1673 2013 1922 2094 prebuit
1979 2016 2162 2096 atque
2229 2015 2455 2094 prebet,
2521 2013 3035 2095 suplicatiouibus
3099 2009 3280 2074 nobis

560 2111 669 2156 sua
714 2102 889 2176 parte
934 2100 1233 2178 porrectis
1281 2100 1619 2181 gratiosius
1666 2105 2025 2176 annuentes,
2078 2120 2218 2165 eum
2265 2120 2406 2165 cum
2457 2101 2588 2165 suis
2637 2101 2783 2164 filiis
2832 2103 2896 2164 et
2927 2099 3282 2178 heredibus,

559 2185 904 2246 nostrorum
956 2187 1230 2250 omnium
1281 2188 1674 2253 consiliorum
1726 2193 1788 2251 et
1835 2188 2404 2253 ordinamentorum
2473 2188 2816 2252 necessaria
2881 2186 3279 2250 solemnitate

556 2275 816 2346 servata,
867 2273 927 2335 in
976 2273 1285 2337 Venetum
1334 2279 1397 2338 et
1442 2276 1637 2340 civem
1688 2280 1972 2340 nostrum
2039 2295 2177 2340 cum
2252 2278 2379 2341 suis
2448 2276 2594 2340 filiis
2651 2276 2713 2339 et
2758 2276 3085 2339 heredibus
3132 2291 3274 2356 per-

555 2360 738 2437 petuo
786 2360 1125 2440 recepimus
1169 2369 1354 2444 atque
1400 2363 1745 2444 recipimus,
1797 2367 1860 2427 et
1908 2364 2212 2428 Venetum
2262 2366 2325 2428 et
2363 2363 2561 2427 civem
2622 2365 2906 2427 nostrum
2954 2381 3096 2426 cum
3146 2366 3276 2425 suis

555 2444 702 2508 filiis
750 2455 811 2510 et
853 2447 1182 2513 heredibus
1230 2452 1485 2515 fecimus
1528 2454 1592 2515 et
1637 2450 1919 2528 facunde,
1969 2457 2032 2515 et
2079 2470 2184 2531 pro
2252 2454 2470 2518 veneto
2540 2455 2604 2516 et
2665 2452 2797 2515 cive
2866 2453 3080 2515 nostro
3131 2468 3276 2513 cum

555 2533 683 2596 suis
730 2534 875 2598 filiis
921 2538 982 2599 et
1029 2536 1357 2601 heredibus
1406 2539 1467 2601 in
1515 2538 1794 2604 Venetiis
1858 2542 1920 2602 et
1995 2539 2140 2603 alibi
2210 2540 2497 2620 deinceps
2557 2539 2767 2602 haberi
2832 2541 2897 2602 et
2957 2536 3275 2620 procurari

557 2623 722 2686 omni
772 2623 991 2687 effectu
1039 2629 1100 2688 et
1143 2624 1524 2707 plenitudine
1576 2627 1856 2692 volumus
1902 2631 1965 2691 et
2012 2628 2283 2705 tractari,
2334 2629 2538 2708 ipsum
2575 2627 2812 2690 sincere
2845 2624 3272 2691 benevolentis

557 2708 829 2774 brachiis
890 2713 1332 2793 amplexantes,
1405 2718 1468 2779 et
1531 2716 1799 2779 firmiter
1865 2718 2228 2791 statuenteS‚
2294 2715 2455 2798 quod
2520 2714 2782 2797 singulis
2843 2714 3268 2787 libertatibus,

557 2798 885 2878 beneficiis,
964 2797 1418 2878 imunitatibu8‚
1503 2806 1567 2866 et
1640 2802 1974 2866 honoribus
2035 2803 2519 2885 quibuscunque,
2599 2803 2820 2884 quibus
2899 2802 3007 2866 alii
3091 2804 3280 2867 hono-

555 2885 782 2950 rabiles
858 2887 1079 2950 Veneti
1157 2891 1219 2951 et
1296 2890 1459 2953 cives
1536 2890 1727 2954 nostri
1801 2891 2073 2972 gaudent
2145 2892 2209 2955 et
2283 2890 2511 2970 perfrui
2590 2891 3052 2972 dignoscuntur,
3134 2908 3275 2971 pre-

558 2971 721 3036 fatus
799 2975 1083 3038 dominus
1163 2976 1465 3058 Georgius
1539 2976 1885 3041 Strazimiri
1962 2996 2104 3042 cum
2182 2979 2310 3041 suis
2383 2976 2532 3041 filiis
2617 2984 2682 3042 et
2740 2976 3072 3042 heredibus
3158 2976 3279 3040 Ve-

558 3061 740 3124 netiis
815 3064 878 3126 et
953 3066 1124 3125 extra
1172 3067 1464 3145 perpetuo
1541 3065 1807 3144 gaudeat
1870 3069 1933 3129 et
2002 3066 2244 3140 utatur3
2304 3064 2470 3128 idem
2533 3084 2769 3149 quoque
2833 3083 2945 3146 per
3005 3065 3277 3128 circum-

559 3153 831 3229 spectum
884 3148 1084 3212 virum
1129 3150 1371 3214 Vallem
1417 3150 1719 3216 Johannis
1768 3152 1841 3214 de
1893 3153 2207 3226 DulcineO,
2258 3152 2745 3217 ambaxiatorem
2786 3171 2990 3226 suum,
3068 3152 3274 3214 solen-

559 3237 719 3299 niter
765 3236 839 3300 ad
886 3239 1098 3301 sancta
1145 3238 1239 3301 dei
1286 3238 1608 3321 evangelia
1665 3239 1945 3321 prestitit
1990 3239 2632 3304 fidelitatis‘debitum
2679 3242 3125 3305 iuramentum.
3205 3238 3276 3302 In

557 3341 813 3404 quorum
863 3325 1136 3387 omnium
1188 3327 1369 3389 fidem
1420 3331 1483 3391 et
1528 3326 1903 3391 evidentiam
1971 3327 2305 3410 pleniorem
2376 3346 2626 3408 presens
2695 3326 3094 3410 privilegium
3144 3325 3279 3389 fieri

557 3410 871 3485 iussimus,
920 3414 982 3475 et
1029 3412 1201 3477 bulla
1246 3418 1452 3477 nostra
1498 3433 1683 3478 aurea
1730 3414 2032 3495 pendente
2079 3416 2325 3479 muniri.
2375 3415 2608 3478 Datum
2655 3415 2720 3479 in
2767 3418 2977 3478 nostro
3026 3412 3278 3477 ducalio

557 3498 790 3580 palatio
856 3516 1014 3562 anno
1076 3499 1379 3564 dominice
1457 3502 1902 3566 incarnationis
1960 3502 2293 3566 millesimo
2350 3504 2816 3568 trecentessimo
2878 3500 3280 3583 nonagesimo

554 3587 786 3667 quint0,
835 3587 1066 3651 mensis
1115 3588 1263 3652 maii
1305 3589 1404 3653 die
1453 3590 1799 3665 undecim0,
1855 3589 2190 3654 indictione
2236 3589 2450 3655 tercia.

639 3692 823 3751 Liber
857 3694 1312 3769 privileyiorum
1358 3696 1419 3754 I.
1470 3699 1616 3772 115,
1666 3715 1707 3756 u
1748 3697 1903 3758 mlet.
1955 3698 2191 3776 arkivu.

770 3934 1344 4019 CCCCXCIII.
1413 3937 1617 4021 God.
1677 3939 1906 4023 1395.
1964 3937 2082 4021 15.
2131 3941 2500 4041 svibnja‚
2554 3960 2612 4020 u
2665 3937 3067 4019 Mletcih.
3173 3974 3180 3981 ·

549 4081 842 4155 Napatak
887 4098 961 4141 za
1001 4085 1392 4155 pomorskoya
1438 4086 1757 4157 Impetum,
1804 4086 1958 4144 nelca
2008 4085 2192 4157 podjc
2239 4102 2279 4141 u
2358 4082 2582 4151 Ζαάαν,
2660 4082 2875 4156 Troqir
2947 4082 2973 4139 i
3042 4080 3214 4142 Omis
3256 4086 3281 4141 i

1127 4171 1400 4229 zahlieva
1446 4172 1521 4230 od
1569 4174 1653 4230 tila
1701 4174 1914 4231 obcina
1959 4174 2190 4244 njekoje
2234 4171 2674 4244 zadovoljs'tine.

770 4286 949 4352 1395.
997 4289 1096 4352 die
1142 4290 1278 4354 XV.
1331 4292 1495 4367 maii,
1564 4291 1899 4355 indictione
1963 4292 2175 4356 tercia.
2247 4291 2360 4356 Ser
2424 4291 2793 4354 Franciscus
2856 4290 3114 4368 Bembo‚
3181 4311 3281 4356 ser

548 4376 844 4441 Nicolaus
894 4377 1236 4460 Delphyno‚
1288 4396 1382 4441 ser
1452 4378 1684 4441 Paulus
1751 4380 1910 4442 Zane
1979 4384 2042 4444 et
2111 4399 2210 4443 ser
2272 4378 2558 4442 Nicolaus
2631 4376 2900 4458 Capeno,
2966 4380 3280 4460 sapientes

550 4465 854 4527 ordinum.
905 4462 1134 4546 Capta:
1185 4468 1341 4546 quod
1394 4466 1716 4530 mandetur
1764 4468 2082 4546 capitaneo
2141 4470 2354 4530 nostro
2424 4464 2683 4547 Culphy,
2752 4466 2910 4547 quod
2976 4467 3158 4530 hodie
3217 4468 3279 4530 in

551 4551 709 4615 bona
783 4551 989 4633 gratia
1059 4572 1201 4616 cum
1279 4554 1474 4634 galeis
1553 4555 1670 4618 sibi
1742 4554 2089 4617 commissis
2164 4553 2384 4618 debeat
2458 4553 2737 4617 recedere
2815 4553 2889 4616 de
2960 4553 3277 4631 VenetiiS,

549 4640 613 4700 et
686 4640 772 4701 ire
835 4642 909 4703 ad
988 4645 1196 4721 partes
1260 4640 1447 4706 Jadre
1522 4643 1597 4706 ad
1656 4643 2103 4722 procurandum
2177 4641 2377 4723 primo
2446 4641 2787 4705 curandum
2861 4641 3064 4722 primo
3131 4660 3275 4705 con-

551 4724 827 4788 cordium
920 4731 984 4791 et
1076 4746 1288 4808 pacem
1383 4728 1541 4791 inter
1635 4732 1834 4811 ipsam
1922 4729 2434 4793 communitatem
2526 4729 2590 4792 et
2680 4728 2880 4792 virum
2960 4729 3279 4812 egregium
