3620 5282
3007 360 3162 436 ³01,

417 511 742 613 provideri,
790 534 900 598 pro
944 517 1017 582 ut
1059 518 1180 585 erit
1222 521 1568 606 expediens.
1640 524 1869 592 Verum
1919 528 2085 594 ultra
2130 547 2221 608 ea,
2269 530 2331 596 in
2393 531 2617 615 quibus
2678 532 2900 601 damus
2955 537 3135 604 vobis

415 598 773 704 libertatem
819 607 1119 687 possendo
1165 627 1275 692 per
1320 630 1423 676 vos
1471 613 1809 695 providere,
1857 614 1989 682 fieri
2050 620 2114 683 et
2145 618 2495 685 derminare
2541 620 2781 700 deinde,
2829 623 3134 704 volumus,

416 689 576 770 quod
625 708 662 754 a
706 690 828 770 die,
877 713 996 777 quo
1040 696 1469 780 applicueritis
1517 700 1806 767 Venetiae
1869 723 2060 788 usque
2124 725 2365 773 menses
2426 709 2575 787 tres,
2623 709 2904 777 habeatis
2951 712 3135 780 liber-

414 777 611 842 tatem
659 798 764 845 vos
810 785 873 846 et
915 784 1173 866 uterque
1218 789 1491 853 vestrum
1553 790 1817 872 ponendi
1877 796 2119 875 partem
2181 798 2249 860 et
2317 799 2523 878 partes
2582 797 2645 863 in
2706 798 2820 864 hoc
2877 802 3134 868 consilio

415 867 768 966 rogatorum
814 888 997 953 super
1042 874 1330 941 omnibus
1377 877 1506 942 illis
1554 879 2005 962 provisionibus
2075 885 2139 947 et
2198 883 2534 964 ordinibus,
2594 886 2699 970 qui
2763 886 3136 956 videbuntur

415 955 588 1018 vobis
634 959 697 1021 et
722 959 989 1058 ‘utrique
1033 965 1309 1028 vestrum
1356 963 1490 1031 fieri
1536 966 1600 1032 in
1647 967 1933 1035 omnibus
1981 969 2164 1036 rebus
2210 972 2674 1054 quomodolibet
2704 978 3133 1058 spectantibus

410 1043 634 1144 castra,
682 1047 989 1124 civitates,
1038 1048 1361 1118 districtus
1409 1057 1472 1118 et
1516 1054 1797 1122 homines
1845 1075 1920 1122 ac
1949 1059 2266 1137 introituS,
2292 1060 2489 1126 offitia
2511 1066 2575 1126 et
2598 1081 2898 1147 expensas
2937 1065 3137 1132 Dura-

409 1130 637 1210 chium,
668 1135 983 1235 ‘veniendo
1029 1141 1242 1205 tamen
1289 1142 1487 1225 primo
1529 1144 1607 1208 ad
1653 1143 1973 1210 dominum
2022 1149 2086 1211 et
2129 1148 2514 1214 consiliarios
2561 1168 2704 1215 cum
2740 1153 3134 1235 opinionibus

404 1219 790 1373 <{the-{merlus
838 1225 1064 1289 vestris
1111 1228 1171 1291 in
1219 1231 1486 1313 scriptis,
1535 1235 1606 1296 ut
1651 1234 1894 1314 possint
1938 1233 2134 1300 videri
2182 1239 2247 1301 et
2292 1239 2662 1317 examinare,
2741 1258 2850 1322 pro
2907 1246 2979 1306 ut
3043 1244 3132 1308 vi·

444 1325 477 1371 e
524 1328 543 1371 1
580 1328 669 1374 ur.

344 1430 357 1436 “
488 1416 670 1478 Misti
713 1419 937 1483 XLII.
987 1424 1091 1494 86,
1138 1441 1181 1484 u
1222 1426 1376 1487 mlct.
1423 1429 1657 1491 arkivu.

540 1606 1213 1694 CCCCXXVIII.
1270 1615 1480 1700 θοὰ.
1535 1619 1760 1703 1392.
1797 1620 1908 1704 30
1962 1621 2461 1725 studenogm
2513 1646 2574 1707 ιι
2625 1624 3020 1710 Mletclh.

398 1750 601 1812 Pravo
640 1753 1039 1828 qracvanstva
1072 1759 1412 1835 poetieam
1456 1763 1695 1824 naam
1738 1763 1956 1858 σωκ
2015 1767 2356 1843 yospoaaru
2402 1767 2602 1840 Ζεηιε,
2651 1768 2865 1830 Budve
2909 1772 2936 1831 ι·
2978 1775 3020 1835 ι.
3067 1773 3127 1836 α.

612 1878 1019 1964 Privilegium
1046 1884 1362 1968 magnifici
1396 1885 1626 1951 domini
1654 1885 1850 1972 Radic
1880 1886 1956 1952 de
1989 1886 2224 1954 Cernue
2254 1888 2486 1954 domini
2520 1889 2729 1968 Zente,
2765 1888 2980 1957 Budve
3007 1895 3127 1957 etc.
3199 1953 3210 1984 ι

398 1963 673 2046 partium
723 1967 1043 2036 Sclavenie
1087 1972 1164 2039 de
1209 1974 1413 2058 gratia
1469 1975 1638 2040 intus
1701 1977 1765 2040 et
1827 1979 2000 2040 extra
2060 1995 2200 2043 cum
2262 1979 2392 2042 suis
2453 1977 2601 2042 filiis
2664 1983 2729 2042 et
2773 1978 3122 2046 heredibus,

399 2050 752 2120 Anthonius
805 2058 1062 2124 Venerio
1107 2061 1203 2125 dei
1255 2064 1457 2144 gratia
1520 2061 1642 2129 dux
1714 2063 2120 2130 Venetiarum
2181 2068 2296 2131 etc.
2362 2064 2680 2131 Universis
2740 2068 2806 2131 et
2849 2067 3118 2152 singulis

394 2151 524 2211 tam
572 2148 792 2213 amicis
834 2167 1018 2232 quam
1069 2148 1356 2215 fidelibus
1410 2154 1474 2216 et
1519 2154 1650 2217 tam
1697 2153 2090 2236 presentibus
2137 2171 2324 2237 quam
2373 2152 2599 2219 futuris
2644 2172 2896 2238 presens
2928 2157 3122 2240 privi-

396 2236 632 2321 legium
682 2238 1053 2321 inspecturis
1123 2238 1395 2304 salutem
1444 2243 1510 2304 et
1575 2241 1810 2305 sincere
1875 2242 2221 2307 dilectionis
2293 2241 2601 2307 affectum.
2694 2243 2892 2308 Tanto
2957 2246 3130 2310 beni-

396 2326 580 2410 gnius
626 2325 865 2391 ducalis
913 2325 1298 2409 providentia
1345 2329 1657 2393 consuerit
1701 2347 1991 2412 personas
2040 2330 2432 2395 honorabiles
2477 2332 2541 2395 et
2585 2332 2954 2415 magnificas
3002 2330 3125 2398 sibi

395 2413 653 2480 devotas
721 2416 785 2479 et
851 2413 1062 2479 fideles
1132 2415 1464 2482 honoribus
1512 2418 1849 2499 prevenire,
1902 2419 2296 2502 ipsorumque
2357 2419 2540 2484 fidem
2600 2422 2666 2484 et
2725 2420 3121 2486 devotionem

394 2502 599 2588 dignis
640 2503 1153 2569 retributionibus
1201 2521 1621 2587 compensare,
1670 2524 1743 2571 ac
1790 2507 1956 2589 ipsas
1982 2506 2291 2572 dotalibus
2318 2506 2628 2572 favoribus
2658 2508 3026 2586 convallare,
3060 2511 3125 2574 et

392 2594 666 2679 ipsarum
721 2592 1042 2677 petitiones
1089 2592 1410 2658 liberalius
1461 2592 1766 2675 exaudire,
1817 2597 2045 2677 quanto
2091 2595 2339 2661 ducatui
2390 2599 2595 2662 nostro
2627 2596 2971 2662 devotiores
3003 2597 3124 2663 fide

394 2688 459 2750 et
505 2683 792 2767 operibus
838 2701 904 2748 se
950 2682 1301 2747 ostendunt.
1350 2682 1761 2749 Attendentes
1806 2684 2002 2766 igitur
2048 2683 2413 2766 multiplicis
2461 2684 2605 2749 fidei
2655 2685 2990 2767 puritatem
3055 2690 3119 2749 et

393 2771 736 2838 devotionis
782 2770 1250 2855 plenitudinem,
1298 2789 1482 2853 quam
1532 2770 1900 2856 magnificus
1948 2775 2014 2837 et
2057 2774 2277 2854 potens
2324 2772 2418 2835 vir
2464 2772 2747 2837 dominus
2810 2772 3002 2838 Radiz
3044 2774 3126 2839 de

393 2857 657 2949 Cernue,
706 2860 991 2925 dominns
1034 2858 1223 2923 Zente
1269 2864 1333 2922 et
1376 2858 1591 2924 Budve
1637 2862 1841 2937 etcet.,
1889 2860 2152 2925 intimus
2199 2860 2437 2924 amicus
2486 2866 2716 2938 noster,
2779 2862 2858 2925 ad
2905 2865 3118 2928 nostre

392 2949 846 3034 magnitudinis
893 2946 1321 3013 excellentiam
1370 2947 1593 3014 habere
1659 2948 1965 3031 promptis
2028 2947 2353 3012 affectibus
2417 2965 2484 3012 se
2544 2948 2837 3028 ostendit,
2906 2949 3013 3032 qui
3057 2951 3124 3015 in

395 3039 648 3124 agendis
697 3056 826 3117 nos,
871 3036 1165 3103 ducatum
1213 3040 1491 3100 nostrum
1542 3039 1606 3102 et
1653 3036 1999 3119 singulares
2057 3053 2346 3118 personas
2379 3035 2637 3100 ducatus
2670 3036 2946 3100 eiusdem
2984 3042 3125 3102 tan·

393 3127 685 3211 gentibus
732 3130 1086 3210 promptum
1135 3126 1200 3189 et
1239 3124 1533 3188 devotum
1581 3124 1977 3190 laudabiliter
2024 3130 2087 3189 et
2134 3126 2511 3189 incessanter
2557 3141 2622 3188 se
2656 3126 2902 3206 prebuit
2934 3128 3119 3209 atque

393 3215 634 3299 prebet,
681 3212 1235 3297 supplicationibus
1289 3213 1464 3277 nobis
1511 3231 1623 3276 sua
1667 3215 1844 3296 parte
1892 3214 2192 3295 porrectis
2222 3211 2558 3296 gratiosius
2589 3215 2953 3291 annuentes,
2986 3232 3127 3297 pre·

397 3298 591 3367 fatum
631 3302 1028 3387 magnificum
1064 3301 1378 3367 dominum
1429 3300 1626 3388 Radic
1662 3303 2011 3366 nostrorum
2045 3300 2321 3364 omnium
2355 3300 2750 3365 consiliorum
2786 3304 2851 3366 et
2881 3301 3126 3368 ordina-

395 3395 743 3456 mentorum
786 3391 1133 3455 necessaria
1181 3389 1576 3455 solemnitate
1634 3394 1883 3455 servata
1963 3389 2028 3453 in
2078 3388 2383 3453 Venetum
2441 3394 2508 3453 ot
2570 3389 2772 3454 civem
2839 3392 3121 3456 nostrum

395 3498 538 3545 cum
586 3481 713 3544 suis
757 3476 911 3542 filiis
956 3481 1019 3544 et
1084 3478 1411 3542 heredibus
1460 3482 1750 3561 perpetuo
1813 3477 2157 3560 recepimus
2219 3481 2405 3560 atque
2464 3477 2821 3559 recipimus,
2885 3480 2950 3542 et
3000 3478 3126 3543 Ve-

395 3572 609 3633 netum
658 3569 722 3633 et
767 3568 964 3632 civem
1011 3570 1290 3631 nostrum
1333 3584 1473 3630 cum
1522 3568 1650 3631 suis
1697 3566 1845 3631 filiis
1878 3568 1940 3631 et
1970 3565 2297 3631 heredibus
2327 3564 2608 3644 facimus,
2648 3569 2712 3630 et
2741 3582 2850 3648 pro
2884 3566 3124 3632 Veneto

394 3659 460 3721 et
506 3656 639 3721 cive
686 3658 895 3721 nostro
941 3673 1084 3720 cum
1130 3653 1258 3719 suis
1304 3653 1450 3718 filiis
1517 3657 1583 3719 et
1628 3655 1957 3720 heredibus
2019 3653 2080 3717 in
2141 3653 2422 3719 Venetiis
2491 3657 2556 3719 et
2617 3653 2768 3718 alibi
2830 3654 3118 3739 deinceps

399 3744 614 3811 haberi
663 3747 726 3809 et
770 3742 1081 3828 procurari
1126 3741 1294 3806 omni
1343 3741 1564 3806 effectu
1613 3746 1676 3807 et
1717 3743 2101 3826 plenitudine
2153 3742 2436 3808 volumus
2485 3744 2547 3806 et
2592 3743 2872 3821 tractari,
2906 3742 3119 3829 ipsum

395 3834 633 3899 sincere
680 3831 1105 3898 benevolentis
1155 3829 1423 3895 brachiis
1463 3832 1887 3913 amplexantes
1936 3835 1999 3894 et
2058 3831 2323 3896 firmiter
2370 3833 2736 3909 statuentes,
2783 3832 2948 3913 quod
2993 3832 3121 3897 sin·

397 3922 563 4006 gulis
592 3922 1009 3997 libertatibus,
1044 3919 1377 3991 beneficiis,
1413 3919 1852 3985 imunitatibus
1885 3922 1949 3985 et
1978 3919 2311 3983 honoribus
2342 3919 2858 4002 quibuscumque,
2893 3918 3120 4002 quibus

396 4011 505 4077 alii
550 4009 942 4077 honorabiles
991 4007 1211 4074 Veneti
1283 4010 1348 4072 et
1406 4006 1571 4071 cives
1641 4007 1838 4072 nostri
1899 4006 2176 4091 gaudent
2234 4010 2300 4072 et
2359 4006 2587 4090 perfrui
2648 4006 3119 4089 dignoscuntur,

399 4101 672 4184 prefatus
717 4097 1084 4183 magnificus
1131 4095 1419 4161 dominus
1454 4094 1648 4181 Badis
1692 4095 1949 4179 eiusque
1995 4095 2106 4160 filii
2154 4097 2218 4159 et
2277 4094 2530 4159 heredes
2596 4094 2660 4159 in
2725 4093 3002 4159 Venetiis
3058 4101 3121 4161 et

398 4192 575 4254 entra
619 4198 913 4273 perpetuo
990 4184 1305 4270 gaudeant
1365 4186 1428 4248 et
1490 4184 1763 4260 utantur,
1819 4184 2105 4265 idemque
2162 4182 2447 4247 dominus
2510 4183 2708 4266 Badis
2764 4201 2875 4265 per
2930 4201 3114 4248 suum

402 4280 861 4359 procuratorem
910 4275 1262 4359 legitimum
1311 4273 1485 4337 nobis
1525 4271 1852 4337 fidelitatis
1892 4272 2171 4355 prestitit
2217 4269 2501 4335 debitum
2541 4271 3000 4354 juramentum:
3049 4272 3114 4336 in

400 4364 577 4449 cujus
626 4367 714 4430 rei
756 4364 944 4430 fidem
990 4365 1056 4427 et
1099 4360 1473 4427 evidentiam
1523 4359 1860 4438 pleniorem
1904 4378 2151 4444 presens
2199 4359 2596 4443 privilegium
2629 4359 2761 4424 fieri
2794 4359 3115 4440 iussimus,

400 4456 465 4518 et
531 4454 701 4519 bulla
761 4457 968 4518 nostra
1028 4469 1215 4516 aurea
1272 4449 1574 4532 pendente
1635 4450 1881 4514 muniri.
1976 4450 2209 4512 Datum
2256 4450 2318 4512 iu
2367 4450 2574 4513 nostro
2619 4447 2824 4512 ducali
2871 4448 3110 4531 palatio

402 4559 562 4608 anno
619 4542 924 4608 dominice
985 4539 1423 4605 incarnationis
1478 4536 1814 4602 millesimo
1869 4537 2306 4602 trecentesimo
2374 4536 2768 4619 nonagesimo
2829 4536 3113 4617 secundo,

403 4631 635 4697 mensis
684 4629 1033 4696 novembris
1079 4629 1178 4694 die
1224 4628 1464 4707 ultimo,
1514 4625 1847 4691 indictione
1893 4625 2114 4708 prima.

486 4739 669 4802 Liber
712 4739 1163 4815 Privileqiorum
1208 4737 1265 4798 1.
1317 4734 1463 4806 104,
1508 4753 1549 4795 u
1589 4736 1743 4795 mlst.
1791 4736 2029 4795 arkivu.
