3620 5282
535 299 658 365 136
691 345 696 350 «

529 474 901 558 quicumque
949 474 1075 538 sint
1116 475 1246 539 sive
1293 472 1458 555 capti
1505 473 1635 536 sint
1683 492 1791 555 per
1864 472 2060 537 dictas
2123 472 2327 554 partes
2382 474 2480 537 vel
2547 474 2763 555 gentes
2829 472 3103 554 ipsarum
3167 471 3267 535 vel

531 581 639 644 per
699 562 1043 644 singulares
1102 580 1393 643 personas
1455 579 1563 624 seu
1631 560 2066 642 stipendiarios
2134 562 2406 642 ipsarum
2471 561 2742 642 partium
2807 564 2870 624 et
2930 559 3271 625 cuiuslibet

534 649 810 731 ipsarum
858 652 986 714 sive
1034 650 1225 714 etiam
1273 648 1501 712 fuerint
1547 647 1784 712 detenti
1837 648 1899 710 in
1947 649 2176 712 virtute
2224 651 2289 712 et
2334 649 2639 729 potestate
2674 650 2947 730 ipsarum
2990 649 3263 729 partium

535 735 635 799 vel
710 755 1238 819 quarumcumque
1301 734 1710 812 singularium
1771 754 2165 816 personarum
2238 738 2679 817 cuiuscumque
2756 735 3123 801 conditionis
3204 739 3271 798 et

534 824 760 906 gradus
809 826 955 902 sint,
1005 823 1198 887 libere
1244 829 1307 889 et
1353 825 1485 887 sine
1532 823 1741 904 aliqua
1789 823 2228 903 redemptione,
2284 824 2599 887 exactione
2661 824 2758 886 vel
2821 823 3262 905 impedimento

536 928 922 993 quocumque
969 912 1119 974 reali
1168 911 1264 976 vel
1315 910 1616 992 personali
1664 911 2034 986 relaxentur,
2086 910 2427 974 liberentur
2474 912 2538 974 et
2596 911 2997 993 expediantur
3041 929 3112 975 ac
3174 930 3262 973 re-

541 999 880 1063 stituantur
929 998 1188 1081 pristine
1234 999 1529 1063 libertati.

746 1085 903 1149 Item
954 1089 1049 1150 est
1092 1089 1300 1150 actum
1350 1086 1510 1148 inter
1556 1085 1754 1149 dictas
1803 1087 2009 1166 partes
2057 1085 2238 1147 dictis
2286 1086 2662 1162 nominibus,
2711 1082 2871 1167 quod
2932 1103 3115 1165 super
3163 1103 3262 1148 ca—

538 1174 708 1250 striS‚
759 1172 1028 1251 bastiti8‚
1073 1174 1257 1237 terris
1304 1175 1368 1237 et
1411 1173 1584 1250 lociS,
1614 1191 1729 1254 que
1772 1172 2059 1236 dominus
2092 1172 2293 1235 Padus
2320 1173 2488 1235 tenet
2534 1191 2718 1255 super
2764 1172 3075 1235 territorio
3114 1172 3265 1237 Tar-

541 1259 761 1338 visino‚
817 1279 1142 1325 commune
1203 1261 1609 1325 Veneciarum
1672 1261 1837 1341 ipsos
1900 1261 2181 1324 dominos
2250 1260 2649 1323 Franciscum
2720 1258 2795 1323 de
2858 1258 3136 1323 Carrario
3201 1263 3269 1323 et

536 1346 666 1410 eius
734 1348 952 1412 natum
1023 1349 1088 1411 et
1144 1347 1378 1412 dictum
1438 1366 1759 1412 commune
1823 1348 2025 1411 Padue
2089 1365 2208 1410 nou
2272 1348 2493 1410 debeat
2552 1348 3012 1429 quomodolibet
3071 1348 3261 1412 mole-

539 1435 707 1497 stare
753 1436 827 1498 de
874 1435 1006 1499 iure
1058 1436 1155 1499 vel
1204 1436 1275 1499 de
1323 1436 1503 1499 facto,

747 1523 906 1586 Item
953 1524 1112 1603 quod
1186 1522 1464 1605 prefatus
1511 1522 1794 1586 dominus
1842 1521 2202 1585 Franciscus
2250 1520 2533 1585 dominus
2598 1522 2823 1601 Padue‚
2890 1524 3069 1586 natus
3133 1523 3265 1586 eius

543 1610 606 1671 et
652 1625 975 1673 commune
1024 1611 1229 1675 Padue
1277 1611 1610 1674 restituant
1655 1612 1719 1673 et
1778 1609 2110 1673 remittant
2154 1611 2465 1673 communi
2527 1610 2930 1673 veneciarum
2992 1611 3262 1674 castrum

542 1694 779 1778 Capitis
806 1695 1070 1780 Aggeris
1117 1698 1182 1760 et
1229 1698 1523 1761 bastitam
1564 1696 1916 1761 Morenzani
1968 1696 2027 1760 iu
2081 1716 2149 1759 eo
2196 1698 2360 1760 stato
2392 1696 2454 1760 in
2490 1715 2607 1777 quo
2641 1701 2802 1774 sunt,
2838 1697 3027 1761 salvis
3058 1699 3265 1762 tamen

543 1784 987 1848 munitionibus
1035 1786 1096 1847 in
1145 1785 1296 1864 ipsis
1343 1786 1546 1849 castro
1606 1786 1670 1846 et
1723 1784 1955 1849 bastita
2000 1784 2407 1849 existentibus
2454 1790 2516 1847 et
2560 1784 2700 1848 aliis
2748 1784 3098 1863 mobilibus,
3144 1804 3267 1866 que

544 1872 749 1934 dictus
794 1871 1081 1936 dominus
1128 1871 1458 1935 Paduanus
1504 1872 1566 1934 in
1614 1872 1795 1935 dictis
1839 1872 1987 1936 locis
2034 1872 2307 1949 haberet,
2379 1891 2497 1953 que
2557 1871 2632 1934 de
2696 1873 2881 1936 dictis
2941 1877 3141 1936 castro
3205 1874 3270 1936 et

545 1958 776 2022 bastita
819 1959 1056 2024 extrahi
1105 1960 1304 2039 facere
1364 1958 1580 2042 possit.
1648 1961 1730 2024 Et
1773 1961 1934 2040 quod
1982 1961 2032 2023 si
2102 1979 2138 2023 a
2198 1959 2476 2024 kalendis
2533 1959 2672 2041 julii
2746 1960 3004 2041 proximi
3069 1961 3267 2040 prete-

547 2044 654 2109 riti
701 2045 861 2110 citra
901 2046 1150 2129 aliquod
1197 2050 1470 2111 castrum
1519 2047 1614 2111 vel
1664 2047 2027 2111 fortiticium
2077 2047 2335 2112 alicuius
2368 2047 2634 2128 partium
2680 2048 3090 2127 predictarum
3124 2065 3266 2129 cap-

546 2133 686 2196 tum
736 2133 834 2197 vel
879 2135 1248 2216 occupatum
1295 2136 1515 2200 fuisset
1559 2135 1656 2199 vel
1705 2136 1780 2198 de
1827 2137 2029 2198 cetero
2076 2134 2263 2199 fuerit
2331 2137 2459 2198 tam
2522 2135 2582 2198 in
2646 2135 2954 2198 territorio
3007 2135 3268 2199 ducatus

546 2221 954 2285 Veneciarum
988 2241 1172 2303 quam
1204 2222 1543 2297 Tarvisium
1592 2222 1753 2303 quod
1803 2223 2021 2286 debeat
2059 2224 2200 2286 hinc
2241 2223 2384 2287 inde
2430 2222 2744 2286 restitutio
2792 2222 2960 2298 fieri;
3006 2225 3070 2287 et
3094 2222 3268 2286 simi—

545 2308 692 2372 liter
751 2309 803 2373 si
849 2328 887 2373 a
931 2309 1116 2374 dictis
1161 2310 1439 2375 kalendis
1482 2310 1623 2391 julii
1666 2311 1824 2374 citra
1870 2314 1935 2374 et
1978 2310 2052 2373 de
2099 2313 2299 2374 cetero
2364 2310 2569 2391 aliqua
2616 2310 2847 2373 bastita
2914 2329 3021 2373 seu
3092 2309 3270 2374 forti-

546 2394 762 2460 licium
809 2396 1052 2479 aliquod
1101 2399 1175 2461 de
1224 2417 1375 2462 novo
1420 2397 1586 2461 facta
1634 2398 1728 2461 vel
1769 2398 2004 2461 factum
2053 2400 2219 2462 esset
2244 2417 2471 2479 supper
2516 2398 2845 2475 territorio,
2881 2400 3037 2478 quod
3074 2397 3272 2462 altera

551 2481 857 2548 dictarum
902 2486 1174 2564 partium
1242 2504 1278 2549 a
1338 2485 1519 2548 dictis
1585 2484 1861 2550 kalendis
1916 2485 2062 2568 julii
2131 2485 2289 2549 citra
2364 2485 2741 2567 possedisset
2788 2487 2880 2549 vel
2950 2487 3270 2564 tenuisset,

551 2569 775 2634 debeat
819 2571 955 2636 tolli
1000 2574 1064 2635 et
1109 2571 1300 2636 libere
1346 2571 1548 2636 dimiti
1598 2573 1780 2654 parti,
1831 2592 1946 2656 que
1993 2573 2226 2637 dictum
2263 2572 2641 2637 territorium
2690 2590 2727 2636 a
2772 2572 2955 2637 dictis
2990 2572 3271 2636 kalendis

546 2657 691 2740 julii
739 2658 898 2724 citra
941 2660 1282 2741 possideret
1325 2660 1422 2724 vel
1470 2663 1727 2725 teneret.

762 2748 923 2811 Item
991 2747 1151 2829 quod
1221 2748 1410 2812 turris
1458 2747 1706 2826 Curam,
1757 2768 1873 2831 que
1940 2748 2249 2812 detinetur
2324 2768 2427 2829 per
2474 2766 2797 2813 commune
2848 2748 3274 2827 Veueciarum,

549 2832 904 2899 dimittatur
940 2837 1004 2900 et
1051 2837 1360 2900 relaxetur
1404 2836 1651 2899 domino
1698 2836 1990 2900 Paduano
2035 2836 2099 2899 in
2150 2855 2219 2900 eo
2264 2838 2453 2913 statu,
2506 2837 2564 2900 in
2614 2854 2731 2918 quo
2781 2839 2895 2912 est,
2946 2836 3135 2901 salvis
3180 2839 3275 2901 ta-

546 2941 686 2986 men
731 2923 1180 2988 munitionibus
1227 2924 1288 2987 in
1339 2923 1472 3006 ipsa
1520 2923 1676 2987 turri
1725 2924 2131 2988 existentibus
2179 2927 2244 2987 et
2288 2923 2430 2987 aliis
2472 2925 2825 3002 mobilibuS‚
2874 2944 2992 3005 que
3038 2924 3272 2987 dictum

544 3027 867 3159 gommune
913 3011 1315 3077 Veneciarum
1377 3010 1440 3074 in
1493 3011 1659 3075 dicta
1707 3013 1865 3075 turri
1922 3012 2196 3087 haberet,
2267 3031 2389 3093 que
2435 3011 2510 3075 de
2578 3013 2744 3076 dicta
2813 3012 2968 3075 turri
3037 3010 3272 3075 extrahi

568 3115 743 3162 acere
789 3099 1002 3179 possit.

755 3186 913 3249 Item
964 3205 1144 3267 super
1190 3186 1350 3251 facto
1397 3186 1731 3250 confinium
1777 3185 1906 3251 fuit
1950 3188 2158 3251 actum
2207 3188 2272 3251 et
2317 3186 2666 3267 specialiter
2706 3188 3074 3251 conventum
3114 3186 3274 3250 inter

543 3270 746 3337 dictas
785 3274 989 3353 partes
1035 3264 1236 3337 dictis'
1266 3274 1634 3357 nominibuS,
1681 3274 1842 3356 quod
1893 3294 2006 3357 pax
2054 3294 2208 3339 nova
2265 3275 2484 3339 ultimo
2543 3275 2700 3338 inita
2763 3275 3096 3340 millesimo
3144 3277 3273 3337 tre-

546 3361 880 3424 centesimo
928 3360 1385 3444 septuagesimo
1434 3363 1620 3426 tercio
1671 3363 2002 3427 indictione
2046 3363 2370 3427 undecima
2416 3363 2516 3426 die
2566 3363 2861 3443 vigesimo
2909 3362 3103 3443 primo
3136 3381 3276 3443 sep-

548 3447 809 3510 tembris
857 3448 1018 3511 inter
1064 3449 1262 3513 dictos
1307 3448 1624 3514 domiuum
1675 3451 1892 3514 ducem
1940 3453 2005 3513 et
2050 3469 2372 3513 commune
2406 3450 2808 3515 Veneciarum
2843 3470 2914 3513 ex
2947 3468 3067 3513 una
3098 3453 3277 3531 parte

545 3539 606 3597 et
653 3533 891 3598 dictum
939 3532 1263 3601 dominum
1310 3537 1707 3603 Franciscum
1754 3537 1830 3601 de
1872 3536 2153 3601 Carrario
2201 3537 2517 3600 dominum
2568 3541 2631 3601 et
2689 3556 3010 3601 commuue
3065 3537 3277 3601 Padue

550 3640 622 3686 ex
669 3623 865 3686 altera
911 3642 1021 3687 nec
1067 3625 1369 3705 oppositio
1415 3644 1525 3690 sou
1571 3625 1905 3690 declaratio
1946 3624 2348 3688 terminorum
2398 3626 2604 3707 vigore
2665 3626 2827 3689 dicte
2878 3625 3048 3707 pacis
3111 3625 3277 3689 facta

546 3709 744 3791 quoad
793 3710 1087 3775 terminos
1136 3711 1441 3792 predictos
1487 3732 1606 3777 nou
1657 3712 1822 3776 obsit
1867 3732 1976 3775 nec
2023 3712 2218 3794 prosit
2264 3732 2373 3776 nec
2397 3713 2741 3794 preiudicet
2776 3713 2964 3776 alicui
2997 3713 3274 3793 ipsarum

549 3797 841 3879 partium,
885 3798 992 3862 sed
1041 3800 1332 3880 predictis
1380 3819 1498 3864 non
1547 3801 1940 3865 obstantibus
1988 3799 2138 3864 dicti
2165 3801 2416 3864 termini
2449 3804 2521 3863 de
2557 3818 2711 3865 novo
2755 3801 2978 3883 apponi
3015 3801 3279 3864 debeant

547 3886 612 3949 in
656 3883 1002 3965 illis‘locis‚
1052 3886 1114 3949 in
1168 3887 1388 3968 quibus
1437 3887 1598 3952 iuste
1644 3889 1708 3951 et
1755 3887 2206 3953 rationabiliter
2254 3890 2420 3951 stare
2478 3888 2722 3963 debent,
2796 3889 2885 3950 ita
2945 3888 3107 3969 quod
3173 3907 3276 3967 per

549 3973 826 4056 predicta
875 3991 992 4038 uon
1041 3976 1452 4055 preiudicetur
1500 3994 1608 4038 nec
1655 3977 1720 4039 in
1760 3976 1965 4058 aliquo
2012 3976 2340 4057 derogetur
2386 3976 2698 4058 aliquibus
2749 3975 2941 4055 pactis
2989 3993 3098 4039 seu
3129 3992 3275 4038 con-

551 4060 942 4125 ventionibus
989 4061 1171 4125 sactis
1220 4062 1379 4125 iuter
1429 4061 1625 4125 dictas
1672 4066 1879 4144 partes
1925 4064 2068 4126 ante
2118 4063 2346 4126 dictam
2408 4082 2620 4144 pacem
2691 4064 2766 4125 de
2831 4062 3016 4126 dictis
3085 4060 3274 4125 confi-

550 4147 729 4212 nibus
773 4148 1140 4214 facientibus
1190 4149 1587 4213 mentionem.
1636 4150 1873 4228 Quibus
1920 4151 2117 4232 pactis
2165 4151 2229 4213 et
2274 4149 2774 4214 conventionibus
2808 4148 2882 4212 de
2915 4148 3098 4213 dictis
3132 4167 3275 4212 con-

548 4235 773 4300 finibus
821 4235 1218 4320 loquentibus
1267 4236 1373 4301 ille
1423 4237 1515 4301 vel
1554 4236 1649 4300 illi
1696 4238 1832 4318 quis
1883 4238 1982 4302 vel
2030 4238 2135 4318 qui
2197 4237 2397 4300 dictos
2468 4238 2730 4302 confines
2796 4255 3100 4319 apponere
3169 4236 3272 4299 de-

547 4322 759 4387 buerit
824 4325 922 4388 vel
990 4324 1318 4388 debuerint
1380 4343 1446 4388 se
1514 4325 1779 4389 debeant
1841 4327 2142 4407 quantum
2208 4327 2498 4406 poterunt
2567 4324 2965 4387 conformare.
3037 4323 3273 4401 Quibus

548 4411 742 4488 pactis
787 4413 931 4475 ante
971 4411 1207 4476 dictam
1256 4412 1543 4476 ultimam
1593 4430 1805 4494 pacem
1857 4412 2037 4476 factis
2086 4412 2246 4476 inter
2315 4413 2520 4492 partes
2586 4412 2891 4493 predictas
2954 4412 3027 4475 de
3087 4409 3273 4473 dictis

548 4498 886 4562 confinibus
931 4497 1323 4580 loquentibus
1371 4502 1435 4563 et
1478 4518 1596 4581 quo
1643 4502 1720 4563 ad
1762 4500 1960 4564 dictos
2004 4501 2268 4563 confines
2316 4518 2423 4580 per
2464 4499 2692 4563 dictam
2727 4517 2935 4580 pacem
2986 4497 3271 4562 ultimam

547 4598 657 4647 seu
703 4603 808 4665 per
854 4585 1060 4666 aliqua
1106 4587 1168 4650 in
1216 4587 1353 4668 ipsa
1392 4589 1683 4651 contenta
1729 4605 1847 4651 non
1891 4586 2282 4668 intelligatur
2326 4586 2387 4650 in
2457 4585 2661 4669 aliquo
2728 4586 3110 4667 derogatum,
3159 4583 3266 4647 sed

548 4666 677 4734 sint
720 4671 782 4732 in
827 4689 894 4734 ea
942 4671 1262 4754 firmitate,
1312 4673 1376 4737 in
1422 4692 1543 4755 qua
1589 4693 1722 4739 esse
1768 4674 2074 4739 debebant
2119 4678 2261 4739 ante
2303 4673 2535 4739 dictam
2587 4692 2813 4756 pacem.
