3620 5282
463 377 587 443 134

453 569 713 616 nuenses
759 551 838 614 ad
885 548 1118 612 dictum
1159 546 1364 610 locum
1415 545 1628 609 Thana
1674 545 1961 628 navigare
2009 563 2129 608 non
2177 543 2400 607 debere
2448 560 2556 605 nec
2621 558 2796 623 posse
2858 541 3022 605 sicut
3079 558 3194 604 nec

458 640 605 703 dicti
662 637 883 701 Veneti
932 635 1130 698 facere
1176 635 1431 714 possunt
1478 652 1588 697 nec
1635 632 1881 696 debent.

665 726 825 789 Item
877 723 996 786 fuit
1040 723 1247 786 actum
1289 723 1354 784 et
1398 720 1759 785 solemniter
1805 721 2176 783 conventum
2244 720 2405 782 inter
2465 717 2664 780 dictas
2728 717 2934 794 partes
3005 714 3190 778 dictis

461 812 828 888 nominibuS,
873 812 1033 892 quod
1074 809 1352 892 predicta
1383 808 1587 873 omnia
1634 811 1698 871 et
1727 807 1991 890 singula,
2026 826 2211 888 super
2244 806 2464 889 quibus
2507 803 2862 885 specialiter
2906 805 3004 867 est
3048 821 3190 884 pro·

460 901 661 964 visum
710 900 772 963 in
820 899 1087 980 presenti
1114 916 1261 978 pace
1306 898 1466 960 inter
1513 900 1717 975 partes
1763 895 2093 975 predictae,
2145 895 2389 974 penitus
2423 893 2845 967 observentur,
2895 891 2956 953 in
2990 891 3191 953 omni-

461 987 578 1051 bus
625 989 834 1050 autem
876 986 1018 1049 aliis
1063 985 1127 1048 et
1172 984 1456 1066 singulis,
1510 982 1584 1046 de
1632 983 1853 1065 quibus
1887 983 1950 1044 in
1984 981 2253 1062 presenti
2296 1000 2438 1062 paee
2473 999 2588 1043 uon
2622 978 2992 1060 disponitur,
3029 978 3194 1041 dicte

460 1077 667 1155 partes
713 1073 968 1154 pacibus
1027 1073 1335 1136 veteribus
1382 1074 1548 1135 stare
1596 1072 1973 1152 promittuut
2016 1071 2080 1132 et
2123 1069 2396 1150 ipsarum
2443 1065 2823 1131 continentie
2869 1069 2934 1129 et
2978 1067 3190 1130 tenori.

670 1160 936 1223 Demum
986 1161 1147 1223 inter
1190 1159 1391 1222 dictas
1437 1159 1646 1240 partes
1693 1157 2047 1221 nominibus
2094 1156 2429 1219 antedictis
2492 1159 2702 1218 actum
2766 1153 2890 1216 fuit
2950 1172 3022 1217 ac
3090 1171 3193 1216 vo-

461 1248 710 1311 luerunt
755 1250 818 1311 et
861 1248 1296 1311 ordinaverunt
1340 1247 1503 1311 dicte
1552 1247 1758 1326 partes
1806 1244 2156 1308 nominibus
2201 1242 2423 1325 quibus
2471 1261 2674 1322 supra,
2724 1241 2882 1323 quod
2941 1260 3192 1322 presens

462 1353 583 1417 pax
626 1336 692 1397 et
735 1335 937 1398 omnia
985 1338 1046 1398 et
1093 1333 1338 1414 singula
1385 1335 1446 1396 iu
1495 1351 1568 1396 ea
1614 1335 1903 1396 contenta
1948 1351 2055 1413 per
2117 1333 2314 1394 dictas
2374 1331 2583 1410 partes
2643 1332 2707 1391 et
2767 1347 2980 1392 earum
3047 1329 3195 1390 sub-

462 1422 626 1486 ditos
663 1422 929 1486 debeant
975 1420 1414 1486 inviolabiliter
1459 1420 1792 1496 observari,
1834 1421 1899 1483 et
1944 1420 2152 1500 aliquo
2200 1417 2377 1481 modo
2424 1417 2517 1480 vel
2557 1435 2740 1480 causa
2780 1435 2881 1496 per
2924 1414 3191 1496 aliquam

465 1511 739 1592 ipsarum
782 1510 1046 1590 partium
1097 1509 1368 1589 infringi,
1415 1508 1640 1589 rumpi,
1687 1507 1782 1570 vel
1831 1505 2046 1570 violari
2085 1524 2199 1569 uon
2250 1505 2473 1569 debeat
2519 1523 2711 1585 neque
2760 1505 2997 1584 possit3
3045 1507 3108 1565 et
3141 1504 3192 1565 si

465 1599 623 1661 forte
672 1596 1019 1678 contigerit,
1069 1596 1230 1678 quod
1277 1597 1426 1660 deus
1473 1596 1733 1670 avertat,
1778 1595 1935 1676 quod
1978 1613 2086 1675 per
2132 1594 2298 1675 ipsas
2346 1594 2553 1673 partes
2599 1591 2697 1655 vel
2771 1593 3029 1654 alteram
3094 1609 3197 1652 ea-

468 1703 604 1749 rum
653 1703 761 1748 seu
807 1687 1025 1767 gentes
1065 1684 1162 1747 vel
1209 1683 1493 1746 subditos
1540 1683 1802 1745 alicuius
1851 1681 2123 1762 ipsarum
2173 1682 2444 1762 partium
2490 1681 2704 1744 contra
2749 1680 3010 1742 alteram
3057 1697 3200 1760 par-

468 1775 617 1849 tem,
667 1773 884 1855 gentes
930 1770 1027 1836 vel
1074 1771 1353 1834 subditos
1410 1767 1683 1833 eiusdem
1733 1769 1911 1832 fieret
1971 1768 2176 1850 aliqua
2225 1769 2534 1845 violentia,
2587 1765 2831 1844 iniuria,
2879 1765 3028 1829 lesio
3089 1784 3197 1829 seu

468 1863 803 1940 dampnum
851 1859 1065 1940 quovis
1110 1859 1312 1933 modo,
1361 1858 1522 1938 quod
1570 1859 1893 1938 propterea
1939 1857 2104 1920 dicta
2130 1874 2249 1939 pax
2275 1856 2496 1936 rumpi,
2547 1853 2798 1936 infringi
2844 1854 2937 1917 vel
2982 1852 3196 1916 violari

469 1966 588 2012 non
637 1946 862 2010 debeat
907 1965 1017 2010 nec
1064 1946 1281 2027 possit,
1353 1946 1456 2009 sed
1505 1944 1698 2007 teneri
1746 1944 1973 2009 debeat
2020 1945 2085 2008 et
2129 1944 2437 2007 observari
2490 1942 2704 2005 modus
2749 1955 2814 2004 et
2857 1941 3054 2004 forma
3101 1941 3197 2003 iu-

472 2034 785 2114 srascripti
834 2033 1142 2110 videlicet,
1191 2032 1350 2115 quod
1399 2051 1562 2115 parS,
1633 2049 1749 2112 que
1812 2031 2043 2095 diceret
2089 2049 2154 2095 se
2200 2030 2523 2106 offensam,
2593 2030 2906 2110 requirere
2978 2027 3201 2091 debeat

472 2125 736 2206 partem,
785 2139 892 2204 per
937 2140 1122 2202 quam
1169 2125 1442 2184 assertur
1487 2120 1956 2196 contrafactum,
2029 2121 2184 2201 quod
2225 2117 2423 2181 eidem
2487 2117 2811 2181 emendam
2875 2116 3063 2179 faciat
3123 2118 3200 2179 de

472 2208 688 2285 illatiS,
737 2225 924 2290 quam
981 2209 1229 2291 quidem
1278 2206 1605 2272 emendam
1657 2206 2107 2270 contrafacieus
2170 2207 2372 2269 facere
2429 2208 2714 2269 teneatur
2762 2204 2917 2268 infra
2960 2222 3203 2266 menses

471 2298 600 2361 tres
645 2315 683 2361 a
728 2296 827 2359 die
875 2294 1296 2377 requisitionis
1343 2315 1414 2358 ex
1455 2313 1574 2376 quo
1620 2295 1970 2358 constiterit
2015 2294 2090 2357 de
2133 2293 2305 2357 dicta
2345 2292 2883 2373 dampnificatione
2925 2291 3024 2354 vel
3056 2309 3202 2354 con—

477 2384 841 2449 trafactione
888 2403 992 2447 seu
1041 2382 1408 2447 offensione:
1452 2401 1632 2464 quam
1683 2383 1737 2445 si
1784 2382 2000 2445 fecerit
2051 2382 2200 2445 bene
2247 2380 2515 2462 quidem,
2588 2397 2698 2442 nec
2760 2381 3012 2460 propter
3085 2380 3202 2441 hoc

476 2472 598 2537 dici
646 2470 842 2553 possit
885 2473 935 2535 si
978 2470 1351 2534 satisfecerit
1397 2471 1470 2533 ut
1535 2470 1840 2551 prefertur
1898 2488 2117 2550 penam
2178 2469 2451 2549 aliquam
2519 2469 2864 2530 incurrisse.
2930 2466 2997 2530 Si
3058 2485 3200 2529 vero

479 2559 711 2623 dictam
760 2559 1081 2622 emendam
1134 2576 1251 2622 non
1301 2557 1519 2621 fecerit
1564 2558 1728 2621 sicut
1772 2575 1960 2638 supra
2006 2556 2241 2620 nullam
2290 2556 2740 2619 excusationem
2791 2553 3067 2617 debitam
3112 2554 3204 2616 fa-

480 2648 713 2724 ciendo,
761 2650 909 2710 tunc
957 2648 1032 2711 ad
1080 2646 1310 2709 dictam
1360 2648 1678 2710 emendam
1739 2644 2079 2709 faciendam
2129 2648 2193 2708 et
2252 2662 2488 2725 penam,
2548 2662 2732 2723 quam
2780 2643 3030 2724 propter
3092 2641 3208 2704 boc

480 2734 826 2809 incurrerit,
873 2734 1344 2815 persolvendam
1393 2734 1553 2814 parti
1601 2734 1726 2796 lese
1773 2737 1955 2815 prout
2002 2733 2157 2797 infra
2204 2732 2478 2813 sequitur
2520 2730 2943 2812 compellatur.
3007 2730 3092 2792 Et
3152 2729 3205 2793 si

480 2824 559 2888 ad
627 2821 863 2885 dictam
929 2821 1253 2885 emendam
1300 2840 1363 2885 se
1410 2823 1723 2884 asseretur
1770 2840 1886 2884 non
1935 2822 2148 2897 teneri,
2193 2822 2349 2883 forte
2397 2817 2762 2900 pretendens
2808 2818 2922 2881 hoc
2989 2817 3207 2880 fecisse

477 2910 686 2991 aliqua
732 2909 896 2974 iusta
939 2928 1120 2974 causa
1168 2911 1265 2974 vel
1333 2909 1535 2984 aliter,
1601 2911 1745 2972 tuuc
1805 2909 2117 2991 eligantur
2176 2909 2437 2989 quatuor
2495 2906 2666 2988 probi
2736 2904 2870 2982 viri,
2918 2904 3211 2969 videlicet

474 2997 595 3061 duo
641 3016 679 3061 a
723 2996 1002 3078 qualibet
1045 2997 1313 3078 partium
1381 2998 1820 3079 predictarum,
1868 2997 1970 3078 qui
2034 2998 2295 3076 quatuor
2356 2994 2537 3058 electi
2602 2998 2927 3056 teneantur
2993 2994 3058 3056 et
3101 2993 3207 3054 de-

479 3086 668 3150 beant
711 3084 913 3148 iurare
961 3104 1145 3166 super
1191 3102 1440 3167 corpore
1488 3084 1719 3147 domini
1766 3084 1957 3148 nostri
2004 3083 2155 3147 Jesu
2220 3081 2455 3146 Christi
2524 3082 2673 3145 bene
2740 3082 2805 3144 et
2866 3080 3023 3144 bona
3087 3082 3204 3144 fide

474 3171 643 3256 prius
693 3173 902 3236 tamen
950 3173 1382 3237 informatione
1444 3173 1691 3251 recepta
1750 3189 2132 3253 cognoscere,
2180 3170 2582 3251 pronunciare
2640 3170 2705 3232 et
2764 3168 3080 3232 declarare
3144 3169 3203 3231 in

475 3262 540 3324 et
583 3278 764 3340 super
811 3259 1160 3324 huiusmodi
1210 3262 1356 3323 tunc
1403 3258 1754 3322 commissis
1800 3257 1962 3320 infra
2008 3276 2252 3321 menses
2300 3262 2427 3320 tres
2491 3277 2527 3320 a
2588 3256 2684 3319 die
2747 3256 3066 3320 electionis
3129 3255 3204 3317 de

486 3347 637 3430 ipsis
683 3346 846 3410 facte
889 3347 1280 3411 inchoandos.
1329 3347 1412 3408 Et
1458 3347 1748 3427 quicquid
1798 3364 1984 3427 super
2031 3344 2127 3407 his
2175 3364 2281 3425 per
2327 3344 2523 3408 dictos
2579 3348 2842 3424 quatuor
2905 3362 3013 3407 seu
3078 3346 3206 3405 tres

477 3454 548 3498 ex
596 3434 683 3498 eis
731 3432 891 3496 infra
939 3434 1173 3499 dictum
1223 3434 1556 3497 terminum
1605 3434 1791 3497 fuerit
1839 3433 2172 3514 cognitum,
2236 3433 2709 3513 pronunciatum
2772 3431 2866 3496 vel
2927 3431 3199 3494 declara—

476 3526 634 3597 tum,
682 3520 929 3601 penitus
974 3522 1348 3598 observetur,
1398 3526 1461 3584 et
1509 3520 1664 3584 infra
1701 3521 1856 3585 alios
1901 3526 2026 3583 tres
2068 3537 2308 3583 meuses
2355 3538 2391 3582 a
2448 3520 2544 3582 die
2593 3519 2757 3583 dicte
2818 3518 3205 3600 cognitionis,

475 3608 779 3673 sententie
825 3626 933 3672 seu
979 3609 1411 3673 declarationis
1456 3608 1795 3672 executioni
1840 3610 2183 3671 mandetur.
2234 3604 2406 3684 Quod
2456 3607 2508 3669 si
2543 3607 2691 3670 dicti
2727 3610 2985 3689 quatuor
3018 3605 3200 3669 electi

476 3697 573 3763 vel
621 3698 746 3758 tres
794 3714 864 3759 ex
909 3695 997 3759 eis
1045 3698 1206 3761 inter
1253 3716 1319 3759 se
1368 3714 1484 3759 non
1534 3699 1827 3777 poterunt
1870 3696 2211 3771 convenire,
2261 3714 2331 3756 ex
2382 3713 2541 3757 nunc
2602 3694 2767 3757 dicte
2829 3697 3033 3774 partes
3099 3712 3205 3756 no-

478 3783 751 3849 minibus
799 3785 1170 3864 supradictis
1218 3783 1460 3865 eligunt
1505 3785 1568 3847 et
1612 3785 1946 3847 assumunt
1993 3783 2304 3865 prefatum
2375 3781 2684 3846 illustrem
2749 3782 3085 3863 principem
3143 3782 3209 3843 et

477 3872 797 3937 dominum
846 3871 1159 3936 dominum
1206 3871 1554 3935 Amedeum
1602 3872 1891 3935 comitem
1927 3870 2252 3945 Sabaudie,
2300 3870 2396 3933 cui
2442 3870 2603 3933 dicte
2633 3873 2843 3951 partos
2876 3868 3059 3931 dictis
3100 3885 3208 3931 uo-

477 3959 749 4025 minibus
798 3958 952 4023 dant
1012 3962 1077 4024 et
1136 3959 1481 4022 concedunt
1546 3956 1963 4022 omnimodam
2023 3959 2393 4039 potestatem
2451 3956 2876 4038 cognoscendi,
2944 3973 3208 4036 pronun-

476 4046 700 4125 ciandi,
751 4046 1122 4121 declarandi,
1172 4048 1379 4129 partes
1429 4046 1662 4109 citandi
1704 4046 1771 4109 et
1816 4046 2176 4126 procedendi
2222 4044 2559 4107 summarie
2606 4044 2977 4126 simpliciter
3024 4044 3089 4106 et
3132 4042 3208 4105 de

480 4135 663 4219 plano
711 4134 844 4200 sine
882 4135 1148 4217 strepitu
1192 4136 1256 4198 et
1296 4132 1496 4217 figura
1543 4132 1757 4197 iudicii
1806 4133 1960 4197 imis
2002 4133 2214 4197 ordine
2261 4134 2506 4195 servato
2553 4132 2684 4195 sola
2731 4149 2904 4195 mera
2950 4132 3015 4194 et
3053 4148 3207 4211 pura

477 4224 626 4287 facti
674 4222 935 4286 veritate
982 4226 1323 4304 prospecta,
1375 4224 1440 4284 et
1486 4219 1779 4303 quicquid
1828 4240 1936 4302 per
1982 4222 2215 4284 dictum
2250 4219 2567 4283 dominum
2611 4220 2902 4283 comitem
2949 4217 3205 4292 dictum,

477 4310 972 4394 pronunciatum,
1022 4309 1468 4374 sententiatum
1514 4313 1580 4373 et
1623 4307 2005 4385 declaratum
2056 4308 2341 4372 fueritin
2397 4306 2684 4387 predictis
2733 4309 2795 4370 et
2863 4307 3026 4370 circa
3072 4324 3207 4385 pre-

476 4398 662 4472 dicta,
719 4395 877 4461 illud
922 4416 959 4461 a
1006 4397 1187 4461 dictis
1234 4395 1513 4479 partibus
1563 4398 1626 4460 et
1671 4413 1889 4460 earum
1937 4395 2212 4478 qualibet
2258 4395 2621 4459 observetur
2679 4398 2747 4457 et
2802 4393 3022 4458 debeat
3069 4410 3207 4455 exe-

477 4483 709 4549 cutioni
754 4484 1031 4548 mandari
1078 4484 1239 4549 infra
1285 4503 1528 4549 menses
1573 4487 1703 4548 tres
1765 4501 1802 4545 a
1866 4483 2029 4547 dicte
2091 4482 2222 4546 eius
2286 4482 2717 4546 declarationis
2782 4481 2882 4545 die
2943 4482 3006 4544 et
3070 4498 3206 4541 seu-

477 4570 669 4635 tentie
716 4573 780 4633 et
826 4571 1266 4636 notificationis
1308 4572 1468 4636 facte
1514 4571 1678 4654 parti
1704 4569 1778 4633 de
1828 4569 1991 4635 dicto
2034 4571 2597 4653 pronunciameuto,
2634 4568 2946 4632 sententia
2992 4572 3054 4630 et
3103 4569 3210 4629 de-

478 4657 807 4723 claratione
851 4658 1160 4723 eiusdem:
1210 4661 1274 4723 et
1317 4660 1569 4724 interim
1618 4657 1913 4741 predictis
1961 4657 2369 4740 pendentibus
2416 4676 2534 4721 non
2580 4657 2769 4720 liceat
2822 4655 3006 4719 dictis
3068 4672 3207 4736 par-

479 4744 647 4809 tibus
696 4760 805 4808 seu
851 4744 1164 4828 aliquibus
1211 4748 1309 4812 vel
1357 4747 1542 4812 alicui
1589 4767 1658 4811 ex
1707 4746 1860 4827 ipsis
1910 4747 2002 4809 vel
2047 4744 2308 4811 alicuius
2355 4763 2565 4810 earum
2613 4745 2827 4827 quovis
2863 4742 3038 4807 modo
3070 4757 3191 4825 pro·
