3620 5282
3074 337 3161 403 65

426 511 668 595 quando
716 512 834 576 sibi
884 513 1207 589 indicatur,
1258 514 1414 596 quod
1463 532 1646 595 quam
1698 514 1888 577 cicius
1936 532 2071 577 esse
2119 513 2324 596 potest
2367 511 2582 576 mittat
2622 514 2754 576 siue
2802 512 2932 578 ulla
2989 533 3159 580 mora

426 600 695 681 aliquem
738 618 918 663 suum
966 601 1360 665 secretarium
1411 601 1486 665 ad
1533 601 1769 665 curiam
1809 602 1887 665 ad
1935 599 2391 666 informandum
2439 599 2755 664 dominum
2822 619 3043 683 papam
3095 602 3159 666 et

426 686 767 751 cardinales
815 688 1045 752 amicos
1093 707 1234 752 suos
1282 690 1354 751 de
1391 706 1614 771 magno
1663 688 1934 771 periculo
1969 693 2030 753 et
2061 687 2415 770 preiuditio,
2464 688 2620 769 quod
2652 687 2869 751 sibiet
2901 688 3159 753 ecclesie

429 774 831 857 aquilegiensi
882 777 946 839 et
996 774 1182 839 etiam
1232 777 1485 840 ecclesie
1533 795 1777 841 romane
1827 777 2176 859 proveniret
2223 794 2294 838 ex
2343 774 2478 851 hoc,
2543 776 2605 838 et
2650 774 2727 839 ad
2789 774 3161 840 turbandum

428 880 500 925 ac
563 862 1024 944 impediendum
1085 863 1299 927 dextro
1363 867 1426 927 et
1491 866 1670 928 cauto
1733 864 1931 942 mode,
1994 867 2149 948 quod
2217 864 2330 927 hoc
2392 880 2508 926 non
2560 862 2756 944 possit
2811 862 3159 945 procedere,

429 951 698 1013 narando
742 951 950 1013 omnia
996 953 1175 1025 nacta
1217 953 1282 1014 et
1327 952 1780 1028 conventioneS‚
1830 972 1980 1035 quas
2030 952 2348 1016 nobiscum
2396 950 2588 1014 habet
2632 951 2817 1015 utiles
2880 952 2944 1014 et
3000 949 3162 1014 fruc-

430 1040 637 1101 tuosas
682 1056 791 1120 pro
839 1058 904 1101 se
953 1041 1016 1100 et
1063 1039 1322 1103 ecclesia
1370 1059 1500 1117 sua,
1551 1042 1612 1103 et
1659 1041 1733 1102 de
1781 1038 2004 1116 favore,
2052 1060 2239 1123 quem
2301 1039 2598 1102 hactenus
2652 1038 2884 1120 recepit
2944 1040 3008 1102 et
3066 1056 3162 1101 re-

429 1124 632 1207 cipere
700 1127 903 1207 potest
959 1126 1185 1190 cotidie
1246 1145 1283 1190 a
1343 1127 1517 1191 nobis
1590 1128 1665 1191 ad
1732 1129 2260 1191 conservacionem
2325 1125 2579 1190 ecclesie
2640 1144 2749 1190 sue
2825 1144 2965 1189 cum
3035 1124 3162 1189 illis

430 1212 634 1275 verbis
684 1216 746 1276 et
792 1213 1011 1290 modis,
1063 1214 1167 1296 qui
1214 1233 1322 1278 sne
1374 1216 1693 1296 prudentie
1742 1215 2022 1279 utiliores
2071 1217 2133 1278 et
2176 1214 2462 1278 meliores
2529 1213 2918 1277 videbuntur.
2978 1212 3061 1276 Et
3108 1213 3163 1276 si

433 1300 743 1363 videretur
787 1301 864 1378 ei,
914 1303 1072 1383 quod
1122 1320 1193 1365 ex
1246 1305 1414 1383 parte
1456 1305 1661 1366 nostra
1710 1305 1878 1367 esset
1922 1304 2190 1367 fiendum
2236 1301 2484 1382 aliquod
2518 1300 2679 1365 circa
2715 1301 2847 1378 bec,
2898 1300 3164 1365 libenter

433 1388 791 1452 audiremus
838 1407 1017 1451 suum
1068 1389 1413 1454 consilium.

644 1476 842 1558 Super
890 1476 1054 1540 facto
1100 1479 1306 1542 autem
1346 1477 1710 1559 procedendi
1755 1477 1818 1541 in
1869 1478 2143 1541 tractatu
2199 1476 2351 1540 alias
2399 1476 2610 1540 habito
2674 1477 2835 1542 inter
2900 1496 3039 1542 eum
3104 1481 3165 1541 et

434 1579 562 1640 nos,
612 1566 856 1645 quando
905 1563 1028 1628 fuit
1076 1565 1373 1637 venetiis,
1424 1563 1519 1628 vel
1567 1565 1886 1629 differendi
1933 1584 2040 1648 pro
2089 1566 2284 1642 mode,
2329 1563 2595 1628 libenter
2636 1564 2952 1642 sciremuS,
3000 1567 3163 1646 quod

431 1650 549 1714 sibi
593 1650 816 1714 melius
859 1651 1190 1729 videretur,
1239 1654 1382 1735 quia
1428 1655 1490 1716 in
1533 1652 1648 1717 hoc
1694 1656 2045 1736 optaremus
2104 1653 2235 1717 fieri
2283 1651 2364 1729 id,
2414 1652 2570 1734 quod
2636 1653 2799 1715 esset
2860 1670 2969 1734 pro
3033 1672 3163 1717 me-

432 1737 594 1801 liori.
644 1738 725 1801 Et
770 1738 981 1803 audiat
1029 1741 1284 1804 nuntius
1333 1740 1791 1821 responsionem
1842 1760 2016 1805 suam
2067 1743 2130 1805 et
2175 1739 2465 1804 informet
2512 1758 2596 1817 se,
2642 1745 2705 1803 et
2751 1744 2961 1822 postea
3023 1758 3165 1804 cum

433 1842 524 1904 ec,
574 1827 730 1908 quod
778 1826 1085 1905 habuerit,
1134 1831 1500 1892 revertatur.

522 1915 759 1975 Secreta
802 1917 1027 1992 colleqii
1077 1919 1219 1990 141,
1265 1936 1308 1977 u
1352 1920 1507 1978 mlet.
1555 1919 1788 1978 arkivu.

699 2102 1012 2188 CXIII.
1067 2106 1274 2189 God.
1331 2107 1560 2194 1364.
1614 2107 1717 2191 26
1771 2108 2112 2210 ozuij
2166 2130 2226 2189 u
2280 2107 2878 2190 Dubrovnlku.

538 2249 924 2307 Dubrovcani
966 2265 1028 2329 se
1069 2248 1201 2307 tube
1246 2249 1606 2310 Mletdanom
1652 2255 1801 2321 zat0,
1848 2251 1937 2310 ἕέο
1969 2251 2088 2323 jim
2133 2251 2367 2323 njihove
2406 2250 2590 2324 yalijc
2632 2250 2806 2309 stoku
2841 2249 3058 2308 kradu.

641 2368 1009 2451 Exemplum
1089 2368 1446 2434 litterarum
1519 2372 1891 2453 regiminum
1965 2369 2254 2452 Ragusii,
2322 2371 2653 2434 missarum
2723 2368 2992 2432 dominio
3054 2386 3164 2450 pro

430 2455 803 2521 animalibus
850 2456 1165 2521 derobatis
1213 2477 1321 2539 per
1368 2457 1602 2540 galleas
1649 2463 1907 2533 nostras,
1959 2458 2029 2520 ut
2072 2459 2377 2521 asserunt.
2427 2455 2832 2521 serenissime
2895 2456 3165 2522 domine.

435 2543 654 2607 Vestre
703 2544 903 2609 ducali
952 2544 1311 2609 excellentie
1361 2549 1571 2610 tenore
1621 2548 1998 2627 presentium
2046 2544 2310 2609 facimus
2358 2544 2779 2622 manifestum,
2844 2543 3005 2625 quod
3052 2543 3163 2608 ho-

433 2631 631 2695 miues
676 2630 833 2714 ligni
879 2633 1087 2706 vestri,
1136 2634 1307 2697 cuius
1357 2635 1493 2698 erat
1562 2634 2016 2716 supracomitns
2063 2631 2376 2698 Johannes
2425 2630 2723 2716 Arduyni,
2786 2632 3162 2698 transeundo

435 2737 626 2800 nuper
669 2739 777 2802 per
811 2724 1099 2801 punctam
1136 2724 1412 2785 nostram
1446 2722 1520 2784 de
1553 2721 1806 2804 Stagno,
1858 2721 1955 2785 die
1993 2720 2284 2785 videlicet
2315 2720 2557 2784 XVIIII
2591 2719 2898 2802 presentis
2932 2722 3161 2785 mensis

431 2808 663 2884 martii,
714 2807 787 2869 de
834 2808 1097 2889 quodam
1146 2808 1276 2872 loco
1325 2808 1486 2872 dicte
1537 2814 1779 2890 puncte,
1830 2810 1933 2891 qui
1978 2807 2267 2872 Dubrave
2330 2809 2736 2888 nuncupatur,
2808 2826 2913 2872 sex
2976 2808 3160 2873 boves

431 2894 730 2959 violenter
776 2896 1003 2960 nostris
1051 2897 1401 2961 hominibus
1448 2897 1857 2976 abstulerunt,
1912 2900 1974 2961 et
2021 2896 2251 2960 multos
2297 2901 2616 2959 veretonos
2666 2893 3051 2976 proiecerunt
3092 2894 3159 2959 iu

428 2980 614 3062 ipsoS,
665 2985 1019 3065 satagentes
1064 2985 1247 3048 boves
1297 2983 1392 3047 illi
1437 2982 1780 3047 deffendere
1829 2984 2237 3065 supradictos,
2286 3001 2474 3065 quam
2523 2981 3005 3047 disrobationem
3053 3000 3160 3047 ne-

430 3070 577 3132 dum
623 3070 852 3134 factam
903 3072 1116 3135 contra
1164 3090 1271 3135 nos
1317 3074 1552 3136 vestros
1602 3071 1901 3135 cordiales
1941 3072 2192 3147 amicoS,
2243 3071 2347 3135 sed
2396 3071 2582 3134 etiam
2630 3069 2682 3152 si
2731 3067 2894 3134 facta
2942 3071 3163 3134 fuisset

430 3159 645 3221 contra
704 3176 1121 3240 quoscumque
1183 3159 1369 3236 alioS,
1434 3158 1822 3223 insalibiliter
1882 3159 2202 3223 credemus
2265 3158 2463 3222 eidem
2538 3157 2736 3221 vestre
2800 3156 3161 3222 excellentie

431 3245 692 3308 nimium
740 3245 1087 3327 displicere.
1137 3244 1342 3324 Quare
1389 3246 1584 3310 eidem
1634 3251 1838 3310 vestre
1886 3246 2249 3310 excellentie
2298 3246 2738 3328 supplicamuS,
2792 3247 2941 3327 quot
2974 3263 3160 3329 super

429 3332 750 3413 premissis
811 3331 883 3394 de
945 3332 1201 3397 salutari
1263 3333 1534 3399 remedio
1594 3334 1988 3418 providende,
2048 3336 2117 3397 et
2176 3332 2669 3398 satisfactionem
2731 3332 3042 3414 debitam,
3106 3331 3161 3397 si

430 3419 693 3500 placeat,
759 3418 1070 3496 faciendo,
1135 3421 1223 3485 sic
1288 3421 1509 3485 vestris
1572 3423 2009 3504 supracomitis
2072 3421 2423 3486 transituris
2484 3440 2589 3503 per
2646 3422 2887 3485 nostras
2956 3422 3166 3504 partes

429 3507 743 3588 precipere
791 3506 1150 3589 dignemini,
1199 3509 1252 3571 si
1297 3509 1538 3586 libebit,
1591 3515 1659 3574 ut
1701 3509 2187 3574 disrobationem
2234 3528 2340 3573 seu
2388 3509 2689 3573 lesionem
2719 3508 2994 3591 aliquam
3040 3507 3162 3573 ibi-

429 3594 572 3657 dem
618 3594 818 3659 facere
865 3614 985 3658 non
1030 3599 1473 3676 presummant,
1546 3615 1613 3660 eo
1659 3598 1818 3680 quod
1863 3616 2075 3662 omnes
2138 3598 2328 3663 vestri
2393 3597 2693 3675 hornineS,
2757 3599 2827 3661 ut
2896 3596 3159 3661 honora-

435 3682 586 3746 biles
633 3682 859 3747 fratres
907 3684 970 3746 et
1015 3681 1218 3760 amici,
1268 3684 1491 3766 ubique
1540 3685 1732 3748 nostri
1771 3686 2093 3750 districtus
2138 3704 2175 3749 a
2237 3685 2617 3749 nostratibus
2679 3684 3154 3765 pertractantur,

431 3771 495 3832 et
535 3769 810 3851 ipsorum
857 3770 1046 3852 aliqui
1094 3770 1328 3835 ibidem
1374 3773 1644 3854 aliquem
1691 3773 1994 3837 offendere
2043 3791 2161 3837 non
2212 3776 2593 3855 postporunt.
2810 3817 2817 3823 -

642 3857 912 3922 Michael
960 3859 1033 3921 de
1080 3857 1339 3923 Bahalio
1387 3865 1589 3925 rector
1650 3862 1993 3925 communis
2057 3858 2337 3944 Ragusii.
2403 3860 2643 3925 Iudices
2706 3861 2770 3924 et
2829 3858 3159 3924 consilium

430 3944 701 4009 civitatis
747 3946 1040 4010 eiusdem.
1090 3946 1207 4011 Ubi
1260 3948 1403 4011 data
1448 3949 1541 4011 die
1589 3949 1798 4012 XXVI
1845 3948 2053 4013 martii
2102 3948 2364 4014 secunde
2400 3947 2757 4013 indictionis
2811 3947 2999 4010 1364.

524 4032 1091 4096 Commemorialium
1150 4038 1281 4096 VII
1322 4040 1426 4115 31,
1474 4057 1514 4097 u
1561 4040 1714 4101 mlet.
1765 4041 1996 4099 arkivu.

861 4230 1157 4313 CXIV.
1213 4232 1422 4314 God.
1476 4231 1706 4315 1364.
1759 4233 1816 4313 4
1857 4234 2230 4334 travilla,
2287 4255 2347 4314 u
2400 4232 2709 4315 Zadru.

433 4351 706 4413 Zadram'
749 4354 1098 4434 zaktjevnju‘
1142 4359 1217 4417 od
1262 4360 1540 4418 mletacke
1583 4359 1770 4430 vlade,
1829 4359 1909 4417 da
1957 4361 2073 4431 jim
2130 4358 2402 4417 naknadi
2460 4357 2651 4427 ἔΙεοάε,
2715 4357 3010 4417 ηαηθέεηε
3074 4360 3159 4418 im

429 4441 506 4499 od
549 4442 815 4515 m‘ihovih
859 4446 986 4504 deta
1016 4446 1358 4518 prolazedih
1403 4446 1597 4506 undu}
1640 4448 1875 4520 njihove
1920 4447 2098 4513 chale,
2160 4447 2184 4503 i
2243 4446 2323 4504 da
2368 4446 2587 4504 takovu
2644 4445 2744 4504 alu
2802 4460 2876 4504 za
2938 4462 2978 4503 u
3046 4463 3156 4506 na-

1292 4536 1510 4608 przeda
1553 4535 1665 4594 cim
1699 4536 1865 4609 prije
1909 4536 2048 4607 quj
2090 4534 2266 4592 stavi.

636 4631 1004 4715 Exemplum
1048 4636 1404 4701 litterarum
1452 4635 1735 4712 rectoris,
1776 4635 2019 4699 consilii
2052 4638 2115 4699 et
2158 4633 2503 4698 communis
2533 4631 2723 4697 Jadre
2754 4650 2865 4715 pro
2906 4632 3154 4698 damnis

424 4715 619 4782 illatis
665 4739 772 4801 per
818 4723 1059 4788 nostros
1108 4724 1541 4806 stipendiarios
1589 4724 1735 4786 suis
1787 4758 1871 4768 —
1922 4722 2251 4806 Magnifice
2297 4722 2559 4786 domine.
2630 4721 2768 4785 Non
2826 4737 3152 4802 possumus

515 4838 697 4893 spon.
743 4842 829 4891 Π.
2697 4824 2738 4887 ὃ
