3620 5282
2950 415 3078 481 259

569 586 1243 671 CCCLXXXIV.
1295 588 1503 672 God.
1557 590 1779 675 1353.
1836 591 1932 671 18
1986 591 2277 691 rana,
2343 613 2400 671 ιι
2453 589 2845 672 Mletcih.

345 713 702 787 Dozvoljeno
749 712 1111 786 Zadranom,
1155 715 1235 773 da
1281 732 1341 774 se
1394 722 1648 788 pom-ate
1692 736 1735 774 u
1774 717 2121 789 Dalmaciju
2165 719 2306 775 esim
2340 735 2381 773 u
2415 716 2638 793 Zadar,
2673 715 2818 789 Senj
2868 718 2892 775 i
2937 718 3082 787 Niu,

566 834 751 898 1353.
805 834 1133 899 indictione
1176 836 1313 907 VII,
1363 836 1460 900 die
1507 836 1723 899 XVIII
1772 836 2182 919 septembriS,
2246 839 2461 918 capta:
2526 835 2687 918 quod
2749 857 2856 919 pro
2902 856 3073 902 reve-

350 922 547 986 rentia
594 921 714 1000 dei,
764 923 869 1004 qui
917 924 1089 987 tanta
1136 923 1427 987 beneficia
1474 927 1537 988 et
1581 923 1820 1007 gratias
1867 925 2044 988 nobis
2089 925 2388 1000 contulit,
2454 926 2522 988 ut
2571 942 2690 988 non
2765 924 3081 990 videamur

351 1010 576 1092 ingrati
615 1010 680 1073 in
727 1015 1058 1093 conspectu
1107 1029 1216 1075 suo
1266 1013 1637 1076 concedatur
1670 1012 1805 1091 illis,
1834 1011 2195 1089 Jadratinis‚
2247 1011 2351 1094 qui
2394 1014 2829 1077 remanserunt
2873 1013 2972 1077 hic
3002 1014 3078 1076 ad

352 1098 632 1174 confinia,
683 1099 788 1181 qui
835 1101 981 1163 sunt
1027 1100 1188 1163 circa
1234 1104 1391 1176 oct0,
1442 1099 1603 1182 quod
1645 1102 1883 1182 possint
1929 1102 2015 1164 ire
2064 1099 2139 1164 ad
2163 1100 2400 1164 insulas
2449 1103 2512 1163 et
2558 1099 2636 1163 ad
2684 1101 2842 1165 alias
2875 1102 3076 1165 terras
3187 1162 3214 1185 κ,

355 1185 692 1263 Sclavonie,
743 1205 865 1251 non
910 1186 1108 1251 eundo
1157 1186 1437 1265 Jadram,
1490 1185 1782 1271 Segniam
1817 1208 1925 1253 nec
1958 1188 2221 1265 Nonam,
2273 1207 2409 1252 cuni
2440 1188 2898 1252 condicionibus
2930 1207 3075 1253 con-

355 1273 541 1338 cessis
588 1274 751 1352 aliis,
803 1275 971 1339 salvo
1033 1276 1192 1357 quod
1254 1272 1481 1339 Nicola
1526 1276 1782 1342 Galetus
1845 1277 2043 1359 possit
2103 1275 2192 1339 ire
2243 1275 2511 1358 Segnam
2578 1276 2911 1340 secundum
2959 1275 3083 1341 for-

352 1379 520 1425 mam
570 1363 774 1444 gratie
821 1362 975 1427 alias
1026 1362 1144 1426 sibi
1195 1361 1373 1427 facte.
1423 1363 1508 1428 Et
1554 1364 1607 1427 si
1656 1364 1984 1428 consilium
2033 1366 2150 1428 etc.
2200 1362 2284 1426 Et
2331 1367 2425 1426 est
2472 1364 2654 1447 capta
2697 1384 2805 1447 per
2829 1365 2916 1428 VI
2942 1383 3085 1428 con-

353 1448 637 1600 sitliariloS,
690 1451 783 1514 III
828 1451 1035 1533 capita
1083 1450 1213 1515 XL.
1263 1451 1326 1515 et
1358 1453 1484 1516 tres
1532 1453 1741 1535 partes
1791 1452 2031 1518 consilii
2061 1454 2417 1535 rogatorum
2443 1452 2830 1535 congregatis
2855 1452 3085 1517 LXXX

353 1556 385 1600 e
458 1556 522 1601 1n
570 1556 601 1602 e
649 1556 853 1619 supra.

437 1627 619 1688 Misti
668 1628 909 1689 XXVI.
965 1631 1101 1701 122,
1150 1648 1190 1686 u
1238 1631 1455 1689 arkivu
1500 1631 1858 1691 mletadkom.

606 1817 1231 1900 CCCLXXXV.
1287 1818 1493 1901 God.
1548 1819 1770 1903 1353.
1824 1820 1921 1903 21
1975 1820 2261 1921 rujna,
2317 1843 2374 1901 u
2429 1819 2821 1901 illleteih.

423 1943 776 2017 Dozvoljeno
806 1945 1093 2017 jednomu
1128 1947 1520 2021 proynaniku
1570 1947 1948 2021 Zadraninu,
1993 1948 2073 2005 cla
2116 1964 2177 2007 se
2223 1965 2264 2004 u
2309 1948 2436 2019 svoj
2480 1947 2711 2019 zavidcv‘
2743 1948 3004 2019 pom-ati.

576 2065 761 2128 1353.
810 2064 909 2130 die
953 2066 1108 2130 XXI
1155 2067 1540 2149 septembris,
1589 2069 1803 2150 capta:
1872 2087 2015 2132 cum
2075 2067 2164 2131 vir
2228 2066 2452 2131 nobilis
2498 2068 2765 2131 Thomas
2831 2067 3079 2145 Viadr0,

354 2153 506 2215 tunc
553 2170 758 2217 comes
808 2155 871 2217 et
914 2156 1269 2237 capitaneus
1317 2154 1527 2233 Jadre,
1578 2174 1685 2237 pro
1736 2155 2103 2238 quibusdam
2159 2155 2332 2221 novis
2398 2155 2760 2218 sonantibus
2809 2154 2883 2219 de
2935 2174 3080 2237 rege

355 2238 675 2322 Hungarie
718 2241 1089 2306 confinasset
1133 2262 1322 2326 usque
1372 2243 1417 2306 C
1467 2243 1545 2307 de
1589 2243 1830 2307 civibue
1877 2242 2065 2308 Jadre
2113 2244 2273 2308 inter
2335 2241 2570 2308 nobiles
2631 2245 2696 2308 et
2754 2242 3079 2324 populares

357 2328 432 2389 ad
478 2327 738 2407 insulaS,
790 2328 953 2394 inter
1001 2349 1153 2412 quos
1199 2329 1530 2395 confinavit
1592 2331 1869 2395 Micbam
1933 2331 2008 2396 de
2072 2331 2238 2395 Rosa
2300 2330 2376 2395 de
2438 2330 2634 2395 Jadra
2681 2331 2925 2395 fidelem
2973 2350 3080 2395 no·
3167 2358 3172 2365 ·

356 2416 575 2494 strum,
625 2417 730 2497 qui
779 2436 917 2481 cum
959 2417 1214 2482 licentia
1263 2418 1457 2501 ipsius
1506 2418 1751 2483 comitis
1799 2419 2004 2501 potius
2053 2420 2246 2502 elegit
2292 2420 2495 2482 venire
2544 2419 2859 2484 Venetias.
2929 2416 3073 2484 Ces-

250 2520 257 2523 ·
357 2503 635 2568 santibus
684 2507 894 2569 autem
952 2505 1102 2587 ipsis
1166 2508 1338 2570 novis
1404 2507 1841 2590 supra-scriptis
1906 2526 2109 2572 comes
2173 2505 2320 2571 fecit
2380 2506 2643 2590 gratiam
2700 2506 3074 2589 repatriandi

357 2591 642 2656 omnibus
688 2592 831 2658 aliis
880 2596 1128 2676 excepto
1176 2594 1337 2659 dicto
1386 2594 1615 2672 Micha,
1668 2594 1771 2678 qui
1824 2596 1991 2674 tunc,
2042 2597 2110 2660 ut
2156 2595 2420 2679 exponit,
2472 2595 2606 2658 erat
2653 2594 2933 2659 Venetiis
2981 2594 3075 2657 in-

357 2679 588 2758 firmuS,
640 2684 703 2746 et
744 2681 1056 2764 predictus
1104 2702 1202 2746 ser
1247 2682 1513 2747 Thomas
1564 2684 1733 2747 dicat
1782 2683 2056 2764 predicta
2104 2702 2246 2748 vera
2291 2703 2444 2760 esse,
2496 2685 2559 2746 et
2604 2683 2764 2764 quod
2812 2683 3083 2747 similem

358 2769 620 2848 gratiam
669 2769 922 2834 fecisset
966 2770 1131 2834 dicto
1180 2769 1404 2848 Miche,
1455 2773 1507 2835 si
1556 2770 1731 2835 illam
1796 2771 2112 2853 petiisset,
2178 2772 2322 2853 quia
2382 2771 2456 2834 de
2521 2769 2686 2834 dicto
2735 2769 2950 2834 Micha
3013 2772 3077 2834 et

357 2855 483 2919 suis
532 2875 647 2920 non
693 2857 934 2922 audivit
980 2857 1098 2921 nisi
1146 2859 1407 2934 bonum;
1474 2858 1646 2922 vadit
1691 2877 1855 2941 parS,
1906 2859 2063 2941 quod
2111 2859 2221 2923 fiat
2258 2860 2477 2940 gratia,
2527 2858 2683 2939 quod
2732 2858 2932 2940 possit
2982 2877 3077 2920 re-

359 2941 484 3006 dire
529 2942 809 3024 Jadram,
860 2947 923 3009 et
967 2945 1056 3009 ibi
1093 2945 1393 3024 habitare,
1444 2946 1608 3011 sicut
1653 2947 1830 3030 petit.
1879 2947 1960 3010 Et
2006 2947 2058 3010 si
2106 2946 2432 3011 consilium
2484 2947 2602 3009 etc.

442 3032 621 3093 Misce·
669 3035 800 3094 XX
810 3035 911 3096 VI.
962 3037 1107 3107 122,
1154 3055 1196 3095 u
1242 3038 1459 3096 arkivu
1502 3038 1860 3097 mletaclcom.

532 3222 1203 3308 oocnxxxvl.
1263 3225 1469 3308 ooo.
1523 3206 1749 3310 1353.
1807 3228 1851 3307 1
1904 3227 2363 3336 ustopada,
2416 3249 2477 3308 u
2531 3226 2922 3310 metam.

512 3351 871 3427 Dozvob'eno
904 3354 1194 3426 jednomu
1235 3355 1617 3428 proynanz'ku
1664 3353 2042 3425 Ζαᾱναηὶπιι,
2090 3356 2170 3414 da
2211 3370 2272 3412 se
2317 3372 2358 3413 u
2407 3354 2612 3414 Zadar
2645 3357 2908 3428 povrati.

572 3474 760 3540 1353.
812 3473 1146 3540 indictione
1193 3474 1335 3552 VII,
1386 3475 1483 3538 die
1530 3476 1728 3557 primo
1791 3476 2087 3553 octubris,
2152 3477 2369 3564 capta:
2438 3495 2580 3540 cum
2646 3476 2947 3560 Georgius
3013 3479 3085 3542 de

368 3560 752 3627 Carbanosso
800 3563 874 3626 de
921 3561 1113 3628 Jadra
1162 3563 1245 3626 sit
1290 3563 1352 3626 in
1403 3565 1763 3645 paupertate
1812 3564 2211 3642 constitutuS,
2262 3566 2325 3627 et
2371 3583 2407 3627 a
2457 3565 2771 3646 tempore,
2819 3584 2936 3648 quo
2982 3568 3089 3629 do-

364 3652 623 3716 minatio
674 3654 884 3715 nostra
930 3650 1199 3715 obtinuit
1239 3650 1585 3714 dominium
1649 3651 1840 3715 Jadre
1906 3653 2059 3715 citra
2115 3651 2299 3716 fuerit
2364 3655 2426 3716 et
2471 3654 2780 3733 patienter
2843 3654 3090 3718 steterit

367 3737 442 3802 ad
485 3740 700 3803 nostra
748 3738 1010 3802 confinia
1060 3738 1271 3804 vivens
1318 3738 1394 3802 de
1441 3738 1823 3816 elimosinis,
1874 3741 1936 3801 et
1982 3739 2142 3802 sicut
2199 3739 2480 3823 exponit,
2544 3739 2688 3803 licet
2732 3758 3089 3804 concessum

367 3825 448 3889 sit
492 3827 632 3891 aliis
675 3825 1043 3905 Jadratinis,
1090 3826 1194 3908 qui
1235 3826 1527 3890 similiter
1572 3827 1746 3890 erant
1790 3827 1866 3890 ad
1914 3826 2197 3903 confinia,
2246 3828 2403 3909 quod
2455 3828 2691 3909 possint
2734 3827 2823 3891 ire
2871 3829 2946 3891 ad
2994 3827 3090 3891 in-

367 3913 550 3992 sulas,
597 3914 957 3979 huiusmodi
1003 3914 1210 3995 gratia
1255 3913 1444 3977 nichil
1493 3913 1612 3978 sibi
1658 3913 2015 3996 prodesset,
2074 3914 2182 3977 sed
2247 3914 2450 3996 potius
2511 3915 2789 3992 obesset,
2850 3933 2957 3996 pro
3019 3932 3089 3978 eo

368 4002 522 4083 quod
570 4020 692 4067 non
740 4001 934 4066 habet
979 4001 1250 4083 aliquem
1299 4020 1588 4082 campum
1638 4002 1734 4065 vel
1785 4003 2020 4066 vineam
2070 4020 2179 4065 nec
2203 4001 2432 4085 aliquid
2483 4001 2558 4065 de
2606 4019 2714 4065 suo
2762 4003 2932 4065 extra
2956 4021 3091 4065 mu-

367 4107 463 4152 ros
508 4089 737 4165 Jadre;
786 4091 850 4153 et
896 4090 946 4153 si
995 4088 1157 4153 soret
1216 4089 1279 4152 in
1324 4088 1538 4166 Jadra,
1605 4088 1858 4154 duceret
1916 4090 2111 4153 vitam
2172 4108 2348 4153 suam
2414 4089 2822 4172 quammelius
2884 4091 3094 4172 posset

371 4195 482 4258 per
529 4179 779 4243 modum
830 4176 1095 4240 alicuius
1142 4176 1329 4241 officii
1376 4175 1474 4240 vel
1522 4175 1780 4240 alicuius
1829 4176 2184 4241 elimosine:
2248 4177 2419 4243 vadit
2479 4195 2620 4258 pars
2667 4177 2914 4258 intuytu
2962 4177 3093 4259 pie-

372 4265 546 4344 tatm,
592 4284 734 4329 cum
783 4265 1182 4330 advocatores
1228 4264 1425 4328 nostri
1473 4263 1938 4346 inquisitionem
1985 4263 2243 4328 fecerint
2303 4265 2378 4329 de
2426 4264 2750 4346 predictiS,
2815 4267 2878 4328 et
2925 4265 3092 4330 inve-

376 4354 595 4433 nerint,
647 4371 719 4418 ea
768 4371 913 4418 vera
964 4370 1120 4430 esse,
1170 4353 1234 4416 et
1279 4353 1438 4433 quod
1486 4350 1664 4415 unica
1710 4351 1842 4415 eius
1887 4353 2125 4429 domus,
2167 4371 2349 4434 quam
2396 4352 2670 4416 habebat
2714 4351 2923 4430 Jadre‚
2973 4351 3093 4418 fuit

377 4441 710 4519 combusta,
763 4440 919 4522 quod
967 4440 1043 4504 de
1089 4439 1293 4522 gratia
1341 4438 1608 4521 speciali,
1658 4438 1821 4503 sicut
1876 4440 2267 4504 advocatores
2332 4439 2695 4518 consulunt,
2761 4440 2960 4523 possit
3003 4440 3091 4503 ire

374 4529 433 4590 et
477 4530 643 4592 stare
693 4529 756 4591 in
803 4526 1011 4592 Jadra.
1064 4526 1147 4591 Et
1184 4528 1238 4590 si
1285 4525 1615 4591 consilium
1661 4529 1779 4591 etc.

449 4617 628 4678 Misti
671 4619 797 4691 lmj.
853 4617 1096 4676 XXVI.
1150 4619 1289 4687 123,
1335 4636 1378 4676 u
1424 4617 1640 4675 arhiv-a
1684 4617 2044 4677 mletudkom.
