3620 5282
2909 396 3036 462 241

733 571 1178 658 CCCXLV.
1232 572 1437 661 God.
1497 573 1712 657 1387.
1768 573 1868 720 l}
1918 572 2227 675 limus,
2278 595 2338 655 u
2395 572 2652 654 Luki.

329 718 504 793 Papa
546 734 607 778 se
649 718 992 793 zahvazjuje
1040 719 1394 779 Mletoanom
1439 737 1523 778 na
1567 720 1731 789 viest,
1762 720 1841 778 da
1863 720 1929 792 je
1975 719 2303 794 aqam-hro.
2357 718 2615 792 kraljica
2649 719 3034 793 ostobodjena.

541 853 731 938 Copia
790 856 1105 939 papalium
1167 858 1521 922 litterarum
1584 877 1691 940 pro
1752 857 2096 940 gratiarum
2153 857 2392 922 actione
2447 856 2524 922 de
2585 858 3032 940 significatione

331 942 714 1010 liberationis
761 945 1146 1010 serenissime
1194 946 1438 1011 domine
1486 946 1680 1010 Marie
1724 946 1937 1028 regine
1984 946 2272 1029 Ungarie.

539 1032 823 1098 Urbanus
888 1034 1209 1118 episcopus
1269 1054 1482 1100 servus
1550 1052 1863 1099 servorum
1930 1034 2048 1098 dei.
2109 1034 2365 1099 Dilectis
2437 1034 2581 1098 filiis
2639 1033 2828 1099 nobili
2904 1035 3035 1101 viro

328 1116 598 1185 Antonio
647 1121 908 1186 Venerio
963 1122 1102 1187 duci
1160 1124 1223 1187 et
1282 1122 1711 1187 communitati
1764 1122 2166 1187 Venetiarum
2213 1123 2476 1187 salutem
2512 1125 2575 1186 et
2623 1122 3032 1205 apostolicam

332 1207 835 1274 benedictionem.
883 1210 1096 1294 Nuper
1138 1216 1337 1276 vestre
1383 1211 1717 1276 devotionis
1750 1214 2067 1293 gratanter
2097 1212 2343 1293 accepte
2375 1211 2584 1275 littere
2621 1212 3034 1291 continebant,

332 1298 491 1378 quod
537 1298 609 1361 de
656 1299 943 1363 mandato
991 1301 1194 1364 vestro
1241 1299 1455 1365 dilecti
1501 1299 1616 1364 filii
1678 1301 1904 1364 nobilis
1949 1299 2044 1364 vir
2078 1349 2094 1363 .
2133 1350 2147 1363 .
2182 1350 2195 1364 .
2232 1347 2245 1361 .
2284 1300 2636 1381 capitaneus
2709 1301 2773 1364 et
2819 1302 3034 1383 gentes

329 1384 646 1466 galearum
694 1386 771 1451 ad
817 1389 1159 1452 custodiam
1207 1388 1413 1470 culphi
1456 1387 1890 1470 deputatarum
1954 1406 2093 1453 cum
2154 1387 2381 1452 dilecto
2451 1386 2578 1451 filio
2644 1389 2831 1452 nobili
2901 1389 3032 1454 viro

328 1472 565 1537 Joanne
614 1475 837 1540 comite
904 1475 1224 1560 Signiense
1272 1482 1337 1540 et
1380 1477 1572 1557 regali
1620 1477 1893 1541 exercitu
1966 1477 2126 1558 apud
2174 1478 2444 1541 castrum
2490 1475 2754 1550 Novum,
2792 1476 2896 1540 ubi
2934 1496 3036 1541 ca-

329 1560 577 1627 rissima
623 1564 684 1627 in
731 1563 961 1628 christo
1008 1564 1136 1628 filia
1176 1567 1386 1628 nostra
1445 1564 1645 1628 Maria
1723 1565 1936 1646 regina
1995 1563 2265 1647 Ungarie
2313 1564 2575 1628 illustris
2639 1563 3032 1629 detinebatur

331 1651 594 1732 captiva,
644 1669 786 1716 cum
833 1652 1065 1716 eisdem
1108 1652 1302 1736 galeis
1351 1653 1799 1724 convenientes,
1873 1655 1934 1716 et
1981 1653 2057 1716 ad
2105 1653 2264 1717 idem
2325 1653 2559 1735 pariter
2620 1651 3029 1732 intendentes,

330 1739 663 1821 prudenter
708 1757 779 1804 ac
825 1740 1174 1818 efficaciter,
1239 1742 1304 1806 et
1343 1742 1637 1823 quantum
1670 1739 1999 1823 expedivit,
2048 1742 2284 1822 operati
2317 1739 2585 1818 fuerunt,
2619 1740 2781 1823 qnod
2813 1740 3027 1805 eadem

329 1828 541 1909 regina
603 1828 794 1892 etiam
862 1830 974 1894 sub
1037 1831 1238 1894 medio
1300 1849 1410 1912 per
1479 1832 1714 1893 vestros
1762 1829 2045 1893 datorum
2093 1828 2399 1908 obsidum,
2451 1828 2554 1911 qui
2603 1832 2816 1910 postea
2858 1829 3032 1911 juxta

332 1914 743 1981 conditionem
803 1915 1083 1982 habitam
1146 1916 1395 1982 liberati
1467 1916 1732 1996 fuerunt,
1793 1918 2086 1981 restituta
2153 1917 2362 1980 extitit
2425 1917 2683 1999 pristine
2729 1918 3036 1981 libertati.

331 2001 423 2067 De
468 2003 916 2087 significatione
960 2008 1166 2070 autem
1236 2006 1324 2071 rei
1373 2005 1462 2071 sic
1521 2008 1695 2088 geste
1757 2004 1991 2088 prefate
2057 2004 2360 2070 devotioni
2424 2005 2643 2088 dignas
2689 2005 3032 2088 gratiarum

328 2092 653 2157 referimus
699 2095 988 2159 actiones.
1039 2093 1153 2159 Sed
1201 2114 1272 2158 ex
1317 2113 1380 2158 re
1427 2094 1562 2176 ipsa
1609 2093 1771 2158 avidi
1819 2095 1882 2159 et
1945 2092 2210 2158 libentes
2281 2094 2767 2176 recognoscimus
2813 2095 3033 2159 bonam

329 2182 392 2242 et
436 2180 823 2264 antiquatam
885 2183 1348 2265 dispositionem
1413 2186 1686 2247 vestram
1749 2183 1826 2246 ad
1891 2182 2349 2266 beneagendum
2414 2182 2775 2264 rectumque
2830 2182 3033 2247 zelum

327 2271 391 2331 et
445 2287 551 2350 per
595 2270 860 2335 maioros
909 2272 1144 2335 vestros
1189 2270 1372 2335 laude
1418 2271 1745 2354 dignorum
1792 2273 2109 2352 gestorum
2157 2270 2568 2335 imitationem
2619 2270 3031 2335 voluntariam

329 2357 395 2418 et
440 2356 795 2437 preclaram,
843 2357 918 2422 de
952 2378 1070 2441 quo
1101 2377 1207 2424 vos
1251 2358 1586 2441 plurimum
1635 2358 1698 2422 in
1746 2357 1996 2422 domino
2029 2360 2550 2436 commendamus,
2585 2377 2690 2422 vos
2721 2359 3024 2423 attentius

330 2445 695 2523 exortantes,
745 2447 1043 2528 quatenus
1089 2447 1253 2512 sicut
1293 2447 1563 2528 cepisti3‚
1627 2448 1715 2511 ita
1760 2446 1825 2509 in
1887 2448 2191 2529 prebendo
2253 2446 2615 2511 charissimo
2683 2446 2748 2511 in
2793 2447 3026 2511 christo

328 2530 456 2595 filio
504 2535 709 2597 nostro
756 2533 1147 2617 Sigismundo
1195 2535 1326 2620 regi
1372 2535 1641 2618 Ungarie
1699 2535 1932 2599 illustri
1988 2535 2151 2600 dicte
2213 2534 2423 2619 regine
2483 2536 2748 2600 consorti
2791 2536 3029 2617 ipsique

329 2618 538 2703 regine
596 2621 977 2701 expedientia
1021 2623 1289 2707 presidia
1346 2629 1408 2689 et
1460 2624 1696 2689 favores
1765 2625 1971 2689 vestra
2032 2625 2317 2690 continue
2381 2624 2619 2689 firmius
2686 2627 3032 2706 perseveret

331 2710 712 2792 magnitudo,
746 2748 819 2757 —
848 2710 1015 2776 Nam
1059 2733 1129 2776 ex
1160 2713 1293 2791 hoc,
1330 2713 1449 2777 etsi
1492 2712 1567 2777 ad
1601 2710 2099 2777 stabilimentum
2150 2712 2453 2777 dictorum
2507 2713 2670 2795 regis
2712 2714 2775 2778 et
2820 2715 3030 2796 regine

329 2815 444 2861 non
492 2816 709 2880 parum
774 2801 1027 2865 accedat
1086 2800 1307 2865 vestris
1369 2802 1556 2865 etiam
1621 2800 1923 2883 partibus,
1991 2821 2062 2865 ex
2129 2801 2379 2865 illorum
2429 2801 2837 2883 prosperitate
2901 2802 3033 2866 vice

326 2886 632 2968 reciproca
678 2905 798 2952 non
833 2888 1104 2953 modicus
1134 2888 1303 2953 favor
1335 2891 1648 2955 accrescit.
1700 2887 1820 2953 Sed
1859 2893 1920 2953 et
1951 2889 2144 2968 nobis,
2181 2891 2402 2973 quibus
2433 2889 2781 2954 huiusmodi
2822 2908 3033 2954 eorum

326 2977 698 3057 prosperitas
769 2977 1040 3041 multum
1086 2976 1314 3042 insidet
1358 2977 1545 3054 cordi,
1594 2976 1657 3040 id
1704 2978 1864 3041 cedit
1932 2978 2007 3042 ad
2054 2977 2561 3056 complacentiam
2625 2978 3004 3060 singularem

326 3062 411 3125 Et
454 3066 526 3128 ut
569 3065 1040 3148 circumspectio
1088 3067 1292 3131 vestra
1336 3068 1611 3130 nostram
1659 3066 1822 3129 circa
1868 3066 1979 3131 hoc
2024 3066 2408 3132 affectionem
2464 3071 2777 3149 agnoscat,
2812 3066 3029 3131 scribi-

324 3169 462 3215 mus
508 3151 765 3234 prefatis
812 3154 943 3237 regi
984 3158 1047 3219 et
1092 3155 1301 3238 regine
1371 3154 1540 3218 iuxta
1604 3156 1879 3218 tenorem
1948 3156 2333 3236 presentibus
2396 3153 2821 3219 interclusum.
2882 3156 3026 3219 Dis-

323 3241 511 3322 positi
558 3259 794 3324 quoque
841 3260 1055 3307 sumus
1100 3244 1178 3307 ad
1225 3243 1640 3308 conservanda
1673 3245 1734 3306 et
1770 3242 2050 3325 augenda
2080 3242 2341 3307 honores
2374 3245 2437 3306 et
2467 3244 2791 3307 commoda
2828 3245 3033 3308 vestra

327 3327 770 3408 favorabiliter,
820 3332 1119 3414 quantum
1166 3351 1304 3395 cum
1355 3332 1465 3395 deo
1515 3331 1851 3412 poterimus
1898 3349 2199 3414 apponere
2247 3332 2450 3412 partes
2494 3333 2754 3396 nostras.

535 3416 769 3483 Datum
814 3418 975 3485 Luce
1022 3419 1237 3484 XVIII
1278 3419 1568 3485 kalendas
1615 3419 1773 3497 iulii,
1835 3420 2232 3501 pontificatus
2280 3419 2476 3483 nostri
2560 3437 2719 3485 anno
2777 3421 3032 3486 decimo.

417 3523 981 3588 Commemorialium
1037 3528 1225 3588 VIII.
1273 3525 1418 3622 127,
1466 3546 1509 3587 u
1552 3528 1894 3588 mletackom
1930 3529 2164 3589 arkivu.

686 3716 1179 3801 CCCXLVI.
1235 3717 1441 3801 Gon.
1494 3717 1713 3800 1387.
1768 3718 1868 3799 14
1919 3717 2226 3821 lipnja‚
2280 3741 2340 3801 u
2396 3719 2649 3802 Luki.

325 3862 505 3937 Papa
549 3863 764 3938 oeituje
808 3866 979 3939 svoju
1021 3865 1227 3924 radost
1270 3863 1474 3937 kralju
1518 3866 1543 3923 i
1587 3864 1829 3939 kraljici
1876 3865 2175 3938 uqarskoj,
2221 3865 2310 3924 §to
2342 3866 2410 3938 jc
2463 3867 2580 3925 ista
2611 3866 2868 3939 krab'ica
2897 3866 3035 3926 mle-

324 3970 550 4030 tadkom
597 3971 851 4045 pomobu
910 3971 1299 4045 oslobody'ena,
1360 3975 1413 4031 te
1444 3971 1544 4044 jih
1603 3972 1788 4042 bodri,
1830 3971 1909 4030 da
1955 3987 2016 4031 se
2060 3974 2192 4031 zato
2235 3972 2542 4046 mletat‘koj
2608 3973 2902 4046 republiki
2945 3975 3029 4034 iz-

1427 4077 1581 4139 kaz‘u
1626 4076 1924 4139 zahvalni.

531 4198 822 4266 Urbanus
882 4202 996 4265 etc.
1063 4198 1397 4265 Carissimo
1458 4198 1523 4262 in
1585 4198 1818 4264 christo
1875 4198 2001 4264 filio
2080 4198 2499 4283 Sygismundo
2563 4199 2691 4282 regi
2763 4198 3030 4280 Ungarie

321 4284 555 4351 illustri
581 4287 846 4352 salutem
878 4290 998 4354 etc.
1032 4290 1298 4372 Magnus
1344 4288 1629 4352 dominus
1661 4290 1726 4352 et
1773 4306 1993 4371 magna
2036 4287 2231 4353 virtus
2279 4287 2426 4365 eine,
2491 4288 2555 4352 et
2587 4288 3032 4369 magnitudinis

323 4373 492 4440 illius
516 4393 635 4439 non
662 4379 759 4441 est
789 4377 948 4454 finiS,
976 4377 1081 4460 qui
1107 4396 1416 4460 nunquam
1443 4377 1762 4459 sperantes
1788 4377 1851 4441 in
1877 4397 1961 4453 se,
1988 4395 2298 4459 nunquam
2325 4377 2517 4440 iustas
2544 4394 2761 4440 causas
2786 4375 3033 4453 deserit,

320 4464 386 4528 et
425 4481 501 4527 ne
544 4463 725 4547 longe
770 4465 1065 4530 factorum
1101 4465 1389 4547 petantur
1427 4465 1724 4547 exempla,
1767 4484 1959 4547 nuper
2003 4483 2144 4529 cum
2182 4465 2501 4529 carissima
2540 4465 2600 4527 in
2633 4464 2861 4530 christo
2906 4465 3037 4530 filia

319 4553 527 4616 nostra
549 4550 749 4617 Maria
780 4553 991 4636 regina
1022 4553 1315 4637 Ungarie,
1351 4554 1616 4618 illustris
1657 4571 1901 4618 consors
1934 4555 2064 4629 tua,
2122 4552 2359 4634 pridem
2413 4554 2573 4617 sorte
2621 4551 2876 4618 sinistra
2921 4572 3028 4635 per

316 4640 580 4705 rebelles
622 4641 878 4723 perfidos
930 4643 1301 4724 intercepta,
1350 4661 1459 4724 per
1497 4641 1743 4706 eosdem
1769 4640 2013 4723 captiva
2044 4642 2107 4705 in
2138 4641 2290 4705 locis
2325 4641 2585 4705 munitis
2631 4640 3029 4718 detineretur,

316 4728 382 4794 et
412 4729 857 4811 quodammodo
889 4729 1220 4795 secundum
1253 4731 1591 4795 humanum
1621 4729 1918 4795 iudicium
1947 4731 2021 4793 de
2046 4731 2177 4793 eius
2201 4729 2564 4793 liberatione
2590 4727 2759 4792 nulla
2785 4730 2894 4793 aut
2920 4729 3033 4792 ad-·

316 4816 567 4883 modum
600 4835 789 4899 pauca
811 4836 950 4903 spes
995 4817 1320 4898 videretur,
1361 4818 1618 4884 dilectos
1657 4816 1820 4883 filios
1846 4816 2115 4882 nobilem
2154 4818 2354 4882 virum
2386 4817 2723 4882 Antonium
2763 4817 3022 4881 Venerio

405 4936 586 4989 arou.
630 4938 715 4990 rr.
2722 4921 2803 4989 16
