3620 5282
1987 521 2118 605 Ego
2163 537 2303 585 vero
2348 517 2663 585 Johannes
2728 515 2999 582 Ravaisii
3064 519 3275 583 aucto-

1817 609 2003 673 ritate
2048 607 2364 691 Imperiali
2400 608 2465 673 et
2493 606 2718 691 prefati
2751 605 3015 671 illustris
3049 610 3113 671 et
3142 625 3278 672 ma-

1816 697 2025 780 gnifici
2072 696 2367 780 principis
2414 697 2479 761 et
2521 695 2752 760 domiui
2809 694 3039 759 domini
3086 693 3279 761 Ame-

1818 786 1918 850 dei
1959 784 2202 851 comitis
2267 783 2571 851 Sabaudie
2638 785 2753 848 etc.
2823 782 3105 866 publicus
3169 801 3282 848 no-

1818 875 2014 939 tarius
2064 876 2127 938 et
2161 873 2435 938 eiusdem
2480 871 2713 938 domini
2774 870 3020 937 comitis
3079 890 3282 937 secre-

1819 962 2013 1027 tarius
2058 961 2376 1045 premissis
2408 961 2693 1026 omnibus
2726 963 2788 1024 et
2818 959 3099 1044 siugulis,
3133 961 3279 1025 dum

1821 1051 1909 1115 sic
1946 1050 2120 1114 fieret
2165 1051 2228 1114 et
2273 1052 2618 1133 agerentur,
2680 1066 2802 1113 una
2864 1067 3004 1113 cum
3067 1067 3284 1131 supra-

1821 1139 2002 1203 dictis
2049 1137 2312 1203 testibus
2360 1139 2423 1202 et
2469 1136 2814 1220 subscripto
2861 1137 3100 1211 notario
3144 1155 3284 1218 pre-

1821 1245 1959 1291 sens
2003 1226 2113 1305 fui,
2162 1228 2225 1291 et
2270 1244 2392 1291 una
2438 1246 2577 1292 cum
2624 1225 2835 1291 eodem
2875 1226 3113 1290 notario
3143 1243 3284 1308 pre-

1822 1333 1961 1380 sens
2008 1316 2492 1380 instrumentum
2538 1315 2790 1398 rogatus
2857 1314 3075 1395 recepi,
3134 1314 3283 1377 sub-

1820 1401 2037 1485 scripsi
2084 1403 2150 1468 et
2193 1404 2439 1486 signum
2486 1422 2692 1468 meum
2757 1404 3008 1486 apposui
3070 1402 3132 1466 in
3191 1402 3287 1466 te-

1821 1490 2177 1556 stimonium
2224 1492 2697 1574 premissorum3
2761 1510 2868 1573 per
2913 1509 3091 1573 quem
3137 1489 3289 1554 sub-

1820 1580 2122 1662 scripsum
2167 1580 2473 1668 notarium
2521 1579 2756 1644 dictum
2801 1580 3286 1644 instrumentum

1820 1667 2124 1750 scriptum
2169 1667 2379 1732 extitit
2419 1668 2484 1733 et
2529 1671 2891 1747 correctum,
2939 1668 3010 1732 ut
3054 1667 3115 1731 in
3149 1665 3287 1732 eius

1827 1755 2275 1837 subscriptione
2321 1757 2593 1822 cavetur.
3022 1811 3029 1818 .

1992 1845 2122 1927 Ego
2168 1843 2478 1910 Galvanns
2524 1843 2833 1928 quondam
2886 1862 2986 1909 ser
3028 1843 3291 1908 Bartho-

1820 1931 2007 1998 lomei
2052 1934 2124 1996 de
2169 1929 2593 2010 Castrobaldo‚
2639 1933 2793 1999 civis
2840 1935 3120 2015 patavu8‚
3174 1950 3289 2014 pu-

1824 2020 2023 2085 blicus
2085 2023 2148 2085 et
2206 2021 2514 2103 imperiali
2578 2020 2941 2087 auctoritate
3013 2018 3292 2085 notarius

1824 2127 1895 2174 ac
1941 2108 2121 2174 iudex
2167 2108 2514 2174 ordinarius
2564 2111 2629 2175 et
2672 2109 3050 2192 prefatorum
3091 2108 3293 2173 domi-

1822 2215 2039 2262 norum
2088 2195 2684 2279 Quinqueclesiensis
2751 2199 2817 2262 et
2860 2197 3294 2281 Zagrabiensis

1826 2282 2261 2368 Episcoporum
2323 2286 2631 2351 oratorum
2696 2303 2865 2352 sacre
2930 2285 3095 2369 regie
3160 2304 3296 2349 ma-

1827 2372 2067 2438 iestatis
2109 2374 2426 2457 Hungarie
2492 2372 2715 2450 scriba,
2781 2373 3099 2456 premissis
3160 2391 3297 2438 om-

1823 2461 2004 2528 nibus
2047 2462 2210 2541 affui,
2251 2463 2395 2527 dum
2441 2461 2604 2528 inter
2647 2461 2848 2527 dictas
2905 2464 3112 2545 partes
3172 2480 3302 2526 me-

1826 2552 2099 2615 moratas
2143 2554 2492 2634 agerentur,
2540 2551 2603 2615 et
2642 2569 2714 2615 ea
2757 2569 2878 2616 una
2908 2567 3048 2615 cum
3081 2568 3301 2633 supra-

1828 2638 2075 2721 scriptis
2121 2638 2374 2705 notariis
2412 2641 2664 2723 rogatus
2720 2638 2835 2705 sub
2896 2639 3051 2705 meis
3117 2639 3296 2724 signo

1830 2728 1895 2791 et
1918 2728 2161 2793 nomine
2190 2728 2497 2794 consuetis
2530 2726 2794 2795 fideliter
2824 2727 3065 2811 scripsi.
3091 2727 3300 2794 Verba

1832 2833 1973 2880 vero
2019 2815 2298 2899 superins
2360 2816 2595 2897 zifrata‚
2657 2816 2944 2882 videlicet
3000 2816 3064 2881 in
3126 2818 3299 2900 vige·

1831 2904 1989 2969 sima
2034 2906 2302 2970 secunda
2347 2904 2510 2970 linea
2554 2905 2754 2988 prime
2814 2906 2984 2971 carte
3045 2906 3299 2971 descen-

1833 2992 2027 3058 dendo
2051 3044 2067 3073 ‚
2144 2995 2400 3059 verbum
2472 2993 2712 3059 scilicet
2783 2996 3065 3056 laudibus
3136 2993 3298 3076 quod

1833 3081 2113 3163 sequitur
2178 3084 2318 3166 post
2375 3082 2631 3147 verbum
2691 3084 3045 3154 attollendis,
3112 3083 3177 3146 et
3234 3082 3296 3145 in

1832 3168 2347 3252 vigesimaquarta
2390 3170 2552 3235 linea
2594 3170 2867 3235 eiusdem
2899 3169 3095 3253 prime
3127 3172 3297 3234 carte

1832 3258 2085 3324 verbum
2134 3258 2372 3323 scilicet
2416 3264 2753 3337 tractatum,
2802 3261 2962 3342 quod
3020 3258 3297 3342 sequitur

1838 3347 1972 3426 post
2017 3349 2270 3413 verbum
2313 3349 2557 3420 fidelem.
2613 3348 2775 3412 Item
2805 3347 2868 3411 in
2901 3348 3105 3430 prima
3134 3346 3298 3411 linea

1836 3437 2096 3502 secunde
2141 3438 2309 3502 carte
2350 3434 2767 3500 descendendo
2814 3436 2877 3500 iu
2924 3436 3043 3501 fine
3104 3434 3296 3517 ipsius

1836 3519 1996 3588 linee
2042 3525 2228 3590 verba
2273 3523 2512 3589 scilicet
2556 3544 2626 3585 ao
2670 3527 2847 3587 etiam
2894 3528 3090 3601 viyore
3143 3526 3297 3585 iuris

1837 3618 2157 3676 communis
2203 3618 2260 3674 ct
2303 3611 2509 3674 multis
2546 3615 2687 3674 aliis
2731 3612 3069 3673 rationibus
3128 3618 3184 3673 ct
3229 3631 3298 3673 ex

1836 3706 2066 3774 causis,
2131 3721 2246 3785 que
2307 3702 2641 3782 sequuntur
2700 3702 2836 3782 post
2897 3700 3151 3764 verbum
3209 3702 3297 3773 fe-

1836 3788 2086 3853 bruarii.
2146 3791 2305 3854 Item
2368 3789 2431 3852 in
2493 3789 2757 3853 secunda
2805 3787 2971 3852 linea
3028 3789 3298 3852 eiusdem

1835 3879 2092 3943 secunde
2160 3880 2328 3943 carte
2400 3877 2587 3942 etiam
2658 3875 2777 3941 fine
2824 3875 2987 3940 linee
3048 3876 3295 3940 verbum

1834 3967 2078 4031 scilicet
2120 3970 2261 4047 ναοί,
2308 3965 2469 4048 quod
2512 3967 2790 4048 sequitur
2856 3966 2996 4047 post
3048 3964 3301 4029 verbum

1834 4051 2084 4120 domino.
2133 4056 2291 4121 Item
2331 4056 2399 4119 in
2442 4053 2742 4138 vigesima
2787 4052 2952 4118 linea
2997 4053 3159 4116 dicte
3205 4069 3301 4117 se-

581 4172 777 4239 cunde
821 4170 990 4237 carte
1035 4164 1296 4233 verbum
1336 4166 1572 4235 dictam,
1620 4157 1779 4241 quod
1832 4149 2109 4232 sequitur
2176 4150 2311 4228 post
2339 4146 2801 4219 propositionem
2861 4141 2938 4206 ad
2998 4140 3297 4223 scriptum

581 4263 642 4326 in
689 4258 893 4345 spacio
934 4257 1114 4323 liuee.
1160 4256 1320 4319 Item
1365 4252 1430 4316 in
1477 4245 1777 4331 vigesima
1823 4238 2084 4320 septima
2127 4234 2291 4298 linea
2335 4232 2498 4296 dicte
2544 4231 2805 4296 secunde
2835 4230 3003 4295 carte
3046 4228 3298 4293 verbum

578 4354 721 4427 reqi,
767 4348 926 4432 quod
972 4343 1250 4429 sequitur
1292 4340 1433 4423 post
1476 4335 1732 4401 verbum
1775 4329 2016 4394 domini.
2066 4326 2225 4388 Item
2273 4321 2337 4385 in
2382 4320 2581 4403 prima
2622 4319 2785 4383 linea
2856 4318 3074 4422 quarte
3130 4317 3298 4381 carte

582 4436 768 4501 verba
812 4434 1051 4501 scilicet
1093 4433 1185 4494 vel
1228 4432 1477 4492 alterius
1521 4442 1745 4502 earum,
1785 4439 1904 4503 que
1949 4413 2227 4495 sequitur
2272 4411 2412 4492 post
2456 4408 2713 4473 verbum
2759 4409 3188 4506 prodiciam-um,
3237 4407 3299 4468 et

581 4523 643 4588 in
690 4523 990 4601 vigesima
1036 4520 1258 4604 quinta
1301 4517 1469 4581 linea
1513 4510 1785 4578 eiusdem
1834 4507 2000 4572 carte
2062 4500 2316 4601 vertum
2379 4500 2538 4571 loci3,
2601 4494 2755 4579 quod
2821 4497 3099 4576 sequitur
3159 4496 3299 4594 post

581 4610 833 4676 verbum
881 4613 1075 4687 terris,
1122 4624 1242 4689 que
1286 4604 1476 4670 verba
1519 4595 1957 4666 conscribenda
2001 4605 2391 4657 ommiseram
2418 4604 2525 4668 per
2556 4603 2840 4662 errorem,
2890 4601 3028 4648 mea
3057 4599 3298 4664 propna

582 4715 767 4767 mauu
812 4697 874 4763 in
921 4695 1316 4781 marginibus
1361 4690 1581 4774 scripsi
1621 4689 1684 4752 et
1729 4684 1964 4751 zifravi.
