3620 5282
3004 335 3129 407 341

410 518 664 585 mittere
713 520 789 584 ad
858 521 1103 585 nostras
1174 538 1470 604 expensas
1519 522 1599 585 ad
1656 520 1861 603 ipsum
1923 518 2263 585 transitum
2327 518 2777 603 prohibendum
2840 518 3130 601 quartam

415 610 658 690 partem
707 608 1046 690 galearum,
1096 628 1212 691 que
1260 612 1522 690 ponetur
1569 627 1677 692 per
1722 609 1878 673 alios
1927 608 2296 673 christianos
2344 612 2424 673 ad
2455 607 2841 672 obstaculum
2880 609 2943 670 et
2979 605 3132 669 resi-

409 695 701 759 stentiam
750 696 1192 776 supradictam,
1238 714 1359 760 non
1408 697 1780 760 transeundo
1805 713 2060 760 numero
2086 695 2408 777 galearum
2465 695 2982 778 vigintiquinque,
3010 693 3126 757 hoc

415 783 594 846 modo
644 782 953 861 videlicet,
1002 783 1162 865 quod
1209 784 1260 847 si
1302 786 1544 848 armata
1592 783 1712 847 erit
1758 786 1821 848 et
1864 784 1916 846 si
1966 802 2072 864 per
2117 802 2327 847 omnes
2373 785 2678 865 ponentur
2725 783 2900 847 XXV
2933 781 3129 864 galee,

412 888 521 934 nos
570 887 868 953 ponemus
917 890 1041 945 sex,
1092 872 1146 935 si
1193 870 1436 954 viginti,
1481 889 1780 954 ponemus
1826 872 2091 953 quinque
2139 880 2202 934 et
2243 873 2384 948 cet.,
2420 890 2537 953 que
2572 871 2748 953 galee
2782 870 2989 934 nostre
3024 886 3124 932 va-

411 957 641 1021 cabunt
682 959 747 1022 et
792 960 1049 1024 stabunt
1096 958 1173 1022 ad
1220 958 1461 1023 dictum
1508 976 1658 1041 opus
1705 960 1970 1036 tantum,
2020 960 2319 1039 quantum
2370 959 2623 1022 stabunt
2655 957 2829 1040 galee
2859 957 3128 1020 aliorum

410 1045 475 1109 et
521 1049 820 1127 quantum
870 1045 1162 1110 maiestas
1209 1064 1321 1111 sua
1363 1048 1428 1109 et
1467 1046 1576 1109 alii
1621 1046 1856 1109 domini
1902 1046 2163 1127 predicti
2225 1047 2301 1109 ad
2379 1046 2868 1128 persecutionem
2919 1045 2982 1108 et
3031 1044 3133 1107 de-

412 1134 816 1198 structionem
870 1134 1258 1198 'l'urchorum
1306 1134 1564 1197 stabunt
1608 1133 1671 1196 in
1718 1133 1999 1214 partibus
2043 1132 2395 1197 antedictis,
2445 1133 2537 1197 De
2577 1135 2753 1214 parte
2801 1132 2906 1195 71.

632 1218 745 1285 Ser
792 1220 1041 1286 Marcus
1087 1219 1257 1286 Geno
1303 1224 1657 1302 procurator
1689 1221 1936 1303 sapiens
1982 1220 2243 1296 consilii,
2291 1238 2387 1284 ser
2420 1220 2634 1284 Victor
2667 1219 2982 1294 Marcello,
3019 1236 3120 1282 ser

419 1306 702 1372 Andreas
765 1307 1031 1372 Venerio
1087 1308 1393 1389 sapientes
1454 1308 1771 1373 ordinum:
1845 1309 1988 1390 quia
2057 1308 2284 1372 habitis
2349 1308 2625 1388 pluribus
2692 1306 3013 1388 colloquiis
3061 1303 3125 1368 et

412 1393 885 1459 rationamentis
931 1413 1070 1460 cum
1119 1395 1623 1460 ambaxatoribus
1669 1395 2010 1478 Hungarie,
2059 1396 2165 1478 qui
2209 1395 2310 1460 bic
2356 1398 2501 1459 sunt
2549 1413 2657 1476 pro
2701 1395 2956 1458 volendo
2992 1395 3118 1456 tra-

368 1551 375 1556 ,
415 1482 562 1545 here
609 1486 674 1548 et
720 1483 950 1547 sentire
997 1483 1073 1547 ab
1120 1484 1208 1548 eis
1255 1481 1330 1547 de
1378 1484 1715 1547 intentione
1748 1485 1985 1547 secreta
2016 1482 2251 1547 domini
2284 1484 2401 1559 sui,
2443 1484 2515 1546 ut
2545 1485 2686 1546 ante
2721 1481 3131 1563 promiserant

415 1587 483 1633 se
528 1569 807 1635 dicturos
851 1570 1139 1648 finaliter,
1187 1570 1266 1633 ab
1313 1570 1464 1654 ipsis
1509 1568 1676 1635 aliud
1722 1570 1937 1635 haberi
1987 1570 2351 1652 nequiverit,
2401 1589 2582 1653 quam
2617 1568 2775 1651 quod
2807 1569 2926 1650 ipsi
2961 1567 3125 1632 vole·

414 1657 568 1721 bant
613 1658 842 1722 sentire
885 1657 1340 1741 responsionem
1389 1660 1587 1723 nostri
1628 1658 1904 1737 dominii,
1959 1664 2022 1722 et
2080 1657 2259 1734 illud,
2322 1658 2480 1739 quod
2529 1657 2714 1721 offere
2762 1656 3120 1721 volebamus

417 1745 493 1808 ad
542 1744 712 1808 istud
758 1763 930 1827 opuS,
979 1746 1138 1829 quod
1183 1744 1467 1811 dominus
1513 1764 1619 1810 rex
1663 1744 1862 1811 facere
1905 1746 2283 1825 intendebat,
2329 1747 2393 1809 et
2438 1744 2724 1828 qualiter,
2779 1745 2887 1807 aut
2930 1742 3006 1806 ob
3040 1743 3125 1805 rei

413 1831 826 1897 reverentiam
872 1834 985 1897 aut
1026 1832 1228 1913 aliter,
1277 1850 1420 1897 cum
1465 1833 1642 1898 nobis
1686 1834 1858 1898 aliud
1904 1832 2103 1898 dicere
2129 1851 2247 1898 non
2292 1834 2562 1916 possent,
2611 1831 2729 1896 nisi
2762 1832 2959 1912 primo
2990 1848 3131 1913 sen-

407 1916 599 1983 tirent
640 1923 914 1985 nostram
959 1920 1384 1998 intentionem,
1433 1920 1781 1986 conclusive
1827 1920 2121 2004 rogando,
2169 1920 2331 2004 quod
2378 1922 2668 1984 daremus
2732 1919 2820 1983 eis
2883 1916 3132 1999 expedi-

409 2005 662 2085 tionem,
712 2008 856 2091 quia
899 2006 1173 2073 habeant
1216 2009 1306 2073 ire
1354 2008 1433 2074 ad
1478 2008 1635 2073 alias
1679 2009 1910 2092 partes,
1960 2010 2025 2074 et
2063 2027 2174 2092 pro
2221 2007 2397 2073 nobis
2444 2007 2648 2084 faciat,
2683 2005 3125 2071 considerando

412 2097 717 2176 quantum
764 2097 945 2161 caute
986 2095 1325 2178 procedunt
1369 2095 1435 2158 in
1476 2095 1620 2161 istis
1668 2094 1799 2160 suis
1847 2096 2375 2179 requisitionibus,
2424 2096 2568 2160 dare
2617 2094 2706 2158 eis
2739 2111 3128 2175 responsum,

416 2183 578 2263 quod
625 2200 943 2250 reservare
988 2182 1216 2248 habeat
1258 2183 1551 2248 honorem
1597 2185 1662 2249 et
1707 2184 1939 2249 bonum
1987 2186 2298 2261 nostrum;
2347 2183 2522 2249 vadit
2563 2200 2728 2264 parS,
2760 2180 2919 2263 quod
2961 2181 3129 2244 dica-

414 2270 519 2334 tur
572 2268 727 2352 ipsis
774 2271 1313 2346 ambasiatoribus,
1359 2272 1520 2353 quod
1558 2271 2081 2355 quemadmodum
2127 2272 2284 2337 scire
2328 2273 2607 2353 possunt,
2655 2269 2822 2336 cives
2868 2271 2932 2333 et
2965 2286 3129 2332 mer—

411 2358 653 2422 catores
701 2358 894 2423 nostri
943 2358 1162 2424 vivunt
1208 2358 1283 2424 de
1329 2359 1618 2424 exercitio
1663 2360 2001 2424 mercantie
2048 2369 2113 2425 et
2159 2361 2222 2423 in
2267 2358 2428 2423 bona
2474 2362 2541 2422 et
2584 2375 2811 2440 magna
2853 2356 3128 2439 partein

414 2444 599 2508 terris
644 2444 1049 2523 Turonorum,
1100 2446 1162 2509 in
1210 2445 1431 2529 quibus
1471 2447 1656 2512 multi
1703 2466 1774 2526 ex
1834 2447 1986 2530 ipsis
2030 2447 2259 2512 nostris
2307 2445 2754 2511 mercatoribus
2804 2463 2949 2508 cum
2995 2460 3131 2507 ma-

414 2530 557 2613 gnis
604 2533 1060 2615 quantitatibus
1106 2533 1352 2599 haveris
1403 2536 1466 2598 et
1526 2536 1779 2615 pecunie
1855 2538 2310 2612 conversantur,
2362 2534 2659 2598 babemus
2706 2533 2917 2607 etiam,
2965 2531 3128 2595 sicut

408 2617 634 2698 sciunt,
684 2620 919 2686 multas
969 2640 1040 2686 ex
1088 2620 1270 2687 terris
1318 2623 1544 2687 nostris
1590 2623 1942 2689 convicinae
2004 2623 2188 2689 terris
2256 2626 2320 2688 et
2364 2623 2514 2687 locis
2559 2621 2966 2697 Turcborum,
3010 2636 3128 2700 que

407 2708 483 2771 ab
530 2709 699 2772 omni
747 2709 1091 2774 incursione
1137 2710 1518 2776 Turchornm
1553 2713 1617 2774 et
1650 2710 1934 2777 melestia
1962 2713 2417 2794 preservantur,
2454 2711 2704 2792 propter
2734 2727 2886 2791 quas
2911 2724 3126 2772 causas

405 2796 829 2861 necessarium
880 2796 1056 2862 nobis
1103 2800 1202 2863 est
1245 2797 1470 2863 habere
1518 2799 1742 2863 bonam
1790 2799 2346 2864 considerationem
2396 2798 2474 2862 ad
2510 2797 2758 2880 negotia
2806 2795 3120 2860 antedicta

407 2884 471 2947 et
511 2901 631 2947 non
680 2902 924 2949 movere
972 2902 1103 2961 noS,
1152 2885 1270 2949 nisi
1316 2885 1634 2951 videamus
1682 2887 2003 2951 materiam
2059 2887 2426 2968 dispositam
2473 2905 2577 2966 per
2635 2884 2904 2961 modum,
2953 2881 3115 2965 quod

403 2972 770 3052 procedatur
815 2972 878 3036 in
923 2972 1107 3054 sacto,
1178 2972 1262 3036 Et
1341 2978 1660 3056 propterea
1728 2975 2016 3052 dicimus,
2082 2975 2242 3057 quod
2312 2973 2864 3056 quocienscumque
2928 2968 3127 3033 domi-

403 3076 519 3122 nus
586 3077 736 3123 suus
809 3059 1094 3124 dominus
1163 3079 1269 3124 rex
1344 3080 1483 3126 cum
1555 3061 1698 3125 istis
1774 3064 1915 3127 aliis
1991 3061 2345 3126 illustribus
2420 3059 2681 3124 ducibus
2758 3057 3127 3140 Burgoudie,

404 3145 764 3211 Lancastrie
840 3146 905 3211 et
976 3147 1462 3224 Aureliensibus,
1538 3151 1615 3212 ad
1690 3169 1840 3232 quos
1918 3151 2165 3227 vadunt,
2243 3149 2568 3230 procedent
2639 3147 2717 3210 ad
2786 3144 3129 3229 persecuti-

405 3249 588 3297 onem
648 3233 945 3299 dictorum
1009 3235 1352 3300 infidelium
1423 3235 1827 3315 Turchorum,
1902 3237 2233 3302 secundum
2309 3236 2468 3318 quod
2551 3234 2781 3317 pluries
2844 3233 3128 3297 dixerunt

407 3319 604 3397 nobis,
680 3338 792 3386 nos
875 3322 953 3385 ob
1019 3324 1424 3389 reverentiam
1505 3324 1647 3388 fidei
1731 3324 2081 3390 chatholice
2159 3327 2222 3387 et
2302 3323 2880 3404 contemplationem
2957 3319 3127 3400 regie

408 3407 753 3473 maiestatis
800 3427 920 3473 nou
965 3409 1360 3475 obstantibus
1406 3411 1611 3475 dubiis
1658 3416 1720 3476 et
1767 3413 2011 3478 damnis
2058 3411 2349 3494 predictis
2425 3410 2626 3493 parati
2688 3409 2918 3472 erimus
2979 3409 3121 3471 dare

406 3494 464 3559 ei
510 3513 619 3576 per
666 3513 836 3560 mare
883 3496 1040 3561 illud
1102 3498 1446 3562 subsidium
1507 3499 1810 3582 illumque
1865 3500 2158 3578 favorem,
2216 3499 2321 3582 qui
2386 3499 2470 3563 sit
2530 3517 2670 3563 cum
2719 3495 2997 3561 utilitate
3061 3499 3124 3559 et

403 3581 777 3648 comoditate
824 3584 994 3663 sacti,
1045 3583 1211 3649 fama
1257 3588 1320 3648 et
1366 3585 1592 3651 honore
1626 3588 1820 3652 nostri
1868 3590 2214 3652 communis
2242 3586 2333 3650 De
2365 3589 2540 3668 parte
2573 3584 2700 3649 37..

616 3687 729 3753 Ser
780 3688 1058 3754 Michael
1126 3688 1316 3756 Steno
1361 3694 1723 3774 procurator
1783 3694 2027 3774 sapiens
2091 3692 2363 3757 consilii:
2452 3691 2614 3773 quod
2681 3690 3125 3771 respondeatur

408 3776 547 3840 istis
591 3777 1095 3843 ambaxatoribus
1140 3779 1460 3860 Hungarie
1507 3781 1582 3845 ad
1627 3781 2110 3863 requisitionem,
2160 3798 2345 3863 quam
2394 3779 2569 3844 nobis
2621 3778 2872 3850 faciunt,
2913 3778 2975 3841 in
3003 3777 3118 3841 hac

403 3862 636 3928 forma:
682 3866 840 3947 quod
887 3866 1050 3930 sicut
1097 3866 1409 3931 maiestati
1456 3867 1624 3951 regie
1672 3873 1736 3932 et
1778 3869 1895 3932 toti
1945 3867 2169 3931 mundo
2217 3867 2523 3931 notorium
2572 3884 2705 3931 esse
2754 3866 2977 3946 potest,
3012 3883 3122 3928 nos

402 3948 636 4015 fuimus
683 3953 956 4036 prompti
1004 3952 1081 4017 ad
1129 3956 1353 4019 cuncta
1396 3956 1826 4020 concernentia
1872 3956 2163 4019 honorem
2212 3958 2274 4018 et
2318 3957 2555 4019 statum
2604 3953 2779 4035 regni
2816 3956 2879 4017 et
2903 3971 3120 4017 corone

404 4036 743 4121 Hungarie,
793 4040 1308 4123 quemadmodum
1357 4043 1739 4124 temporibus
1809 4043 2124 4125 preteritis
2189 4042 2379 4106 videri
2448 4042 2648 4122 potuit
2719 4060 2824 4121 per
2884 4039 3122 4122 experi-

402 4125 633 4191 entiam
683 4127 1082 4214 manifestam
1130 4130 1196 4194 et
1241 4129 1511 4194 maxime
1557 4130 1622 4193 in
1672 4131 2197 4212 recuperationem
2260 4128 2621 4193 excellentie
2691 4128 2985 4208 reginalis
3049 4128 3123 4191 de

405 4212 693 4279 manibus
740 4215 1132 4282 inimicorum
1181 4235 1431 4282 suornm
1480 4219 1545 4282 et
1591 4219 1652 4281 in
1700 4219 1922 4282 multis
1958 4218 2119 4294 aliis
2169 4237 2285 4301 que
2317 4216 2578 4281 fecimus
2624 4217 2687 4280 in
2720 4213 3115 4297 prohibendO,

402 4319 480 4365 ne
526 4300 633 4365 alii
680 4303 1012 4369 transitum
1061 4304 1461 4371 facerent‘ad
1511 4306 1963 4370 molestandum
2014 4324 2299 4370 coronam
2348 4323 2543 4379 suam,
2617 4308 2679 4368 et
2744 4305 2933 4367 etiam
2985 4304 3116 4367 toto

400 4387 546 4452 anni
590 4390 866 4473 tempore
912 4393 1235 4457 retinendo
1281 4393 1493 4476 galeas
1536 4404 1773 4458 nostras
1822 4395 1883 4458 in
1929 4393 2210 4477 partibus
2273 4391 2584 4457 Dalmatio
2649 4391 2711 4455 in
2775 4390 3120 4455 utilitatem

401 4476 466 4539 et
511 4479 833 4544 comodum
880 4479 1271 4545 subditorum
1320 4499 1571 4546 suorum
1620 4500 1727 4562 per
1771 4500 1942 4546 mare
1998 4481 2439 4564 navigantium,
2506 4480 2637 4543 sine
2693 4478 2917 4560 quibus
2964 4478 3117 4542 dicti

400 4561 498 4626 sui
545 4564 779 4629 subditi
827 4567 891 4631 et
936 4566 1069 4632 loca
1114 4586 1227 4633 sua
1272 4570 1560 4633 continno
1608 4570 2091 4633 molestarentur
2137 4587 2172 4631 a
2220 4566 2591 4650 brigantinis
2626 4570 2691 4631 et
2721 4566 2917 4648 galeis
2951 4566 3116 4646 pira-

401 4650 608 4714 tarum
656 4654 721 4717 et
764 4653 1026 4719 aliorum
1071 4674 1325 4721 suorum
1397 4657 1766 4728 emulorum,
1832 4676 1948 4738 que
2009 4657 2173 4720 intra
2234 4655 2531 4735 culpbum
2591 4656 2979 4718 armarentur
3040 4653 3118 4716 ad

399 4735 698 4804 damnum
743 4759 948 4823 suum,
992 4741 1062 4814 in
1114 4761 1236 4826 qua
1293 4743 1534 4811 sincera
1589 4746 1652 4809 et
1700 4744 1939 4827 optima
1999 4743 2396 4826 dispositione
2456 4742 2666 4808 nostra
2729 4757 3122 4824 perseverare
