3620 5282
525 366 658 447 440

728 541 812 606 Et
853 539 926 604 ut
969 536 1271 621 possimus
1318 536 1496 614 scire,
1545 537 1848 620 quantam
1900 536 2318 620 quantitatem
2353 537 2604 617 pecunie
2636 535 2988 599 debeamus
3022 534 3098 599 et
3134 551 3299 615 pos·

525 629 722 692 simus
769 630 974 708 petere
1024 643 1127 705 pro
1176 626 1397 688 damno
1445 624 1596 688 dicti
1648 624 1848 689 nostri
1895 622 2046 688 salis
2091 623 2398 699 derobati,
2433 624 2657 688 debeat
2707 622 2904 687 scribi
2947 624 3016 684 et
3046 618 3292 685 comiti

524 717 589 779 et
631 715 947 796 capitaneo
982 709 1247 788 Scutari,
1297 713 1460 793 quod
1503 711 1725 775 debeat
1771 710 1972 776 facere
2019 711 2535 775 examinationem
2584 711 2712 773 tam
2764 727 2911 773 cum
2963 706 3095 782 illo,
3158 706 3278 788 qui

521 800 788 865 habebat
828 798 1130 862 dohanam
1180 798 1329 862 dicti
1374 798 1524 862 salis
1568 817 1755 880 quam
1806 816 1949 862 cum
1997 797 2278 879 quolibet
2324 797 2466 871 alio,
2517 796 2623 879 qui
2674 796 2730 859 ei
2782 796 3105 859 videbitur
3155 812 3276 856 su-

526 906 632 969 per
678 888 839 950 dicto
885 884 1066 964 facto,
1115 888 1177 948 et
1220 904 1328 966 per
1376 902 1519 949 suas
1565 884 1813 948 litteras
1860 901 2045 965 quam
2098 884 2372 965 prestins
2423 885 2651 963 poterit
2724 900 2834 945 nos
2916 879 3274 944 informare

520 976 597 1038 ad
646 972 918 1055 plenum,
966 966 1044 1035 ad
1094 974 1391 1053 quantam
1434 971 1849 1054 quantitatem
1890 971 2147 1053 pecunie
2193 969 2477 1035 ascendit
2519 969 2818 1034 damnum
2869 967 3264 1051 predictum,

524 1063 588 1125 et
625 1061 697 1124 de
742 1058 1049 1135 omnibuS,
1098 1059 1173 1122 de
1220 1059 1447 1141 quibus
1496 1058 1808 1122 videretur
1857 1058 1913 1122 ei
1961 1076 2209 1122 necesse
2257 1076 2411 1134 esse,
2464 1074 2575 1121 nos
2622 1055 2847 1122 habere
2899 1053 3266 1118 informati-

525 1164 709 1210 onem
759 1144 928 1210 circa
968 1144 1247 1227 predicta
1292 1146 1358 1209 et
1402 1144 1530 1208 alia
1573 1145 1948 1223 necessaria,
1996 1147 2066 1208 ut
2112 1144 2189 1208 de
2234 1143 2381 1209 hinc
2447 1144 2754 1226 possimus
2824 1141 3108 1217 definire,
3160 1159 3266 1205 se-

527 1234 796 1297 cundum
844 1232 1003 1315 quod
1042 1232 1163 1296 erit
1210 1233 1626 1296 necessarium
1672 1230 1735 1294 in
1783 1232 1900 1296 hoc
1946 1230 2132 1296 facto.

609 1339 792 1399 Misia·
839 1338 960 1398 XL
975 1339 1042 1400 V.
1094 1338 1242 1409 120,
1286 1357 1330 1398 u
1373 1338 1526 1399 mlet.
1576 1340 1814 1400 arkivu.

846 1526 1130 1609 Dcvl.
1187 1524 1394 1608 God.
1453 1526 1680 1608 1401.
1733 1526 1843 1609 30
1897 1525 2401 1624 studenoga,
2454 1548 2513 1606 u
2565 1524 2950 1607 Mleteih.

524 1630 814 1730 ’odabran
858 1671 1054 1748 οάὂον,
1104 1670 1185 1729 da
1228 1669 1394 1729 vieca
1437 1689 1471 1730 ο
1534 1669 1733 1745 njekoj
1793 1672 1987 1771 τρόπῳ·
2042 1671 2251 1739 stvari,
2312 1671 2400 1728 ali
2461 1670 2542 1728 da
2574 1672 2654 1743 jn
2698 1670 2798 1729 bet
2841 1644 3018 1729 vicho·
3052 1669 3249 1728 riesiti

1760 1775 2025 1831 nesmve.

745 1873 933 1939 1401.
980 1873 1317 1938 indictione
1364 1875 1626 1951 decima,
1675 1874 1776 1938 die
1828 1874 2054 1940 ultimo
2102 1874 2475 1940 novembris.
2521 1873 2634 1939 Ser
2679 1874 2979 1939 Nicolaus
3024 1873 3245 1937 Muda-

526 1963 647 2038 cio,
696 1979 795 2026 ser
838 1961 1112 2027 Jacobus
1159 1960 1421 2025 Oivrano
1467 1961 1846 2035 consiliarii;
1922 1981 2022 2026 ser
2086 1961 2366 2044 Angelus
2429 1962 2691 2027 Venerio
2751 1963 2936 2043 caput
2994 1961 3068 2025 de
3113 1959 3246 2024 XL.

526 2048 764 2130 Capta:
813 2066 951 2111 cum
1001 2048 1219 2111 ducale
1266 2048 1609 2112 dominium
1647 2048 1880 2112 habeat
1927 2067 2032 2130 pre
2082 2049 2367 2112 manibus
2415 2050 2646 2113 certam
2695 2068 2847 2122 rem,
2895 2066 3014 2129 que
3037 2049 3247 2129 posset

525 2134 865 2200 redundare
910 2135 987 2197 ad
1037 2135 1380 2199 maximum
1428 2135 1655 2199 bonum
1705 2137 1910 2199 status
1947 2136 2162 2211 nostri,
2201 2138 2266 2199 et
2299 2135 2648 2219 requiratur
2679 2135 3043 2213 dominium,
3080 2133 3244 2216 quod

527 2222 609 2300 id,
660 2222 823 2303 quod
869 2221 1053 2284 debet
1098 2222 1379 2298 tractari,
1428 2224 1732 2286 tractetur
1780 2223 1841 2286 in
1889 2225 2122 2303 quanto
2191 2222 2414 2285 minori
2488 2240 2742 2287 numero
2811 2222 2943 2286 fieri
3011 2225 3245 2302 potest;

534 2311 598 2372 et
643 2308 829 2372 faciat
872 2326 983 2389 pro
1028 2306 1204 2371 nobis
1245 2308 1308 2370 in
1355 2310 1539 2374 rebus
1586 2308 1794 2373 arduis
1866 2327 2077 2391 regere
2122 2328 2331 2372 secum
2382 2310 2537 2373 bono
2563 2309 2778 2373 ordine
2811 2312 2875 2372 et
2906 2327 3045 2372 cum
3083 2307 3244 2370 bona

532 2396 895 2458 maturitate
922 2396 986 2458 et
1009 2393 1199 2457 etiam
1243 2413 1385 2458 cum
1412 2396 1915 2460 contentamento
1939 2396 2112 2459 illius
2156 2397 2251 2460 vel
2277 2396 2547 2471 illorum,
2575 2396 2678 2478 qui
2712 2397 3057 2477 proponunt
3087 2413 3243 2463 rem,

524 2500 603 2545 ne
651 2481 886 2545 habent
929 2497 1175 2545 causam
1221 2499 1287 2545 se
1334 2481 1731 2560 retrahendi3
1779 2481 1954 2546 vadit
1999 2501 2161 2563 pars,
2206 2483 2367 2564 quod
2413 2483 2574 2564 apud
2622 2482 2961 2555 dominum,
2996 2480 3247 2545 consili-

535 2567 719 2645 arios,
769 2567 975 2649 capita
1016 2566 1093 2630 de
1138 2567 1267 2641 XL,
1313 2570 1624 2649 sapientes
1668 2568 1910 2632 consilii
1946 2573 2011 2632 et
2055 2569 2364 2649 sapientes
2425 2569 2703 2635 ordinum
2776 2568 3083 2651 eligantur
3135 2567 3247 2630 XL

534 2654 732 2720 nostri
783 2654 1020 2720 nobiles
1082 2673 1193 2737 per
1236 2656 1606 2720 scrutinium
1652 2657 1715 2720 in
1760 2658 1883 2720 isto
1929 2656 2185 2721 consilio
2231 2658 2583 2738 rogatorum
2630 2659 2695 2721 et
2768 2656 3133 2729 addictione,
3186 2657 3252 2718 et

536 2741 928 2823 accipiantur
973 2742 1356 2806 solummodo
1392 2743 1467 2805 de
1508 2742 1638 2805 illis
1688 2743 1761 2806 de
1807 2743 1927 2807 isto
1970 2742 2248 2819 consilio,
2305 2746 2368 2806 et
2415 2743 2652 2824 possint
2698 2743 2845 2827 eligi
2907 2760 3123 2805 omnes
3169 2744 3243 2805 de

530 2843 650 2893 uno
693 2828 893 2892 officio
939 2830 1002 2891 et
1043 2827 1164 2892 duo
1210 2845 1320 2909 pro
1366 2827 1567 2893 domo.
1616 2829 1698 2891 Et
1745 2831 1797 2892 si
1868 2830 2008 2910 quis
2075 2828 2369 2894 defecerit
2433 2829 2644 2912 aliqua
2702 2848 2908 2906 causa,
2978 2830 3248 2911 eligatur

529 2914 694 2979 alius
740 2914 837 2978 vel
885 2915 993 2978 alii
1037 2915 1171 2978 loco
1217 2912 1636 2979 deficientium
1684 2916 1745 2978 in
1794 2914 1905 2979 illo
1952 2915 2214 2980 consilio
2260 2931 2368 2996 per
2413 2916 2781 2983 scrutinium
2819 2934 2924 2997 pro
2957 2933 3073 2979 non
3105 2934 3249 2996 gra-

529 3001 726 3066 vando
771 3000 1098 3065 consilium
1149 3003 1523 3083 rogatorum,
1571 3000 1676 3083 qui
1723 3001 1814 3066 sic
1858 3004 2217 3085 congregati
2257 3001 2534 3069 habeant
2583 3003 3013 3085 plenissimam
3059 3001 3249 3065 liber-

530 3089 728 3152 tatem
778 3088 1085 3163 audiendi,
1135 3087 1468 3165 tractandi,
1517 3088 1938 3169 respondendi,
2009 3089 2296 3153 mittendi
2369 3092 2621 3155 nuncios
2691 3094 2755 3153 et
2803 3089 2925 3154 alia
2973 3087 3241 3154 faciendi

534 3192 645 3257 pro
693 3175 850 3238 bono
896 3174 1297 3256 agendorum,
1345 3175 1509 3239 sieut
1553 3176 1643 3239 eis
1691 3175 1788 3238 vel
1836 3175 2055 3239 maiori
2104 3176 2267 3257 parti
2315 3176 2626 3241 videbitur
2670 3195 2780 3257 pro
2837 3177 2995 3240 bono
3040 3178 3250 3239 status

533 3262 751 3338 nostri,
798 3278 919 3325 non
968 3263 1262 3342 possendo
1312 3264 1517 3325 tamen
1581 3260 1818 3342 aliquid
1902 3262 2266 3327 concludere
2325 3265 2554 3346 absque
2619 3262 3125 3329 deliberationem
3191 3263 3260 3326 et

542 3347 921 3411 voluntatem
970 3348 1151 3410 istius
1199 3347 1462 3425 consilii,
1511 3347 1883 3430 ponentibus
1952 3351 2191 3431 partem
2265 3351 2328 3413 in
2402 3350 2570 3413 dicto
2639 3349 2900 3414 consilio
2944 3349 3095 3426 illis,
3143 3349 3253 3430 qui

534 3433 814 3514 deputati
857 3438 1004 3498 sunt
1048 3437 1113 3497 et
1159 3436 1415 3513 possunt
1452 3452 1674 3515 ponere
1721 3435 1783 3498 in
1832 3437 2084 3517 rogatis,
2134 3435 2340 3500 silicet
2395 3439 2659 3511 domino,
2709 3434 3098 3508 consiliariis,
3147 3454 3252 3498 ca-

534 3520 770 3600 pitibus
811 3520 887 3583 de
933 3520 1063 3596 XL,
1111 3521 1499 3602 sapientibus
1547 3520 1790 3585 consilii
1839 3524 1903 3585 et
1949 3522 2253 3586 ordinum.
2295 3524 2377 3587 Et
2404 3523 2585 3587 duret
2621 3524 2744 3586 ista
2774 3523 3028 3586 libertas
3060 3540 3257 3602 usque

516 3624 642 3689 per
710 3606 916 3706 totum
966 3625 1253 3754 gnensem
1319 3606 1585 3674 ianuarii
1648 3607 1927 3689 proxime
1987 3610 2249 3674 venturi.
2301 3612 2393 3674 De
2438 3613 2613 3691 parte
2657 3607 2780 3684 53;
2843 3610 2917 3673 de
2964 3627 3080 3672 non
3127 3608 3253 3682 403

531 3710 650 3757 non
698 3711 922 3757 sinceri
1013 3741 1026 3754 .

743 3778 1191 3862 Sequuntur
1237 3780 1537 3844 nomina
1580 3780 1911 3861 triginta
1968 3781 2408 3858 electorum,
2472 3783 2766 3847 deinde:
2830 3784 3045 3863 capta:
3107 3783 3257 3862 quia

537 3885 608 3930 ex
660 3864 1120 3950 XL·eligendis
1170 3869 1601 3932 remanserunt
1643 3865 1847 3945 XXX,
1895 3867 1998 3949 qui
2043 3870 2189 3932 sunt
2228 3869 2294 3933 in
2363 3887 2615 3932 numero
2679 3869 3032 3943 sufficienti,
3080 3871 3255 3948 post-

537 3970 726 4036 quam
774 3970 891 4016 non
939 3954 1148 4034 potest
1190 3952 1471 4018 concludi
1518 3953 1753 4035 absque
1798 3954 2118 4018 voluntate
2148 3955 2389 4020 consilii
2421 3957 2813 4037 rogatorum3
2873 3954 3042 4019 vadit
3090 3973 3257 4036 pars,

536 4040 695 4122 quod
744 4040 1109 4120 procedatur
1154 4040 1229 4103 ad
1269 4059 1420 4116 rem,
1472 4042 1535 4104 et
1571 4040 1681 4104 fiat
1725 4059 1865 4104 cum
1915 4041 2095 4105 dictis
2138 4042 2318 4107 XXX
2363 4061 2504 4106 cum
2548 4042 2659 4107 illa
2704 4042 3014 4117 libertate,
3062 4058 3255 4123 quam

531 4126 833 4191 haberent
879 4126 1007 4204 XL,
1057 4127 1128 4189 ut
1173 4127 1236 4189 in
1280 4129 1454 4207 parte
1499 4125 1872 4191 continetur.

620 4231 859 4294 Secreta
908 4231 1081 4294 Cone.
1129 4231 1275 4309 Roq.
1320 4233 1378 4290 1.
1425 4234 1529 4304 39,
1577 4250 1621 4292 u
1664 4233 1817 4293 mlct.
1864 4234 2099 4295 arkivu.
