3620 5282
3009 357 3136 426 193

606 535 688 600 Et
731 534 803 599 si·
831 554 940 617 per
965 533 1394 599 serenissimae
1441 531 1726 597 dominas
1782 532 2029 616 reginas
2073 530 2400 617 Hungarie
2450 532 2548 599 vel
2593 531 2867 616 aliquam
2914 550 3132 601 earum

396 622 490 687 vel
538 623 798 688 barones
847 635 990 687 suos
1036 623 1135 687 vel
1180 622 1335 686 alias
1367 639 1658 704 personas
1712 621 2118 703 tangerentur
2142 621 2240 686 vel
2273 622 2669 686 moverentur
2707 621 2881 686 vobis
2927 622 3140 708 aliqua

401 711 590 776 verba
637 710 955 786 notabilia,
1006 729 1123 793 que
1171 712 1498 792 tangerent
1542 710 1828 773 honorem
1876 711 1939 772 et
1984 710 2220 774 statum
2276 705 2479 774 'nostri
2535 709 2809 788 dominii,
2856 709 3005 776 tunc
3035 731 3132 777 re-

401 798 739 882 linquimus
766 800 832 863 in
859 798 1145 864 libertate
1194 805 1422 871 vestra,
1457 797 1835 862 confidentes
1882 797 2243 879 plenissime
2275 797 2352 862 de
2400 799 2674 879 personis
2737 797 2986 878 vestriS,
3032 819 3133 864 re-

401 888 734 969 spondendi
784 906 888 968 per
935 887 1123 951 verba
1164 885 1498 969 generalia,
1527 887 1599 949 ut
1625 885 1798 949 vobis
1848 885 2156 949 videbitur
2204 904 2313 968 pro
2358 886 2583 950 honore
2630 889 2692 950 et
2737 885 2897 950 bono
2932 888 3132 953 nostri

399 975 676 1053 dominii,
726 975 790 1039 et
827 974 1114 1038 trahendi
1177 973 1472 1058 quicquid
1534 973 1819 1056 poteritis
1864 971 1939 1036 de
1985 992 2199 1037 earum
2261 974 2642 1050 intentione;
2688 975 2755 1038 et
2798 974 2851 1038 si
2899 994 2996 1040 res
3042 976 3136 1042 vi-

399 1062 648 1128 debitur
695 1061 870 1128 vobis
914 1063 1211 1127 notabilis
1261 1064 1325 1126 et
1368 1080 1511 1127 cum
1557 1061 1783 1126 honore
1832 1064 1897 1127 et
1944 1062 2099 1125 bono
2145 1062 2340 1125 nostri
2402 1060 2681 1137 dominii,
2728 1064 2891 1143 quod
2937 1064 3023 1128 sit
3067 1063 3131 1128 in

403 1149 694 1216 libertate
745 1154 950 1215 vestra
995 1149 1306 1215 scribendi
1354 1153 1417 1214 et
1460 1148 1789 1232 expetandi
1835 1150 2113 1215 nostrum
2178 1150 2559 1225 mandatum,
2609 1150 2912 1216 mittendo
2960 1151 3135 1217 nobis

405 1240 680 1303 ordinate
727 1239 957 1317 omnia,
1009 1258 1127 1321 que
1173 1239 1487 1302 traxeritis
1550 1256 1660 1320 pro
1722 1239 1932 1302 nostra
1991 1236 2446 1301 informatione.
2498 1236 2567 1302 Si
2637 1254 2782 1302 vero
2823 1256 2945 1303 non
2993 1241 3137 1304 tan-

406 1330 700 1408 gerentur
746 1325 921 1392 vobis
970 1327 1180 1410 aliqua
1227 1325 1415 1390 verba
1460 1325 1784 1408 tangentia
1853 1326 2091 1390 statum
2139 1326 2203 1388 et
2266 1324 2557 1389 honorem
2609 1324 2807 1391 nostri
2852 1327 3137 1406 dominii,

403 1417 471 1478 ut
507 1415 747 1479 dictum
793 1418 909 1491 est,
953 1415 1050 1479 vel
1114 1417 1519 1497 tangerentur
1553 1416 1617 1478 et
1659 1432 1777 1478 non
1805 1413 2163 1478 viderentur
2200 1412 2373 1477 vobis
2421 1411 2741 1492 notabilia,
2784 1414 2857 1479 ut
2901 1417 2999 1480 est
3047 1415 3142 1480 di'-

384 1504 607 1580 ctum,
658 1498 803 1568 tunc
865 1505 1120 1585 accepto
1184 1501 1530 1567 honorabili
1592 1503 1876 1567 comeatu
1923 1520 1960 1565 a
2007 1499 2417 1566 serenissimis
2479 1502 2544 1564 et
2598 1500 3137 1569 excellentissimis

406 1590 768 1655 dominabus
813 1591 1046 1673 reginis
1094 1590 1158 1656 et
1200 1591 1534 1655 baronibus
1611 1591 1678 1654 et
1707 1589 1995 1654 omnibus
2057 1587 2218 1668 aliis,
2273 1588 2376 1673 qui
2408 1588 2583 1653 vobis
2619 1589 2993 1655 videbuntur
3025 1610 3136 1674 pro

403 1677 626 1743 honore
662 1679 854 1742 nostri
887 1678 1160 1754 dominii,
1210 1677 1503 1742 Venetias
1551 1678 1820 1743 redeatis
1867 1676 1943 1741 de
1991 1677 2275 1742 omnibus
2314 1675 2681 1759 plenissime
2726 1676 3069 1744 informati.

615 1765 906 1830 Fecimus
952 1764 1029 1830 ad
1057 1765 1477 1831 abundantem
1504 1766 1810 1830 cautelam
1838 1764 2014 1829 vobis
2039 1765 2172 1829 fieri
2196 1765 2415 1829 literas
2456 1763 2845 1830 credulitatis
2893 1767 2957 1830 in
3003 1786 3143 1848 per-

401 1851 569 1918 sonis
618 1854 839 1919 vestris
901 1854 1295 1920 serenissime
1341 1856 1405 1918 et
1451 1853 1972 1918 excellentissime
2028 1852 2272 1918 domine
2324 1851 2652 1916 Elisabeth
2697 1854 2914 1935 regine
2958 1854 3145 1920 Hun-

401 1940 594 2024 garie,
620 1942 773 2006 item
820 1941 1034 2006 literas
1072 1940 1464 2007 credulitatis
1512 1941 1907 2006 serenissime
1955 1944 2016 2005 et
2065 1940 2584 2006 excellentissime
2634 1939 2884 2006 domine
2937 1941 3136 2008 Mario

399 2029 609 2112 regine
654 2029 993 2112 Hungarie,
1038 2034 1101 2094 et
1146 2029 1363 2095 literas
1407 2030 1710 2094 ambabus
1758 2028 1991 2112 reginis
2055 2029 2348 2111 predictis
2394 2028 2696 2106 insimul,
2747 2031 2812 2094 et
2856 2029 3016 2094 alias
3058 2029 3139 2094 li-

399 2118 563 2182 teras
612 2116 794 2183 alteri
843 2118 969 2183 filie
1015 2118 1277 2182 condam
1323 2117 1560 2183 domini
1602 2118 1769 2201 regis
1818 2117 2156 2200 Hungarie,
2206 2134 2358 2199 quas
2388 2115 2623 2181 literas
2670 2117 2737 2182 et
2780 2117 3139 2199 quamlibet

402 2223 620 2270 earum
669 2211 733 2270 et
778 2206 942 2283 illas,
993 2224 1109 2288 que
1154 2205 1329 2270 vobis
1377 2205 1769 2283 videbuntur,
1821 2208 2174 2289 presentare
2221 2204 2500 2268 debeatis
2545 2222 2691 2269 cum
2737 2205 2846 2271 illo
2894 2204 3135 2286 ordine,

400 2294 504 2375 qui
554 2295 725 2359 vobis
767 2294 1083 2359 videbitur
1127 2312 1237 2377 pro
1284 2294 1584 2365 utilitate,
1612 2296 1675 2358 et
1721 2295 1878 2359 bono
1922 2292 2301 2376 agendorum
2338 2295 2715 2357 nostrorum.

611 2382 771 2446 Item
817 2382 1081 2447 fecimus
1130 2382 1299 2447 vobis
1348 2381 1483 2447 fieri
1530 2382 1762 2446 multas
1817 2380 1975 2446 alias
2036 2382 2252 2445 literas
2296 2379 2687 2444 credulitatis
2735 2380 2954 2446 multis
3001 2399 3142 2465 pre-

404 2468 551 2534 latis
598 2472 664 2534 et
709 2470 1042 2535 baronibus
1088 2468 1164 2534 de
1211 2470 1371 2547 inde,
1415 2470 1489 2533 de
1542 2469 1765 2551 quibus
1817 2468 2162 2551 disponatis
2210 2470 2274 2532 et
2319 2466 2566 2532 faciatis
2613 2468 2676 2532 in
2724 2470 3138 2550 presentando

403 2574 509 2621 eas
555 2559 620 2622 et
665 2558 1014 2645 quamlibet
1060 2575 1293 2637 earum,
1343 2558 1508 2622 sicut
1552 2557 1856 2640 sapientie
1902 2559 2106 2622 vestre
2148 2555 2365 2620 utilius
2417 2556 2481 2620 et
2526 2555 2750 2621 melius
2796 2558 3145 2641 apparebit,

404 2648 632 2711 utendo
678 2648 964 2712 omnibus
1030 2647 1324 2730 predictis
1357 2646 1610 2728 prelatis
1658 2648 1723 2711 et
1765 2645 2099 2711 baronibus
2146 2648 2209 2709 et
2253 2644 2400 2709 aliis
2448 2643 2574 2709 illis
2634 2644 2839 2711 verbis
2887 2665 3147 2730 genera-

405 2733 636 2885 gilibus
683 2735 910 2801 amoris
949 2735 1014 2800 et
1058 2735 1430 2815 dilectionis,
1473 2753 1591 2817 que
1639 2735 1817 2800 vobis
1863 2752 1972 2817 pro
2019 2734 2246 2799 honore
2293 2732 2487 2797 nostri
2533 2731 2795 2799 dominii
2840 2735 3020 2801 utilia
3051 2736 3146 2801 vi-

450 2824 737 2887 ebuntur.

614 2927 700 2993 Et
739 2927 1040 3019 tenemini
1087 2926 1314 2993 habere
1385 2925 1703 2992 vobiscum
1775 2928 2041 3012 quatuor
2109 2924 2372 2991 famulos
2434 2943 2544 3007 pro
2601 2924 2902 3010 quolibet,
2951 2946 3145 2994 unum

401 3015 714 3080 notarium
762 3016 929 3081 curie
976 3035 1120 3081 cum
1166 3035 1287 3082 uno
1332 3014 1586 3091 famule,
1636 3016 1788 3081 duos
1837 3016 2110 3096 ragatios
2157 3032 2266 3097 pro
2323 3013 2621 3098 quolibet,
2680 3033 2869 3080 unum
2918 3034 3151 3101 expen-

407 3108 698 3181 satorem,
747 3122 940 3168 unum
1012 3103 1270 3169 cochum
1327 3107 1392 3168 et
1436 3121 1628 3167 unum
1677 3103 2212 3168 mareschalchum
2259 3102 2421 3165 inter
2487 3103 2725 3180 ambos,
2770 3105 2836 3168 et
2879 3103 3144 3187 potestis

406 3191 795 3272 expendere
779 3210 841 3254 m
887 3193 1171 3257 omnibus
1213 3190 1493 3274 expensis
1564 3194 2134 3293 quomodocumque
2204 3189 2671 3254 occurrentibus
2718 3208 2829 3272 pro
2871 3191 3049 3258 vobis
3083 3195 3149 3257 et

405 3280 543 3342 tota
586 3278 828 3342 familia
875 3281 1080 3344 vestra
1127 3279 1380 3383 ducatos
1427 3299 1532 3344 sex
1577 3281 1638 3343 in
1684 3280 1785 3345 die
1830 3298 1937 3362 pro
1985 3279 2284 3362 quolibet,
2331 3279 2603 3360 exceptis
2650 3279 2871 3345 scortis
2917 3281 2985 3347 et
3032 3298 3144 3345 na·

409 3365 574 3431 bulis
619 3366 1028 3450 navigiorum.

618 3473 780 3537 Item
847 3473 1238 3539 concedimus
1304 3472 1498 3552 vobis,
1561 3473 1722 3557 quod
1766 3470 2047 3537 debeatis
2111 3473 2276 3537 ultra
2337 3473 2616 3556 predicta
2674 3472 2902 3539 habere
2952 3492 3146 3540 unum

408 3561 815 3644 interpretem
863 3562 929 3624 et
974 3563 1099 3627 tres
1162 3580 1429 3637 saumas,
1496 3563 1560 3626 et
1604 3560 1763 3643 quod
1812 3579 2072 3643 expense
2120 3561 2269 3625 dicti
2303 3561 2661 3644 interpretis
2686 3564 2753 3627 et
2783 3581 3145 3629 saumarum

407 3649 744 3802 argutat-&ria
788 3648 988 3713 dictas
1026 3668 1320 3732 expensas
1396 3648 1568 3713 vobis
1616 3649 1941 3714 limitatas.
1989 3648 2267 3714 Jurastis
2309 3653 2428 3715 etc.
2482 3650 2644 3715 Data
2691 3653 2756 3715 et
2800 3653 2919 3717 cet.
2972 3650 3144 3731 vm,

495 3846 678 3907 meti
727 3840 1120 3907 XXXVIII.
1171 3846 1229 3916 3,
1277 3863 1320 3905 u
1366 3845 1517 3906 mlet.
1568 3840 1829 3907 arkivu.¹

700 4051 1225 4140 CCLXXIV.
1281 4051 1490 4135 Gon.
1547 4052 1769 4137 1383.
1825 4053 1882 4136 4
1934 4051 2295 4155 venaco,
2350 4076 2410 4135 u
2463 4052 2857 4136 Mleteih.

408 4195 721 4273 Odyovara
763 4215 826 4259 se
859 4199 1189 4272 poslaniku
1235 4197 1596 4299 uqarskofnu
1634 4215 1677 4256 u
1713 4198 1972 4360 ῧοῖζειέα
2008 4199 2259 4272 Ρωκοόί,
2315 4199 2457 4272 koju
2489 4198 2559 4271 je
2617 4197 2790 4261 melio
2827 4214 2903 4258 aa
2940 4197 3152 4259 rimski

1485 4306 1511 4346 s
1549 4302 1716 4360 napa
1766 4303 1796 4346 s
1839 4305 1863 4345 ι
1949 4303 2070 4348 vor.

621 4406 809 4484 1382,
851 4406 1182 4473 indictione
1253 4407 1448 4484 sexta,
1519 4405 1618 4471 die
1686 4408 1907 4489 quarto
1979 4405 2213 4473 mensis
2258 4404 2575 4470 februarii.
2630 4404 2740 4471 Ser
2784 4404 3148 4473 Leonardus

404 4492 691 4559 Dandulo
742 4492 942 4571 miles,
992 4514 1092 4560 ser
1136 4494 1455 4560 Johannes
1517 4494 1861 4579 Gradenico
1922 4497 2305 4577 procurator,
2353 4512 2451 4557 ser
2495 4492 2764 4557 Karolus
2810 4493 3003 4573 Genu,
3053 4515 3152 4561 ser

403 4581 627 4647 Petrus
675 4583 900 4666 Aymo.
949 4582 1179 4664 Capta:
1228 4584 1387 4666 quod
1416 4581 1859 4665 respondeatur
1884 4583 1990 4647 isti
2022 4580 2759 4664 ambaxatori‘Hungarie
2806 4582 2884 4645 ad
2918 4582 3148 4648 factam

400 4670 680 4750 subsidii,
728 4669 889 4753 quod
937 4671 1092 4752 petit
1123 4689 1159 4733 a
1198 4670 1369 4734 nobis
1417 4688 1523 4751 pro
1549 4671 1798 4735 domino
1846 4689 2005 4753 papa
2036 4671 2101 4735 et
2132 4670 2393 4736 ecclesia
2438 4687 2692 4734 romana
2737 4687 2809 4733 ac
2856 4669 3148 4735 dominno

398 4755 630 4824 Karolo
676 4762 891 4824 contra
951 4758 1273 4823 dominum
1329 4758 1549 4823 ducem
1612 4758 2154 4841 Andagaviensem
2201 4760 2266 4824 et
2310 4758 2450 4838 cet„
2502 4757 2667 4840 quod
2733 4758 2911 4823 novit
2954 4757 3134 4837 deus,

437 4874 442 4877 “
490 4877 675 4930 spon.
722 4880 810 4929 nr.
2652 4844 2732 4910 ¹3
