3620 5282
560 332 685 395 190

554 506 819 571 dominis
868 504 1078 569 mundi
1129 522 1338 585 pacem
1380 505 1445 568 et
1493 506 1670 586 pacta
1709 524 1849 570 cum
1901 504 2349 581 instrumentis
2399 504 2762 570 iuramentis
2810 508 2874 570 et
2920 506 3290 572 solemnita-

554 595 723 658 tibus
770 593 1149 675 opportuniS‚
1200 596 1447 673 propter
1500 593 1654 673 quod
1706 611 1821 656 non
1891 593 2190 668 videmus,
2256 595 2413 674 quod
2466 594 2590 657 ullo
2642 596 2819 658 modo
2866 613 3008 658 cum
3056 594 3284 658 honore

555 685 763 745 nostro
812 698 1126 762 possemus
1173 682 1248 742 ad
1318 679 1505 741 istam
1555 680 1745 762 ligam
1802 680 2150 761 generalem
2211 683 2550 754 attendere,
2623 683 2767 762 quia
2815 681 3163 746 veniremus
3209 684 3286 745 ad

557 766 1149 833 contrafaciendum.
1200 767 1430 831 Verum
1482 766 1534 828 si
1584 767 1896 831 diceretur
1943 767 2036 829 vel
2086 769 2508 832 ostenderetur
2554 767 2764 851 aliqua
2813 771 2932 845 via,
2978 769 3053 833 ad
3100 788 3288 850 quam

554 874 877 939 possemus
939 855 1253 919 attendere
1314 854 1475 917 iuste
1538 856 1602 916 et
1654 855 2111 918 rationabiliter
2173 861 2235 919 et
2282 875 2420 920 cum
2486 854 2714 920 honore
2759 860 2822 919 et
2875 857 3031 920 bono
3077 861 3288 921 nostro

556 945 667 1020 ita,
717 942 877 1025 quod
925 960 1042 1005 non
1090 943 1299 1006 contra
1344 940 1694 1006 faceremus
1743 942 1884 1006 fidei
1933 948 1994 1006 et
2041 947 2425 1007 sacramento
2483 946 2710 1021 nostro,
2761 945 2820 1007 id
2869 944 3132 1008 libenter
3174 964 3286 1008 au-

553 1031 683 1095 dire
731 1031 929 1112 parati
979 1048 1214 1093 sumus,

642 1139 822 1198 mista·
873 1133 1223 1198 xxxva.
1275 1139 1418 1208 118,
1464 1154 1505 1194 u
1550 1136 1708 1198 meet.
1752 1139 1989 1197 arrisu.

812 1308 1250 1391 CCLXVI.
1305 1308 1512 1392 God.
1569 1307 1794 1390 1382.
1855 1308 1945 1389 12
2001 1308 2474 1408 studenoga
2529 1332 2586 1390 ιι
2641 1307 3031 1390 Mlctcih.

764 1432 920 1496 Cum
967 1433 1029 1495 in
1079 1431 1277 1496 literis
1318 1432 1565 1514 reginae
1597 1431 1959 1513 Hungariae
1986 1432 2209 1508 missis,
2239 1433 2482 1508 dicitur,
2529 1432 2692 1513 quod
2726 1431 3132 1496 deliberatum
3166 1432 3292 1498 fuit

554 1522 801 1583 mittere
845 1519 1291 1583 ambasciatam
1339 1519 1415 1582 ad
1462 1537 1637 1582 suam
1683 1519 2095 1599 praesentiam
2129 1520 2203 1581 ad
2231 1519 2676 1584 condolendum
2722 1519 2797 1582 de
2831 1525 3026 1584 morte
3073 1521 3288 1605 regis3

556 1608 690 1671 ideo
738 1610 1009 1688 captum,
1060 1607 1219 1689 quod
1269 1606 1423 1670 fiant
1470 1606 1589 1669 duo
1636 1606 1940 1670 solemnes
1973 1606 2456 1671 ambasciatores
2496 1607 2611 1681 „ad
2643 1608 2921 1671 dominas
2964 1608 3278 1690 reginas“.

641 1716 817 1774 Misce?
868 1714 1218 1777 XXXVII.
1266 1715 1408 1784 119,
1455 1732 1496 1774 u
1544 1715 1701 1776 mlet.
1748 1715 1982 1785 arkivu,

763 1902 1243 1985 CCLXVII.
1300 1903 1507 1985 God.
1564 1902 1789 1986 1382.
1847 1903 1942 1986 12
1998 1904 2492 2004 studenoga,
2548 1926 2606 1986 u
2661 1904 3049 1987 Mletcih.

550 2049 916 2121 Naknadjen
963 2049 1125 2122 njeki
1191 2048 1435 2107 Martia
1493 2050 1817 2121 naslanjen
1863 2066 1905 2106 u
1952 2048 2160 2106 Dracu
2205 2064 2280 2107 za
2323 2049 2512 2122 njcsto
2570 2048 2758 2107 hrane
2802 2050 3133 2123 aarobljene
3175 2067 3277 2109 mu

557 2154 629 2196 za
666 2137 988 2209 prodobic'a
1034 2137 1282 2214 Kotora,
1306 2154 1336 2195 s
1383 2140 1517 2211 coya
1574 2137 1916 2204 navlastito,
1955 2136 2128 2208 posto
2166 2137 2234 2208 ,ᾖε
2278 2153 2483 2209 mnoqo
2530 2136 2808 2209 doprinio
2858 2155 2940 2195 na
2986 2142 3061 2213 to,
3090 2138 3169 2196 da
3212 2154 3273 2196 se

1599 2225 1742 2297 ovaj
1781 2224 1938 2297 yrad
1983 2224 2209 2282 uzdrii.

767 2325 955 2390 1382.
1003 2325 1334 2390 indictione
1379 2328 1573 2405 sexta,
1621 2327 1718 2389 die
1758 2326 1884 2389 XII
1931 2325 2297 2390 novembris,
2349 2322 2674 2407 Sapientes
2721 2325 2983 2389 consilii.
3037 2324 3267 2407 Capta:

555 2433 693 2479 cum
742 2431 852 2497 per
899 2417 1202 2479 armatam
1255 2415 1547 2490 nostram,
1596 2413 1775 2477 cuius
1827 2413 1949 2476 fuit
1994 2412 2351 2494 capitaneus
2400 2413 2492 2477 vir
2538 2412 2759 2476 nobilis
2791 2432 2891 2476 ser
2925 2413 3138 2477 Victor
3169 2413 3273 2476 Pi-

551 2504 685 2566 sani
755 2501 1035 2585 tempore
1104 2501 1405 2581 captionis
1476 2500 1685 2564 Catari
1752 2520 1860 2581 per
1908 2500 2070 2580 ipsas
2117 2500 2328 2582 galeas
2376 2499 2437 2562 in
2484 2500 2655 2581 aquis
2703 2498 2912 2564 Catari
2961 2503 3266 2582 repertum

552 2589 741 2654 fuerit
809 2589 1109 2672 quoddam
1178 2587 1487 2670 navigium
1560 2590 1881 2653 oneratum
1951 2587 2263 2651 frumento
2310 2587 2388 2651 ad
2436 2590 2643 2670 partes
2694 2588 2900 2670 Briegi
2948 2585 3268 2653 cuiusdam

552 2676 803 2741 Martini
852 2677 925 2741 de
971 2676 1255 2739 Arimino
1300 2676 1663 2739 habitatoris
1711 2675 2024 2753 Durachii‚
2072 2677 2229 2757 quod
2277 2676 2734 2740 conducebatur
2778 2677 2859 2740 ad
2903 2678 3113 2757 partes
3146 2677 3274 2739 An-

550 2766 751 2842 tivari,
799 2770 863 2828 et
924 2766 1126 2846 ipsum
1174 2762 1492 2843 navigium
1539 2765 1910 2827 conductum
1974 2762 2160 2826 fuerit
2198 2782 2305 2843 per
2360 2764 2556 2845 ipsam
2601 2766 2907 2828 armatam
2957 2762 3272 2840 Catarum,

550 2873 621 2916 ac
669 2854 742 2915 de
789 2853 1079 2916 mandato
1125 2849 1367 2933 collegii
1420 2850 1632 2913 datum
1682 2853 1746 2913 et
1785 2849 2192 2915 distributum
2243 2849 2429 2914 fuerit
2469 2852 2674 2932 ipsum
2706 2849 3087 2913 frumentum
3136 2868 3272 2914 cum

552 2941 720 3003 certa
763 2941 1110 3020 quantitate
1179 2937 1399 3001 biscoti
1452 2938 1649 3001 nostri
1712 2937 2056 3001 communis
2104 2937 2330 3018 partim
2392 2939 2549 3001 inter
2595 2938 2875 3001 homines
2915 2938 3081 3001 dicte
3127 2938 3276 3002 civi-

552 3026 705 3089 tatis
754 3025 980 3104 Catari,
1054 3027 1281 3107 partim
1352 3026 1413 3088 in
1477 3029 1680 3090 castro
1750 3044 1861 3104 pro
1928 3025 2267 3089 munitione
2335 3026 2627 3101 eiusdem,
2689 3025 2869 3088 etde
2919 3026 3048 3106 ipso
3104 3025 3275 3089 nulla

550 3132 819 3194 unquam
869 3112 1210 3177 satisfactio
1248 3112 1410 3175 facta
1458 3111 1645 3176 fuerit
1677 3112 1948 3176 Martino
1982 3112 2286 3193 predicto:
2328 3117 2391 3175 et
2421 3114 2745 3194 propterea
2788 3112 2865 3176 ad
2908 3113 3272 3194 petitionem

552 3203 749 3283 ipsius
796 3221 1005 3265 omnes
1054 3200 1277 3263 Veneti
1328 3217 1468 3262 cum
1520 3200 1692 3263 bonis
1740 3202 1802 3261 et
1848 3199 2330 3263 mercationibus
2370 3203 2498 3262 suis
2544 3200 2794 3263 fuerunt
2856 3201 2917 3263 in
2960 3200 3271 3264 Durachio

552 3290 909 3365 intromissi,
959 3306 1143 3369 quam
1193 3288 1712 3350 intromissionem
1763 3291 1979 3367 postea
2028 3288 2154 3368 ipse
2203 3287 2513 3350 Martinus
2559 3287 2828 3351 revocari
2862 3286 3025 3366 fecit,
3064 3287 3275 3352 volens

552 3381 841 3457 tanquam
894 3374 1090 3439 fidelis
1138 3374 1398 3447 servitor
1435 3374 1617 3437 huius
1643 3374 1894 3437 dominii
1927 3375 2094 3437 stare
2142 3374 2345 3455 potius
2378 3376 2452 3437 ad
2488 3392 2730 3437 omnem
2769 3375 3278 3451 declarationem,

549 3482 667 3544 que
717 3463 891 3525 fieret
937 3480 1043 3543 per
1088 3462 1563 3524 dominationem
1613 3480 1796 3542 super
1843 3462 1976 3536 hoc,
2023 3465 2086 3524 et
2130 3461 2266 3524 ideo
2313 3462 2432 3525 huc
2496 3463 2757 3526 accessit
2800 3464 3014 3542 petens
3061 3468 3125 3524 et
3173 3484 3273 3526 re-

550 3550 799 3629 quirens
846 3549 1330 3612 satisfactionem
1386 3550 1841 3629 predictorum3
1891 3548 2058 3612 vadit
2104 3567 2244 3628 pars
2292 3568 2397 3629 per
2447 3548 2938 3613 informationem
2987 3549 3274 3615 habitam

549 3655 655 3716 per
696 3637 1007 3717 sapientes
1067 3638 1310 3699 nostros
1381 3633 1615 3699 consilii
1666 3654 1704 3698 a
1743 3654 1922 3717 quam
1990 3635 2268 3715 pluribus
2315 3640 2377 3698 et
2424 3637 2773 3718 specialiter
2820 3656 2857 3700 a
2901 3636 3095 3700 nobili
3145 3638 3279 3701 viro

549 3722 777 3788 Jacobo
823 3723 897 3785 de
941 3723 1117 3804 Ripa,
1166 3723 1313 3786 olim
1380 3724 1712 3786 castellano
1774 3724 1890 3785 dici
1940 3724 2058 3786 loci
2115 3722 2360 3798 Katari,
2386 3724 2662 3805 exposita
2688 3743 2795 3804 per
2823 3723 3058 3787 dictum
3103 3724 3278 3789 Mar·

550 3812 747 3874 tinum
795 3829 940 3875 vera
984 3812 1128 3888 sint,
1179 3812 1445 3891 et'quod
1495 3810 1635 3890 plus
1684 3814 1765 3888 et,
1810 3811 1940 3891 ipse
1988 3810 2296 3874 Martinus
2333 3810 2518 3874 fuerit
2563 3829 2746 3874 causa
2792 3812 3279 3877 conservationis

548 3897 696 3961 dicti
742 3898 929 3961 castri
970 3898 1042 3961 de
1068 3900 1345 3979 tempore
1372 3899 1429 3961 in
1460 3900 1702 3978 tempus
1748 3900 1994 3978 propter
2017 3898 2480 3961 subventionem
2529 3900 2880 3962 continuam
2937 3899 3279 3963 exhibitam

549 3986 797 4064 nostris,
848 3985 948 4066 qui
999 3985 1082 4048 ibi
1131 3988 1345 4065 erant3
1377 3986 1619 4049 attenta
1664 3986 1855 4049 ctiam
1905 3985 2173 4048 maxima
2219 3985 2536 4050 devotione
2568 3988 2630 4049 et
2670 3986 2828 4049 bona
2873 3987 3282 4068 dispositione

550 4091 734 4154 quam
785 4092 1028 4154 semper
1066 4072 1283 4136 habuit
1328 4073 1392 4135 et
1438 4071 1626 4135 habet
1671 4090 1820 4154 erga
1867 4091 1993 4149 nos,
2048 4072 2208 4152 quod
2259 4078 2385 4137 tam
2435 4091 2540 4155 pro
2590 4071 2896 4137 solutione
2945 4074 3093 4138 dicti
3143 4075 3284 4139 sru-

551 4160 744 4224 menti
795 4179 978 4242 quarn
1029 4178 1138 4242 pro
1185 4159 1487 4239 expensis,
1537 4161 1759 4222 damno
1822 4161 1887 4222 et
1946 4160 2247 4224 interesse
2295 4162 2493 4225 eidem
2540 4160 2813 4224 Martino
2862 4162 3125 4225 exhinde
3173 4182 3275 4226 se-

546 4247 730 4325 cutis,
759 4247 981 4309 dentur
1030 4247 1083 4309 ei
1120 4246 1194 4310 de
1242 4246 1509 4309 denariis
1536 4246 1726 4309 nostri
1756 4248 2103 4310 communis
2129 4248 2337 4310 ducati
2364 4248 2791 4331 quadringenti
2820 4249 2975 4322 auri,
3005 4250 3279 4315 faciente

546 4336 679 4416 ipso
724 4335 905 4397 finem
957 4336 1021 4397 et
1060 4334 1485 4397 remissionem
1536 4336 1742 4398 nostro
1789 4336 2098 4397 communi
2149 4335 2222 4396 de
2284 4337 2413 4398 toto
2455 4352 2547 4413 ec,
2596 4335 2758 4417 quod
2801 4338 3010 4416 petere
3059 4341 3276 4417 posset

544 4425 676 4484 tam
718 4439 826 4501 pro
871 4421 1040 4485 dicto
1087 4420 1414 4491 frumento,
1457 4440 1640 4503 quam
1690 4440 1796 4503 pro
1845 4440 2203 4503 quacunque
2251 4423 2374 4486 alia
2423 4422 2662 4486 ratione
2707 4423 2802 4487 vel
2850 4441 3038 4486 causa
3069 4442 3264 4504 nsque

546 4509 605 4569 in
654 4507 815 4570 diem
866 4511 1235 4589 presentem,
1285 4509 1476 4571 salvis
1521 4511 1585 4571 et
1646 4510 1972 4573 reservatis
2033 4513 2240 4572 nostro
2287 4511 2597 4573 communi
2647 4510 2930 4575 omnibus
2994 4512 3258 4587 iuribus,

543 4612 693 4675 quas
743 4594 1000 4660 haberet
1044 4596 1100 4658 in
1151 4594 1419 4659 denariis
1466 4598 1873 4676 sequestratis
1918 4599 1991 4659 de
2039 4597 2249 4659 butino
2297 4596 2526 4661 Catari.

627 4700 808 4757 Misti
857 4700 1206 4761 XXXVII.
1258 4705 1404 4778 119,
1450 4718 1494 4759 u
1538 4696 1698 4763 mlet.
1747 4703 1986 4761 arkivu.
