3620 5282
545 375 677 442 202

746 551 1007 636 Sapiens
1063 553 1304 618 consilii
1366 571 1465 617 ser
1522 551 1863 618 Lodovicus
1925 553 2282 643 Laui-edane
2343 554 2729 634 procurator:
2778 552 2937 634 quod
3010 569 3264 634 respon-

541 642 765 707 deatur
807 660 906 706 ser
974 639 1278 707 Saraceno
1327 641 1610 705 Dandulo
1678 641 2060 705 ambaxatori
2133 644 2361 717 nostro,
2432 640 2596 724 quod
2666 640 3010 722 recepimus
3057 639 3271 724 literas

536 749 680 795 suas
725 729 903 794 datas
953 727 1127 793 Bude
1175 730 1215 794 8
1262 730 1632 812 septembris
1694 731 1759 793 et
1820 729 2146 811 replicatas
2213 729 2405 794 Viene
2477 727 2551 791 18
2611 726 2763 791 dicti
2815 726 3040 791 mensis
3088 745 3274 808 super

537 817 701 882 facto
749 817 875 900 lige
920 816 1117 882 fiende
1160 836 1302 881 cum
1363 816 1623 901 reginali
1685 817 2013 881 maiestate
2077 816 2399 899 Hungarie
2448 817 2588 895 etc.,
2638 814 2864 897 quibus
2912 814 3272 898 plenissime

539 905 895 977 intellectis
968 906 1479 969 recomendantes‘
1528 904 1989 969 solicitudinem
2060 923 2255 983 suam,
2321 903 2750 977 rescribimus,
2807 904 2963 985 quod
3011 903 3278 965 intentio

540 994 752 1057 nostra
797 997 912 1068 est,
977 992 1138 1075 quod
1203 992 1422 1057 debeat
1477 993 1726 1057 mittere
1775 993 2213 1057 Dexideratum
2262 991 2575 1056 notarium
2624 993 2905 1055 nostrum
2953 990 3029 1054 ad
3077 988 3279 1054 domi-

537 1100 685 1145 num
733 1080 1024 1145 comitem
1071 1080 1414 1162 palatinum
1447 1081 1522 1144 ad
1554 1080 2043 1162 respondendum
2089 1081 2209 1161 ipsi
2257 1080 2502 1144 domino
2548 1078 2761 1143 comiti
2808 1080 2873 1141 in
2915 1076 3032 1141 bac
3074 1078 3278 1142 forma

541 1167 867 1233 videlicet:
910 1169 1068 1250 quod
1120 1167 1408 1232 babuerit
1454 1168 1909 1250 responsionem
1972 1168 2047 1232 de
2097 1167 2380 1232 Veneciis
2429 1185 2466 1230 a
2513 1169 2720 1232 nostro
2768 1165 3059 1244 dominio,
3110 1164 3275 1249 quod

542 1256 741 1338 primo
785 1255 1009 1320 debeat
1051 1256 1373 1340 regratiari
1423 1255 1536 1339 ipsi
1587 1256 1833 1320 domino
1879 1255 2089 1320 comiti
2147 1255 2223 1320 de
2271 1254 2567 1319 laudabili
2616 1255 2680 1318 et
2725 1252 2968 1318 sincera
3012 1252 3280 1335 disposi-

545 1343 707 1408 tione
755 1343 1202 1426 magnitudinis
1249 1362 1356 1408 sue
1398 1341 1556 1426 erga'
1594 1362 1701 1407 nos
1746 1348 1810 1407 et
1854 1344 2148 1408 honorem
2194 1345 2258 1408 et
2304 1344 2538 1407 statum
2585 1341 2783 1406 nostri
2829 1341 3110 1406 dominii.
3159 1340 3286 1406 Su-

543 1451 653 1514 per
700 1431 866 1495 facto
908 1449 1050 1495 vero
1084 1430 1230 1514 lige,
1280 1432 1436 1515 quod
1501 1431 1643 1513 quia
1704 1432 1829 1495 ista
1897 1431 2138 1514 negotia
2182 1433 2330 1495 sunt
2376 1449 2604 1513 magna
2649 1432 2711 1493 et
2755 1429 2967 1507 ardua,
3019 1431 3084 1493 et
3131 1446 3277 1493 cnm

544 1520 813 1583 maximo
878 1519 1153 1601 periculo
1224 1521 1288 1582 et
1332 1517 1516 1584 dubio
1578 1518 1766 1582 scribi
1832 1520 2108 1601 possunt,
2182 1538 2290 1601 pro
2352 1516 2593 1583 meliori
2641 1519 2705 1581 et
2749 1516 3043 1582 securiori
3091 1517 3277 1580 modo

549 1605 891 1672 dominatio
936 1611 1150 1671 nostra
1198 1606 1414 1688 ellegit
1458 1608 1525 1670 et
1566 1606 1953 1680 deliberavit,
2002 1606 2162 1689 quod
2211 1606 2343 1688 ipse
2391 1608 2598 1671 noster
2643 1606 3006 1670 ambaxator
3052 1604 3280 1668 debeat

543 1695 743 1759 redire
791 1693 1082 1759 Venetias
1133 1695 1206 1759 ad
1256 1693 1631 1777 presentiam
1680 1694 1875 1758 nostri
1923 1694 2181 1758 dominii
2228 1694 2293 1759 et
2337 1695 2414 1758 ad
2480 1692 2937 1758 informandum
2985 1711 3093 1757 nos
3139 1711 3278 1755 ore-

540 1801 743 1860 tenus,
814 1784 879 1846 et
947 1781 1127 1864 quod,
1198 1781 1502 1846 existente
1573 1782 1704 1864 ipso
1774 1781 2171 1846 ambaxatore
2236 1786 2446 1847 nostro
2494 1781 2558 1844 in
2607 1781 2904 1856 venetiis,
2932 1779 3277 1844 dominatio

538 1871 749 1934 nostra
795 1870 1024 1952 poterit
1064 1870 1384 1952 providere
1428 1888 1610 1952 super
1657 1870 1799 1935 istis
1848 1870 2051 1947 factiS,
2093 1869 2258 1934 sicut
2304 1871 2360 1935 ei
2416 1869 2729 1934 videbitur
2773 1887 2883 1952 pro
2934 1868 3165 1932 bonore
3212 1870 3282 1931 et

540 1958 699 2023 bono
746 1958 1067 2039 utriusque
1110 1957 1328 2039 partis.

751 2044 946 2110 Misso
993 2063 1133 2109 vero
1166 2044 1531 2109 Dexiderato
1578 2045 1814 2110 notario
1862 2050 2068 2111 nostro
2112 2064 2256 2111 cum
2305 2044 2470 2109 dicta
2513 2045 2903 2125 responsione
2949 2042 3029 2108 ad
3077 2043 3281 2107 domi-

541 2152 689 2196 num
737 2132 1031 2198 comitem
1078 2131 1446 2214 palatinum,
1499 2134 1706 2198 noster
1752 2133 2116 2197 ambaxator
2164 2133 2457 2197 Venetias
2521 2135 2904 2209 revertatur3
2943 2131 3281 2196 Dexidera-

542 2225 645 2284 tus
693 2220 908 2297 etiam,
958 2220 1250 2302 expositis
1315 2220 1609 2301 predictis
1654 2221 1903 2284 domino
1949 2222 2162 2285 comiti
2211 2221 2503 2303 palatino,
2566 2220 2855 2285 similiter
2899 2219 3110 2284 redeat
3157 2219 3283 2283 Ve-

487 2375 494 2382 ,
539 2308 740 2373 netias
788 2326 971 2391 quam
1018 2307 1212 2372 cicius
1255 2327 1390 2372 esse
1438 2310 1656 2390 potest.
1711 2309 1809 2372 13.

746 2394 1068 2478 Sapientes
1129 2395 1371 2460 consilii
1421 2414 1521 2459 ser
1567 2395 1881 2462 ,Iohannes
1929 2395 2276 2462 Gradonico
2338 2401 2719 2479 procurator,
2771 2416 2869 2460 ser
2917 2394 3283 2460 Dominicus

545 2482 832 2548 Michael.
881 2480 1057 2561 Quod
1105 2484 1544 2564 respondeatur
1589 2504 1687 2548 ser
1734 2483 2037 2549 Saraceno
2086 2485 2372 2549 Dandulo
2418 2484 2799 2549 ambaxatori
2850 2486 3082 2559 nostro,
3117 2485 3284 2566 quod

544 2570 894 2653 recepimus
963 2571 1179 2635 literas
1248 2589 1395 2636 suas
1462 2571 1639 2636 datas
1711 2572 1886 2636 Bude
1933 2572 1972 2635 8
2022 2573 2252 2637 mensis
2320 2572 2691 2655 septembris
2734 2571 3037 2655 replicata
3085 2571 3284 2635 Viene

552 2659 626 2722 18
676 2658 1046 2742 septembris
1093 2679 1277 2743 super
1324 2660 1487 2725 facto
1533 2662 1656 2743 lige
1698 2660 1895 2725 fiende
1943 2677 2082 2725 cum
2117 2661 2380 2744 reginali
2426 2661 2746 2726 maiestate
2782 2661 3101 2744 Hungarie
3151 2662 3276 2725 etc.

545 2747 772 2831 quibus
820 2748 994 2829 plene
1044 2744 1400 2818 intellectis,
1442 2748 1907 2819 ,solicitudinem
1956 2767 2132 2813 suam
2159 2750 2616 2824 comendanteS,
2658 2749 3081 2827 rescribimuS,
3109 2749 3278 2831 quod

545 2836 809 2900 intentio
855 2838 1063 2900 nostra
1109 2838 1207 2900 est
1251 2839 1316 2900 et
1361 2836 1452 2900 sic
1498 2835 1778 2900 volumus
1826 2839 1891 2901 et
1937 2839 2321 2910 mandamus,
2370 2837 2529 2918 quod
2577 2836 2799 2902 debeat
2861 2836 3108 2901 mittere
3142 2836 3269 2900 De-

549 2922 894 2987 xideratum
944 2924 1253 2987 notarium
1297 2927 1577 2988 nostrum
1624 2924 1700 2988 ad
1749 2924 1955 3008 ipsum
1982 2926 2315 2997 „dominum
2365 2925 2656 2990 comitem
2681 2927 2757 2989 ad
2783 2924 3275 3007 respondendum

549 3010 968 3093 magnitudini
1017 3030 1145 3086 sue,
1195 3010 1517 3075 videlicet:
1562 3011 1722 3094 quod
1769 3012 1902 3095 ipse
1948 3013 2157 3078 noster
2199 3012 2561 3079 ambaxator
2608 3013 2897 3078 babuerit
2929 3012 3278 3094 responsio-

553 3117 690 3161 nem
740 3097 817 3163 de
879 3097 1154 3164 Venetiis
1201 3116 1238 3162 a
1285 3101 1495 3162 nostro
1557 3099 1847 3179 dominio,
1889 3099 2157 3183 qualiter
2211 3100 2553 3182 dominatio
2594 3103 2803 3167 nostra
2848 3101 3138 3166 contenta
3179 3104 3280 3163 est

551 3203 687 3249 esse
733 3205 915 3268 super
960 3187 1232 3251 tractatu
1279 3187 1422 3270 lige,
1473 3192 1536 3250 et
1575 3189 1743 3270 ,quod
1789 3189 2032 3270 placeat
2078 3190 2197 3270 ipsi
2243 3188 2492 3253 domino
2537 3190 2749 3253 comiti
2815 3188 3088 3271 palatino
3132 3187 3276 3251 dare

545 3272 1044 3338 informationem
1090 3275 1208 3355 ipsi
1252 3275 1636 3340 ambaxatori
1685 3280 1897 3341 nostro
1943 3275 2019 3340 de
2065 3275 2217 3353 loco,
2252 3277 2433 3357 modo
2464 3279 2528 3340 et
2557 3277 2784 3352 ordine,
2833 3294 3016 3359 quem
3063 3277 3275 3339 tenere

541 3360 726 3424 debet
772 3378 882 3444 pro
928 3360 1126 3426 dando
1171 3362 1548 3444 principium
1592 3363 1739 3428 huic
1783 3362 1968 3441 facto,
2018 3365 2082 3428 et
2127 3364 2468 3430 secundum
2517 3365 2812 3440 ordinem,
2862 3382 3044 3447 quem
3091 3363 3273 3428 dabit

539 3447 821 3512 dominus
868 3466 1074 3513 comes
1122 3449 1450 3532 palatinuS,
1486 3449 1897 3516 Dexideratus
1943 3451 2157 3516 redeat
2201 3453 2275 3516 ad
2323 3451 2779 3517 informandum
2821 3455 3095 3516 nostrum
3136 3469 3276 3515 am·

539 3535 914 3612 baxatorem,
960 3538 1030 3600 ut
1077 3537 1264 3603 vadat
1306 3538 1382 3603 ad
1451 3537 1632 3603 illum
1702 3539 1927 3615 locum,
1997 3538 2164 3604 sicut
2224 3539 2404 3605 dabit
2468 3540 2746 3605 ordinem
2808 3540 2941 3622 ipse
2988 3540 3274 3604 dominus

538 3639 766 3687 comes.
814 3621 972 3688 Cum
1020 3642 1163 3689 vero
1223 3630 1406 3690 erunt
1452 3626 1514 3690 in
1574 3626 1779 3703 simul,
1808 3628 2037 3704 noster,
2087 3627 2452 3693 ambaxator
2510 3646 2650 3693 cum
2697 3628 2811 3693 illa
2859 3627 3163 3692 industria
3208 3629 3275 3691 et

535 3709 765 3787 verbiS,
814 3729 930 3794 que
978 3711 1351 3778 videbuntur
1396 3713 1700 3796 sapientie
1745 3733 1873 3793 sue,
1923 3717 2212 3797 procuret
2257 3716 2502 3781 trahere
2547 3717 2612 3780 et
2655 3715 2996 3799 persentire
3046 3713 3123 3779 de
3171 3714 3268 3795 ul-

538 3797 696 3862 tima
739 3800 804 3863 et
851 3798 1018 3864 finali
1068 3800 1409 3866 intentione
1450 3801 1748 3885 reginalis
1795 3803 2143 3868 maiestatis
2190 3803 2511 3888 Hungarie
2557 3804 2632 3868 ad
2679 3803 2912 3869 factum
2960 3802 3085 3886 lige
3132 3821 3272 3885 pre-

532 3887 696 3951 dicte
743 3902 850 3969 pro
891 3885 1272 3954 informando
1311 3907 1420 3954 nos
1460 3888 1861 3972 singulariter
1905 3894 1968 3954 et
2006 3891 2317 3956 distincte.
2363 3892 2446 3957 Et
2491 3890 2568 3957 ad
2615 3891 2924 3957 cautelam
2974 3889 3265 3955 informe-

536 3976 640 4039 tur
668 3976 877 4039 noster
918 3974 1306 4054 ambaxator,
1331 3978 1489 4059 quod
1515 3994 1621 4059 pro
1646 3978 1977 4042 securitate
2003 3979 2320 4062 galearum
2364 3983 2715 4045 nostrarum
2762 3979 2838 4044 de
2888 3981 3160 4045 mercato
3207 3981 3273 4043 et

533 4061 920 4144 navigiorum
985 4063 1294 4147 optimum
1339 4064 1477 4141 erit,
1527 4065 1689 4148 quod
1739 4065 2147 4132 Dexideratus
2208 4066 2269 4131 in
2318 4067 2517 4133 eundo
2568 4066 2646 4131 ad
2691 4067 2897 4149 ipsum
2946 4066 3267 4131 dominum

533 4150 825 4215 comitem
873 4152 939 4215 et
981 4151 1046 4216 in
1090 4150 1400 4216 redeundo
1470 4170 1611 4216 cum
1674 4153 2064 4236 responsione
2107 4173 2218 4219 sua
2264 4156 2340 4218 ad
2388 4156 2596 4238 ipsum
2643 4155 3109 4220 ambaxatorem
3158 4172 3269 4218 no-

533 4240 756 4315 strum,
805 4255 877 4302 ac
922 4239 1113 4304 etiam
1153 4238 1286 4322 ipse
1311 4241 1517 4305 noster
1541 4241 1902 4327 ambarator
1945 4242 2006 4306 in
2040 4240 2354 4309 redeundo
2388 4243 2633 4308 Budam
2683 4243 2782 4308 vel
2826 4242 2907 4307 ad
2948 4243 3142 4307 alium
3175 4240 3268 4306 lo-

443 4382 454 4391 .
533 4343 674 4390 cum
745 4326 1148 4392 ordinandum
1218 4347 1324 4411 per
1394 4327 1714 4393 dominum
1785 4330 2094 4405 comitem,
2148 4331 2381 4395 vadant
2427 4329 2724 4396 tardando
2772 4331 2846 4395 de
2892 4330 2994 4394 via
3041 4347 3153 4393 sua
3198 4331 3264 4392 et

532 4411 848 4478 dilatando
891 4416 1160 4514 ‘tempus
1198 4417 1528 4516 ’quantu-m
1598 4416 1854 4483 honeste
1920 4419 2228 4498 poterunt,
2299 4420 2390 4484 ita
2435 4420 2595 4503 quod
2644 4417 2976 4501 applicatio
3023 4434 3135 4480 sua
3179 4415 3258 4480 ad

532 4497 755 4576 locum,
803 4501 911 4565 ubi
945 4504 1217 4601 ‘tractari
1263 4503 1511 4604 debebit
1555 4504 1632 4604 de
1675 4504 1815 4605 liga·
1849 4505 2281 4606 predicta-sit
2327 4506 2439 4571 tali
2471 4509 2778 4608 tempore,
2827 4507 2990 4588 quod
3022 4507 3258 4604 armate

534 4587 2539 4769 ‘assff‘ssqs‘zssedzimbffiigff‘{3„222235‘2221‘35‹1305533333212252
2568 4592 3264 4758 artasiam&

539 4757 604 4819 et
649 4755 885 4838 ordine,
932 4763 1092 4842 quod
1131 4781 1253 4828 non
1299 4766 1482 4830 detur
1527 4784 1709 4832 causa
1768 4766 2031 4851 reginali
2093 4768 2409 4835 maiestati
2456 4771 2551 4836 vel
2601 4769 2722 4854 ipsi
2763 4768 3008 4836 domino
3052 4764 3267 4833 comiti
