3620 5282
2994 354 3111 420 281

394 531 696 611 possendo
747 536 1110 618 promittere
1157 535 1338 602 dictis
1383 536 1676 618 personiS,
1726 554 1843 619 que
1894 536 1979 600 sic
2026 535 2425 618 operarentur
2479 536 2543 598 et
2590 493 2881 611 facerent,
2930 548 3125 614 usque

394 618 468 681 ad
517 618 881 689 ducatorum
929 623 1050 689 duo
1098 624 1334 701 millia,
1400 624 1567 688 sicut
1633 624 2000 707 promittere
2058 622 2356 706 poterant
2412 621 2707 686 librarum
2766 621 2856 685 111
2902 618 3124 695 millia,

394 723 509 787 que
556 712 815 790 pecunia
861 710 990 776 dari
1040 711 1263 777 debeat
1308 710 1514 776 solum
1564 711 1625 775 in
1675 729 1842 788 casu,
1894 728 2015 792 quo
2064 710 2420 775 habeamus
2466 708 2602 791 ipsa
2647 709 2784 773 loca
2824 707 2918 771 vel
2967 706 3128 788 ipsa-

394 811 533 860 rum
580 796 867 876 alterum,
919 800 991 863 ut
1037 800 1134 864 est
1181 799 1436 875 dictum,
1486 800 1561 862 ut
1607 798 1819 863 nostra
1866 797 2156 862 effectum
2205 796 2481 861 intentio
2527 796 2842 861 sortiatur.

609 909 930 991 Sapientes
978 931 1077 976 ser
1137 912 1370 976 Paulus
1427 913 1828 976 Lauredanus
1886 913 2266 992 procurator,
2333 928 2431 972 ser
2489 909 2737 973 Marcus
2785 905 2970 972 Celsi.
3045 907 3128 971 Et

397 994 540 1074 quia
589 995 813 1062 bonum
861 1002 958 1064 est
1002 999 1265 1081 experiri
1315 1018 1419 1081 per
1465 1017 1716 1063 omnem
1774 997 2027 1062 modum
2080 1001 2143 1061 et
2189 997 2373 1068 viam,
2420 996 2644 1079 quibus
2707 996 2839 1061 fieri
2902 997 3123 1078 potest,

399 1083 468 1144 ut
512 1083 778 1150 intencio
822 1089 1030 1151 nostra
1078 1085 1280 1151 valeat
1325 1086 1673 1168 adimpleri,
1733 1085 2021 1151 videlicet
2065 1103 2141 1148 ne
2187 1087 2393 1149 castra
2454 1084 2727 1167 predicta
2772 1082 2847 1148 ad
2896 1082 3128 1147 alienas

400 1185 620 1235 manus
668 1192 852 1256 quam
899 1174 978 1237 ad
1022 1177 1266 1239 nostras
1314 1175 1691 1255 perveniant,
1751 1173 1816 1237 in
1865 1191 2011 1237 casu
2057 1190 2176 1254 quo
2224 1171 2542 1236 comitissa
2600 1170 2880 1253 predicta
2939 1170 3131 1234 nollet

398 1257 558 1322 exire
606 1260 678 1324 de
724 1261 872 1325 locis
920 1262 1068 1338 suis,
1118 1262 1224 1325 sed
1285 1263 1748 1325 contentaretur
1824 1261 2027 1343 potius
2094 1260 2398 1324 sustinere
2446 1260 2512 1324 et
2555 1260 2763 1323 tenere
2825 1258 2959 1324 loca
3015 1275 3127 1322 sua

395 1343 459 1407 et
503 1344 727 1412 habere
773 1348 1050 1432 aliquam
1097 1348 1510 1432 provisionem
1569 1347 1930 1423 annuatim,
1993 1347 2234 1430 possint
2294 1346 2446 1410 dicti
2500 1347 2859 1430 provisores
2906 1345 3122 1421 nostri,

399 1433 638 1510 quando
686 1437 989 1501 tractatus
1035 1437 1110 1501 ad
1173 1437 1332 1500 hunc
1395 1436 1731 1501 terminum
1790 1436 2168 1515 perveniret,
2237 1433 2599 1515 promittere
2645 1434 2699 1497 ei
2748 1434 2915 1497 omni
2967 1450 3128 1496 anno

399 1536 509 1599 pro
550 1540 663 1586 sua
710 1523 1051 1606 provisione
1111 1542 1301 1607 usque
1363 1524 1439 1587 ad
1500 1523 1834 1587 terminum
1893 1523 2159 1604 quinque
2226 1539 2526 1585 annorum
2590 1520 2783 1585 libras
2830 1520 2890 1584 11
2948 1519 3127 1584 mille

371 1623 723 1685 ,parvorum
770 1611 863 1676 vel
913 1610 1052 1674 inde
1097 1609 1276 1688 infra,
1325 1628 1512 1692 quam
1558 1609 1780 1674 melius
1845 1611 2170 1692 poterunt,
2236 1628 2351 1690 que
2399 1607 2647 1691 quidem
2721 1607 2988 1689 provisio
3036 1606 3128 1671 di-

400 1693 740 1761 stribuatur
785 1701 948 1763 inter
992 1697 1224 1762 dictam
1267 1697 1653 1763 comitissam
1700 1699 1762 1760 et
1821 1714 1966 1761 suos
2026 1697 2187 1760 sicut
2250 1696 2472 1760 melius
2537 1695 2864 1760 videbitur
2925 1694 3128 1778 provi-

403 1781 642 1847 soribus
688 1804 797 1867 pro
846 1786 1063 1850 maiori
1104 1785 1435 1884 avautagio
1481 1788 1543 1849 et
1590 1784 1925 1849 securitate
1968 1785 2213 1858 nostra;
2280 1786 2343 1848 et
2409 1782 2695 1847 solvatur
2757 1781 2926 1847 dicta
2992 1800 3132 1863 pro-

402 1867 556 1934 visio
602 1872 941 1956 complecto
987 1873 1251 1937 termino
1298 1872 1440 1937 anni
1487 1871 1551 1935 II
1578 1870 1747 1936 mille
1791 1871 2114 1946 librarum,
2170 1889 2322 1953 quas
2370 1871 2599 1953 recepit
2651 1888 2688 1934 a
2737 1887 2838 1934 ser
2865 1869 3131 1949 Mapbeo

399 1953 574 2033 Em0,
623 1959 739 2024 hac
778 1960 1120 2026 conditione
1162 1959 1465 2043 apposita,
1513 1957 1676 2042 quod
1723 1959 1858 2041 ipsa
1904 1957 2152 2023 domina
2192 1960 2590 2022 contentetur
2636 1957 2700 2022 in
2747 1957 2913 2021 omni
2961 1973 3130 2032 casu,

401 2061 520 2124 quo
557 2047 852 2112 vellemus
901 2051 963 2112 et
1010 2047 1183 2112 nobis
1225 2047 1640 2111 necessarium
1681 2048 1863 2120 esset,
1913 2046 2224 2127 possimus
2276 2063 2505 2128 ponere
2553 2043 2628 2108 de
2669 2046 2852 2127 gente
2897 2046 2960 2109 et
3014 2045 3133 2107 sti-

402 2131 732 2211 pendiariis
780 2135 1007 2199 nostris
1054 2135 1115 2200 in
1166 2134 1422 2217 burghis
1470 2131 1689 2198 Clissie
1751 2135 1815 2197 et
1870 2131 2172 2197 Scardone
2235 2132 2297 2195 in
2359 2150 2432 2197 ea
2496 2132 2887 2214 quantitate,
2936 2149 3124 2213 quam

403 2236 626 2300 ponere
668 2221 941 2286 volemus
992 2221 1305 2287 occasione
1353 2220 1749 2305 paysenatici‚
1799 2220 1956 2303 quod
2005 2221 2139 2284 fieri
2187 2219 2386 2285 facere
2447 2219 2829 2285 intendimus
2872 2236 2982 2301 pro
3030 2237 3132 2282 se-

402 2306 663 2372 curitate
711 2313 772 2373 et
813 2309 1273 2373 conservatione
1319 2328 1430 2373 sua
1477 2310 1541 2373 et
1600 2307 1864 2372 aliarum
1928 2311 2235 2372 terrarum
2297 2310 2357 2373 et
2420 2308 2693 2373 locorum
2766 2309 3124 2371 nostrorum

402 2393 670 2474 partium
716 2397 1069 2461 earundem.
1127 2397 1224 2460 12.

613 2500 915 2566 Dominus
964 2499 1032 2566 et
1074 2520 1171 2565 ser
1218 2501 1547 2566 Zacharias
1593 2497 1939 2564 contareno
1996 2499 2259 2583 sapiens.
2327 2498 2556 2583 Capta:
2616 2461 2832 2563 volunt
2893 2500 3133 2581 partem

407 2587 880 2670 suprascriptam
929 2608 1038 2672 per
1080 2591 1303 2667 totum,
1355 2588 1461 2653 sed
1519 2586 1767 2665 volunt,
1839 2588 1997 2671 quod
2059 2586 2405 2672 provisores
2474 2586 2712 2668 possint
2762 2584 3129 2668 promittere

409 2692 548 2739 cum
595 2677 878 2742 omnibus
926 2676 1380 2742 conditionibus
1426 2676 1796 2759 supradictis
1847 2695 2036 2759 usque
2081 2677 2159 2739 ad
2204 2674 2395 2739 libras
2443 2675 2537 2739 111
2570 2674 2742 2738 mille
2791 2691 3117 2756 parvorum

406 2761 467 2825 in
510 2781 688 2842 anno,
737 2764 836 2827 vel
881 2764 1023 2828 inde
1062 2763 1239 2840 infra,
1290 2767 1362 2830 ut
1408 2764 1630 2828 melius
1677 2766 1987 2845 poterunt.
2037 2763 2141 2826 64.

613 2875 844 2941 Omnes
892 2878 1222 2960 sapientes.
1271 2876 1505 2960 Capta:
1553 2875 1618 2940 in
1666 2894 1810 2940 casu
1859 2892 2022 2953 vero,
2082 2892 2202 2957 quo
2250 2876 2554 2940 tractatus
2617 2874 2890 2958 predicte
2938 2874 3133 2939 comi-

409 2962 558 3028 tisse
606 2982 745 3028 cum
796 2982 937 3049 rege
982 2965 1257 3048 predicto
1304 2963 1496 3029 fratre
1543 2981 1655 3027 suo
1702 2962 2085 3046 complectus
2132 2964 2298 3027 esset
2342 2963 2455 3038 ita,
2512 2963 2677 3045 quod
2729 2963 2989 3026 haberet
3038 2961 3131 3025 vel

405 3050 727 3116 habiturus
774 3053 939 3116 esset
981 3052 1195 3135 procul
1242 3052 1428 3116 dubio
1489 3051 1624 3116 loca
1668 3050 1794 3114 iam
1843 3051 2041 3127 dicta,
2104 3052 2168 3114 et
2212 3050 2327 3114 hoc
2397 3050 2638 3115 turbari
2703 3049 2802 3113 vel
2850 3048 3135 3151 impediri

406 3157 518 3204 non
565 3140 776 3222 posset
823 3138 1003 3204 modo
1050 3139 1198 3216 ullo,
1247 3158 1320 3203 ex
1367 3157 1527 3203 nunc
1571 3141 1819 3221 captum
1868 3137 1972 3215 sit,
2019 3139 2178 3220 quod
2224 3156 2382 3202 unus
2431 3138 2705 3220 ipsorum
2753 3138 3134 3220 provisorum

407 3227 774 3304 nostrorum,
823 3226 1115 3293 videlicet
1154 3226 1280 3304 ille,
1331 3226 1434 3309 qui
1457 3274 1473 3304 ,
1537 3225 1898 3309 approbatis
1964 3225 2250 3290 omnibus
2318 3225 2520 3289 tribus
2567 3225 2631 3290 in
2678 3225 2799 3290 isto
2855 3224 3132 3298 consili0,

404 3312 691 3378 habuerit
735 3314 944 3397 plures
993 3313 1305 3390 ballottaS,
1355 3313 1638 3377 habendo
1686 3314 1985 3378 maiorem
2027 3316 2267 3395 partem
2314 3313 2597 3391 consilii,
2650 3312 2740 3376 ire
2786 3311 3012 3377 debeat
3056 3310 3133 3375 ad

405 3400 610 3482 ipsum
657 3419 866 3484 regem
903 3401 977 3467 ad
1027 3399 1495 3484 procurandum,
1546 3400 1943 3466 tractandum
1993 3404 2057 3465 et
2104 3401 2477 3482 operandum
2528 3419 2672 3467 cum
2719 3399 2855 3464 illis
2906 3399 3133 3476 verbiS,

404 3508 519 3570 que
562 3488 974 3554 dominacioni
1020 3489 1445 3554 convenientia
1477 3488 1867 3563 videbuntur,
1917 3489 2078 3571 quod
2120 3488 2250 3570 ipse
2295 3506 2401 3552 rex
2438 3489 2834 3553 contentetur
2866 3489 2930 3552 et
2963 3485 3132 3563 velit,

404 3575 560 3657 quod
606 3577 943 3642 habeamus
987 3577 1125 3642 loca
1183 3578 1249 3641 et
1295 3579 1500 3641 castra
1561 3575 1870 3659 predicta,
1936 3575 2032 3640 vel
2080 3576 2240 3657 quod
2300 3574 2523 3640 saltem
2591 3575 2714 3640 sibi
2774 3574 3016 3658 placeat
3063 3592 3137 3638 ea

405 3664 710 3729 sustinere
755 3663 849 3727 ita
893 3666 957 3728 et
1001 3664 1233 3743 taliter,
1284 3662 1444 3746 quod
1491 3664 1568 3727 ad
1615 3662 1848 3727 alienas
1896 3681 2115 3727 manus
2180 3679 2298 3726 ιιοιι
2346 3664 2709 3745 perveniant
2756 3662 2885 3727 ullo
2929 3663 3130 3727 modo.

403 3750 486 3814 Et
530 3751 602 3814 ut
644 3770 748 3815 rex
790 3751 1100 3833 predictus
1146 3751 1476 3816 inducatur
1521 3750 1600 3813 ad
1647 3751 2124 3815 contentandum
2173 3748 2249 3814 de
2296 3749 2495 3815 dando
2523 3750 2700 3814 nobis
2747 3750 2954 3814 castra
2996 3767 3136 3831 pre-

403 3837 586 3914 dicta,
634 3838 865 3904 habeat
909 3838 1110 3903 dictus
1157 3838 1430 3922 provisor
1494 3837 1555 3901 in
1611 3837 1899 3902 omnibus
1959 3839 2023 3901 et
2088 3857 2196 3920 per
2262 3837 2469 3901 omnia
2531 3837 2707 3901 illam
2777 3836 3133 3901 libertatem

404 3924 683 4005 possendi
730 3926 1088 4008 promittere
1135 3927 1336 3991 totam
1383 3925 1560 3990 illam
1617 3906 1874 4008 pecunie
1917 3925 2355 4008 quantitatem,
2402 3942 2590 4006 quam
2614 3922 2867 3988 habent
2892 3923 2958 3987 in
2994 3940 3136 4006 pos-

407 4013 591 4077 sendo
623 4012 985 4095 permittere
1032 4014 1365 4078 comitisse.
1418 4012 1705 4077 Prefatus
1752 4031 2014 4095 namque
2064 4011 2341 4095 provisor
2402 4012 2604 4075 iturus
2670 4011 2866 4094 possit
2912 4028 3134 4092 expen-

405 4099 543 4164 dere
590 4098 847 4164 ducatos
895 4100 1161 4184 quinque
1209 4101 1271 4164 in
1319 4099 1418 4164 die
1465 4100 1527 4163 in
1596 4098 1883 4165 omnibus
1948 4099 2228 4183 expensis
2294 4117 2404 4182 pro
2466 4117 2532 4162 se
2595 4100 2659 4162 et
2705 4096 2947 4162 familia
3002 4116 3133 4176 sua,

406 4185 678 4251 ducendo
725 4205 932 4252 secum
974 4189 1282 4253 notarium
1329 4206 1532 4267 suum,
1583 4206 1770 4251 unum
1820 4187 2258 4271 interpretem,
2307 4205 2498 4250 unum
2546 4186 2848 4251 chochum
2890 4187 2954 4249 et
2984 4204 3135 4267 qua·

405 4277 540 4338 tuor
582 4274 960 4340 domicellos

613 4379 847 4462 Capta:
898 4381 962 4444 et
1002 4380 1055 4444 si
1103 4381 1339 4462 primus
1385 4398 1457 4444 ex
1504 4378 1799 4461 predictis
1843 4379 2066 4443 nostris
2117 4378 2572 4462 provisoribuS,
2639 4377 2744 4462 qui
2792 4379 3137 4443 remanebit

406 4467 466 4530 in
505 4466 617 4531 hoc
663 4466 941 4543 consilio,
994 4486 1110 4531 non
1154 4467 1364 4549 posset
1412 4467 1500 4531 ire
1550 4467 1628 4531 ad
1678 4465 1846 4531 istud
1897 4469 2176 4530 nostrum
2224 4466 2557 4531 servicium
2625 4484 2732 4550 pro
2783 4466 3133 4549 exequendo

406 4554 521 4617 hoc
571 4552 931 4618 mandatum
983 4556 1262 4618 nostrum
1312 4556 1563 4637 propter
1611 4552 2011 4618 manifestum
2059 4554 2368 4618 defectum
2419 4572 2710 4637 persone,
2783 4554 2887 4619 ille
2949 4554 3126 4630 alter,

406 4641 508 4722 qui
554 4640 843 4706 habuerit
888 4641 1095 4724 plures
1142 4641 1413 4706 ballotas
1461 4642 1586 4706 alio
1633 4640 1839 4717 tertie,
1889 4641 2111 4706 debeat
2148 4642 2236 4705 ire
2286 4641 2418 4706 loco
2482 4641 2668 4724 primi
2716 4640 3003 4724 predicti;
3069 4643 3134 4706 et

407 4727 459 4791 si
505 4728 830 4807 secundus,
881 4729 985 4812 qui
1030 4729 1397 4808 remanebit,
1444 4730 1521 4793 ob
1568 4727 1879 4794 defectum
1927 4729 2198 4793 similem
2244 4728 2333 4793 ire
2380 4747 2500 4793 non
2528 4731 2754 4811 posset,
2803 4727 2962 4792 alius
3008 4730 3138 4792 ter-
