3620 5282
516 362 644 428 100

511 540 932 612 veneciarum,
979 538 1247 620 ipsarum
1296 537 1826 622 compositionum,
1891 537 2354 613 concor-diarum
2420 541 2484 603 et
2544 540 2903 624 treguamm
2952 537 3211 605 formam

509 631 574 694 et
617 638 892 692 tenorem
939 628 997 691 in
1044 627 1428 710 presentibus
1476 628 1705 692 nostris
1752 628 1978 691 litteris
2025 628 2278 692 fecimus
2327 629 2607 692 annotari
2673 628 3006 693 secundum
3057 629 3213 711 quod

507 717 568 779 in
621 716 871 799 publico
915 715 1327 780 instrumento
1372 734 1443 778 ex
1490 718 1664 798 parte
1710 715 1984 779 eiusdem
2042 716 2414 780 serenissimi
2480 716 2712 781 domini
2759 717 2921 799 regis
2973 717 3048 781 de
3100 718 3216 781 hiis

506 804 785 887 treuguis
831 807 895 868 et
939 803 1274 868 concordiis
1319 803 1634 867 serenitati
1682 807 1885 868 nostre
1932 802 2203 869 confecto
2246 824 2353 887 per
2383 804 2731 869 Johanuem
2775 804 3210 888 Chrispianum

506 891 581 957 de
626 890 1038 957 Tommasinis
1085 891 1398 974 publicum
1446 891 1749 973 imperiali
1819 891 2180 956 auctoritate
2239 892 2544 956 notarium
2591 893 2855 956 vidimus
2901 893 3214 970 contineri,

507 982 680 1046 cuius
727 981 1120 1045 instrumenti
1169 982 1344 1044 tenor
1388 998 1491 1062 per
1537 979 1743 1043 omnia
1787 980 1933 1043 talis
1979 983 2095 1044 est.
2141 983 2284 1055 (Hic
2308 985 2593 1042 inseritur
2623 986 3078 1043 instrumentum
3101 989 3216 1043 tre-

501 1089 759 1146 quarum
804 1070 1128 1142 confectum
1171 1072 1265 1129 die
1314 1072 1352 1129 5
1398 1073 1637 1146 anqusti
1685 1072 1873 1139 1348,
1907 1075 1961 1129 et
1994 1089 2125 1130 cum
2155 1073 2282 1143 ipso
2319 1072 2424 1130 hoc
2452 1072 2857 1132 documentum
2887 1074 3212 1142 terminat).

596 1160 911 1218 Paetorum
965 1160 1026 1219 V.
1077 1162 1179 1236 92,
1225 1177 1267 1216 u
1311 1158 1649 1218 mletadlcom
1695 1160 1932 1217 arkivu.

896 1348 1058 1430 CL.
1109 1347 1314 1431 God.
1366 1348 1596 1431 1348.
1648 1348 1742 1431 12
1794 1347 2240 1447 kolovoza,
2295 1370 2355 1430 u
2408 1347 2799 1431 Mletcih.

991 1475 1170 1557 Glede
1210 1476 1363 1535 §teia
1404 1475 1480 1534 od
1524 1463 1878 1535 Sibenidana
1921 1477 2111 1535 knew
2155 1476 2348 1536 Pavlu
2392 1477 2732 1535 nattesenih.

718 1595 904 1660 1348.
952 1596 1051 1659 die
1096 1595 1219 1659 XII
1271 1595 1535 1679 augusti,
1587 1599 1797 1677 capta:
1843 1597 1999 1678 quod
2033 1596 2336 1660 scribatur
2397 1597 2611 1661 comiti
2652 1596 2921 1661 Sibenici
2970 1598 3043 1661 de
3090 1597 3210 1662 isto

502 1685 744 1761 damno,
793 1684 948 1767 quod
1011 1684 1227 1748 scribit
1286 1684 1460 1748 nobit
1519 1702 1722 1748 comes
1784 1685 2018 1748 Paulus
2085 1683 2382 1749 Scardona
2444 1685 2561 1748 sibi
2623 1683 2853 1749 factum
2918 1684 3043 1749 fore
3102 1705 3212 1769 per

504 1772 942 1847 SibeuicenseS,
993 1778 1054 1836 et
1094 1770 1251 1854 quod
1299 1771 1606 1837 examinet
1648 1772 1961 1855 querelam
2005 1774 2154 1849 eiuS,
2198 1774 2262 1835 et
2306 1772 2358 1835 si
2386 1774 2705 1846 invenerit,
2748 1772 2905 1856 quod
2949 1775 3036 1837 ita
3081 1773 3212 1838 fue-

503 1863 601 1933 rit,
653 1861 812 1925 sicut
857 1861 1054 1925 dictus
1103 1879 1306 1925 comes
1354 1860 1588 1924 Paulus
1644 1861 1895 1937 scribit,
1956 1860 2142 1926 faciat
2195 1860 2310 1924 sibi
2377 1861 2510 1945 fieri
2571 1861 3021 1926 restitutionem
3069 1879 3212 1925 con-

499 1948 771 2031 dignam,
818 1947 1146 2013 relaxando
1194 1947 1471 2012 homines
1516 1966 1675 2027 ειιοε,
1720 1966 1871 2030 quos
1917 1948 2172 2013 baberet
2219 1948 2518 2023 detentos
2568 1951 2941 2031 procedendo
2997 1952 3211 2014 contra

503 2037 865 2119 culpabiles,
913 2040 975 2101 et
1021 2054 1123 2101 eos
1170 2035 1490 2118 puniendo,
1540 2037 1701 2100 sicut
1769 2038 1998 2101 iustum
2045 2035 2253 2122 {fuerit
2314 2040 2377 2101 et
2422 2057 2527 2119 pro
2589 2037 2814 2102 honore
2860 2038 3067 2102 nostro
3123 2038 3214 2102 vi-

501 2126 661 2190 derit
706 2126 1044 2189 convenire.
1095 2123 1159 2189 Si
1210 2144 1350 2188 vero
1393 2123 1628 2189 factum
1675 2124 1858 2188 aliter
1904 2144 1967 2189 se
2016 2125 2303 2201 haberet,
2368 2125 2672 2189 rescribat
2730 2125 2902 2190 nobis
2968 2144 3210 2189 omnem

499 2213 995 2278 informationem
1046 2216 1110 2277 et
1155 2212 1522 2290 claritatem,
1571 2231 1750 2296 quam
1778 2213 2004 2278 babere
2027 2212 2257 2296 poterit
2299 2214 2360 2276 in
2409 2213 2715 2296 predictis.
2759 2213 2844 2278 Et
2867 2214 3214 2281 notificetur

500 2301 696 2367 eidem
746 2300 957 2366 comiti
1007 2301 1201 2364 Paulo
1249 2303 1321 2366 de
1368 2301 1492 2363 ista
1538 2300 1920 2382 provisione,
1971 2320 2151 2384 quam
2220 2299 2480 2365 fecimus
2541 2301 2602 2364 in
2649 2302 2765 2366 hoc
2811 2303 2993 2367 fact0.
3073 2301 3210 2367 Nou

500 2390 726 2455 sinceri
770 2391 833 2466 Ο,
879 2389 954 2453 de
1003 2408 1119 2453 non
1165 2389 1227 2467 O,
1276 2389 1383 2452 alii
1431 2388 1506 2453 de
1554 2391 1744 2471 parte.

588 2479 749 2540 θεον.
797 2498 952 2540 cona.
998 2497 1117 2555 roy.
1162 2479 1239 2537 B.
1289 2482 1390 2550 13,
1435 2498 1478 2538 u
1521 2481 1859 2540 mletadkom
1904 2481 2136 2539 arlo-ivn.

894 2672 1103 2753 CLI.
1157 2670 1362 2754 God.
1398 2670 1628 2754 1348.
1681 2670 1775 2753 12
1831 2670 2276 2770 holerum,
2328 2693 2387 2752 u
2439 2671 2829 2755 Mletcih.

394 2791 401 2798 ⁵
505 2799 554 2860 0
600 2800 795 2874 njekoj
837 2799 1044 2871 razpn·
1106 2798 1411 2871 obstojecoj
1471 2798 1669 2871 medjtc
1726 2798 2030 2855 hvarskim
2072 2799 2096 2855 i
2141 2799 2477 2872 troyirskc'm
2537 2801 2899 2859 nadclm'kom
2950 2819 2992 2859 u
3027 2802 3214 2875 poslu

1416 2887 1615 2946 iabora
1658 2886 1989 2960 lavarskoya
2035 2887 2304 2960 biskupa.

713 3007 899 3072 1348.
935 3007 1032 3071 die
1077 3006 1197 3072 XII
1254 3005 1520 3089 augusti.
1590 3004 1763 3084 Quod
1828 3006 2130 3070 scribatur
2190 3026 2288 3071 ser
2350 3007 2570 3074 Sclavo
2637 3008 2878 3073 Bollani
2937 3010 3209 3092 querella

500 3096 724 3162 nobilis
776 3095 889 3159 viri
934 3095 1129 3159 Marci
1176 3094 1394 3158 Ruzini
1437 3094 1679 3158 comitis
1725 3093 2027 3177 Tragurii,
2086 3094 2161 3159 de
2208 3115 2325 3177 qua
2387 3095 2727 3179 plurimum
2795 3098 3109 3174 miramur,
3158 3098 3209 3161 si

499 3186 591 3250 ita
632 3186 745 3260 est,
795 3184 1097 3265 quomodo
1143 3184 1215 3247 de
1261 3199 1548 3265 processu
1594 3201 1702 3264 per
1748 3183 1950 3264 ipsum
1997 3184 2060 3246 in
2084 3183 2457 3266 Traguriuos
2503 3186 2765 3249 comisso
2813 3188 2984 3249 extra
3030 3204 3208 3249 suum

497 3272 771 3355 regimen
820 3290 937 3335 non
987 3272 1228 3354 poterat
1273 3289 1382 3334 nec
1427 3271 1692 3334 debebat
1717 3271 2074 3352 procedere3
2124 3273 2188 3336 et
2236 3279 2555 3354 propterea
2579 3272 2779 3336 eidem
2829 3272 3206 3348 mandamus,

499 3362 799 3443 quatenus
847 3360 1019 3423 nobis
1065 3358 1353 3423 distincte
1401 3361 1463 3422 et
1507 3358 1969 3442 particulariter
1993 3360 2289 3424 rescribat
2334 3378 2514 3442 quam
2565 3361 2741 3424 titius
2791 3362 3010 3441 potest,
3060 3378 3210 3441 qua-

494 3449 641 3514 liter
686 3448 999 3529 negotium
1062 3446 1216 3510 illud
1279 3447 1610 3528 processit,
1661 3449 1725 3509 et
1785 3449 2087 3525 rationes,
2150 3468 2267 3529 que
2328 3449 2529 3529 ipsum
2598 3451 2914 3511 moverunt
2961 3447 3037 3511 ad
3084 3449 3208 3512 tale

499 3554 884 3620 processum3
934 3554 1118 3617 super
1158 3534 1419 3598 sedendo
1457 3535 1521 3598 et
1582 3552 1699 3597 non
1761 3537 2139 3618 procedendo
2202 3536 2279 3598 ud
2329 3535 2514 3598 aliam
2574 3536 2910 3598 novitatem
2967 3536 3208 3618 inpre-

499 3625 701 3699 dictis,
748 3623 938 3688 donec
983 3625 1099 3687 sibi
1140 3622 1309 3685 aliud
1355 3622 1699 3687 dederimus
1747 3625 1806 3687 in
1856 3624 2181 3688 mandatis.
2247 3624 2336 3685 De
2384 3623 2660 3703 partibus
2701 3621 2806 3698 64,
2856 3622 2930 3687 de
2979 3641 3096 3688 non
3143 3624 3207 3703 O,

497 3731 615 3778 uon
663 3712 885 3776 sinceri
930 3712 990 3775 Ο.

704 3799 789 3863 Et
833 3800 1138 3864 scribatur
1183 3817 1281 3862 ser
1326 3798 1536 3862 Marco
1584 3798 1817 3863 Ruzino
1863 3798 2037 3875 illud,
2087 3798 2245 3879 quod
2293 3817 2400 3880 per
2447 3816 2556 3862 nos
2604 3799 2701 3862 est
2745 3798 3097 3881 provisum,
3147 3804 3211 3866 et

498 3888 655 3971 quod
703 3887 825 3952 ista
872 3906 1052 3951 causa
1098 3886 1333 3951 nullam
1392 3885 1580 3951 faciat
1638 3887 2011 3964 novitatem,
2076 3887 2180 3950 sed
2223 3886 2636 3969 supersedeat,
2704 3887 2895 3952 donec
2956 3907 2993 3953 a
3038 3890 3210 3954 uobis

498 3976 662 4041 aliud
710 3974 998 4040 babuerit
1042 3976 1100 4038 in
1146 3975 1480 4038 mandatis,
1529 3974 1742 4058 Capta.

709 4063 806 4127 Ad
858 4063 1290 4127 removendum
1339 4081 1515 4127 omne
1562 4063 1918 4127 scandalum
1968 4063 2031 4126 et
2073 4061 2340 4127 furorem
2386 4064 2546 4128 inter
2585 4064 2899 4129 dominum
2926 4065 3209 4130 Marcum

497 4152 731 4217 Ruzino
778 4151 1067 4215 comitem
1113 4150 1398 4234 Tragurii
1444 4153 1508 4214 et
1551 4151 1712 4215 inter
1754 4169 1856 4215 ser
1899 4148 2183 4216 Sclavum
2217 4151 2462 4216 Bollani
2509 4154 2882 4236 potestatem
2926 4158 3210 4218 nostrum

497 4241 653 4304 Fare
701 4242 765 4305 et
812 4239 1003 4302 Braze
1048 4256 1158 4322 pro
1204 4238 1365 4302 facto
1431 4238 1750 4303 electionis
1813 4239 2193 4322 episcopatus
2241 4239 2432 4318 Fare,
2496 4241 2821 4306 consulunt
2881 4243 3207 4324 sapienteS,

498 4328 656 4411 quod
705 4330 1117 4411 deponantur,
1182 4330 1499 4391 cassentur
1545 4330 1609 4390 et
1649 4326 1998 4392 anullentur
2044 4346 2256 4392 omnes
2305 4334 2368 4391 et
2414 4328 2642 4411 singuli
2690 4348 3005 4410 processus
3062 4330 3207 4394 facti

495 4435 602 4498 per
647 4417 853 4498 ipsum
923 4418 1295 4497 potestatem
1358 4420 1570 4484 contra
1631 4416 1793 4479 cives
1852 4415 2090 4498 aliquos
2136 4416 2421 4499 Tragurii
2482 4417 2823 4481 nominatos
2886 4418 2948 4481 in
2997 4418 3210 4482 littera

496 4505 688 4587 ipsius
735 4523 831 4568 ser
874 4502 1070 4567 Marci
1116 4502 1387 4577 Ruzin03
1453 4506 1516 4567 et
1575 4504 1865 4567 similiter
1922 4510 2350 4569 removeantur
2410 4523 2622 4569 omnes
2687 4522 3006 4587 processus
3059 4505 3206 4569 facti

495 4611 601 4674 per
643 4592 843 4674 ipsum
888 4591 1178 4654 comitem
1218 4590 1521 4673 Tragurii,
1571 4590 1625 4654 si
1669 4610 1818 4673 quos
1866 4591 2022 4656 forte
2068 4592 2351 4667 fecisset;
2400 4594 2464 4656 et
2509 4593 2639 4670 hoc,
2689 4611 2829 4657 cum
2876 4593 3068 4657 totius
3102 4611 3206 4656 ne—

410 4671 643 4764 .ig‘otii
690 4679 1013 4743 veritatem
1051 4677 1250 4742 lucide
1298 4677 1547 4742 videant
1591 4683 1654 4740 et
1695 4681 2087 4761 cognoscant.

321 4757 543 4848 {2⁸32}
575 4769 753 4831 Masei
801 4767 1041 4829 XXIV.
1077 4769 1179 4838 93,
1221 4787 1264 4828 u
1309 4768 1647 4828 mlctadkom
1691 4770 1922 4829 arkivu.
