3620 5282
3006 367 3134 433 319

403 560 821 625 quascumque
856 562 1039 624 super
1086 544 1371 607 omnibus
1421 545 1483 607 et
1530 544 1791 625 singulis
1839 542 2171 606 antedictis
2220 545 2282 606 et
2327 543 2614 607 connexis
2662 544 2727 606 et
2774 542 3126 626 dependen-

404 630 573 693 tibus
620 631 699 695 ab
747 630 979 695 eisdem
1030 632 1094 695 et
1135 631 1411 712 quolibet
1472 632 1845 706 eorumdem,
1908 649 2045 694 cum
2110 631 2393 695 omnibus
2441 632 2505 694 et
2550 631 2810 713 singulis
2859 630 3129 713 solemp-

400 718 720 796 nitatibus,
769 719 1295 800 stipulationibus,
1345 718 2458 800 obligationibusrenunciationibus,
2506 718 2889 796 iuramentis,
2927 721 3126 800 penis,

399 805 872 885 adiectionibus,
923 806 1247 888 promissis
1287 808 1350 869 et
1396 807 1535 870 aliis
1584 807 1879 870 clausulis
1947 806 2437 889 quibuscumque
2502 801 2810 870 consuetis
2877 807 2975 875 vel
3022 825 3129 887 op·

397 893 718 975 portunis;
768 897 833 958 et
880 895 1255 976 generaliter
1303 894 1375 958 ad
1424 894 1702 977 predicta
1743 894 1948 956 omnia
1993 893 2117 957 alia
2166 904 2229 957 et
2270 893 2513 976 singula
2553 893 2975 971 tractandum,
3025 894 3129 957 fir-

398 981 715 1058 mandum,
762 981 1123 1059 satiendam,
1174 981 1662 1064 promittendum
1713 984 1775 1044 et
1814 980 2270 1063 complendum,
2321 1002 2436 1065 que
2483 982 2571 1045 eis
2618 980 2715 1045 vel
2763 1000 2977 1046 eorum
3036 983 3129 1045 al-

398 1069 509 1133 teri
558 1088 669 1151 pro
718 1070 871 1134 bono
936 1069 1105 1151 pacis
1153 1071 1215 1132 et
1262 1069 1577 1133 concordie
1636 1068 2101 1147 convenientia,
2167 1070 2346 1133 utilia
2407 1088 2515 1133 seu
2564 1070 2912 1134 necessaria
2962 1070 3130 1134 vide-

396 1156 641 1234 buntur,
693 1157 882 1221 etiam
930 1157 981 1220 si
1032 1156 1184 1221 talia
1232 1156 1451 1233 forent,
1500 1176 1618 1240 que
1668 1156 2031 1220 mandatum
2082 1157 2401 1239 exigerent
2446 1157 2749 1238 speciale3
2798 1157 3018 1221 dantes
3064 1161 3125 1220 et

395 1245 797 1309 concedentes
846 1245 1119 1327 prefatus
1165 1245 1446 1308 dominus
1494 1244 1616 1308 dux
1662 1247 1725 1308 et
1771 1243 2028 1308 consilia
2060 1244 2412 1326 supradicta
2439 1244 2670 1309 eisdem
2705 1246 2831 1309 suis
2874 1244 3129 1310 sindicis

396 1333 460 1396 et
505 1333 1003 1414 procuratoribus
1050 1335 1113 1396 et
1159 1331 1416 1395 cuilibet
1461 1351 1665 1396 eorum
1720 1332 1985 1411 plenam,
2028 1331 2290 1396 liberam
2337 1336 2399 1396 et
2447 1332 2797 1414 generalem
2864 1332 3129 1397 admini-

396 1419 757 1484 strationem
799 1422 863 1484 et
909 1421 1269 1484 mandatum
1319 1419 1647 1497 tractandi,
1698 1418 1977 1497 faciendi,
2027 1418 2348 1495 firmandi,
2400 1421 2796 1501 promittendi
2847 1423 2912 1485 et
2957 1439 3125 1485 com-

393 1507 601 1588 piendi
648 1509 855 1571 omnia
895 1509 958 1571 et
994 1508 1241 1590 singula
1286 1509 1659 1589 supradicta,
1704 1526 1820 1588 que
1869 1508 1983 1589 ipsi
2037 1507 2126 1570 vel
2176 1508 2333 1570 alter
2379 1525 2586 1571 eorum
2619 1506 2839 1572 fecerit
2887 1507 2951 1571 iu
2987 1527 3118 1591 pre·

395 1594 578 1659 dictis
625 1597 688 1659 et
735 1596 1018 1677 quolibet
1062 1595 1476 1677 predictorum
1526 1597 1589 1659 et
1634 1613 1858 1658 conexa
1906 1597 1967 1658 et
2005 1594 2415 1676 'dependentia
2472 1595 2550 1659 ab
2613 1595 2888 1672 eisdem,
2952 1598 3016 1660 et
3063 1596 3125 1660 in

393 1699 609 1747 eorum
657 1684 898 1748 animas
948 1683 1188 1747 iurandi
1237 1683 1312 1746 de
1361 1681 1738 1746 observando
1786 1684 1851 1745 et
1895 1683 2267 1746 attendendo
2326 1683 2531 1747 omnia
2580 1683 2644 1747 et
2691 1682 2959 1765 singula,
3010 1704 3126 1767 que

392 1769 512 1852 ipsi
560 1769 656 1835 vel
702 1770 867 1835 alter
913 1790 1121 1835 eorum
1168 1769 1429 1835 fecerint
1475 1772 1538 1834 in
1585 1769 1879 1852 predictis
1927 1773 1991 1835 et
2033 1770 2312 1852 quolibet
2380 1770 2828 1852 predictorum,
2904 1773 2968 1835 et
3011 1791 3127 1853 que

393 1856 559 1922 idem
606 1858 893 1923 dominus
941 1859 1058 1922 dux
1108 1861 1171 1923 et
1216 1876 1538 1922 commune
1591 1858 1996 1923 Veneciarum
2048 1858 2246 1922 facere
2294 1860 2565 1939 possent,
2615 1858 2668 1921 si
2715 1857 3126 1940 personaliter

399 1943 808 2022 interessent;
858 1948 1291 2028 promittentes
1340 1946 1469 2027 ipse
1515 1945 1799 2008 dominus
1833 1945 1954 2008 dux
2001 1946 2065 2009 et
2109 1945 2363 2009 consilia
2411 1945 2763 2026 supradicta
2808 1963 2918 2029 pro
2965 1964 3030 2010 se
3063 1948 3126 2009 et

401 2034 863 2098 successoribus
911 2035 1040 2098 suis
1088 2034 1286 2099 modis
1334 2037 1396 2097 et
1436 2032 1647 2096 fermis
1695 2035 1759 2096 et
1806 2032 2156 2097 nominibus
2217 2032 2593 2115 supradictis
2644 2033 2831 2097 michi
2880 2034 3124 2098 notario

396 2120 794 2204 infrascripto
840 2124 1134 2204 tanquam
1185 2121 1429 2203 publice
1479 2139 1730 2202 persone
1776 2120 2104 2202 stipulanti
2153 2124 2215 2184 et
2261 2121 2581 2204 recipienti
2629 2121 2875 2186 nomine
2908 2123 2973 2185 et
2995 2121 3124 2186 vice

394 2206 545 2273 dicti
591 2208 825 2273 domini
875 2210 1041 2292 regis
1085 2212 1148 2273 et
1194 2228 1447 2274 suorum
1495 2227 1913 2272 successorum
1965 2212 2027 2272 et
2074 2209 2345 2273 omnium
2398 2212 2460 2272 et
2507 2209 2928 2292 singulorum,
2974 2228 3124 2291 quo-

392 2315 532 2360 rum
579 2296 840 2361 interest
887 2299 982 2361 vel
1026 2298 1324 2361 interesse
1373 2298 1598 2378 posset,
1649 2299 1941 2378 perpetuo
1987 2296 2208 2373 firma,
2274 2298 2408 2361 rata
2453 2298 2517 2361 et
2563 2301 2736 2379 grata
2788 2297 3014 2361 habere
3060 2298 3124 2361 et

393 2385 605 2449 tenere
649 2387 714 2448 et
760 2385 1202 2449 inviolabiliter
1247 2385 1569 2449 observare
1617 2385 1824 2447 omnia
1872 2387 1935 2447 et
1981 2383 2259 2465 singula,
2325 2404 2441 2467 que
2507 2383 2669 2449 idem
2732 2383 2952 2448 sindici
3018 2385 3116 2448 vel

392 2489 602 2536 eorum
650 2472 811 2536 alter
858 2472 920 2536 in
971 2473 1266 2554 predictis
1315 2474 1378 2537 et
1421 2491 1630 2536 eorum
1683 2471 1946 2553 singulis
1994 2473 2431 2550 tractaverint,
2496 2473 2912 2550 firmaverint,
2978 2490 3124 2554 pro-

393 2559 697 2638 miserint,
747 2560 1195 2644 compleverint
1241 2563 1351 2624 aut
1388 2559 1675 2623 duxerint
1738 2559 2037 2636 facienda,
2093 2562 2156 2623 et
2203 2560 2262 2623 in
2330 2560 2497 2624 nullo
2558 2559 2972 2624 contrafacere
3017 2560 3119 2624 vel

394 2648 599 2712 venire
647 2648 724 2711 de
770 2649 899 2713 iure
950 2650 1046 2713 vel
1097 2651 1169 2713 de
1216 2649 1400 2725 facte,
1449 2648 1653 2731 aliqua
1702 2648 1942 2712 ratione
1991 2648 2084 2712 vel
2134 2666 2354 2725 causa,
2422 2648 2534 2712 sub
2590 2649 2968 2732 obligatione
3017 2650 3121 2714 bo-

392 2753 609 2800 norum
659 2736 936 2801 omnium
986 2737 1329 2801 communis
1376 2736 1784 2801 Veneciarum
1853 2736 2230 2818 presentium
2282 2738 2347 2800 et
2393 2735 2760 2800 futurorum.
2832 2738 2899 2800 In
2949 2735 3121 2800 cuius

392 2824 481 2887 rei
527 2824 712 2888 fidem
759 2827 822 2887 et
870 2824 1250 2890 evidenciam
1298 2825 1637 2906 pleniorem
1684 2824 1960 2905 prefatus
1988 2824 2274 2886 dominus
2321 2825 2439 2887 dux
2481 2823 2820 2898 mandavit,
2870 2841 3121 2905 presens

392 2911 883 2976 instrumentum
930 2914 1248 2995 publicum
1318 2912 1451 2976 fieri
1520 2932 1629 2993 per
1706 2911 2016 2976 notarium
2083 2909 2578 2991 infrascriptum,
2650 2912 2888 2975 eteius
2937 2912 3114 2975 bulla

394 2998 682 3080 pendenti
727 2998 1021 3081 plumbea
1067 3000 1458 3065 communiri.
1506 3000 1733 3062 Actum
1787 2999 1846 3062 in
1897 2997 2096 3063 ducal·
2147 2998 2377 3080 palatio
2426 2999 2767 3063 communis
2815 2999 3116 3063 Venecia-

394 3104 531 3150 rum
582 3105 737 3152 anno
783 3106 819 3151 a
868 3087 1193 3152 nativitate
1240 3087 1469 3151 domini
1521 3085 1906 3164 MCCCLVI,
1954 3085 2052 3149 die
2100 3084 2555 3167 quintodecimo
2603 3087 2830 3151 mensis
2879 3086 3114 3169 aprilis,

394 3192 549 3239 none
596 3173 974 3252 indictioniS,
1022 3176 1412 3258 presentibus
1455 3174 1730 3255 sapiente
1778 3173 1909 3238 viro
1958 3174 2206 3237 domino
2271 3174 2647 3238 Benentendi
2704 3175 3117 3239 Veneciarum

396 3261 779 3339 cancellarie,
821 3262 1096 3328 Amadeo
1142 3262 1217 3326 de
1264 3262 1747 3345 Bunguadagnis
1795 3264 1860 3325 et
1917 3262 2226 3343 Stephano
2282 3260 2460 3327 Ciera
2522 3262 2776 3327 notariis
2838 3262 3114 3327 eiusdem

397 3349 661 3414 ducatus
707 3351 773 3415 et
816 3350 957 3415 aliis
1002 3353 1078 3415 ad
1130 3352 1246 3416 hoc
1294 3352 1527 3416 vocatis
1575 3349 1928 3431 specialiter
1972 3353 2035 3413 et
2081 3350 2333 3431 rogatis.

606 3439 676 3502 L.
722 3437 782 3503 S.
832 3439 962 3521 Ego
1008 3439 1477 3504 Bartholomeus
1523 3438 1597 3525 de
1622 3437 1936 3502 Gallarate
1983 3438 2275 3512 notariuS,
2326 3437 2589 3502 condam
2624 3437 2854 3504 domini
2878 3438 3117 3517 Jacobi,

402 3524 691 3607 publicus
740 3527 1046 3608 imperiali
1090 3527 1458 3591 auctoritate
1505 3526 1784 3589 notarius
1834 3527 1898 3589 et
1942 3524 2196 3589 ducatus
2243 3525 2648 3590 veneciarum
2697 3526 2933 3604 scriba,
2976 3544 3116 3608 pre-

402 3613 587 3677 dictis
634 3615 887 3696 rogatus
937 3614 1207 3693 interfui,
1256 3616 1318 3679 et
1364 3613 1575 3678 eadem
1625 3613 1859 3695 prefato
1905 3612 2195 3677 mandato
2243 3612 2394 3677 dicti
2428 3613 2628 3678 incliti
2669 3614 2900 3678 domini
2947 3613 3121 3677 ducis

400 3700 652 3779 tradidi,
703 3702 919 3782 scripsi
959 3704 1022 3766 et
1059 3722 1157 3765 me
1205 3702 1565 3784 subscripsi.

606 3787 789 3866 Nota,
838 3790 997 3871 quod
1045 3790 1268 3854 similis
1317 3789 1656 3853 sindicatus
1703 3788 1903 3854 factus
1952 3789 2070 3853 suit
2114 3788 2174 3853 in
2221 3807 2480 3872 persona
2507 3788 2919 3871 predictorum
2968 3788 3124 3852 abs-

397 3895 513 3960 que
559 3876 765 3940 titulo.
852 3913 863 3924 κ

483 3965 834 4028 Sindicatus
879 3968 932 4028 1.
983 3972 1081 4040 67,
1128 3987 1171 4029 u
1215 3970 1431 4029 arkivu
1477 3969 1837 4029 naletaekom.

636 4121 1241 4206 CCCCLXXV.
1295 4124 1502 4206 God.
1539 4124 1766 4207 1356.
1822 4125 1918 4206 18
1970 4125 2345 4225 tramja,
2394 4145 2452 4205 ιι
2505 4121 2894 4204 Mletcih.

907 4231 1111 4306 Priloy
1154 4234 1193 4292 k
1237 4235 1511 4306 naputku
1555 4251 1629 4293 za
1662 4235 1978 4306 poszanike
2022 4234 2192 4292 idaea
2237 4235 2304 4292 u·
2337 4232 2614 4306 Uqarske.

614 4332 803 4397 1356.
853 4335 949 4399 die
998 4334 1213 4399 XVIII
1259 4336 1493 4418 apriliS,
1543 4338 1759 4420 capta:
1807 4337 1968 4419 quod
2009 4336 2439 4401 committatur
2473 4334 2971 4398 ambaxatoribus
3013 4350 3123 4397 no-

400 4421 548 4485 stris
595 4420 777 4486 ituris
823 4423 898 4486 ad
944 4423 1262 4487 dominum
1289 4443 1498 4506 regem
1533 4424 1869 4507 Hungarie,
1918 4426 2077 4506 quod
2117 4443 2260 4488 cum
2297 4442 2401 4487 rex
2435 4421 2752 4504 Hungarie
2788 4440 2895 4485 seu
2927 4421 3118 4503 aliqui

401 4508 635 4573 subditi
680 4509 776 4573 sui
823 4509 1093 4574 habeant
1138 4531 1332 4574 unum
1378 4515 1666 4593 nepotem
1715 4514 1779 4576 et
1826 4531 2009 4577 unam
2072 4510 2265 4575 filiam
2328 4510 2476 4574 olim
2538 4507 2781 4573 comitis
2829 4508 3008 4572 Pauli
3054 4508 3119 4571 in

403 4597 694 4661 manibus
740 4596 870 4661 suis
913 4617 1022 4680 pro
1076 4598 1409 4676 obsidibuS,
1474 4600 1769 4676 debeant,
1833 4618 1977 4663 cnm
2033 4598 2264 4661 fuerint
2309 4595 2573 4678 expediti
2627 4596 2700 4658 de
2747 4594 2928 4659 factis
2975 4593 3114 4659 aliis

402 4685 597 4750 nostri
643 4686 989 4749 communis
1033 4704 1349 4766 procurare
1396 4688 1461 4750 et
1504 4687 1702 4750 facere
1748 4686 1905 4751 illud
1954 4686 2117 4760 boni,
2166 4684 2322 4766 quod
2370 4684 2658 4764 poterunt
2702 4700 2844 4746 cum
2891 4682 3115 4746 honore

403 4774 611 4838 nostro
654 4791 764 4857 pro
808 4773 1191 4839 relaxacione
1234 4774 1671 4858 predictorum.
1718 4773 1804 4840 Et
1850 4775 1903 4838 si
1943 4772 2269 4838 consilium
2316 4774 2434 4838 etc.
