3620 5282
452 327 539 393 66

446 503 563 567 sub
629 500 878 565 silentio
937 499 1336 583 pertransire,
1392 498 1541 581 quin
1606 499 1806 563 vestre
1869 499 2229 563 excellentie
2286 498 2652 565 denotemus
2716 498 3010 570 iniurias.
3075 517 3193 581 que

447 609 558 672 per
605 590 909 654 vestrates
949 587 1331 653 nostratibus
1380 587 1780 651 inferruntur.
1855 588 2115 669 Ideoque
2164 588 2477 665 noveritis,
2544 588 2703 669 quod
2767 587 2866 650 die
2915 585 3189 650 XXVIII

451 678 680 741 mensis
731 677 943 740 marcii
992 694 1184 758 nuper
1224 674 1415 756 elapsi
1464 678 1729 757 quedam
1781 679 1988 738 vestra
2034 676 2212 756 galea
2280 674 2498 739 multis
2559 674 2977 757 stipendiariis
3049 692 3190 737 con-

449 766 683 846 stipata
728 764 1028 845 applicuit
1069 762 1144 827 ad
1187 761 1457 829 insulam
1504 767 1715 827 sancte
1763 763 1961 827 Marie
2011 764 2199 826 nostri
2248 763 2592 839 districtae,
2645 765 2709 826 et
2750 763 3187 826 descendentes

452 853 516 918 in
564 856 796 916 terram
844 854 970 916 tam
1021 851 1172 916 dicti
1221 850 1606 932 stipendiarii
1652 868 1840 932 quam
1890 852 1999 914 alii
2049 851 2287 930 predati
2332 863 2479 915 sunt
2525 851 2589 914 in
2630 852 2867 916 duabus
2907 849 3186 930 partibus

451 940 617 1004 dicte
688 938 886 1005 insule
947 939 1263 1014 hominm,
1327 938 1615 1001 mulieres
1674 941 1739 1002 et
1802 938 2088 1019 parvulos
2148 941 2449 1021 quotquot
2512 938 3025 1019 comprehendere
3085 956 3193 1019 po-

451 1031 731 1105 tuerunt,
780 1028 853 1090 de
903 1026 1119 1108 pannis
1165 1030 1229 1088 et
1277 1025 1667 1090 vestimentis
1713 1044 1925 1089 eorum
1973 1030 2038 1090 et
2082 1027 2156 1091 de
2203 1029 2385 1090 rebus
2432 1026 2593 1103 aliis,
2642 1033 2703 1088 et
2749 1044 2782 1089 a
2821 1025 3191 1107 quibusdam

452 1119 653 1180 certas
699 1116 1084 1198 quantitates
1134 1113 1383 1194 pecunie
1430 1113 1843 1185 abstulerunt,
1896 1113 2193 1178 animalia
2237 1132 2498 1196 quoque,
2548 1114 2755 1177 lanam
2825 1118 2889 1177 et
2943 1130 3190 1176 caseum

453 1203 517 1266 in
565 1220 685 1277 non
734 1202 973 1271 modica
1020 1200 1393 1284 quantitate,
1444 1219 1628 1283 quam
1676 1198 2053 1265 damnificati
2103 1200 2336 1265 faciunt
2401 1202 2564 1265 circa
2623 1201 2923 1265 librarum
2986 1198 3192 1265 CCCC

455 1308 804 1373 parvorum.
853 1289 1002 1353 Ideo
1025 1308 1206 1371 super
1238 1288 1469 1352 talibus
1519 1287 1841 1370 provideat
1872 1288 2238 1354 excellentia
2275 1292 2500 1364 vestra,
2551 1308 2741 1371 quum
2771 1289 3192 1363 meminimus,

455 1378 613 1459 quod
677 1396 713 1440 a
773 1377 1010 1441 duobus
1073 1377 1250 1441 annis
1312 1378 1471 1440 citra
1534 1394 1717 1457 quam
1784 1376 1990 1457 plures
2055 1378 2243 1440 vestri
2309 1376 2540 1440 subditi
2603 1381 2667 1439 et
2727 1376 3009 1440 concives
3049 1393 3188 1439 cnm

454 1483 665 1529 eorum
715 1463 975 1548 navigiis
1021 1464 1098 1528 ad
1145 1463 1378 1528 dictam
1422 1463 1684 1528 insulam
1734 1464 2117 1545 applicantes
2164 1463 2506 1528 intulerunt
2537 1464 2768 1545 pluries
2814 1462 3192 1527 nostratibus

454 1552 635 1635 plura
680 1552 924 1617 damna.
963 1552 1043 1619 Et
1070 1571 1230 1619 ‚cum
1282 1552 1480 1615 vestre
1532 1551 1951 1633 magnitudini
1998 1555 2130 1616 tam
2181 1571 2285 1633 per
2331 1551 2651 1615 dominum
2696 1552 2965 1614 bannum
3006 1568 3187 1633 quam

456 1658 563 1722 per
604 1659 712 1706 nos
760 1640 833 1704 de
877 1640 1176 1723 predictis
1223 1639 1412 1702 fuerit
1457 1638 1688 1721 pluries
1736 1647 1798 1703 et
1845 1659 1988 1721 sepe
2046 1639 2371 1721 scriptum,
2437 1640 2672 1702 nullam
2741 1640 2948 1702 tamen
3007 1638 3191 1701 satis-

452 1727 776 1802 samonem,
823 1745 966 1810 ymo
1013 1747 1124 1792 nec
1175 1729 1631 1807 responsionem
1681 1727 1995 1807 potuimus
2039 1726 2285 1803 babere.
2331 1727 2595 1809 Ideoque
2645 1729 2773 1789 tam
2823 1745 3005 1807 snper
3053 1743 3190 1804 pre-

457 1814 664 1879 teritis
711 1816 952 1879 damnis
995 1818 1059 1879 et
1105 1813 1346 1878 iniuriis
1394 1832 1579 1896 quam
1629 1833 1810 1896 super
1859 1814 2214 1879 novissimis
2277 1815 2595 1896 provideat
2660 1815 2867 1876 vestra
2933 1812 3191 1888 iustitia,

458 1903 549 1966 ita
596 1902 756 1984 quod
803 1922 910 1984 per
956 1902 1442 1966 satisfactionem
1494 1904 1861 1984 condignam
1909 1904 2294 1967 nostratibus
2342 1900 2601 1965 tollatur
2650 1902 2914 1964 materia
2977 1918 3194 1982 quere-

458 1990 647 2068 landi,
713 1990 880 2054 etin
943 1988 1217 2054 futurum
1282 1989 1516 2053 similia
1577 1995 1838 2061 cessant,
1905 1991 1979 2053 de
2040 1990 2262 2070 quibus
2325 1991 2397 2052 de
2463 1989 2581 2052 levi
2643 1993 2897 2070 possent
2960 1987 3193 2050 maiora

462 2076 764 2149 scandala
804 2077 1042 2143 exoriri.
1089 2078 1183 2144 Ibi
1230 2077 1442 2140 datum
1491 2076 1580 2141 IV
1627 2077 1860 2142 mensis
1907 2077 2143 2159 aprilis.

553 2165 1122 2227 Commemorialium
1182 2162 1307 2227 VII
1359 2167 1463 2237 32,
1509 2185 1552 2226 u
1597 2167 1750 2226 mlet.
1801 2168 2038 2227 arkivu.

891 2356 1132 2439 CXV.
1189 2354 1396 2438 God.
1450 2355 1681 2438 1364.
1735 2355 1833 2436 19
1886 2356 2261 2457 travnja‚
2318 2378 2378 2437 u
2433 2354 2741 2437 Zadru.

457 2484 682 2544 Nikola
729 2483 843 2543 Zec
889 2484 1159 2541 krvalski
1219 2484 1337 2541 ban
1381 2483 1654 2556 zahtjeva
1697 2483 1774 2541 od
1817 2482 2150 2550 Μὶεἰόαηα,
2210 2482 2290 2540 da
2350 2483 2579 2541 namire
2638 2499 2737 2541 sve
2806 2484 2984 2544 §leode
3026 2486 3191 2564 ροόἰ-

1010 2572 1185 2644 njenc
1228 2570 1305 2630 od
1347 2571 1613 2645 njihovih
1653 2571 1849 2646 ραῑιξφά
1894 2571 2235 2630 zadarskim
2275 2571 2649 2646 yradjanom.

669 2693 1038 2775 Exemplum
1086 2693 1348 2757 aliarum
1405 2693 1757 2758 litterarum
1801 2692 2048 2758 Nicolai
2111 2694 2182 2755 de
2231 2692 2390 2756 Zech
2449 2692 2766 2758 Dalmacie
2830 2694 2894 2757 et
2939 2694 3189 2759 Croacie

460 2780 644 2845 banni
693 2801 878 2864 super
933 2781 1103 2845 dicta
1164 2799 1366 2844 causa.
1432 2782 1764 2864 Magnifice
1828 2781 1918 2844 vir
1978 2784 2043 2844 et
2104 2781 2297 2844 amice
2365 2780 2690 2856 onor-ande,
2763 2789 3191 2864 preassumpto

462 2868 720 2932 vocifere
754 2868 1151 2933 salutationis
1188 2868 1432 2934 affectu.
1465 2867 1684 2950 Sepius
1718 2872 1921 2932 vestre
1956 2869 2368 2950 magnitudini
2402 2869 2721 2949 scripsisse
2773 2871 3190 2946 meminim11S‚

462 2957 683 3036 utros
730 2955 1140 3021 satisfacionis
1187 2958 1508 3020 emendam
1558 2958 1631 3020 de
1678 2957 1921 3020 damnis
1971 2956 2267 3019 nobilium
2319 2956 2584 3020 virorum
2634 2975 2732 3018 ser
2782 2954 3069 3038 Syrnonis
3115 2959 3189 3020 de

460 3044 699 3107 Borono
744 3046 807 3107 et
850 3044 1151 3108 Johannis
1195 3042 1360 3108 Galli
1410 3043 1648 3107 civibus
1698 3043 2017 3107 iadratinis
2068 3042 2350 3107 fidelibus
2397 3044 2588 3106 nostri
2640 3044 2871 3106 domini
2923 3045 3081 3126 regis
3128 3049 3192 3108 et

462 3130 746 3195 vassallis
797 3150 900 3212 per
946 3134 1250 3196 vestrates
1296 3131 1474 3195 factis
1526 3130 1718 3195 illatis
1765 3136 1829 3194 et
1872 3131 2159 3213 irrogatis
2207 3130 2437 3193 eisdem
2484 3130 2830 3194 Jadratinis
2888 3131 3186 3196 faceretis.

461 3218 556 3280 Ad
606 3237 864 3299 quarum
915 3219 1358 3282 continentiam
1405 3237 1515 3282 nec
1565 3236 1673 3281 nos
1719 3238 1831 3282 nec
1878 3219 2152 3299 regimen
2199 3217 2500 3283 Jadrense
2562 3218 2637 3280 ad
2692 3223 2933 3283 nostras
2991 3221 3055 3282 et
3102 3221 3193 3301 ip-

461 3323 668 3368 sorum
710 3304 1177 3368 Jadratinorum
1226 3305 1540 3387 legitimas
1591 3306 2018 3388 requisitiones
2067 3306 2332 3369 nondum
2384 3306 2807 3384 responsiones
2860 3308 3194 3389 condignas

463 3410 500 3454 a
547 3395 750 3454 vestra
797 3392 1220 3473 magnitudine
1270 3393 1493 3456 habere
1540 3393 1874 3474 potuimus,
1945 3410 2088 3475 ymo
2136 3394 2253 3456 hiis
2306 3394 2606 3472 prioribus
2654 3395 3194 3474 depredationibus

465 3480 766 3542 vestrates
815 3498 930 3542 non
978 3480 1271 3554 contenti,
1319 3480 1525 3561 peiora
1573 3481 2108 3544 accumulantibus
2152 3481 2474 3561 prioribus
2539 3480 2814 3542 homines
2879 3482 3063 3545 vestri
3133 3486 3198 3546 et

468 3565 719 3630 vassalli
778 3567 837 3629 in
888 3567 1087 3630 insula
1139 3570 1349 3630 sancte
1400 3568 1596 3632 Marie
1646 3585 1743 3631 res
1808 3569 1972 3631 inter
2040 3569 2349 3641 animalia,
2418 3569 2807 3644 vestimenta,
2872 3570 3194 3650 pecuniam

467 3658 530 3716 et
594 3672 837 3716 caseum
911 3654 1211 3717 nobilium
1286 3655 1549 3718 virorum
1602 3675 1699 3718 ser
1747 3654 2031 3738 Symonis
2096 3660 2158 3718 et
2205 3655 2505 3719 Johannis
2553 3655 2717 3719 Galli
2785 3660 3193 3720 mercatorum

466 3742 597 3804 sine
660 3741 801 3804 aliis
863 3742 1103 3805 iniuriis
1165 3745 1229 3805 et
1288 3742 1856 3823 perturbationibus
1923 3742 1998 3805 ad
2061 3742 2326 3808 valorem
2398 3742 2523 3806 1111
2590 3746 2833 3806 centum
2899 3745 3195 3808 librarum

471 3847 789 3910 parvorum
856 3829 930 3891 de
997 3848 1205 3893 mense
1270 3830 1481 3892 marcii
1545 3848 1702 3893 anno
1766 3831 1827 3892 in
1890 3831 2159 3911 presenti
2225 3850 2289 3892 se
2351 3832 2747 3894 extendentes
2808 3835 3014 3913 preter
3075 3832 3200 3897 alia

469 3933 679 3980 eornm
732 3918 889 3981 bona
935 3936 1043 3999 per
1090 3916 1339 3999 navigia
1391 3920 1592 3980 vestra
1640 3917 1698 3979 in
1747 3918 1927 3980 antea
1975 3921 2237 3999 recepta,
2292 3921 2361 3981 ut
2402 3917 2799 3997 prediximuS‚
2865 3920 3035 3982 vobis
3090 3940 3201 4001 per

470 4023 579 4067 nos
627 4005 955 4084 patefacta,
1022 4008 1399 4085 receperunt.
1464 4003 1849 4085 Demumque
1912 4005 2244 4088 novissime
2306 4003 2654 4086 applicante
2712 4011 2955 4068 armata
3018 4009 3201 4087 galea

468 4096 671 4156 vestre
721 4092 1187 4174 magnitudinis,
1238 4111 1345 4171 per
1392 4092 1667 4154 homines
1719 4091 1912 4172 ipsius
1959 4093 2133 4173 galee
2175 4095 2412 4155 armate
2474 4093 2549 4155 de
2598 4111 2806 4155 mense
2865 4095 3074 4175 aprilis
3134 4096 3197 4158 in

471 4178 672 4242 insula
721 4180 957 4242 Neume
1006 4182 1259 4260 accepta
1320 4182 1466 4242 sunt
1517 4179 1809 4242 animalia
1878 4179 2098 4243 nobilis
2164 4179 2276 4243 viri
2342 4179 2572 4242 domini
2621 4179 2835 4244 Jacobi
2899 4181 2974 4244 de
3023 4182 3198 4245 Vari-

472 4267 665 4329 cassis
711 4267 886 4329 XXV
935 4265 1030 4330 vel
1080 4266 1273 4346 plura.
1345 4266 1504 4328 item
1568 4284 1674 4347 per
1732 4266 2012 4330 homines
2075 4267 2330 4330 alterius
2392 4269 2630 4330 armate
2692 4269 2892 4331 vestre
2949 4271 3197 4332 demum

470 4372 608 4416 eam
656 4358 978 4434 sequentes
1025 4355 1156 4418 edis
1200 4354 1392 4434 ipsius
1437 4353 1655 4417 Jacobi
1703 4356 1768 4417 et
1814 4373 1994 4435 capre
2041 4353 2297 4417 XL1111.
2348 4357 2494 4417 sunt
2551 4354 2808 4418 auferte.
2869 4355 3008 4418 Hiis
3082 4374 3201 4420 non

473 4442 764 4512 contenti,
814 4443 1283 4522 superveniente
1331 4443 1587 4523 quodam
1651 4442 1770 4505 alia
1834 4446 2074 4505 armata
2138 4446 2346 4506 vestra
2408 4442 2486 4505 ad
2535 4442 2800 4506 insulam
2852 4442 3040 4518 Silvo,
3102 4462 3200 4507 res

474 4528 538 4587 et
582 4526 741 4588 bona
787 4530 946 4591 inter
990 4529 1273 4608 pecudes,
1321 4547 1587 4606 caseum,
1638 4530 1892 4591 bladum
1937 4532 1999 4592 et
2043 4528 2304 4592 farinam
2356 4549 2425 4594 ac
2452 4531 2576 4594 alia
2620 4530 3045 4594 domesticalia
3086 4532 3202 4594 mi-

477 4619 625 4675 nuta
662 4614 892 4677 domini
942 4615 1122 4677 Tolse
1173 4614 1495 4697 presbiteri
1547 4618 1746 4680 sancti
1786 4615 2081 4697 Stephani
2133 4619 2205 4680 de
2251 4617 2444 4681 Jadra
2489 4618 2565 4681 ad
2616 4617 2884 4681 valorem
2934 4616 3034 4682 CC
3090 4620 3203 4682 du-

475 4706 749 4765 catorum
813 4704 946 4765 auri
1011 4702 1102 4765 vel
1166 4702 1345 4784 paulo
1407 4703 1546 4786 plns
1605 4723 1670 4767 se
1734 4706 2129 4768 extendentes
2195 4724 2299 4786 per
2357 4708 2663 4769 armatam
2728 4709 3000 4770 vestram
3061 4725 3203 4788 pre—
