3620 5282
3030 337 3160 403 407

433 504 738 571 missariis
807 505 937 570 suis
971 506 1266 589 predictis
1331 506 1499 573 omni
1560 526 1718 572 anno
1776 508 1970 573 libras
2034 508 2434 574 denariorum
2484 510 2862 574 Venetorum
2908 514 3161 577 centum

434 595 623 695 donec
669 593 929 660 solverit
973 594 1169 659 libras
1214 594 1604 661 denariorum
1662 598 2022 660 venetorum
2069 596 2193 662 duo
2258 595 2461 660 millia
2522 596 2822 679 predictis
2868 600 3163 663 commis-

432 699 752 845 sargwws.
741 773 770 831 ‘.
824 770 1052 846 Scoqlio
1111 773 1267 832 della
1333 770 1563 833 Carteia.
1633 770 1883 833 Camera
1944 773 2039 831 dei
2099 775 2335 845 confini.
2414 772 2746 845 Dalmacia,
2793 775 2968 835 busta
3014 776 3073 855 4,
3120 793 3165 835 u

427 859 767 920 mzetackom
813 861 1048 921 arkivu.

806 1050 1221 1133 XXXIX.
1277 1049 1482 1133 Gon.
1516 1052 1738 1134 1270.
1795 1053 1894 1134 16
1948 1052 2234 1152 rujna,
2290 1072 2348 1131 u
2401 1050 2793 1134 Mletcih.

945 1174 1360 1250 Opredieljena
1405 1177 1556 1236 daca
1600 1194 1675 1237 za
1717 1178 1917 1236 srebro
1963 1176 2227 1237 dolazebe
2273 1178 2330 1236 iz
2388 1176 2677 1251 Uyarske.

640 1296 732 1361 De
779 1296 956 1360 dacio
1022 1298 1282 1380 argenti.
1352 1296 1691 1362 Millesimo
1759 1297 2183 1362 ducentesimo
2256 1298 2750 1379 septuagesimo,
2818 1296 3153 1361 indictione

430 1383 598 1462 XIV,
648 1383 747 1448 die
795 1384 944 1447 XVI
988 1383 1260 1449 intrante
1301 1385 1635 1467 septembri
1683 1403 1831 1468 pars
1878 1387 2060 1468 capta
2111 1385 2232 1449 fuit
2279 1386 2344 1449 et
2390 1384 2741 1449 ordinatum
2788 1385 2852 1448 et
2896 1402 3155 1448 revoca-

430 1475 564 1535 tum
612 1471 732 1535 fuit
776 1471 1102 1536 consilium
1151 1472 1227 1536 de
1273 1474 1531 1553 argento
1580 1472 1642 1534 in
1694 1474 1960 1550 tantum,
2012 1473 2168 1555 quod
2202 1473 2446 1537 dacium
2479 1471 2740 1536 tollatur
2773 1472 2936 1535 sicut
2967 1473 3158 1536 antea

428 1557 786 1636 tollebatur,
827 1559 997 1623 salvo
1045 1559 1205 1641 quod
1249 1560 1485 1623 dictum
1533 1560 1629 1624 est
1670 1559 1745 1623 de
1791 1559 2174 1641 Lunensibus
2222 1560 2306 1623 sit
2352 1559 2621 1636 firmum,
2658 1560 2723 1622 et
2768 1559 2941 1623 salvo
2989 1556 3156 1641 quod

429 1644 505 1709 de
552 1648 828 1729 argento,
879 1646 1040 1727 quod
1089 1648 1292 1711 veniet
1329 1648 1403 1711 de
1450 1646 1771 1729 Hungaria
1810 1649 1940 1710 tam
1986 1666 2095 1729 per
2120 1650 2349 1711 terram
2375 1664 2559 1730 quam
2608 1666 2716 1729 per
2762 1663 2994 1727 aquam
3031 1646 3154 1711 tol-

428 1732 596 1797 latur
641 1733 824 1797 solidi
873 1733 1025 1798 XIV
1071 1753 1180 1817 pro
1227 1735 1578 1799 centenario
1624 1734 1790 1798 sicut
1828 1737 2009 1799 antea
2055 1734 2411 1799 tollebatur.

515 1823 701 1883 Liber
744 1825 1071 1883 communis
1118 1826 1213 1883 11.
1263 1826 1407 1894 116,
1456 1842 1498 1882 u
1542 1824 1884 1884 ndetac‘kom
1932 1826 2163 1884 arkivu.

950 2010 1137 2091 XL.
1192 2008 1398 2093 God.
1454 2009 1665 2092 1271.
1719 2014 1775 2093 4
1829 2013 2114 2113 rujna‚
2167 2033 2229 2093 ιι
2281 2011 2648 2095 Mletcih

580 2136 977 2196 Procuraturi
1020 2154 1104 2198 sv.
1153 2137 1382 2195 Marka
1427 2137 1693 2210 imenuju
1738 2139 1982 2213 Ruyera
2029 2137 2206 2198 Zorzi
2249 2138 2702 2197 hordulanskim
2745 2138 3001 2197 knezom.

636 2256 915 2320 Elettion
951 2255 1110 2321 satta
1157 2276 1267 2338 per
1310 2255 1356 2320 li
1402 2256 1783 2338 procuratori
1832 2256 1896 2321 di
1945 2257 2008 2323 S.
2061 2256 2270 2322 Marco
2317 2255 2392 2320 de
2449 2275 2662 2321 meser
2710 2255 2935 2321 Ruzier
2982 2255 3155 2321 Zorzi

426 2343 492 2406 in
536 2345 716 2408 conte
761 2343 823 2406 di
869 2342 1131 2408 Curzola
1177 2344 1240 2407 in
1286 2344 1629 2409 essecution
1676 2344 1777 2408 del
1845 2346 2221 2409 testamento
2270 2345 2342 2409 de
2392 2362 2594 2407 meser
2652 2343 2934 2408 Marsilio
2981 2343 3157 2408 Zorzi

429 2431 467 2494 l'
498 2448 657 2495 anno
710 2429 862 2492 1272
915 2431 1024 2495 alli
1072 2430 1115 2493 4
1161 2433 1518 2495 settembre.
1584 2431 1739 2496 Cum
1808 2432 2014 2515 igitur
2075 2450 2183 2497 vos
2244 2431 2470 2495 nobilis
2537 2432 2630 2495 vir
2678 2431 2984 2514 Bugerius
3031 2429 3154 2496 Ge-

429 2518 602 2600 orgio
648 2516 724 2581 de
771 2518 1031 2582 confinio
1080 2538 1128 2581 s,
1178 2518 1407 2600 Angeli
1455 2518 2000 2601 presentavissetis
2050 2537 2153 2584 vos
2201 2518 2374 2584 nobis
2420 2517 2654 2583 Jacobo
2701 2518 3048 2583 contareno
3092 2519 3157 2582 et

428 2604 699 2671 Antonio
747 2603 1135 2687 Superantio,
1180 2606 1679 2687 procuratoribus
1727 2626 1773 2672 s.
1810 2605 2012 2671 Marci
2060 2625 2243 2688 super
2274 2606 2733 2672 commissarias
2779 2606 3150 2672 constitutos

427 2692 869 2757 commissariis
919 2693 1322 2776 suprascripti
1370 2695 1427 2758 d.
1478 2694 1747 2758 Marsilii
1794 2693 2064 2776 Georgio
2117 2696 2191 2759 de
2238 2693 2497 2758 confinio
2545 2714 2593 2757 s.
2644 2693 2923 2759 Gervasii
2989 2693 3152 2757 infra

427 2796 617 2843 unum
666 2798 940 2844 mensem
986 2783 1129 2862 post
1173 2781 1492 2845 decessum
1541 2781 1948 2863 suprascripti
1987 2780 2239 2846 ,domini
2285 2781 2549 2846 Marsilii
2608 2780 2872 2863 Georgio
2922 2780 2997 2844 ad
3047 2797 3151 2844 ac-

426 2865 775 2949 cipiendum
822 2866 1057 2931 dictum
1099 2868 1465 2933 comitatum
1512 2867 1767 2933 Curzule
1818 2873 1881 2933 et
1919 2867 2148 2932 Melete
2210 2866 2550 2932 secundum
2616 2866 2878 2931 formam
2949 2869 3148 2932 testa-

427 2953 621 3018 menti
670 2952 930 3035 predicti
976 2954 1034 3018 d.
1085 2955 1370 3027 Marsilii,
1421 2959 1484 3019 et
1530 2955 1685 3038 quod
1733 2956 1875 3037 plus
1924 2956 2035 3019 fiat
2079 2955 2156 3018 ad
2222 2956 2417 3036 ipsam
2482 2957 2751 3020 vestram
2821 2955 3146 3038 presenta-

427 3040 661 3105 cionem
712 3041 1190 3106 confirmandam
1235 3042 1551 3108 obtulistis
1599 3043 1772 3107 nobis
1833 3043 2149 3106 duodecim
2210 3041 2491 3106 denarios
2556 3060 2665 3123 pro
2710 3041 2869 3105 libra
2930 3059 3148 3106 secun-

427 3127 575 3191 dum
626 3128 1132 3194 cousuetudinem
1180 3131 1344 3195 terre
1390 3133 1614 3206 nostre,
1663 3132 1728 3195 et
1773 3130 2065 3194 similiter
2126 3128 2288 3192 infra
2332 3130 2483 3193 duos
2536 3147 2774 3193 menses
2827 3130 2967 3211 post
3016 3128 3149 3193 obi-

424 3215 560 3279 tum
610 3215 1014 3298 suprascripti
1056 3217 1117 3282 d.
1163 3217 1429 3282 Marsilii
1472 3216 1732 3282 dedistis
1796 3220 1863 3280 et
1906 3216 2180 3282 solvistis
2246 3215 2438 3281 libras
2505 3216 2900 3282 denariorum
2962 3234 3148 3280 vene-

431 3302 637 3366 torum
686 3301 877 3379 mille,
944 3304 1360 3385 promittendo
1422 3306 1486 3369 et
1546 3303 1876 3388 obligando
1940 3322 2044 3367 vos
2104 3303 2319 3382 nobiS,
2369 3303 2525 3386 quod
2573 3302 2649 3368 de
2711 3306 2915 3368 cetero
2981 3303 3149 3370 omni

429 3406 587 3453 anno
632 3388 863 3453 dabitis
909 3393 973 3454 et
1008 3391 1260 3455 solvetis
1309 3391 1481 3456 nobis
1545 3393 1737 3456 libras
1799 3391 2190 3456 denariorum
2255 3394 2611 3456 venetorum
2660 3393 2911 3455 centum
2958 3390 3148 3455 donec

427 3474 737 3541 solveritis
802 3476 994 3542 libras
1065 3478 1455 3543 denariorum
1519 3481 1876 3544 venetorum
1940 3480 2059 3544 duo
2119 3478 2321 3543 millia
2383 3477 2560 3542 nobis
2623 3478 2919 3561 predictis
2977 3495 3144 3542 com-

424 3562 727 3628 missariis
773 3565 873 3629 vel
913 3566 1369 3631 successoribus
1417 3567 1641 3631 nostris
1689 3567 1821 3630 sine
1865 3566 1994 3630 illis
2042 3564 2333 3648 predictis
2379 3565 2558 3630 libris
2611 3564 2998 3630 denariorum
3041 3583 3143 3629 ve-

426 3633 729 3715 notorum
757 3651 951 3731 mille,
998 3671 1148 3733 quas
1196 3652 1319 3717 iam
1369 3654 1542 3718 uobis
1587 3652 1876 3728 dedistis;
1925 3654 1990 3716 et
2033 3671 2173 3717 cum
2224 3652 2428 3716 nullus
2469 3651 2630 3717 alius
2668 3661 2872 3735 preter
2920 3667 3026 3714 vos
3068 3652 3144 3715 de

425 3737 594 3820 prole
645 3739 774 3802 sive
818 3739 1136 3821 parentela
1180 3739 1590 3823 Georgiorum
1637 3760 1703 3805 se
1748 3740 2201 3822 presentaverit
2262 3739 2438 3804 nobis
2498 3737 2943 3803 commissariis
2997 3754 3137 3820 pre·

424 3824 606 3889 dictis
652 3825 729 3890 ad
777 3825 1203 3909 accipiendum
1245 3827 1481 3892 dictum
1528 3828 1891 3892 comitatum
1939 3826 2196 3891 Curzule
2242 3828 2308 3890 et
2352 3825 2579 3891 Melete
2621 3844 2807 3908 quam
2854 3842 2961 3889 vos
2996 3841 3137 3906 pre-

425 3912 785 3977 sentavistis
832 3913 994 3977 infra
1039 3932 1230 3979 unum
1279 3933 1557 3979 mensem
1604 3934 1711 3996 pro
1758 3913 2035 3995 predicto
2082 3913 2381 3978 comitatu
2429 3911 2819 3993 accipiendo,
2869 3913 2932 3974 et
2977 3909 3138 3975 infra

423 3998 576 4064 duos
627 4018 871 4066 menses
917 4002 1058 4083 post
1104 4001 1344 4066 obitum
1394 4002 1731 4084 supradicti
1760 4002 1817 4065 d.
1849 4001 2114 4066 Marsilii
2140 4000 2405 4082 Georgio
2430 3999 2688 4063 dedistis
2736 3997 2911 4063 nobis
2943 3996 3139 4062 libras

423 4087 811 4152 denariorum
860 4090 1215 4153 venetorum
1263 4087 1473 4167 mille,
1520 4091 1593 4152 ut
1635 4089 1874 4154 dictum
1921 4091 2037 4166 est,
2080 4107 2151 4152 ac
2196 4090 2261 4152 et
2297 4086 2472 4151 nobis
2518 4085 2595 4148 ad
2623 4104 2795 4150 sacra
2825 4084 2927 4148 dei
2957 4102 3142 4149 evan-

424 4173 586 4254 gelia
633 4175 886 4240 iurastis
935 4193 1147 4257 regere
1194 4175 1431 4240 dictum
1480 4176 1868 4254 comitatum,
1945 4175 2250 4240 custodire
2299 4177 2363 4239 et
2406 4173 2804 4237 manutenere
2857 4171 3139 4237 homines

431 4260 623 4343 ipsius
671 4260 873 4326 insule
920 4263 985 4326 et
1029 4262 1302 4328 eiusdem
1350 4261 1684 4328 comitatus
1735 4264 2069 4327 secundum
2135 4262 2392 4326 modum
2438 4263 2502 4324 et
2545 4259 2834 4323 formam
2857 4257 3139 4341 superius

424 4348 485 4410 in
533 4351 908 4413 testamento
954 4367 1417 4433 comprensam,
1482 4350 1727 4431 plenam
1784 4353 1850 4414 et
1909 4349 2375 4414 irrevocabilem
2421 4347 2822 4412 securitatem
2869 4346 3133 4411 facimus

421 4452 529 4499 nos
573 4437 848 4502 Jacobus
894 4434 1281 4503 contarenus
1326 4440 1389 4500 et
1434 4435 1743 4502 Antonius
1775 4436 2200 4519 Superantius,
2236 4435 2658 4517 procuratores
2691 4434 2888 4499 sancti
2938 4433 3137 4498 Marci

421 4541 600 4604 super
661 4524 1108 4590 commissariis
1178 4523 1504 4589 constituti
1570 4523 1980 4588 commissarii
2049 4522 2393 4606 supradicti
2457 4520 2690 4586 domini
2728 4518 3002 4585 Marsilii
3059 4519 3136 4584 de

423 4610 679 4676 confinio
727 4631 777 4676 S.
826 4611 1104 4677 Gervasii
1151 4631 1292 4678 cum
1341 4611 1571 4675 nostris
1633 4610 2097 4676 successoribus
2143 4609 2318 4674 vobis
2380 4608 2629 4673 domino
2679 4606 2971 4690 Rugierio
3014 4605 3135 4671 Ge-

424 4698 592 4780 orgio
637 4700 711 4763 de
759 4697 1021 4764 confinio
1066 4699 1269 4765 sancti
1319 4698 1570 4781 Angeli,
1615 4716 1688 4763 ac
1733 4698 1956 4763 vestris
2002 4696 2331 4761 heredibus
2376 4694 2715 4760 secundum
2759 4694 3026 4758 formam
3071 4693 3136 4756 et
