3620 5282
456 314 589 381 240

458 490 753 574 partibus
800 490 1203 574 respondendi
1242 480 1431 574 super
1483 489 1646 556 sacto
1706 490 1902 573 partis
1964 489 2137 570 capte
2207 487 2269 551 in
2336 488 2455 552 isto
2521 486 2777 553 consilio
2840 507 2949 571 per
2994 487 3191 552 totum

459 598 734 644 mensem
782 579 1153 661 septembris
1201 578 1483 661 proximi.

541 669 723 729 Misti
773 670 1013 729 XXVI.
1063 672 1163 740 95,
1210 687 1253 728 u
1290 671 1505 730 arkivu
1544 668 1906 730 mletadkom.

803 858 1216 940 cchVI.
1271 857 1476 940 oon.
1532 856 1755 942 1352.
1809 857 1915 939 24
1969 858 2293 959 srpnja,
2350 879 2409 939 u
2463 856 2853 941 materh.

463 969 819 1043 Dozvoh‘eno
860 968 1178 1043 yradovom
1223 968 1473 1026 Korona
1517 968 1543 1025 i
1586 966 1842 1025 Metonu
1858 1012 1872 1038 ,
1932 967 2012 1025 da
2054 983 2116 1026 se
2160 964 2372 1027 sdruie
2418 984 2460 1026 u
2499 983 2673 1026 savez
2730 984 2802 1025 sa
2845 967 3196 1041 susjednimi

1420 1055 1715 1115 Francezi
1748 1056 1918 1127 proti
1968 1054 2251 1114 Turdinu.

684 1158 870 1223 1352.
911 1157 1011 1222 die
1062 1155 1275 1222 XXIV
1323 1155 1480 1235 iulii,
1532 1158 1748 1240 capta:
1812 1157 1970 1238 quod
2017 1175 2202 1238 super
2264 1156 2490 1221 litteris
2556 1156 2941 1222 transmissis
2987 1157 3193 1221 ducali

463 1247 740 1311 dominio
786 1266 895 1329 per
944 1244 1321 1310 castellanos
1372 1243 1587 1309 Coroni
1638 1245 1702 1308 et
1745 1245 2031 1309 Mothoni
2078 1263 2259 1326 super
2305 1243 2470 1309 facto
2532 1246 2774 1310 unionis
2839 1245 3034 1309 fiende
3084 1262 3193 1326 pro

475 1334 930 1398 incursionibus
979 1332 1400 1410 Turchorum,
1472 1330 1805 1396 consulunt
1864 1331 1979 1396 viri
2038 1331 2274 1396 nobiles
2338 1331 2654 1397 Johannes
2708 1331 3086 1398 contarenus
3132 1334 3197 1396 et

475 1421 763 1486 Andreas
811 1421 1246 1498 MaurocenuS,
1295 1419 1444 1483 olim
1512 1419 1832 1483 castellani
1896 1418 2112 1485 Coroni
2176 1420 2241 1483 et
2301 1418 2616 1498 Mothoni,
2681 1421 2837 1502 quod
2891 1420 3195 1485 scribatur

470 1508 836 1574 castellanis
884 1507 1202 1592 predictiS,
1253 1508 1409 1590 quod
1457 1506 1660 1589 placet
1720 1505 1897 1571 nobis
1961 1508 2027 1571 et
2086 1525 2302 1571 sumus
2363 1508 2636 1571 contenti
2702 1526 2810 1589 pro
2873 1525 3193 1572 conserva-

472 1597 639 1662 tione
682 1596 961 1662 locorum
1014 1597 1076 1658 et
1122 1593 1397 1658 fidelium
1447 1596 1819 1673 nostrorum,
1869 1595 2030 1678 quod
2075 1594 2138 1657 in
2186 1593 2283 1658 dei
2338 1595 2580 1659 nomine
2626 1597 2809 1672 unio,
2859 1614 3041 1677 quam
3088 1594 3195 1659 de-

476 1683 761 1748 scribunt
805 1682 939 1747 fieri
988 1701 1129 1747 cum
1178 1681 1575 1765 Francigenis
1622 1682 2006 1747 circavicinis
2052 1681 2200 1760 suiS‚
2243 1683 2355 1746 fiat
2398 1683 2462 1746 in
2512 1681 2672 1747 hunc
2708 1681 2981 1761 modum,
3029 1682 3197 1747 vide-

464 1770 649 1835 licet:
701 1772 861 1853 quod
907 1789 1015 1852 per
1057 1788 1380 1833 commune
1427 1772 1707 1833 nostrum
1758 1769 2158 1834 Venetiarum
2207 1769 2673 1835 contribuantur
2704 1771 2764 1833 in
2795 1772 3015 1834 unione
3061 1788 3200 1852 pre-

464 1858 641 1923 dicta
686 1859 806 1922 duo
852 1874 1106 1940 corpora
1150 1856 1466 1938 galearum
1533 1859 1596 1921 et
1656 1876 1812 1921 unus
1874 1856 2030 1939 ligni
2092 1857 2429 1935 farnitum,
2486 1860 2550 1922 et
2595 1857 2755 1941 quod
2818 1857 3196 1940 Francigene

466 1946 730 2027 predicti
779 1964 922 2009 cum
970 1944 1096 2008 illis
1143 1945 1219 2008 de
1266 1943 1546 2023 ecclesia,
1595 1944 1699 2026 qui
1745 1946 1822 2010 ad
1869 1945 1983 2009 hoc
2033 1943 2174 2008 hinc
2230 1945 2462 2009 habent
2523 1945 2899 2022 contentari,
2964 1946 3192 2009 contri-

471 2034 668 2097 buant
713 2034 778 2097 et
823 2034 1059 2096 saciant
1103 2034 1253 2095 duas
1299 2035 1509 2114 partes
1557 2050 1959 2114 expensarum
2020 2031 2216 2113 ipsius
2278 2034 2550 2111 armate,
2614 2034 2678 2096 et
2723 2034 2920 2098 nostri
2973 2033 3186 2097 fideles

468 2120 691 2184 deinde
741 2124 870 2184 tam
919 2118 1247 2183 extrinseci
1292 2138 1479 2201 quam
1529 2119 1885 2196 intrinseci,
1946 2119 2048 2201 qui
2117 2122 2367 2202 propter
2423 2120 2654 2185 dictam
2718 2123 3024 2186 armatam
3070 2131 3200 2184 ma-

474 2227 671 2290 gnum
718 2207 1042 2272 comodum
1092 2206 1401 2283 sencient,
1467 2210 1529 2272 et
1576 2206 1867 2271 similiter
1912 2206 2142 2270 debent
2188 2208 2415 2271 sentire
2470 2226 2823 2289 gravamen,
2888 2208 3188 2290 reliquam

472 2298 730 2360 terciam
779 2297 1023 2377 partem
1074 2294 1470 2359 contribuant
1519 2313 1622 2376 per
1666 2294 1918 2358 modum
1968 2295 2346 2358 colectarum
2393 2294 2556 2359 inter
2602 2314 2725 2372 008,
2774 2298 2885 2360 aut
2930 2315 3036 2377 per
3067 2312 3198 2359 mo-

471 2385 619 2447 dum
661 2382 978 2447 daciorum
1028 2381 1532 2463 imponendorum
1580 2381 1676 2446 vel
1724 2381 1927 2460 aliter,
1981 2383 2162 2463 prout
2210 2383 2299 2446 eis
2365 2382 2585 2447 melius
2642 2384 3001 2465 apparebit,
3069 2401 3198 2447 ces-

469 2471 755 2535 santibus
802 2469 956 2552 ipsis
1004 2488 1040 2532 a
1086 2468 1417 2547 fortiliciiS,
1469 2487 1624 2551 quas
1670 2468 1876 2534 facere
1926 2469 2343 2551 portulabant,
2385 2470 2531 2552 quia
2577 2490 2687 2554 per
2733 2471 2893 2535 hunc
2942 2470 3195 2534 modum

469 2558 682 2622 fideles
731 2557 928 2622 nostri
975 2560 1039 2621 et
1081 2555 1175 2620 sui
1222 2556 1299 2620 ab
1347 2557 1802 2621 incursionibus
1851 2556 2222 2639 perfidorum
2269 2557 2657 2622 Turchorum
2691 2557 2857 2621 illesi
2903 2558 3195 2641 poterunt

470 2664 853 2730 permanere.
901 2645 985 2708 Et
1031 2644 1172 2727 quia
1221 2645 1316 2709 illi
1365 2645 1439 2709 de
1486 2644 1670 2709 Mena
1716 2645 1826 2709 alii
1871 2645 1949 2709 ad
1991 2646 2107 2710 hoc
2154 2646 2507 2710 contentare
2554 2646 2952 2724 videbantur,
3018 2647 3194 2728 pote-

473 2737 622 2799 runt
670 2751 772 2798 eos
821 2733 1078 2798 etalios
1124 2732 1200 2796 de
1246 2732 1387 2796 aliis
1435 2732 1715 2815 partibus
1760 2733 2234 2810 circumvicinis,
2284 2733 2387 2815 qui
2434 2734 2554 2799 sibi
2578 2734 2948 2812 viderentur,
2996 2731 3199 2816 requi—

471 2841 612 2886 rere
661 2822 727 2885 et
768 2821 1054 2886 inducere
1101 2822 1180 2884 ad
1225 2821 1734 2885 contribuendum
1792 2820 2027 2902 aliquid
2090 2821 2151 2884 in
2209 2821 2433 2885 unione
2480 2822 2757 2905 predicta
2817 2840 2924 2904 pro
2997 2822 3195 2886 salute

472 2912 540 2974 et
589 2909 1045 2974 conservatione
1094 2926 1204 2972 sua
1252 2909 1316 2972 et
1354 2926 1604 2973 suorum
1652 2926 1791 2972 cum
1840 2907 1968 2972 illis
2014 2907 2256 2984 verbis,
2304 2927 2421 2991 que
2467 2910 2554 2974 eis
2614 2910 2691 2973 ad
2753 2909 2869 2973 boc
2915 2906 3198 2973 conveni-

475 2995 652 3062 encia
702 2996 1093 3074 videbuntur,
1146 2997 1209 3059 et
1255 2996 1414 3078 quod
1478 2994 1629 3059 dicti
1686 2996 2013 3060 castellani
2075 2996 2432 3077 provideant
2493 2998 2705 3061 deinde
2766 2996 2842 3060 de
2907 2996 3201 3062 armando

475 3082 689 3168 galeas
738 3085 803 3147 et
847 3083 1088 3166 lignum
1128 3083 1474 3165 predictum
1519 3085 1706 3164 prout
1751 3082 1976 3146 melius
2022 3085 2332 3164 poterunt,
2380 3087 2443 3147 et
2489 3085 2649 3167 quod
2680 3084 3058 3166 capitaneria
3104 3103 3198 3149 re-

474 3172 728 3235 maneat
769 3170 1016 3247 nostriS,
1066 3171 1245 3251 prout
1288 3169 1604 3249 scribunt3
1653 3189 1769 3252 que
1822 3171 1960 3233 unio
2007 3170 2226 3234 durare
2249 3170 2491 3250 debeat,
2539 3174 2612 3236 ut
2654 3172 2962 3253 profectus
3010 3172 3202 3254 ipsius

478 3257 673 3323 videri
721 3257 979 3340 possint,
1026 3276 1137 3339 per
1185 3275 1372 3320 unum
1435 3276 1658 3320 annum
1723 3256 1799 3321 ab
1864 3257 2209 3339 inceptione
2275 3261 2511 3324 armate
2576 3259 2872 3324 eiusdem.
2952 3258 3202 3341 Scripta

474 3344 836 3409 castellanis
883 3342 983 3408 die
1030 3345 1068 3406 8
1108 3344 1373 3426 augusti,
1424 3343 1721 3426 replicata
1766 3344 1865 3407 die
1909 3344 1991 3408 28
2041 3346 2314 3428 augusti.

558 3433 743 3494 Miser
785 3436 909 3508 knj.
964 3434 1093 3492 XX
1106 3435 1205 3493 VI.
1254 3436 1355 3504 95,
1402 3452 1445 3493 u
1490 3436 1705 3493 arkivu
1748 3435 2110 3495 mletackom.

758 3603 1196 3688 CCCLVU.
1251 3605 1459 3688 God.
1516 3606 1739 3691 1352.
1794 3609 1838 3689 l
1889 3607 2340 3707 kolovoza,
2397 3630 2457 3690 u
2511 3564 2901 3691 Mletcih.

474 3715 705 3778 Nalaie
750 3733 812 3775 se
857 3717 1046 3775 knezu
1090 3717 1113 3774 i
1156 3716 1393 3774 sudeem
1437 3716 1756 3786 hvarskim,
1817 3717 1897 3776 da
1937 3718 2119 3789 njeku
2180 3718 2410 3776 odsudu
2455 3718 2695 3777 neovrse
2713 3763 2726 3787 ,
2790 3718 2957 3778 doklc
2999 3734 3061 3777 se
3105 3735 3204 3778 ne-

744 3804 889 3864 ricsi
933 3803 1268 3872 marmarica,
1316 3804 1604 3878 obstojeca
1647 3805 1846 3877 medju
1893 3806 2197 3878 biskupom
2242 3807 2266 3863 i
2312 3805 2573 3864 obdinom
2616 3805 2950 3866 hvarskom.

690 3907 877 3971 1352.
925 3907 1022 3971 die
1068 3905 1267 3988 primo
1313 3906 1583 3988 augusti,
1635 3910 1854 3989 capta:
1925 3925 2066 3971 cum
2114 3926 2221 3988 per
2268 3908 2642 3991 potestatem
2689 3909 2972 3974 nostrum
3015 3908 3208 3973 Farre

479 3997 544 4060 et
589 3996 782 4060 Brace
829 3995 894 4060 et
937 3993 1173 4059 iudices
1219 3993 1437 4058 deinde
1479 3993 1648 4058 facta
1692 3994 1882 4059 fuerit
1941 3995 2203 4077 quedam
2251 3995 2686 4061 condemnatio
2733 3999 2945 4062 contra
2990 4014 3205 4078 quem·
3257 4011 3262 4018 ·

476 4083 624 4148 dam
671 4079 995 4148 officialem
1043 4081 1311 4164 episcopi
1355 4082 1561 4159 Farre,
1611 4081 1675 4145 et
1721 4081 1918 4146 multe
1982 4081 2330 4148 differencie
2379 4084 2442 4148 et
2487 4085 2844 4166 questiones
2911 4084 3206 4148 ventilato

472 4172 602 4236 sint
648 4172 712 4235 et
756 4168 1214 4253 presentialiter
1260 4168 1639 4233 ventilentur
1683 4168 1846 4233 inter
1893 4169 2035 4234 illos
2083 4171 2155 4235 de
2205 4171 2397 4235 Farra
2431 4190 2502 4234 ex
2535 4190 2657 4236 una
2682 4174 2857 4253 parte
2904 4173 2967 4234 et
3001 4172 3200 4252 ipsum

476 4257 835 4339 episcopum
885 4277 958 4322 ex
1001 4257 1216 4335 altera,
1265 4256 1486 4338 quibus
1530 4256 1941 4339 pendentibus
1975 4258 2157 4340 plena
2188 4257 2541 4323 informatio
2586 4257 2661 4322 de
2708 4258 2876 4321 dicta
2923 4257 3208 4322 condem·

475 4345 727 4409 natione
773 4345 990 4424 haberi
1037 4364 1153 4408 non
1201 4346 1440 4426 posset:
1504 4345 1676 4409 vadit
1736 4363 1903 4427 pars,
1970 4345 2131 4428 quod
2195 4345 2503 4410 scribatur
2569 4346 2733 4410 dicto
2795 4343 3099 4425 potestati
3145 4346 3208 4407 et

475 4430 802 4509 iudicibuS,
849 4431 1009 4515 quod
1057 4432 1490 4514 supersedeant
1530 4451 1712 4513 super
1738 4434 2146 4514 exequutione
2195 4433 2388 4515 ipsius
2412 4431 2958 4510 condemnationis,
3006 4430 3199 4495 donec

477 4537 690 4583 omnes
722 4520 897 4584 dicte
946 4521 1294 4601 questiones
1337 4522 1402 4583 et
1446 4517 1785 4583 differentie
1849 4520 2079 4585 fuerint
2140 4521 2258 4583 fine
2321 4519 2531 4584 debito
2591 4519 2940 4584 terminate.
3013 4519 3093 4583 Et
3140 4519 3193 4583 si

478 4605 811 4672 consilium
859 4608 977 4671 etc.
1025 4607 1130 4684 44,
1178 4606 1298 4683 49;
1348 4606 1423 4670 de
1470 4624 1590 4670 non
1638 4606 1745 4686 38,
1796 4608 1878 4671 37
1904 4631 1918 4686 3
1967 4626 2087 4671 non
2133 4607 2358 4673 sinceri
2411 4608 2510 4687 12,
2563 4606 2665 4673 10.

559 4696 740 4758 Misti
789 4696 1029 4757 XXVI.
1078 4698 1178 4770 95,
1225 4714 1269 4757 u
1311 4696 1653 4758 mzetaekom
1687 4698 1920 4758 arkivu.
