3620 5282
3073 352 3192 416 117

461 520 622 586 tario
665 521 792 587 viso
834 521 899 586 et
929 521 1108 600 lecto,
1157 521 1470 605 requirens
1503 527 1771 601 nomine,
1817 542 1935 607 quo
1977 543 2180 606 supra,
2227 525 2392 590 cives
2436 543 2669 602 omnes,
2724 526 3192 592 universitatem

461 611 524 673 et
572 627 897 673 comumne
944 608 1120 687 Arbi,
1170 613 1239 674 ut
1284 610 1493 676 venire
1556 616 1619 676 et
1666 612 1960 677 inclinare
2008 612 2271 678 debeant
2324 615 2400 677 ad
2442 613 2906 690 subiectionem,
2958 618 3194 695 protec-

464 697 692 761 tionem
749 699 812 761 et
872 697 1238 761 fidelitatem
1302 702 1659 780 perpetuam
1725 699 1958 764 domini
2017 699 2192 765 ducis
2242 701 2645 766 Veneciarum
2708 700 2772 764 et
2833 701 2963 765 eius
3025 720 3193 767 oom-

462 784 683 848 munis.
735 784 1147 849 Accesserunt
1191 804 1395 850 coram
1435 805 1504 851 eo
1553 789 1668 853 viri
1731 787 1965 853 nobiles
2027 806 2126 852 ser
2189 788 2540 871 Stephanus
2603 789 2676 851 de
2728 788 3030 865 Dominis,
3097 808 3195 853 ser

464 871 757 936 Nicolaus
810 873 886 937 de
934 871 1218 949 Cernota,
1267 892 1366 937 ser
1411 875 1593 939 Pribe
1641 877 1713 940 de
1755 875 2147 949 Martinusio‚
2197 895 2297 941 ser
2341 877 2712 941 Hermolaus
2776 876 3032 941 condam
3097 897 3194 940 ser

462 958 644 1024 Cibre
691 960 765 1023 de
810 961 1165 1037 Hermolao,
1213 979 1326 1025 nec
1373 979 1489 1025 non
1540 961 1753 1027 Oreste
1794 965 1867 1028 de
1914 963 2231 1046 Bubogna‚
2298 963 2509 1029 Oreste
2566 965 2640 1027 de
2707 964 2941 1036 Bomio,
3004 965 3195 1029 Fran-

459 1048 630 1112 zolus
678 1050 752 1113 de
798 1047 996 1112 Dome
1043 1052 1106 1112 et
1149 1049 1509 1114 Dominicus
1547 1052 1621 1115 de
1685 1050 1951 1130 Machia,
2002 1054 2297 1134 tanquam
2344 1053 2582 1129 sindici,
2648 1055 3072 1132 procuratores
3133 1053 3197 1116 et

457 1137 692 1199 actores
740 1135 1183 1212 universitatis,
1249 1138 1715 1203 communitatis
1778 1142 1843 1202 et
1905 1138 2133 1204 civium
2196 1141 2470 1203 omnium
2540 1139 2950 1221 predictorum
3015 1139 3191 1217 Arbi,

462 1226 529 1296 ut
590 1223 664 1286 de
726 1241 933 1288 eorum
993 1223 1304 1289 sindicatu
1368 1244 1475 1307 per
1566 1227 1879 1308 publicum
1943 1226 2425 1292 instrumentum
2503 1227 2796 1309 scriptum
2861 1231 2927 1291 et
2986 1229 3191 1291 actum

458 1308 614 1374 Arbi
679 1311 740 1375 in
796 1311 1139 1377 cancelaria
1201 1313 1546 1377 communis
1617 1314 1891 1378 eiusdem
1955 1333 2063 1397 per
2123 1333 2222 1378 me
2270 1314 2573 1378 notarium
2620 1314 3081 1396 infrascriptum
3131 1315 3193 1379 in

461 1397 752 1479 predictis
802 1399 1155 1476 millesimo,
1207 1400 1540 1464 indictione
1587 1405 1650 1464 et
1695 1403 1792 1467 die
1841 1419 1998 1465 nono
2043 1403 2271 1466 mensis
2321 1402 2691 1480 novembris,
2760 1401 2920 1467 inter
2988 1405 3196 1467 cetera.

459 1487 793 1564 continenS,
847 1488 1084 1551 nobiles
1131 1490 1193 1551 et
1240 1488 1550 1570 sapientes
1595 1490 1708 1554 viri
1757 1508 1856 1554 ser
1903 1488 2087 1553 Salbe
2158 1490 2233 1554 de
2296 1488 2598 1565 Gauzina,
2662 1508 2761 1554 ser
2820 1490 3191 1555 Hermolaus

458 1574 710 1638 condam
761 1593 860 1638 ser
909 1575 1146 1640 Nicolai
1193 1574 1268 1639 de
1317 1576 1650 1641 Hermolao
1697 1579 1762 1642 et
1809 1596 1910 1642 ser
1955 1576 2220 1641 Colanus
2266 1578 2339 1642 de
2389 1576 2713 1651 Zudenico,
2775 1575 3007 1641 iudices
3045 1577 3195 1641 civi·

460 1662 608 1725 tatis
660 1660 980 1735 Arbensis,
1029 1664 1399 1728 auctoritate
1449 1666 1512 1728 et
1558 1664 1749 1729 bailia
1794 1665 1885 1729 eis
1932 1683 2222 1730 concessa
2277 1667 2342 1729 et
2387 1665 2659 1729 atributa
2724 1663 2786 1727 in
2849 1663 3068 1728 maiori
3132 1666 3196 1730 et

457 1750 729 1831 generali
777 1750 1032 1815 consilio
1078 1751 1350 1816 civitatis
1385 1751 1676 1834 predicte,
1728 1755 1797 1816 ut
1844 1755 2021 1835 patet
2064 1752 2126 1815 in
2160 1753 2602 1817 reformacione
2634 1755 2896 1836 quadam
2932 1751 3191 1829 consilii,

460 1836 692 1919 scripta
741 1837 801 1901 in
850 1840 1150 1920 quaterno
1196 1838 1705 1904 reformationum
1754 1840 1907 1905 dicti
1948 1840 2289 1904 communis
2336 1842 2451 1906 sub
2512 1838 2773 1904 instanti
2838 1839 3192 1916 millesimo,

464 1923 799 1990 indictione
847 1930 910 1990 et
956 1925 1074 2004 die,
1124 1947 1232 2009 per
1295 1947 1394 1991 ser
1435 1926 1784 1993 Johannem
1847 1929 1921 1992 de
1984 1927 2243 1993 Nordile
2289 1930 2362 1993 de
2409 1926 2649 2005 Ymola,
2695 1926 2964 1992 eiusdem
3029 1945 3195 1992 com-

465 2011 667 2077 munis
715 2013 1100 2091 cancellario,
1144 2015 1202 2077 in
1252 2033 1371 2097 qua
1416 2015 1919 2081 substancialiter
1965 2016 2235 2093 cavetur,
2287 2017 2356 2081 ut
2399 2015 2615 2080 sindici
2666 2014 3042 2098 infrascripti
3086 2016 3197 2080 ha-

466 2099 653 2165 beant
701 2118 936 2166 meram
984 2102 1372 2183 facultatem,
1419 2103 1626 2167 omnia
1673 2103 2071 2187 infrascripta
2117 2104 2473 2186 peragendi,
2525 2103 2831 2168 tractandi
2902 2104 2967 2165 et
3033 2102 3192 2166 ordi-

463 2187 671 2264 nandi,
721 2188 863 2271 quia
908 2189 971 2253 in
1021 2191 1156 2272 ipsa
1199 2191 1374 2272 parte
1424 2188 1673 2254 fuerunt
1718 2192 2078 2275 octuaginta
2122 2210 2312 2255 unum
2364 2192 2435 2255 de
2485 2191 2593 2266 sic,
2644 2190 2849 2254 nullus
2912 2188 2988 2254 de
3050 2209 3188 2268 non,

458 2275 523 2338 et
559 2277 824 2358 quatuor
869 2277 944 2340 de
984 2296 1103 2342 non
1149 2277 1393 2352 sinceri,
1443 2277 1737 2356 fecerunt,
1786 2280 2243 2345 constituerunt
2289 2281 2352 2344 et
2398 2279 2833 2342 ordinaverunt
2879 2277 3037 2341 viros
3087 2295 3196 2341 no-

458 2361 615 2426 biles
662 2382 759 2426 ser
809 2362 1192 2447 Stephanum
1244 2367 1316 2429 de
1367 2365 1672 2442 Dominis,
1723 2386 1824 2430 ser
1868 2366 2188 2432 Nicolaum
2255 2366 2329 2431 de
2379 2365 2659 2442 Cernota,
2719 2385 2819 2429 ser
2866 2364 3053 2429 Pribe
3117 2363 3194 2431 de

460 2450 864 2516 Martinussio
912 2455 975 2517 et
1039 2473 1136 2518 ser
1183 2452 1585 2518 Hermolaum
1654 2455 1913 2519 condam
1976 2474 2074 2519 ser
2121 2452 2304 2519 Cibre
2365 2455 2438 2517 de
2486 2453 2838 2531 Hermolao,
2903 2471 3013 2517 nec
3076 2470 3196 2517 non

461 2535 671 2603 Oreste
718 2538 794 2603 de
846 2541 1163 2624 Bubogna,
1204 2540 1418 2606 Creste
1462 2543 1534 2605 de
1581 2541 1821 2620 Bomio,
1872 2542 2244 2607 Franzolum
2292 2543 2364 2606 de
2414 2542 2630 2617 Dome,
2691 2543 2756 2606 et
2802 2540 3193 2606 Dominicum

458 2623 532 2690 de
582 2626 848 2706 Machia,
899 2630 1214 2711 presentes
1261 2630 1324 2694 et
1368 2629 1733 2695 mandatum
1779 2633 1993 2712 sponte
2034 2629 2402 2713 recipientes
2465 2649 2675 2694 eorum
2725 2631 2788 2694 et
2845 2627 2998 2694 dicti
3056 2648 3198 2694 con·

461 2713 581 2777 silii
635 2718 699 2778 et
742 2718 1085 2781 communis
1135 2736 1309 2782 veros
1355 2717 1646 2796 sindicoS,
1694 2720 1954 2797 actores,
2009 2720 2434 2800 procuratores
2481 2721 2544 2783 et
2589 2717 2858 2793 nuntios,
2907 2717 2985 2781 et‘
3013 2734 3199 2799 nego·-

459 2803 685 2867 tiorum
713 2806 1011 2886 gestoreS,
1061 2805 1415 2887 specialiter
1457 2806 1530 2869 ad
1581 2806 2062 2887 comparendum
2112 2824 2315 2871 coram
2358 2806 2606 2888 egregio
2653 2807 2718 2869 et
2762 2803 3028 2885 sapienti
3068 2806 3197 2869 viro

458 2889 706 2954 domino
759 2892 1062 2957 Lodovico
1106 2892 1439 2970 Loredano,
1489 2892 1619 2958 cive
1664 2893 2070 2958 Veneciarum
2142 2894 2501 2964 honorabili,
2573 2892 2886 2975 provisore
2955 2891 3196 2955 ducalis

458 2978 715 3042 dominii
759 2980 1136 3045 Venetorum
1183 2982 1259 3043 ad
1305 2980 1553 3045 felicem
1599 2984 1909 3046 armatam
1949 2981 2104 3045 dicti
2149 2981 2495 3045 communis
2532 2978 2935 3044 veneciarum
2984 2982 3047 3043 et
3092 2997 3196 3043 ca-

460 3067 786 3145 petaneum
836 3066 1046 3134 decem
1097 3069 1421 3152 galearum
1472 3088 1633 3133 nunc
1682 3070 1744 3133 in
1790 3068 2173 3133 obsidionem
2237 3068 2509 3132 civitatis
2558 3068 2856 3131 Arbensis
2928 3066 3196 3131 existen-

458 3151 638 3229 tium,
689 3155 1095 3220 constitutum
1146 3175 1251 3237 per
1298 3156 1617 3239 egregium
1667 3158 1731 3221 et
1776 3175 2142 3239 generosum
2193 3156 2532 3239 sapientem
2582 3157 2646 3219 et
2708 3154 3045 3219 belicosum
3109 3153 3201 3217 vi-

456 3258 594 3303 rum
639 3241 952 3307 dominum
1002 3243 1314 3308 Victorem
1363 3245 1658 3309 Pisanum
1730 3244 2005 3309 eiusdem
2069 3246 2308 3309 armate
2370 3242 2719 3326 generalem
2780 3242 3196 3324 capitaneum,

458 3346 569 3391 nec
616 3348 736 3392 non
782 3349 889 3410 per
936 3331 1091 3396 alios
1136 3333 1481 3413 provisores
1523 3332 1904 3397 consiliarios
1953 3332 2224 3396 eiusdem
2275 3330 2509 3395 domini
2558 3330 2881 3412 capitanei,
2932 3333 2996 3392 et
3038 3328 3201 3393 ordi-

459 3422 668 3480 natum
721 3422 784 3480 et
828 3417 1062 3483 factum
1112 3419 1440 3497 sindicum,
1490 3423 1971 3500 procuratorem,
2010 3423 2282 3485 actorem
2327 3417 2676 3502 generalem
2742 3422 2805 3481 et
2866 3418 3196 3499 specialem

460 3503 535 3565 ad
572 3503 685 3569 hec
733 3504 1127 3588 infrascripta
1176 3509 1238 3571 et
1283 3507 1407 3571 alia
1440 3508 1767 3571 tractanda
1812 3512 1876 3572 et
1920 3508 2414 3590 percomplenda,
2466 3508 2648 3588 prout
2693 3504 2757 3569 in
2806 3507 2939 3571 eius
2987 3506 3202 3568 aucto-

458 3591 642 3656 ritate
689 3597 959 3671 cavetur,
1004 3596 1068 3659 et
1113 3614 1177 3657 se
1221 3594 1467 3659 nomine
1515 3593 1665 3659 dicti
1716 3595 2057 3677 regiminis,
2107 3595 2345 3659 consilii
2396 3597 2458 3658 et
2504 3594 2846 3658 communis
2889 3591 3200 3656 subicien-

457 3679 602 3742 dum
654 3683 972 3761 potestati,
1017 3681 1453 3765 gubernationi
1499 3683 1564 3767 et
1611 3682 1884 3747 dominio
1933 3682 2128 3747 incliti
2177 3681 2414 3747 ducalis
2477 3681 2734 3744 dominii
2785 3680 3197 3745 Veneciarum

462 3768 789 3847 prenotati,
840 3772 902 3834 et
950 3789 1054 3852 pro
1102 3768 1279 3844 bono,
1331 3770 1581 3850 pacifico
1628 3774 1815 3852 atque
1867 3770 2033 3835 felici
2099 3771 2266 3834 statu
2333 3768 2481 3832 dicti
2550 3768 2892 3851 regiminis,
2957 3767 3197 3830 consilii

459 3856 522 3917 et
571 3859 914 3921 communis
964 3856 1296 3939 recipiendi
1347 3858 1549 3939 ipsum
1599 3860 1913 3922 dominum
1965 3859 2339 3939 provisorem
2391 3858 2456 3920 et
2502 3858 2895 3938 capitaneum
2950 3855 3197 3917 nomine

459 3945 523 4003 et
570 3942 700 4006 vice
748 3945 899 4010 dicti
951 3945 1187 4009 ducalis
1236 3946 1512 4020 dominii,
1558 3946 1797 4009 consilii
1833 3948 1896 4009 et
1936 3944 2284 4009 communis
2321 3943 2725 4007 Veneciarum
2762 3943 2824 4005 in
2858 3940 3199 4016 dominum,

461 4031 782 4109 rectorem,
831 4034 1330 4115 gubernatorem,
1382 4034 1786 4115 protectorem
1853 4036 1918 4097 et
1973 4033 2376 4096 deffensorem
2439 4031 2587 4094 dicti
2655 4029 2995 4111 regiminiS,
3055 4047 3201 4092 con-

458 4116 582 4180 silii
626 4123 690 4181 et
736 4122 1082 4185 communis
1125 4120 1442 4197 ArbensiS,
1493 4119 1589 4184 vel
1639 4139 1791 4204 quos
1840 4120 2256 4197 substituerit,
2310 4118 2651 4182 decreverit
2697 4121 2759 4180 et
2805 4115 3199 4191 ordinaverit,

459 4202 628 4268 iuxta
669 4210 955 4290 antiquas
995 4209 1315 4273 libertates
1364 4210 1428 4272 et
1476 4209 1927 4273 iurisdictiones
1975 4208 2124 4272 dicti
2174 4205 2517 4272 communis
2567 4203 2887 4279 ArbensiS,
2936 4203 3202 4266 fidelita-

458 4295 580 4355 tem
633 4299 997 4377 perpetuam
1048 4298 1112 4361 et
1157 4297 1604 4361 subiectionem
1654 4295 1712 4359 in
1765 4295 2053 4359 manibus
2099 4294 2250 4381 eiuS,
2300 4292 2544 4358 nomine
2593 4310 2710 4375 quo
2774 4309 2978 4373 supra,
3047 4291 3198 4354 reci-

459 4381 682 4459 pientis
733 4383 1058 4447 iurandum
1111 4390 1174 4447 et
1231 4402 1412 4449 omne
1481 4402 1674 4465 genus
1746 4383 2121 4447 sacramenti
2191 4382 2604 4446 necessarium
2674 4381 2748 4444 ad
2814 4378 2956 4442 inde
3018 4396 3201 4461 expo-

461 4470 722 4533 nendum
779 4474 843 4535 et
890 4490 1065 4535 versa
1114 4472 1245 4535 vice
1291 4468 1716 4552 recipiendum
1766 4470 1846 4533 ab
1894 4489 1963 4533 eo
2011 4469 2323 4552 provisore
2365 4470 2429 4533 et
2475 4469 2790 4550 capitaneo
2852 4469 3195 4548 prenotato,

461 4556 707 4620 nomine
769 4576 888 4638 quo
940 4577 1145 4640 supra,
1212 4560 1566 4623 caucionem
1632 4558 2075 4621 neccessariam
2122 4558 2187 4621 et
2244 4556 2673 4639 opportunam,
2718 4554 3198 4628 sacramentum,

459 4648 519 4702 et
569 4645 771 4719 fidem,
827 4649 889 4709 et
937 4646 1163 4723 omnia,
1213 4665 1329 4728 que
1378 4645 1779 4726 requiruntur
1829 4644 2166 4708 secundum
2230 4644 2396 4726 leges
2450 4644 2514 4706 et
2573 4641 2994 4706 observantias
3066 4644 3195 4702 tam

458 4733 803 4796 communis
851 4731 1146 4810 iadecti,
1195 4733 1540 4797 communis
1585 4730 2013 4803 Veneciarum,
2059 4732 2125 4795 et
2166 4730 2540 4814 generaliter
2586 4726 2663 4793 ad
2714 4727 2920 4792 omnia
2965 4727 3030 4791 et
3075 4726 3200 4790 sin-
