3620 5282
2983 369 3096 469 ..23

374 541 757 618 spondeatur,
808 540 966 622 quod
1017 557 1233 609 sumus
1283 540 1341 602 In
1391 539 1559 603 brevi
1609 538 1862 603 missuri
1902 558 2089 604 unum
2139 541 2420 605 nostrum
2453 543 2742 606 nuntium
2780 544 2853 607 ad
2893 545 3099 626 partes

376 625 534 702 illae,
576 627 681 710 qui
728 628 871 692 viva
935 647 1081 692 voce
1144 629 1539 710 respondebit
1599 627 1845 691 domino
1910 629 2106 690 banno
2166 647 2350 710 super
2395 629 2681 693 omnibus
2729 632 2792 693 et
2837 633 3101 713 singulis

373 732 559 796 supra
599 716 806 780 dictis.
850 716 932 779 Et
979 735 1049 781 ex
1094 734 1255 780 nunc
1303 717 1390 779 sit
1435 716 1707 797 captum,
1768 717 1927 797 quod
1975 734 2085 797 pro
2134 714 2530 780 extimatione
2577 715 2782 780 fienda
2842 718 2917 782 de
2963 738 3103 800 pos-

373 800 747 867 sessionibus
796 804 1147 868 nostrorum
1215 804 1353 867 sitis
1402 803 1462 866 in
1510 802 1703 869 Jadra
1750 807 1814 865 et
1859 803 2040 867 Nona
2086 803 2377 868 mittatur
2422 822 2544 867 una
2591 804 2903 869 sufficiens
2965 826 3105 888 per-

374 907 522 953 sona
566 888 641 952 ad
702 892 1036 955 terminum
1085 891 1434 957 ordinatum
1485 910 1596 973 per
1633 892 1922 969 bannum,
1970 891 2066 954 cui
2115 892 2303 955 etiam
2347 892 2775 956 committatur
2836 912 2924 970 ea,
2989 913 3104 975 que

374 975 737 1042 videbuntur
784 978 887 1043 isti
936 979 1215 1055 consilio,
1265 982 1395 1042 tam
1438 998 1622 1061 super
1670 978 2174 1060 responsionibus
2233 979 2448 1057 fiendis
2497 979 2574 1042 ad
2638 979 2935 1061 requisiva
2997 1001 3105 1063 per

374 1064 665 1140 bannum,
715 1084 890 1145 quam
939 1085 1123 1148 super
1165 1066 1421 1149 negocia
1465 1070 1813 1130 nostrorum
1849 1065 2126 1129 fidelium
2163 1066 2524 1131 habentium
2566 1068 2653 1132 ibi
2690 1086 2892 1150 agere,
2942 1070 3106 1133 sicut

375 1150 683 1215 videbitur
729 1152 994 1218 dominio
1042 1158 1107 1218 et
1151 1154 1256 1218 isti
1290 1154 1549 1219 consilio
1595 1153 2026 1218 ordinandum.

461 1242 641 1301 Misti
689 1241 917 1304 XXIX
962 1247 1065 1323 43,
1108 1263 1150 1305 u
1193 1245 1352 1305 mlet.
1402 1245 1636 1304 arkivu.

783 1432 1066 1543 xlm.
1122 1433 1329 1516 God.
1386 1434 1620 1517 1360.
1675 1432 1726 1514 6
1783 1431 2147 1535 veljaoffi
2197 1457 2258 1516 u
2312 1433 2710 1517 Mlctcih.

370 1559 541 1618 Nelea
589 1576 649 1618 sc
685 1559 823 1631 pise
869 1559 1029 1617 bana
1069 1558 1466 1629 hrvatskomu‚
1514 1559 1594 1617 da
1639 1560 1762 1631 ng'je
1806 1559 2043 1633 moqude
2089 1577 2129 1617 u
2176 1560 2362 1618 ovako
2407 1560 2619 1619 kratko
2687 1561 2837 1619 deba
2897 1562 3103 1633 odpre·

369 1648 504 1706 miti
538 1648 865 1720 poslanika
901 1663 945 1705 u
981 1649 1153 1719 postu
1190 1651 1469 1721 procienc
1506 1647 1732 1705 dobara
1761 1647 2074 1705 mletackih
2103 1648 2409 1720 podanika
2453 1665 2497 1705 u
2547 1647 2757 1706 Zadru
2788 1649 2812 1705 i
2841 1666 2882 1705 u
2914 1648 3104 1708 Nina,

374 1752 516 1810 neyo
561 1735 641 1793 da
686 1734 748 1793 de
791 1750 852 1793 se
899 1739 955 1792 to
1000 1735 1215 1795 obavz'ti
1260 1735 1640 1807 bezdvojbeno
1687 1736 1927 1809 iccajem
1971 1735 2203 1808 obusta,
2245 1736 2269 1794 i
2313 1735 2394 1793 da
2438 1735 2499 1794 έε
2544 1752 2645 1793 mu
2692 1736 2781 1809 taj
2815 1735 3105 1807 poslanik

633 1823 855 1881 deuicti
898 1822 1150 1897 odyovor
1188 1842 1271 1883 na
1317 1841 1446 1897 ono,
1495 1822 1583 1881 §to
1618 1825 1685 1896 jc
1718 1840 1804 1895 po
1851 1823 2085 1881 listovih
2131 1822 2154 1881 i
2184 1840 2267 1895 po
2303 1823 2633 1895 poslaniku
2665 1823 2853 1896 Javio.

593 1943 759 2008 1359
808 1943 1139 2008 indictione
1178 1944 1352 2024 XIII,
1403 1943 1500 2008 die
1548 1944 1719 2008 sexto
1767 1943 2080 2008 februarii.
2131 1942 2478 2008 Consiliarii
2511 1947 2573 2008 et
2607 1942 2829 2025 capita.
2869 1942 3102 2023 Capta:

375 2051 515 2096 cum
568 2032 765 2115 pridie
828 2031 1017 2095 fuerit
1080 2034 1328 2114 captum
1383 2032 1459 2096 de
1523 2031 1827 2096 mittendo
1889 2050 2079 2094 unum
2153 2032 2462 2096 notarIum
2525 2032 2597 2096 ad
2662 2033 2870 2113 partes
2932 2030 3107 2094 Scla-

375 2120 546 2184 vonie
594 2139 702 2202 pro
734 2119 1135 2184 extimatione
1169 2121 1621 2202 possessionum
1656 2121 2001 2184 nostrorum
2035 2120 2433 2196 Venetorum,
2482 2138 2599 2202 que
2631 2124 2778 2182 sunt
2822 2121 2880 2182 in
2915 2118 3107 2183 Jadra

376 2212 441 2271 et
488 2209 547 2271 in
598 2209 800 2283 Nona,
850 2212 912 2270 et
962 2226 1067 2288 pro
1114 2208 1607 2288 responsionibus
1666 2208 1884 2271 fiendis
1932 2206 2178 2271 domino
2241 2207 2442 2271 banno
2502 2206 2578 2270 ad
2640 2206 2940 2288 requisita
2999 2224 3107 2287 per

376 2315 536 2373 eum,
598 2297 663 2360 et
704 2296 1031 2367 terminus,
1078 2295 1153 2358 ad
1189 2314 1369 2376 quem
1414 2294 1617 2359 iddem
1655 2296 1906 2359 nuntius
1944 2296 2032 2358 ire
2065 2294 2345 2371 debebat,
2396 2299 2491 2359 est
2521 2294 2611 2359 ita
2641 2294 2864 2371 brevis,
2900 2293 3107 2357 silicet

373 2383 450 2446 ad
502 2383 768 2464 primam
819 2383 1193 2447 dominicam
1242 2382 1353 2446 XL
1400 2382 1944 2467 (quadragesime),
1994 2383 2154 2465 quod
2201 2383 2456 2446 comode
2503 2383 2632 2447 fieri
2688 2401 2802 2445 non
2861 2384 3103 2463 posset;

368 2472 538 2535 vadit
582 2488 738 2552 pars,
789 2471 946 2553 qnod
993 2471 1304 2535 scribatur
1348 2470 1513 2534 dicto
1560 2472 1783 2546 banne,
1836 2468 1996 2552 quod
2045 2472 2298 2553 propter
2344 2469 2790 2553 impedimenta
2830 2473 2894 2533 et
2925 2488 3107 2551 prop-

367 2564 461 2622 ter
512 2558 762 2622 termini
810 2559 1183 2623 brevItatem
1228 2558 1431 2641 ipsum
1482 2559 1768 2622 nuntium
1817 2558 2065 2621 mittere
2115 2577 2232 2623 non
2267 2576 2592 2639 possumus
2635 2557 2709 2620 ad
2746 2557 3103 2635 terminum,

366 2648 473 2710 sed
521 2666 716 2728 usque
764 2666 872 2729 per
911 2649 1110 2710 totum
1162 2662 1442 2710 mensem
1488 2648 1706 2710 marcii
1753 2649 1957 2728 ipsum
2020 2648 2342 2710 mittemus
2403 2645 2536 2710 sine
2601 2645 2749 2709 fallo
2806 2649 2931 2710 tam
2996 2663 3104 2726 pro

370 2734 767 2800 extimatione
815 2734 1089 2816 predicta
1135 2753 1320 2817 quam
1371 2752 1478 2815 pro
1525 2734 2025 2815 responsionibus
2072 2734 2129 2797 ei
2175 2733 2397 2798 fiendis
2454 2735 2530 2797 ad
2575 2752 2664 2804 ea,
2727 2752 2845 2815 que
2909 2733 3105 2816 pridie

367 2842 477 2907 per
524 2841 667 2886 suas
716 2823 959 2887 litteras
1006 2825 1069 2886 et
1117 2821 1405 2886 nuntium
1454 2821 1630 2885 nobis
1679 2820 1873 2885 misit.
1922 2821 2057 2885 Non
2106 2821 2166 2899 8,
2216 2840 2332 2886 non
2382 2820 2605 2885 sinceri
2654 2821 2712 2882 3.

450 2913 631 2972 Misti
681 2913 917 2971 XXIX
959 2915 1060 2989 44,
1108 2930 1151 2971 u
1195 2913 1348 2973 mlet.
1393 2914 1626 2971 arkivu.

707 3102 1039 3183 ΧΙΝΙΙ.
1096 3099 1303 3183 flod.
1359 3100 1587 3184 1360.
1644 3101 1739 3182 27
1792 3097 2159 3200 veljace„
2213 3121 2271 3179 u
2328 3098 2731 3180 Budimu.

359 3229 679 3302 Bel-jeinik·
709 3229 981 3287 mletaclci
1027 3228 1251 3286 Bar-tul
1309 3228 1484 3288 Urs-io
1530 3228 1842 3301 izvieseuje
1887 3228 2058 3299 svoy'u
2089 3227 2269 3286 vladu
2315 3244 2348 3285 ο
2377 3227 2667 3299 poslovih,
2714 3228 2843 3298 koje
2863 3228 2931 3300 je
2961 3243 3101 3285 raz-

1103 3317 1402 3389 praeliati
1446 3318 1601 3375 imao
1637 3317 1745 3389 pri
1785 3318 2102 3390 uyarskom
2147 3316 2354 3376 dvom.

574 3436 980 3502 Serenissime
1043 3438 1288 3501 domine
1352 3438 1434 3500 mi
1502 3458 1609 3519 per
1667 3437 1824 3502 duas
1886 3455 2101 3501 manus
2168 3454 2442 3501 mearum
2491 3435 2866 3509 litterarum,
2917 3453 3102 3498 unam

366 3525 659 3591 videlicet
705 3543 812 3606 per
860 3525 1020 3587 viam
1073 3527 1251 3600 terre,
1301 3526 1492 3589 aliam
1541 3544 1683 3590 vero
1731 3544 1837 3607 per
1884 3524 2048 3588 viam
2092 3525 2282 3588 maris
2332 3525 2406 3587 de
2451 3523 2652 3607 Segna
2694 3523 2923 3599 omnia,
2985 3540 3102 3603 que

364 3613 630 3676 feceram
680 3610 842 3693 apud
892 3611 1209 3676 dominum
1272 3612 1545 3676 bannum
1597 3612 1917 3677 Dalmacie
1979 3611 2441 3695 magnificencie
2506 3613 2707 3674 vestre
2768 3607 3103 3692 particula-

364 3702 519 3764 riter
570 3704 635 3764 et
679 3700 969 3763 distincte
1018 3699 1282 3782 pleniter
1329 3701 1632 3771 int-imavi.
1706 3698 2046 3781 deindeque
2107 3699 2373 3781 aripiens
2419 3697 2540 3761 iter
2585 3717 2812 3773 meum,
2875 3696 3104 3760 intravi

364 3789 604 3852 Budam
683 3789 781 3851 die
843 3787 1112 3851 secundo
1175 3785 1405 3850 mensis
1460 3786 1747 3851 februarii
1812 3787 1961 3851 bora
2026 3805 2437 3868 vesperarum,
2502 3785 2605 3849 ubi
2669 3784 2878 3855 habui,
2940 3782 3101 3865 quod

361 3875 648 3940 dominus
698 3895 799 3939 rex
847 3875 1095 3940 omnino
1143 3876 1278 3938 erat
1320 3893 1677 3938 reversurus
1726 3875 1886 3939 citra
1935 3875 2135 3938 carnis
2185 3874 2451 3956 privium
2516 3874 2595 3936 ab
2658 3871 2929 3936 exercitu
2991 3886 3101 3934 suo

363 3963 440 4026 de
488 3963 771 4046 partibus
819 3963 1234 4037 transilvaniS,
1286 3981 1471 4045 quare
1519 3983 1615 4027 me
1657 3963 1973 4044 opportuit
2019 3966 2340 4044 expectare
2386 3962 2559 4026 Bude
2607 3962 2855 4043 propter
2913 3958 3103 4022 mira-

364 4050 557 4114 bilem
618 4049 984 4131 passionem,
1042 4071 1161 4134 que
1223 4050 1409 4114 michi
1457 4050 1703 4114 devenit
1767 4054 1946 4114 nocte
1983 4051 2306 4132 sequenti,
2371 4051 2467 4112 set
2527 4048 2835 4112 mediante
2893 4046 3102 4111 divina.

362 4139 574 4222 gratia
623 4140 687 4202 et
728 4138 956 4202 auxilio
1007 4138 1382 4202 medicorum
1434 4157 1569 4201 sum
1631 4138 1689 4201 in
1735 4137 2262 4210 convalescentia;
2312 4141 2375 4198 et
2437 4136 2498 4198 in
2560 4135 2819 4199 veritate
2873 4149 3102 4215 magna.

368 4225 717 4290 mortalitas
780 4226 898 4290 fuit
960 4228 1024 4291 et
1082 4226 1547 4309 presencialiter
1609 4229 1706 4289 est
1766 4225 1826 4288 in
1892 4225 2234 4304 Hungaria‚
2299 4224 2362 4286 et
2422 4222 2774 4304 specialiter
2819 4222 2990 4286 Bude
3037 4220 3101 4284 et

365 4313 731 4395 Vicegrado,
782 4316 846 4377 et
891 4313 1053 4377 sicut
1098 4313 1310 4389 fertur,
1360 4313 1588 4377 ibidem
1640 4318 1786 4377 sunt
1851 4315 2079 4377 mortui
2129 4313 2294 4376 ultra
2341 4309 2489 4374 XVI
2551 4309 2753 4372 millia
2809 4325 3099 4390 persona-

362 4420 523 4474 rum,
588 4419 699 4464 nec
761 4419 1002 4465 cessare
1052 4401 1312 4480 videtur,
1377 4401 1523 4464 licet
1563 4400 1825 4474 dicatur,
1870 4403 2053 4482 quod
2102 4399 2191 4463 sic
2238 4398 2571 4462 terminum
2634 4396 2772 4460 erit.
2837 4395 3098 4460 Noverit

360 4487 736 4551 excellencia
799 4491 1035 4563 vestra,
1106 4490 1266 4570 quod
1341 4487 1628 4552 dominus
1699 4507 1801 4552 rex
1866 4487 2168 4570 applicuit
2228 4486 2637 4568 Visegradum
2701 4483 2800 4548 die
2860 4483 3096 4547 veneris

362 4575 544 4639 XIIII
596 4575 828 4640 mensis
878 4576 1169 4640 instantis
1201 4577 1348 4641 bora
1383 4576 1581 4650 tarda,
1646 4594 1763 4657 quo
1806 4575 1962 4640 scito
1994 4575 2091 4638 die
2136 4576 2416 4656 sequenti
2449 4571 2738 4655 equitavi,
2789 4572 2862 4635 ut
2901 4569 3095 4653 potui,

360 4662 794 4745 Visegradum,
844 4667 907 4726 et
956 4664 1052 4727 die
1097 4663 1247 4727 XVI
1295 4664 1441 4728 dicti
1495 4664 1726 4728 mensis
1787 4661 1953 4726 facta
2015 4661 2463 4726 notifficacione
2510 4661 2583 4723 de
2643 4676 2779 4724 meo
2825 4659 3094 4722 adventu

357 4749 477 4814 sibi
524 4769 635 4831 per
681 4750 1023 4831 palatinum
1068 4750 1377 4829 comitem,
1433 4752 1497 4816 et
1537 4750 1695 4831 quod
1741 4749 2254 4832 quandocumque
2305 4748 2578 4831 placeret
2623 4745 3092 4810 maiestatisue
