3620 5282
505 362 653 427 94·

504 560 619 623 que
663 540 869 614 tenet3
918 540 983 605 et
1024 540 1302 622 predicta
1345 540 1499 604 fiant
1541 558 1857 623 perquam
1884 540 2255 605 securiorem
2288 542 2532 606 modum
2566 541 2697 606 fieri
2730 542 3035 624 poterunt,
3074 560 3213 607 cum

505 628 789 718 cautellis
836 629 1196 711 opportunis
1242 629 1315 692 de
1362 628 1612 693 consilio
1653 631 2046 712 sapientum:
2114 629 2528 712 intelligendo,
2575 629 2735 712 quod
2784 630 2848 693 in
2894 630 3217 713 scripturis

506 716 722 781 fiendis
769 716 843 781 de
894 718 1182 798 predictis
1229 717 1586 782 observetur
1633 716 1714 794 id,
1761 716 1924 800 quod
1970 716 2123 782 alias
2177 722 2428 799 captum
2478 716 2630 795 fuit,
2676 717 3215 802 videlicet,-quod

504 803 558 869 si
605 803 889 869 dominus
932 824 1037 870 rex
1081 807 1336 887 poneret
1400 806 1463 868 in
1510 822 1618 869 suo
1680 805 1865 870 titulo
1930 805 2313 870 Dalmaciam
2358 810 2423 870 et
2470 805 2821 881 Croaciam,
2876 811 3085 870 noster
3130 808 3217 871 si-

504 892 739 958 militer
778 893 1000 958 titulus
1047 895 1212 958 totus
1254 894 1547 976 ponatur3
1599 893 1649 958 si
1696 911 1840 958 vero
1877 893 2030 957 illud
2077 896 2329 972 taceret,
2379 913 2497 959 non
2543 894 2911 959 nominando
2960 894 3217 959 Dalma-

505 981 666 1045 ciam
714 983 779 1043 et
826 981 1164 1059 Crouciam,
1214 1000 1323 1046 nos
1369 981 1556 1046 etiam
1606 983 1939 1059 taceamus,
1991 981 2241 1046 dicendo
2280 982 2477 1047 solum
2513 983 2633 1046 dux
2664 982 3071 1047 veneciarum
3095 986 3216 1047 etc.

502 1069 587 1133 Et
632 1069 684 1133 si
733 1071 985 1148 factum,
1034 1088 1176 1133 cum
1225 1069 1324 1134 dei
1372 1070 1580 1153 gracia
1626 1069 2055 1153 complebitur,
2105 1089 2246 1135 cum
2291 1089 2552 1153 persona
2595 1069 2830 1136 domini
2877 1071 3041 1153 regis
3090 1089 3210 1135 non

504 1158 589 1221 sit
631 1157 751 1236 hic,
803 1175 911 1222 nos
958 1159 1148 1222 etiam
1197 1176 1305 1240 pro
1353 1157 1580 1222 honore
1627 1163 1834 1222 nostro
1859 1159 2105 1222 firmare
2152 1157 2484 1223 debeamus
2509 1158 2746 1223 factum
2776 1178 2886 1241 per
2924 1158 3210 1242 syndicos

504 1247 763 1310 nostros,
812 1247 895 1311 Et
940 1247 993 1310 si
1041 1247 1296 1310 tractari
1337 1247 1564 1329 poterit
1610 1246 1684 1310 de
1730 1245 2034 1322 faciendo,
2095 1250 2251 1327 quod
2316 1247 2596 1312 dominus
2660 1266 2764 1312 rex
2811 1246 3214 1330 personaliter

502 1333 663 1398 infra
706 1337 943 1398 eertum
990 1336 1234 1416 tempus
1281 1334 1488 1398 firmet
1531 1335 1806 1416 predicta
1856 1353 1961 1415 per
2005 1338 2480 1410 sacramentum,
2529 1354 2638 1399 nos
2684 1335 2874 1399 etiam
2922 1335 3215 1400 similiter

502 1421 701 1486 facere
748 1422 1116 1496 debeamus;
1168 1422 1220 1486 si
1268 1441 1410 1488 vero
1456 1422 1570 1487 hoc
1616 1441 1750 1486 esse
1798 1441 1916 1486 non
1963 1421 2194 1505 possit,
2263 1426 2325 1487 et
2365 1423 2791 1488 ambaxatures
2837 1422 2931 1487 sui
2978 1422 3217 1488 dictum

506 1513 962 1575 sacramentum
1009 1511 1207 1575 facere
1256 1512 1580 1588 voluerint,
1632 1529 1738 1576 nos
1786 1510 1973 1575 etiam
2020 1512 2293 1576 iuremus
2340 1530 2449 1594 per
2499 1512 2765 1576 sindicos
2808 1514 3071 1589 nostroe,
3130 1512 3222 1575 ita

508 1599 670 1682 quod
717 1599 1022 1682 equalitas
1070 1599 1447 1665 observetur.
1496 1599 1588 1663 De
1635 1617 1751 1664 nou
1806 1603 1859 1670 1,
1905 1618 2025 1664 non
2070 1599 2290 1664 sinceri
2338 1601 2397 1678 2,
2446 1600 2523 1665 de
2553 1601 2730 1683 parte
2781 1598 2881 1663 74.

591 1689 748 1750 δεον.
795 1708 949 1750 cons.
995 1695 1184 1765 νομαί.
1226 1690 1303 1748 Β.
1349 1692 1450 1768 13,
1498 1708 1540 1748 u
1586 1691 1800 1749 arkivu
1837 1691 2192 1750 mzetadkom.

822 1864 1215 1945 CXLIII.
1269 1863 1475 1945 God.
1531 1863 1760 1946 1348.
1816 1864 1864 1945 3
1920 1862 2362 1962 kolovon
2417 1886 2476 1945 u
2529 1861 2919 1944 Mletcih.

501 1972 865 2048 Dozvoh‘ava
908 1991 993 2043 se,
1046 1974 1125 2031 da
1159 1973 1352 2046 poslje
1395 1972 1724 2045 sklopb'ena
1759 1974 2050 2047 primirja
2094 1974 2346 2046 krab'evi
2399 1973 2636 2031 brodovz’
2678 1972 2952 2032 slobodno
2996 1971 3217 2044 proclju

1244 2063 1302 2120 iz
1345 2061 1620 2134 Napuly'a
1664 2079 1705 2118 u
1750 2061 2062 2120 Hrvatsku
2110 2062 2177 2120 ili
2223 2063 2485 2120 obratno.

717 2164 900 2229 1348.
951 2164 1047 2229 die
1093 2163 1189 2227 III
1236 2165 1505 2247 augusti,
1555 2165 1767 2246 capta:
1832 2164 1885 2228 si
1946 2164 2372 2228 ambaxatores
2419 2163 2648 2228 domini
2695 2162 2859 2246 regis
2917 2162 3211 2240 dicerent,

500 2253 553 2318 si
604 2253 667 2317 in
711 2257 875 2332 casu,
924 2271 1041 2335 quo
1093 2252 1224 2334 ipse
1272 2252 1369 2316 vel
1415 2271 1568 2335 gens
1615 2271 1728 2316 sua
1768 2254 2033 2317 transire
2082 2252 2271 2317 vellet
2316 2253 2378 2315 in
2424 2252 2734 2334 Apuleam
2776 2271 2884 2334 per
2912 2269 3086 2316 mare
3119 2250 3220 2315 vel

500 2360 608 2424 per
653 2342 905 2419 terram,
945 2343 1150 2405 utrum
1199 2342 1617 2422 prestaremus
1665 2340 1784 2404 sibi
1831 2340 2342 2424 impedimentum
2384 2340 2482 2405 vel
2512 2339 2918 2417 obstaculum,
2970 2357 3222 2421 respon-

503 2430 720 2494 deatur
766 2449 874 2513 per
915 2432 1152 2495 nostros
1197 2429 1524 2511 sapientes,
1574 2429 1730 2510 quod
1778 2431 2106 2512 postquam
2164 2429 2392 2493 erimus
2458 2428 2523 2492 in
2572 2427 2734 2492 bona
2778 2445 2959 2510 pace,
3016 2445 3224 2492 secum

507 2517 885 2582 intendimus
932 2517 1105 2581 illam
1152 2535 1260 2600 pro
1308 2519 1479 2599 parte
1542 2519 1749 2581 nostra
1812 2517 2253 2581 inviolabiliter
2313 2518 2675 2594 observare,
2724 2514 3050 2580 dummodo
3113 2534 3222 2598 pro

508 2609 683 2691 parte
730 2626 837 2671 sue
885 2605 1229 2671 maiestatis
1277 2604 1450 2671 nobis
1497 2604 1787 2671 similiter
1833 2605 2225 2682 observatum
2275 2608 2338 2670 et
2368 2623 2553 2688 super
2587 2604 2699 2669 boc
2731 2607 2957 2687 puncto
2991 2603 3223 2668 instent

498 2699 565 2761 et
609 2694 842 2760 faciant
890 2694 1081 2759 nostri
1128 2694 1434 2777 sapientes
1496 2697 1796 2776 quantum
1861 2695 2181 2778 poterunt,
2246 2695 2401 2776 quod
2457 2692 2609 2758 dicti
2672 2693 3103 2758 ambaxatores
3146 2691 3223 2755 de

499 2783 845 2848 huiusmodi
891 2782 1283 2866 responsione
1329 2783 1454 2847 sint
1498 2785 1790 2847 conteuti.
1842 2782 1962 2848 Sed
2008 2784 2062 2846 si
2105 2783 2350 2847 omnino
2382 2784 2445 2846 et
2471 2780 2755 2846 finaliter
2786 2780 2946 2846 scire
2993 2780 3224 2845 vellent

501 2872 729 2936 clarius
774 2871 1184 2936 intentionem
1228 2872 1508 2935 nostram
1555 2890 1738 2953 super
1783 2871 1916 2947 hoc,
1966 2872 2111 2935 tunc
2175 2869 2630 2952 respondeant,
2680 2868 2842 2952 quod
2890 2868 3049 2933 sicut
3093 2868 3220 2933 iam

502 2959 789 3036 diximuS,
839 2960 1217 3024 intendimus
1261 2978 1371 3042 pro
1418 2962 1591 3042 parte
1653 2962 1863 3023 nostra
1913 2959 2135 3023 habere
2182 2958 2244 3022 in
2293 2976 2437 3023 casu
2497 2956 2772 3042 quolibet
2832 2976 2976 3022 cum
3026 2956 3223 3021 maie-

502 3049 665 3112 state
713 3067 825 3112 sua
869 3047 1349 3113 benivolentiam
1397 3052 1461 3111 et
1507 3066 1800 3126 amorem,
1851 3049 1913 3112 et
1956 3050 2279 3129 propterea
2325 3047 2627 3123 dicimuS,
2677 3045 2843 3128 quod
2892 3048 3218 3128 postquam

503 3136 736 3200 erimus
782 3136 848 3200 in
895 3154 1101 3200 amore
1149 3139 1212 3200 et
1253 3135 1575 3200 concordia
1620 3155 1846 3212 secum,
1897 3138 1960 3199 et
2006 3135 2133 3199 eius
2183 3133 2490 3209 maiestas,
2541 3135 2703 3198 sicut
2755 3138 2818 3197 et
2863 3151 2976 3198 nos
3023 3134 3220 3197 facere

502 3223 901 3302 intendimuS,
949 3224 1367 3307 perseverabit
1412 3225 1471 3286 in
1517 3243 1666 3305 pace
1714 3223 2024 3307 predicta,
2073 3240 2183 3287 nos
2230 3240 2349 3287 non
2417 3222 2825 3306 impediemus
2873 3240 2980 3287 nos
3022 3220 3085 3285 in
3133 3220 3222 3284 fa-

499 3311 616 3376 ctis
667 3311 905 3387 alienis,
955 3315 1018 3376 et
1064 3312 1195 3377 ideo
1244 3311 1610 3377 transeundo
1657 3312 1889 3395 absque
1936 3310 2161 3375 lesione
2208 3311 2416 3376 nostra
2444 3310 2687 3394 poterit,
2736 3311 2898 3374 sicut
2942 3306 3220 3387 voluerit,

500 3399 698 3464 facere
746 3398 912 3464 facta
957 3418 1087 3464 sua.

584 3489 743 3551 δεον.
786 3509 940 3551 cons.
980 3509 1100 3566 roy.
1146 3490 1221 3548 B.
1274 3492 1374 3560 13,
1419 3509 1463 3551 u
1501 3493 1716 3551 arkivu
1756 3491 2112 3551 mletadkom.

832 3663 1200 3746 CXLIV.
1262 3663 1466 3746 God.
1520 3663 1750 3746 1348.
1804 3663 1854 3744 3
1906 3661 2347 3761 kolovoza,
2400 3685 2460 3745 u
2516 3656 2907 3745 Mletcih.

499 3790 795 3852 Mletd‘ani
838 3793 1104 3865 intenuju
1149 3792 1306 3865 svoje
1349 3792 1672 3864 poszanike,
1719 3791 1799 3849 da
1844 3808 1874 3849 s
1920 3790 2529 3864 uyarsko-hrvatskim
2572 3789 2822 3863 lrraljem
2844 3788 3221 3862 Ljudevitom

1463 3880 1661 3952 sklope
1706 3880 1823 3937 mir
1866 3878 1936 3936 ili
1969 3878 2264 3951 primirje.

709 3983 1076 4067 Exemplum
1123 3982 1529 4066 quarumdam
1576 3982 1927 4046 litterarum
1978 3981 2205 4045 domini
2255 3979 2424 4045 ducis
2456 3979 2862 4045 Veneciarum
2912 3982 2983 4045 de
3029 3979 3217 4043 liber-

498 4073 628 4137 tate
675 4071 906 4137 tradita
952 4070 1390 4137 tractatoribus
1438 4072 1502 4134 et
1548 4069 1930 4152 sapientibus
1977 4068 2103 4133 suis
2150 4067 2228 4132 ad
2276 4067 2621 4135 faciendum
2647 4086 2859 4152 pacem
2906 4067 3003 4133 vel
3049 4071 3219 4131 treu-

499 4179 706 4244 guam.
754 4161 1033 4225 Andreas
1079 4158 1364 4224 Daudulo
1410 4157 1509 4223 dei
1567 4160 1773 4242 gracia
1820 4157 2260 4235 Veneciarum,
2327 4157 2648 4222 Dalmacie
2694 4160 2877 4240 atque
2926 4155 3219 4221 Chroacie

500 4251 645 4327 dux,
691 4248 977 4313 dominus
1025 4251 1239 4331 quarte
1285 4248 1481 4329 partis
1529 4252 1592 4311 et
1637 4245 1891 4317 dimidie
1938 4246 2129 4310 totius
2173 4244 2419 4328 imperii
2450 4244 2772 4321 Romanie,
2821 4245 3120 4310 universis
3157 4245 3220 4308 et

499 4336 784 4420 singulis,
834 4339 1145 4419 presentes
1193 4335 1436 4400 litteras
1485 4334 1870 4416 inspecturis,
1922 4333 2318 4399 dilectionem
2364 4333 2685 4398 sinceram.
2735 4334 2827 4398 De
2877 4332 3217 4417 prudencia

499 4426 564 4491 et
602 4426 721 4489 fide
768 4424 1300 4508 infrascriptorum
1348 4424 1696 4489 nostrorum
1758 4422 2057 4487 nobilium
2120 4421 2390 4505 plenarie
2452 4420 2862 4498 confidenteS,
2927 4419 3215 4486 videlicet

500 4512 747 4579 Nicolai
796 4512 1008 4595 Volpe,
1056 4511 1357 4579 Jobannis
1405 4510 1656 4589 Sanuto,
1707 4509 2033 4594 Pangracii
2078 4509 2453 4587 Justiniano,
2521 4507 2755 4574 Stefaui
2802 4509 3098 4592 Bellegno
3146 4511 3211 4573 et

500 4601 793 4686 Raynerii
841 4601 915 4664 de
960 4600 1186 4679 Musto‚
1234 4596 1682 4665 honorabilium
1721 4600 1948 4663 civium
1995 4600 2359 4677 nostrorum,
2408 4598 2574 4680 ipsos
2623 4600 2687 4663 et
2731 4616 2942 4663 eorum
2989 4616 3211 4680 quem-

498 4689 655 4754 libet
698 4690 762 4754 in
808 4687 1067 4753 solidum
1114 4688 1474 4771 opportunis
1513 4687 1910 4752 consiliorum
1955 4689 2305 4751 nostrorum
2352 4685 2430 4750 ad
2472 4686 2585 4751 hec
2631 4685 2979 4768 specialiter
3023 4703 3212 4751 voca-

498 4778 700 4842 torum
739 4775 1171 4843 constituimus
1216 4777 1281 4842 et
1325 4774 1604 4860 legitime
1642 4774 1996 4841 ordinamus
2042 4775 2107 4840 in
2148 4775 2390 4842 nostros
2451 4776 2817 4841 tractatores
2837 4822 2853 4854 ,
2900 4791 3168 4858 procura
3186 4806 3216 4821 -

428 5078 540 5117 -ῃ
