3620 5282
563 338 642 402 18

551 512 649 575 cui
695 509 1153 593 responderam.
1218 510 1377 590 quod
1440 508 1607 573 dicta
1668 511 2084 575 instrumenta
2145 509 2481 574 secundum
2539 528 2740 574 meam
2789 510 3294 575 commissionem

550 598 739 662 michi
789 598 933 662 data
980 617 1089 678 per
1136 596 1370 661 dictum
1417 616 1515 661 ser
1549 597 1860 662 Marinum
1901 598 2044 661 nulo
2094 599 2270 662 modo
2324 599 2482 662 ferre
2507 599 2836 681 potueram
2887 616 3150 673 mecum,
3201 605 3300 661 set

551 687 627 751 ad
675 688 805 750 eius
853 685 1342 749 declaracionem
1388 685 1534 748 licet
1585 688 1837 759 vidisset
1882 686 2049 748 dicta
2092 687 2508 750 instrumenta
2555 687 2887 759 autentica,
2944 690 3152 748 tamen
3203 707 3296 749 re-

551 775 840 837 ducerem
885 774 947 836 in
995 773 1247 855 scriptis
1295 791 1506 837 eorum
1554 776 1821 856 copiam,
1873 774 2158 837 videlicet
2190 773 2609 847 millesimum,
2643 775 2826 850 diem,
2873 773 3297 849 indictionem,

554 880 851 938 mensem,
918 862 1166 925 nomina
1225 861 1447 939 notari,
1496 862 1853 941 venditoriS,
1903 863 2199 943 emptoris
2246 866 2308 925 et
2356 861 2489 925 loca
2536 880 2675 925 cum
2726 861 2854 924 suis
2900 861 3296 935 choerenciiS,

549 949 758 1031 sicque
822 950 1146 1012 contentus
1209 947 1409 1012 fuerat
1465 954 1527 1011 et
1576 949 1859 1023 feceram,
1918 953 2103 1031 atque
2152 949 2416 1031 qualiter
2475 950 2548 1013 de
2612 950 2741 1013 eius
2804 951 3092 1013 mandato
3160 950 3300 1030 post

548 1036 751 1117 ipsum
799 1035 970 1099 ibam
1016 1034 1328 1112 Tiuinum,
1381 1055 1492 1100 nec
1538 1056 1720 1117 super
1761 1038 1901 1100 aliis
1952 1039 2275 1118 potueram
2324 1034 2466 1099 siras
2515 1036 2740 1100 habere
2767 1036 3169 1118 responsivas,
3203 1038 3299 1100 set

545 1123 738 1187 michi
782 1124 1071 1187 darentur
1118 1124 1344 1188 ibidem
1393 1125 1452 1188 in
1501 1124 1747 1207 scriptis
1793 1128 1862 1188 ut
1907 1125 2160 1201 dixerat,
2212 1130 2417 1187 tamen
2461 1125 2647 1188 michi
2701 1124 3020 1189 videbatur
3067 1124 3298 1187 factum

546 1211 611 1275 in
653 1212 910 1294 longum
942 1213 1285 1291 procedere,
1334 1230 1443 1275 nec
1493 1217 1809 1293 potueram
1861 1212 2030 1276 aliud
2076 1212 2272 1275 facere
2319 1211 2438 1276 nisi
2487 1212 2658 1292 sequi
2698 1214 3070 1275 voluntatem
3119 1228 3295 1274 suam

546 1317 653 1380 pro
702 1298 860 1362 bono
919 1300 1303 1381 negociorum
1361 1299 1549 1363 michi
1596 1300 2085 1365 commissorum.
2139 1300 2334 1380 Super
2386 1319 2525 1364 vero
2575 1300 2732 1363 facto
2783 1299 2994 1363 Zanini
3041 1298 3116 1361 de
3167 1299 3297 1361 Me-

547 1383 809 1460 diolano,
860 1385 961 1467 qui
1011 1387 1085 1449 ad
1136 1386 1618 1451 introducionem
1668 1388 1898 1452 domiui
1948 1386 2165 1451 Jacobi
2219 1387 2469 1468 Subych
2514 1390 2577 1449 et
2615 1386 2919 1452 Johannis
2967 1387 3040 1449 de
3089 1386 3299 1451 Grise-

546 1474 721 1556 gonis
767 1473 970 1537 iuerat
1030 1474 1092 1538 in
1151 1475 1313 1538 dicto
1374 1475 1630 1539 consilio
1686 1475 1914 1556 pluries
1958 1480 2021 1538 et
2069 1475 2315 1555 plurieS‚
2364 1474 2847 1539 iustificaveram
2883 1476 2975 1539 ius
3023 1477 3298 1538 vestrum

545 1564 608 1625 in
673 1563 967 1643 quantum
1035 1563 1320 1643 potuerat
1365 1564 1428 1625 et
1489 1564 1753 1626 sciverat
1820 1582 1956 1627 mea
2027 1579 2211 1643 parva.
2273 1563 2566 1626 discrecio
2614 1563 2949 1626 secundum
3002 1560 3298 1625 informa-

546 1649 786 1713 cionem
834 1657 897 1712 et
944 1650 1441 1713 commissionem
1490 1670 1712 1728 meam,
1783 1649 2197 1714 concludendo
2243 1652 2306 1713 et
2354 1650 2687 1713 inducendo
2735 1650 2974 1713 dictum
3025 1649 3297 1712 bannum

546 1741 926 1818 posseteuuS,
991 1739 1150 1818 quod
1199 1738 1251 1800 si
1298 1736 1569 1819 graciam
1617 1738 1691 1801 de
1738 1737 1859 1801 hiis
1910 1741 2144 1819 peteret
2193 1756 2224 1800 a
2272 1742 2478 1801 nostro
2535 1736 2825 1814 dominio,
2879 1737 2955 1800 ob
3019 1735 3295 1801 eiusdem

549 1824 784 1887 domini
835 1825 1019 1888 banni
1068 1825 1480 1890 reverenciam
1531 1825 1660 1905 ipse
1710 1827 1987 1907 graciose
2050 1824 2376 1901 obtineret,
2446 1844 2591 1888 nam
2662 1826 2851 1889 eratis
2912 1824 3112 1906 parati
3174 1823 3293 1887 sibi

550 1913 611 1975 in
660 1911 949 1976 omnibus
997 1912 1373 1993 complacere
1446 1913 1614 1976 vobis
1679 1913 2098 1995 possibilibuS,
2161 1914 2225 1975 et
2289 1931 2429 1976 cum
2473 1931 2542 1976 eo
2607 1916 2672 1976 et
2731 1912 2860 1975 suis
2961 1912 3170 1976 acifice
3233 1914 3298 1974 et

543 1999 749 2081 quiete
813 2000 1208 2081 pertransire.
1258 1999 1341 2062 Et
1390 2002 1754 2082 tunc-quasi
1802 2018 2015 2063 omnes
2071 1999 2402 2064 Jadreuses
2449 2001 2739 2081 ceperant
2788 1933 3137 2077 vociferare,
3201 1999 3296 2062 di-

543 2091 786 2151 centes:
851 2087 1096 2150 domine
1165 2086 1392 2164 banne,
1456 2088 1742 2151 dominus
1810 2108 1912 2151 rex
1976 2088 2121 2151 fecit
2188 2088 2404 2150 bonam
2465 2107 2675 2169 pacem
2738 2106 2876 2150 cum
2942 2089 3028 2150 eis
3078 2092 3140 2149 et
3191 2106 3295 2169 per

545 2173 811 2238 formam
861 2176 1041 2254 pacis
1078 2174 1153 2237 de
1217 2192 1369 2238 novo
1433 2174 1660 2238 factam
1714 2175 1954 2239 licitum
2025 2179 2120 2239 est
2183 2176 2353 2238 uobis
2418 2175 2568 2238 talia
2628 2175 2847 2249 facere,
2914 2176 3057 2237 nulo
3118 2176 3294 2238 modo

545 2261 904 2339 consulitur,
956 2263 1116 2344 quod
1162 2261 1363 2325 istrud
1412 2261 1503 2326 sic
1551 2265 1971 2346 pertranseam
2022 2260 2377 2345 precipiatis
2443 2264 2633 2337 nobiS‚
2699 2263 2858 2345 quod
2911 2264 3293 2344 retingamus

549 2350 623 2412 de
672 2349 799 2412 suis
847 2350 1108 2432 navigiis
1157 2349 1385 2428 taliter,
1450 2350 1611 2432 quod
1680 2353 1790 2414 fiat
1851 2349 2204 2424 satisfacio;
2254 2351 2316 2413 et
2381 2368 2522 2413 cum
2579 2351 2698 2414 hiis
2760 2353 2852 2413 et·
2886 2350 3026 2413 aliis
3091 2350 3291 2412 verbis

547 2437 761 2501 multis
837 2437 1262 2513 substinendO,
1323 2440 1479 2519 quod
1542 2438 1706 2502 istud
1771 2439 1845 2502 de
1908 2439 2039 2501 iure
2101 2437 2438 2501 secundum
2501 2438 2764 2502 formam
2822 2439 2987 2519 pacis
3043 2438 3291 2501 licitum

545 2526 679 2587 erat
725 2524 834 2587 eis.
887 2524 969 2587 Et
1034 2526 1180 2606 quia
1242 2525 1428 2588 michi
1496 2528 1695 2589 visum
1757 2526 1977 2603 fuerat,
2045 2528 2199 2607 quod
2266 2530 2437 2607 quasi
2496 2526 2781 2589 dominus
2848 2527 3082 2588 bannus
3149 2543 3292 2588 con-

549 2611 959 2676 descendebat
1001 2613 1081 2675 ad
1128 2630 1305 2676 suum
1348 2612 1694 2691 consilium,
1746 2613 2025 2678 dicebam
2072 2614 2319 2678 domino
2370 2613 2541 2693 bano,
2589 2614 2642 2677 si
2691 2616 2825 2678 erat
2856 2616 3184 2677 contentus
3218 2614 3292 2676 de

553 2698 723 2764 dicta
770 2718 909 2762 mea
970 2700 1362 2782 responsione
1419 2704 1482 2764 et
1533 2702 1681 2764 iuris
1744 2705 1930 2766 vestri
1981 2701 2421 2784 antiquissimi.
2516 2701 2632 2780 Qui
2695 2701 2940 2783 quidem
3008 2702 3291 2764 dominus

551 2787 790 2853 bannus
839 2788 1256 2869 responderat,
1307 2789 1468 2870 quod
1520 2788 1689 2853 nullo
1739 2790 1917 2854 modo
1969 2790 2287 2853 videbatur
2333 2788 2473 2865 sibi,
2521 2789 2679 2870 quod
2722 2807 2861 2852 cum
2909 2789 3131 2853 honore
3180 2806 3291 2852 suo

546 2874 636 2939 sic
676 2879 881 2955 posset
922 2874 1346 2957 pertransisse,
1393 2895 1536 2940 nam
1577 2880 1882 2958 quatenus
1927 2896 2111 2959 super
2158 2877 2292 2960 ipsa
2339 2878 2599 2940 materia
2637 2877 2974 2958 scripserat
3013 2877 3186 2940 vobis
3232 2878 3295 2940 et

548 2962 859 3026 habuerat
906 2965 1091 3027 verba
1138 2966 1402 3040 tantum,
1456 2967 1521 3028 et
1567 2966 1724 3046 quod
1772 2966 1907 3046 plus
1955 2983 2076 3029 non
2126 2964 2489 3027 intendebat
2534 2965 2802 3028 scribere
2846 2982 2954 3027 nec
3016 2964 3288 3047 graciam

549 3052 777 3133 petere,
827 3050 932 3115 ubi
981 3052 1075 3116 ius
1123 3051 1407 3128 habebat,
1454 3053 1516 3115 in
1563 3054 1683 3116 alio
1737 3071 1875 3117 vero
1916 3071 2063 3116 casu
2096 3052 2371 3133 quolibet
2416 3071 2452 3115 a
2498 3052 2667 3115 vobis
2713 3051 3084 3116 fiducialiter
3131 3055 3293 3115 tam-

550 3156 733 3220 quam
782 3155 819 3200 a
866 3138 1054 3202 fratre
1101 3139 1375 3220 graciam
1423 3142 1676 3220 peteret.
1727 3141 1857 3221 Ego
1906 3145 2113 3203 autem
2165 3145 2309 3203 tunc
2348 3138 2626 3202 dixeram
2661 3140 2802 3214 sibi,
2847 3139 3004 3220 quod
3046 3140 3107 3203 in
3146 3158 3291 3202 casu

550 3243 668 3306 quo
739 3243 854 3288 non
920 3232 1265 3289 remaneret
1307 3230 1650 3303 contentus,
1715 3228 2015 3291 debebam
2065 3227 2263 3290 dicere
2325 3227 2570 3290 domino
2616 3228 2748 3309 regi
2825 3226 3167 3309 negocium,
3229 3231 3294 3289 et

552 3311 819 3393 qualiter
876 3330 1229 3392 processum
1291 3312 1513 3390 fuerat,
1579 3318 1642 3377 et
1711 3316 1872 3397 quod
1913 3314 2280 3398 ‚dominacio
2335 3323 2536 3377 vestra
2601 3334 2719 3378 non
2779 3313 3104 3379 dubitabat
3151 3334 3291 3377 eum

554 3417 686 3461 esse
734 3402 863 3460 tam
910 3401 1143 3462 iustum
1193 3401 1510 3464 dominum
1543 3404 1606 3464 et
1638 3403 2001 3484 principem,
2047 3403 2206 3484 quod
2256 3401 2542 3484 quicquid
2592 3421 2699 3484 per
2746 3420 2851 3466 vos
2896 3402 2953 3465 in
3004 3402 3293 3483 predictis

552 3485 782 3548 factum
812 3485 1049 3561 fuisset,
1099 3487 1353 3550 haberet
1389 3489 1618 3552 iustum
1668 3491 1874 3553 actum
1923 3508 2076 3565 esse,
2127 3495 2189 3552 et
2235 3491 2580 3554 remaneret
2631 3493 2975 3553 contentus,
3023 3487 3140 3567 Qui
3189 3493 3296 3553 do-

558 3573 763 3636 minus
814 3572 1052 3637 bannus
1101 3575 1356 3651 dixerat,
1408 3575 1460 3639 si
1507 3577 1787 3640 dominus
1837 3596 1939 3641 rex
1986 3578 2102 3641 erit
2145 3580 2487 3654 contentus,
2537 3578 2733 3640 eciam
2768 3596 2880 3659 ego
2918 3596 3036 3652 ero,
3085 3596 3295 3659 ymmo

555 3661 782 3743 poterit
844 3660 960 3723 tibi
1025 3663 1166 3725 dare
1227 3663 1538 3726 hominem
1597 3663 1794 3742 illuni,
1845 3666 1898 3728 si
1960 3666 2076 3728 sibi
2146 3664 2430 3745 placebit,
2488 3666 2755 3746 rogando
2815 3685 2931 3741 me,
3002 3665 3165 3747 quod
3225 3683 3299 3728 ex

555 3751 732 3832 parte
793 3767 929 3813 mea
976 3755 1038 3812 et
1082 3766 1201 3813 non
1249 3755 1422 3830 parte
1472 3770 1581 3814 sua
1620 3752 1890 3816 dominio
1939 3756 2139 3816 vestro
2191 3752 2375 3815 verba
2421 3770 2532 3815 sua
2597 3752 2948 3826 scriberem,
3017 3757 3080 3815 et
3138 3753 3298 3834 quod

559 3839 783 3902 bonum
831 3838 986 3915 erat,
1053 3839 1211 3918 quod
1274 3839 1591 3901 restitucio
1654 3838 1848 3917 fieret,
1911 3841 2009 3903 cui
2072 3841 2160 3903 sic
2213 3841 2479 3902 scribere
2544 3842 2964 3921 promiseram.
3039 3842 3300 3921 Insuper

559 3926 1016 4001 denotaveram,
1084 3924 1348 4006 qualiter
1408 3927 1594 3989 multi
1654 3933 1716 3990 et
1780 3928 1965 3990 multi
2043 3932 2583 4007 compeivenerant
2653 3928 2910 4008 petendo
2973 3926 3176 3991 multa
3237 3933 3301 3991 et

563 4013 821 4090 infinita,
872 4012 1034 4075 inter
1080 4031 1230 4094 qnos
1274 4031 1477 4077 comes
1526 4014 1680 4096 Pagi
1728 4016 1973 4077 nomine
2014 4014 2356 4096 aliquorum
2406 4014 2797 4097 Pagensium,
2847 4033 3032 4095 super
3079 4016 3300 4097 quibus

561 4100 847 4164 omnibus
897 4099 1331 4182 responderam
1380 4100 1627 4164 domino
1680 4102 1876 4165 banno
1925 4102 2082 4165 sicut
2130 4103 2509 4183 predixeram
2567 4103 2630 4164 in
2677 4103 2977 4183 principio
3023 4122 3301 4166 meorum

562 4189 908 4263 verborum,
975 4189 1132 4269 quod
1196 4205 1315 4251 nou
1366 4207 1647 4251 veneram
1699 4189 1774 4251 ad
1822 4188 2154 4253 Jadrenses
2203 4192 2379 4254 modo
2433 4189 2717 4271 litigandi
2767 4208 2873 4253 nec
2935 4188 3298 4271 placitandi,

563 4274 704 4352 quia
757 4293 874 4336 non
924 4275 1224 4338 habebam
1278 4274 1649 4339 sindicatum
1700 4295 1893 4358 neque
1943 4279 2298 4341 mandatum
2348 4278 2470 4341 nisi
2515 4279 2590 4342 ad
2642 4279 2969 4355 petendum
3025 4281 3089 4341 et
3148 4279 3302 4341 reci·

567 4359 858 4440 piendum
908 4362 1244 4426 secundum
1292 4361 1555 4425 formam
1606 4363 1790 4444 paciS,
1861 4371 1923 4426 et
1975 4369 2290 4446 propterea
2337 4365 2573 4429 nullam
2619 4365 2810 4429 aliam
2843 4365 3303 4446 responsionem

567 4449 883 4524 potueram
934 4449 1051 4511 sibi
1100 4451 1263 4513 dare.
1312 4449 1491 4513 Nunc
1535 4453 1746 4514 autem
1795 4453 2032 4517 noverit
2073 4452 2440 4516 excellencia
2487 4455 2692 4518 vestra
2741 4472 2839 4517 me
2899 4452 3091 4517 fuisse
3137 4453 3306 4517 Tini-

567 4535 913 4630 num-‚apud
968 4537 1283 4600 dominum
1349 4536 1619 4601 bannum
1679 4539 1894 4603 diebus
1956 4540 2244 4622 quinque,
2311 4543 2375 4603 et
2437 4541 2534 4603 die
2597 4541 2786 4605 tercio
2846 4540 3153 4623 presentis
3208 4542 3306 4623 ja-

568 4635 767 4716 nuarii
828 4619 1116 4685 habuisse
1177 4624 1253 4687 ab
1317 4643 1384 4688 eo
1447 4644 1588 4690 suas
1634 4627 2059 4708 responsiones
2121 4628 2182 4691 in
2231 4627 2497 4709 scriptis,
2565 4647 2826 4709 quarum
2871 4628 3116 4710 copiam
3163 4647 3303 4693 cum

569 4705 972 4789 petieronibus
1006 4708 1271 4774 dominio
1304 4714 1509 4776 vestro
1542 4713 1724 4777 mitto
1758 4715 2142 4796 presentibus
2192 4715 2563 4779 introclusis.
2608 4715 2702 4780 De
2733 4714 3133 4780 restitucione
3165 4734 3307 4781 vero
