3620 5282
535 407 667 482 228

721 588 1327 672 CCCXXVIII.
1392 589 1598 672 God.
1655 591 1878 673 1386.
1935 593 2028 675 12
2082 594 2530 694 kolovoza,
2588 619 2643 677 u
2698 596 3086 678 Mletcih.

540 734 806 810 Odyovor
859 735 1219 810 mletackoya
1284 736 1448 794 υὶεόα
1508 753 1592 794 na
1631 737 1908 811 predloqe
1943 739 2273 810 poslanika'
2323 735 2525 798 Karla
2577 740 2782 813 Topije
2848 737 3267 815 arbanaskoya

1395 826 1581 884 kneza
1628 826 1650 883 i
1692 826 2028 900 yospodara
2074 827 2410 901 Drackoya.

748 942 939 1008 1386.
989 942 1318 1008 indictione
1374 946 1482 1020 IX,
1535 944 1634 1009 die
1681 947 1757 1009 12
1788 945 2065 1029 augusti.
2101 944 2424 1029 Sapientes
2474 946 2781 1012 ordinum.
2832 946 3062 1028 Capta:
3096 950 3262 1031 quod

537 1031 980 1113 respondeatur
1026 1033 1132 1095 isti
1195 1033 1586 1097 ambaxatori
1649 1034 1883 1098 domini
1947 1034 2166 1099 Karoli
2227 1035 2456 1117 Thopie
2514 1036 2810 1118 principis
2857 1035 3144 1114 Albanie,
3195 1039 3263 1101 et

533 1119 764 1182 domini
813 1119 1142 1184 Durachii:

743 1207 826 1271 Et
872 1207 1102 1290 primo:
1153 1209 1226 1272 ad
1274 1208 1641 1289 oblatione8‚
1705 1229 1856 1292 quas
1919 1210 2086 1274 idem
2145 1211 2508 1274 ambaxator
2570 1229 2678 1291 pro
2727 1215 2899 1292 parte
2949 1211 3102 1275 dicti
3143 1212 3259 1275 do-

533 1295 685 1358 mini
732 1294 938 1360 Caroli
1001 1295 1177 1360 nobis
1239 1297 1409 1373 facit,
1473 1316 1591 1380 que
1642 1302 1788 1362 sunt
1849 1299 2083 1381 primo:
2133 1299 2205 1361 de
2277 1299 2532 1363 volendo
2574 1299 2848 1381 obligare
2896 1318 2962 1363 se
3008 1299 3084 1363 ad
3133 1300 3264 1364 sol-

484 1437 491 1448 .
532 1382 800 1446 vendum
849 1385 1058 1447 nostro
1106 1383 1376 1448 dominio
1422 1385 1702 1468 quolibet
1764 1405 1922 1449 anno
1985 1387 2342 1450 ducatorum
2394 1386 2479 1451 VI
2525 1388 2774 1451 centum
2825 1406 2929 1468 pro
2977 1388 3260 1469 qualibet

531 1473 742 1534 nostra
790 1489 1013 1553 guerra
1056 1472 1328 1554 generali
1375 1474 1632 1537 durante
1679 1475 1812 1555 ipsa
1835 1491 2088 1557 guerra‚·
2133 1476 2416 1548 secunde,
2464 1475 2623 1556 quod
2670 1475 2722 1538 si
2768 1474 3111 1539 dominatio
3144 1494 3257 1540 no-

530 1563 660 1623 stra
705 1560 873 1623 volet
917 1560 1143 1624 habere
1191 1564 1454 1624 tractam
1505 1560 1797 1625 frumenti
1848 1564 1911 1625 in
1945 1581 2055 1625 suo
2093 1561 2382 1639 dominio,
2417 1563 2546 1643 ipse
2579 1563 2700 1626 sibi
2729 1565 3018 1627 concedet
3051 1564 3254 1642 illam,

530 1650 592 1710 et
636 1665 753 1711 non
800 1649 1141 1729 permittet,
1191 1648 1349 1731 quod
1398 1648 1605 1731 aliqua
1648 1650 1771 1715 alia
1817 1668 2078 1732 persona
2124 1650 2349 1714 habeat
2386 1649 2621 1714 dictam
2671 1653 2977 1728 tractam3
3036 1653 3248 1728 tertio,

529 1737 689 1817 quod
737 1736 944 1799 nullus
994 1740 1295 1800 mercator
1341 1739 1539 1818 possit
1583 1740 1747 1800 stare
1796 1755 1908 1801 nec
1938 1737 2221 1801 traficare
2285 1737 2348 1801 in
2409 1757 2518 1801 suo
2565 1739 2833 1802 dominio
2885 1742 3087 1820 preter
3131 1740 3256 1803 Ve-

532 1825 722 1887 netos.
774 1823 1245 1905 Respondeatur
1295 1825 1382 1888 ei:
1432 1825 1591 1905 quod
1638 1826 1712 1889 de
1762 1825 1946 1891 dictis
1993 1825 2410 1889 oblationibus
2458 1825 2633 1890 valde
2669 1829 3081 1910 regratiamus
3121 1847 3258 1892 ma-

525 1911 887 1993 gnificencie
954 1930 1081 1989 sue,
1153 1911 1298 1994 quia
1376 1912 1802 1995 cognoscimus
1864 1911 2006 1976 illas
2070 1915 2395 1995 procedere
2453 1932 2488 1978 a
2535 1932 2764 1997 magna
2810 1914 3139 1980 dilectione
3190 1919 3256 1979 et

528 2000 802 2080 perfecto
848 2017 1075 2077 amore,
1125 2003 1191 2063 et
1238 2002 1564 2082 propterea
1625 2001 1768 2065 illas
1830 2003 2225 2082 acceptamus
2286 2001 2593 2078 alacriter,
2661 2007 2979 2084 sperantes
3021 2001 3256 2066 firmis-

527 2089 701 2166 sime,
751 2089 907 2168 quod
957 2088 1159 2169 ipsum
1221 2087 1537 2152 dominum
1603 2087 1892 2153 Carolurn
1943 2089 2324 2153 inveniemus
2372 2109 2614 2172 semper
2661 2093 2938 2173 prompte
2986 2090 3254 2172 disposi-

528 2176 662 2238 tum
707 2177 781 2239 ad
827 2172 1104 2258 quelibet
1149 2178 1359 2240 nostra
1403 2176 1788 2258 beneplacita
1833 2179 1898 2240 et
1943 2176 2220 2240 honores.

736 2262 836 2326 Ad
900 2264 1262 2345 petitionem
1327 2281 1489 2340 vero,
1553 2282 1735 2346 quam
1796 2266 1998 2328 dictus
2062 2266 2347 2329 dominus
2409 2263 2666 2329 Carolus
2713 2285 2817 2329 seu
2866 2264 3073 2328 dictus
3121 2266 3254 2329 eius

525 2352 888 2415 ambaxator
934 2370 1041 2434 pro
1089 2368 1159 2414 eo
1192 2351 1367 2416 nobis
1402 2352 1570 2428 facit,
1609 2353 1682 2415 de
1718 2353 2014 2433 possendo
2047 2353 2365 2417 extrahere
2398 2352 2472 2417 de
2504 2353 2779 2417 Venetiis
2812 2371 3005 2430 arma,
3034 2355 3253 2435 gentes

529 2440 875 2522 armigeras
922 2441 985 2502 et
1047 2439 1425 2503 ballistarios
1489 2459 1596 2522 pro
1658 2460 1767 2503 sua
1831 2441 2086 2521 pecunia
2132 2444 2269 2518 etc.,
2321 2440 2780 2521 respondeatur,
2824 2440 2984 2523 quod
3033 2459 3253 2504 sumus

530 2528 812 2590 contenti
880 2526 1265 2609 complacere
1328 2528 1474 2602 sibi;
1525 2547 1739 2592 verum
1804 2527 2203 2605 intendimuS,
2257 2530 2419 2609 quod
2468 2528 2851 2592 ballistarios
2895 2527 2992 2590 vel
3041 2528 3255 2593 cuius—

528 2633 773 2698 cunque
821 2614 1186 2679 conditionis
1234 2615 1533 2694 homineS,
1582 2634 1733 2697 quos
1790 2618 2145 2693 extraxerit,
2195 2616 2248 2680 si
2296 2618 2477 2682 erunt
2525 2615 2746 2681 Veneti
2794 2617 2890 2682 vel
2939 2616 3257 2681 habitato-

530 2723 630 2766 res
677 2702 1100 2782 Venetiarum,
1151 2704 1282 2785 ipse
1322 2706 1532 2768 teneat
1576 2722 1678 2767 eos
1728 2705 1784 2768 in
1839 2704 2158 2769 fortaliciis
2188 2706 2334 2779 suiS,
2369 2708 2431 2769 et
2462 2705 2622 2787 quod
2656 2725 2774 2769 nou
2826 2705 3039 2769 mittat
3084 2706 3252 2787 ipsos

529 2794 703 2856 extra
748 2791 825 2855 ad
874 2810 1160 2872 campum
1209 2792 1626 2874 aliquomodo;
1677 2793 1751 2855 de
1799 2793 1941 2855 aliis
1977 2812 2115 2856 vero
2159 2791 2525 2857 ballistariis
2563 2794 2658 2856 vel
2694 2796 2875 2876 gente
2925 2793 3250 2875 armigera,

525 2879 630 2961 qui
681 2897 802 2944 non
863 2882 1070 2943 essent
1118 2879 1336 2944 Veneti
1398 2881 1493 2945 vel
1558 2880 1940 2945 habitatores
2011 2880 2428 2957 venetiarum,
2476 2883 2674 2962 possit
2719 2881 2997 2945 ordinare
3046 2884 3112 2944 et
3159 2881 3259 2944 di-

525 2986 800 3049 sponere,
850 2970 922 3031 ut
968 2967 1088 3031 sibi
1138 2966 1456 3050 placuerit.

737 3056 831 3120 De
881 3055 1062 3138 galea
1108 3074 1269 3133 vero,
1319 3075 1505 3139 quam
1555 3055 1730 3137 petit,
1780 3055 2038 3133 dicatur,
2087 3059 2246 3137 quod
2294 3074 2510 3119 sumus
2558 3056 2833 3120 contenti
2869 3057 3254 3137 complacere

528 3143 648 3207 sibi
698 3146 773 3207 de
821 3162 941 3208 una
986 3144 1164 3226 galea
1212 3163 1353 3209 cum
1402 3143 1531 3207 suis
1592 3143 1986 3207 furnimentis
2047 3162 2153 3225 pro
2201 3161 2312 3208 sua
2356 3144 2613 3225 pecunia
2659 3146 2993 3209 secuudum
3045 3144 3252 3226 requi-

529 3231 817 3294 sitionem
866 3249 1060 3295 suam.

734 3318 977 3383 Ultimo
1025 3319 1264 3383 dicatur
1311 3319 1477 3381 dicto
1525 3318 1929 3396 ambaxatori,
1978 3319 2135 3400 quod
2196 3321 2256 3381 in
2301 3317 2546 3401 signum
2598 3321 2833 3383 sincere
2881 3320 2943 3381 et
2979 3317 3250 3400 perfecte

529 3404 804 3471 amicitie
876 3407 1178 3483 volumUS,
1248 3407 1408 3488 quod
1477 3405 1678 3470 dictus
1748 3405 2031 3470 dominus
2115 3404 2369 3470 Carolus
2439 3408 2767 3488 promittat
2827 3412 2889 3469 et
2958 3426 3023 3470 se
3093 3405 3255 3469 obli-

525 3495 632 3575 get
702 3496 913 3557 nostro
991 3493 1262 3558 dominio
1339 3494 1414 3558 de
1490 3495 1767 3558 habendo
1842 3512 2052 3559 omnes
2133 3496 2370 3558 nostros
2446 3496 2679 3558 amicos
2755 3513 2863 3577 pro
2938 3494 3157 3558 amicis
3191 3496 3255 3557 et

522 3579 805 3645 inimicos
874 3600 982 3664 pro
1049 3581 1338 3646 inimicis.
1401 3581 1529 3645 Nos
1600 3601 1739 3646 vero
1803 3582 2116 3646 offerimus
2186 3584 2249 3645 et
2309 3583 2730 3662 promittimus
2776 3583 2938 3646 dicto
2983 3581 3253 3660 domino,

525 3669 684 3751 quod
756 3670 1236 3752 quandocunque
1307 3671 1438 3750 ipse
1503 3669 1761 3733 haberet
1822 3689 2108 3752 guerram
2158 3670 2256 3733 vel
2306 3671 2642 3733 novitatem
2691 3689 2833 3734 cum
2882 3669 3091 3752 aliquo
3140 3669 3249 3732 do—

525 3758 692 3821 mino
742 3758 837 3821 vel
885 3776 1141 3839 persona
1187 3756 1353 3822 fideli
1427 3758 1521 3821 vel
1560 3757 1818 3833 infideti,
1869 3757 1931 3821 in
1980 3758 2137 3822 mari
2183 3763 2245 3820 et
2284 3759 2345 3822 in
2386 3763 2566 3833 terra,
2618 3760 2940 3821 mittemus
2975 3760 3103 3820 suis
3151 3777 3252 3820 ex-

525 3845 732 3928 pensis
798 3846 892 3910 illi
952 3845 1199 3908 domino
1258 3845 1356 3909 vel
1419 3864 1693 3927 persone,
1757 3846 1809 3909 si
1876 3846 2177 3927 placuerit
2241 3845 2356 3928 ipsi
2419 3846 2667 3909 domino
2714 3844 2961 3922 Carulo,
3008 3847 3252 3908 nostras

520 3933 770 3998 litteras
832 3934 928 3996 vel
994 3933 1445 3997 ambasciatam
1507 3932 1586 3996 ad
1650 3935 2101 4014 procurandum
2160 3935 2232 3998 de
2295 3932 2670 4016 pacificando
2716 3936 2781 3997 et
2827 3933 3253 3998 concordando

521 4021 727 4104 ipsum
776 4039 915 4085 cum
963 4020 1072 4085 illo
1118 4021 1213 4086 vel
1262 4021 1413 4098 illis,
1461 4039 1601 4084 cum
1648 4021 1869 4102 quibus
1917 4021 2148 4084 dictam
2197 4040 2483 4104 guerram
2533 4021 2630 4084 vel
2679 4022 3017 4086 novitatem
3063 4021 3256 4085 habe-

522 4111 635 4185 ret,
686 4108 944 4174 favendo
991 4109 1112 4173 sibi
1157 4109 1402 4191 ubique,
1452 4110 1769 4189 tamquam
1815 4108 1934 4172 civi
1980 4113 2211 4173 nostro,
2260 4108 2488 4172 Omnes
2532 4109 2607 4172 de
2656 4114 2845 4189 parte.

610 4218 790 4276 Misti
841 4216 980 4277 XL.
1032 4220 1133 4286 41,
1178 4234 1219 4276 u
1265 4217 1419 4275 mlet.
1472 4217 1705 4277 arkivu.

734 4403 1263 4487 CCCXXIX.
1319 4402 1526 4485 God.
1581 4403 1809 4486 1386.
1865 4406 1954 4486 17
2006 4404 2452 4505 kolovoza‚
2510 4428 2566 4487 u
2623 4406 3018 4488 Mletcih.

731 4545 1042 4608 Antonius
1092 4544 1354 4608 Venerio
1394 4544 1515 4608 dux
1559 4545 1964 4609 Venetiarum
2017 4564 2137 4608 una
2187 4565 2323 4608 curn
2376 4547 2502 4610 suis
2547 4546 2822 4611 consiliis
2872 4547 3120 4627 minori,
3156 4569 3256 4613 ro-

519 4631 826 4710 gatorum,
868 4632 980 4696 XL
1029 4636 1092 4696 et
1140 4638 1315 4697 zonte
1382 4632 1711 4697 constituit
1756 4633 1817 4697 iu
1869 4653 2045 4697 suum
2112 4632 2421 4698 sindicum
2482 4635 2749 4698 nobilem
2799 4635 2999 4697 virum
3052 4637 3112 4699 N
3122 4638 3258 4701 ico-

518 4715 690 4779 laum
762 4720 1014 4783 Fuscari
1060 4720 1138 4784 ad
1206 4722 1602 4785 tractandum
1650 4723 1713 4784 et
1781 4723 2268 4785 conveniendum
2340 4741 2476 4786 cum
2546 4723 2940 4804 procuratore
3011 4726 3249 4789 excelsi

519 4803 752 4867 domini
822 4804 1025 4870 Caroli
1093 4807 1368 4891 Thopiae
1437 4809 1743 4873 Albaniae
1807 4809 2100 4891 principis
2146 4811 2214 4872 et
2260 4810 2552 4874 Durachii
2613 4809 2843 4874 domini
2899 4809 3052 4885 „sub
3103 4813 3249 4893 qui-
