3620 5282
3058 396 3134 462 11

403 568 632 633 domini
680 566 977 650 Stephani
1039 568 1305 651 episcopi
1361 562 1790 652 Zagrabiensis
1838 588 2007 634 more
2065 566 2248 636 solito
2292 571 2639 654 asignasset
2682 571 2797 636 sub
2840 572 2951 638 illa
2996 590 3138 637 con-

402 655 688 732 dictione,
740 657 811 720 nt
855 657 1096 738 quando
1139 657 1303 721 idem
1350 655 1665 721 Johannes
1726 675 1868 722 cum
1932 657 2281 723 literatorie
2338 659 2619 724 cautione
2667 660 2789 724 iam
2833 659 2985 724 dicti
3027 679 3137 724 no-

403 743 517 807 stri
557 742 828 808 concivis
876 744 948 807 ad
999 744 1368 808 Avinionem
1417 743 1782 826 perveniret,
1832 744 1950 808 sibi
2000 743 2163 811 dicte
2215 744 2468 827 pecunie
2513 749 2828 828 quantitas
2876 747 2955 811 ad
3002 745 3132 828 ple-

406 849 552 894 num
601 831 1057 895 restitueretur.
1106 831 1186 894 Et
1229 831 1375 895 licet
1415 839 1546 913 ipse
1591 830 1903 896 Johannes
1950 836 2197 914 recepta
2227 831 2408 897 litera
2442 833 2742 899 cautionis
2776 834 3132 899 huiusmodi

405 934 614 981 versus
678 916 1021 999 predictam
1086 917 1450 983 Avinionem
1509 919 1922 1002 proficiscenS,
1983 919 2181 1001 ipsam
2247 937 2523 1002 persone,
2585 922 2684 986 cui
2730 920 3129 1003 dirigebatur,

402 1004 865 1087 presentaverit,
904 1008 1113 1070 tamen
1147 1006 1354 1071 eadem
1404 1023 1660 1089 persona
1707 1005 1825 1070 sibi
1872 1006 2065 1071 nichil
2096 1007 2341 1089 penitus
2375 1007 2506 1071 visa
2537 1007 2721 1073 litera
2752 1008 2902 1073 dicti
2946 1009 3131 1073 vestri

410 1091 680 1156 concivis
722 1091 867 1157 dare
914 1092 1275 1167 curavisset,
1339 1094 1404 1157 et
1450 1093 1539 1157 sic
1600 1093 1892 1175 deceptus
1954 1094 2028 1157 de
2077 1095 2212 1176 ipsa
2272 1093 2572 1160 Avinione
2630 1094 2874 1161 rediens
2932 1095 3134 1160 Vene-

406 1178 527 1242 tias
588 1178 969 1260 aplicuisset‚
1034 1179 1196 1244 idem
1247 1180 1350 1244 diu
1396 1198 1535 1244 cum
1583 1179 1892 1261 aliquibus
1941 1183 2016 1245 de
2062 1199 2170 1246 sua
2233 1182 2528 1247 societate
2570 1181 2645 1248 de
2693 1182 2885 1248 vestri
2932 1182 3136 1248 medio

406 1267 480 1329 ad
522 1269 729 1348 partes
768 1267 997 1332 alienas
1044 1285 1110 1331 se
1141 1268 1587 1347 transtulisset,
1650 1269 1713 1331 et
1773 1286 2146 1350 quamquam
2195 1269 2325 1351 ipse
2385 1269 2697 1335 ‚Iohannes
2758 1288 2795 1335 a
2841 1269 3013 1335 vobis
3056 1268 3132 1334 de

400 1354 583 1417 rebus
639 1355 703 1418 et
750 1353 924 1419 bonis
971 1355 1119 1419 dicti
1174 1356 1270 1419 sui
1298 1353 1597 1419 debitoris
1659 1355 1733 1418 ad
1774 1356 2048 1419 vestrum
2116 1374 2438 1421 commune
2498 1358 2737 1422 ratione
2786 1356 3132 1422 debitorum

402 1440 708 1507 devolutis
754 1441 1025 1506 debitam
1074 1442 1193 1506 sibi
1228 1442 1483 1524 pecierit
1518 1442 1788 1525 impendi
1844 1442 2346 1521 satisfactionem,
2389 1445 2598 1507 tamen
2641 1444 2786 1527 quia
2819 1444 3134 1510 Johannes

400 1527 533 1610 ipse
563 1530 781 1593 vestris
809 1530 1061 1593 statutis
1081 1548 1290 1610 parere
1316 1530 1613 1607 noluerat,
1643 1546 1748 1593 vos
1770 1528 1970 1593 eidem
1999 1530 2230 1594 nullam
2258 1529 2742 1596 satisfactionem
2781 1531 3133 1614 impendere

396 1617 748 1682 curassetis,
774 1617 948 1682 Unde
994 1636 1176 1682 cumn
1208 1618 1359 1682 ostri
1393 1615 1698 1700 regnicole
1732 1616 1986 1681 statutis
2023 1619 2242 1682 vestris
2276 1619 2340 1682 et
2370 1636 2707 1683 econverso
2758 1620 2944 1683 vestri
2988 1637 3134 1683 nos·
3203 1698 3208 1707 Ι

400 1702 486 1767 ris
513 1703 856 1768 subiatcere
880 1704 1133 1769 minime
1159 1707 1482 1769 teneantur
1507 1705 1689 1787 prout
1707 1721 1815 1768 nos
1839 1703 1915 1769 ad
1946 1705 2147 1787 ipsum
2173 1723 2291 1769 non
2317 1705 2624 1770 credimus
2652 1706 2950 1789 ignorare,
2976 1706 3131 1770 ami-

399 1790 615 1855 citiam
663 1791 1085 1856 nniversitatis
1133 1795 1336 1856 vestre
1381 1793 1620 1856 attente
1664 1791 1934 1873 petimus
1978 1796 2042 1855 et
2086 1810 2392 1876 rogamus,
2441 1794 2741 1875 quatenus
2788 1792 2987 1857 eidem
3029 1791 3134 1857 Jo-

399 1877 586 1942 hanni
635 1879 1122 1961 consideratione
1186 1877 1380 1943 nostri
1438 1896 1624 1961 super
1684 1879 1954 1960 predicte
2016 1880 2273 1962 pecunie
2319 1881 2667 1963 quantitate
2727 1881 2791 1944 et
2850 1878 3132 1962 expensis

400 1966 653 2030 interim
701 1985 811 2048 per
856 1966 1057 2048 ipsum
1108 1965 1287 2031 factis
1334 1967 1408 2031 de
1448 1966 1633 2030 rebus
1678 1969 1743 2030 et
1788 1966 1964 2030 bonis
2010 1966 2307 2048 sepedicti
2352 1966 2539 2031 vestri
2586 1966 2851 2032 concivis
2895 1984 3132 2031 meram

399 2054 463 2117 et
509 2053 931 2118 omnimodam
986 2053 1193 2119 velitis
1241 2053 1593 2137 impendere
1640 2052 2151 2133 satisfactionem,
2218 2054 2488 2137 alioquin
2550 2054 2836 2119 eumdem
2891 2053 3136 2119 <Iohan-

395 2158 537 2204 nem
578 2141 640 2203 in
674 2141 939 2221 dampno
987 2140 1329 2225 relinquere
1401 2140 1757 2205 nullatenus
1805 2158 1914 2205 nos
1960 2141 2222 2206 deceret.
2273 2142 2438 2207 Data
2481 2140 2870 2226 Voussegrad
2918 2158 3131 2206 mense

401 2227 620 2310 aprilis
666 2228 765 2292 die
810 2227 1110 2293 XXVIII.

493 2331 1063 2394 Commemorialium
1121 2335 1211 2395 VI
1257 2336 1358 2406 65,
1408 2353 1451 2394 u
1493 2334 1648 2396 ποῖοι.
1701 2335 1937 2395 arkivu.

950 2542 1235 2624 xxx.
1295 2541 1523 2626 1359.
1582 2542 1672 2623 17
1728 2541 2042 2645 npnja,
2093 2563 2155 2624 u
2209 2541 2603 2625 motem.

397 2668 500 2728 Na
543 2669 776 2743 uaktjev
820 2668 981 2727 bana
1023 2670 1378 2745 krvatskoya
1423 2670 1777 2743 nabram‘w'e
1821 2686 1884 2729 se
1915 2669 2044 2743 poa
2087 2670 2338 2730 kannam
2377 2670 2403 2728 i
2439 2670 2664 2745 ylebom
2720 2653 2916 2729 siniti*
2958 2667 3136 2728 §leode

1182 2758 1206 2816 i
1256 2757 1553 2817 nasilstva
1596 2775 1681 2816 na
1723 2758 1911 2817 otocih
1956 2757 2405 2818 dalmatinskih.

616 2926 781 2990 1359
842 2927 1173 2994 indictione
1233 2929 1378 3008 XII,
1439 2927 1537 2993 die
1596 2929 1778 2994 XVII
1826 2927 2008 3013 junii,
2073 2930 2287 3012 capta:
2374 2947 2514 2993 cum
2579 2927 2862 2993 dominns
2935 2926 3134 2993 banus

405 3014 733 3081 Sclavenie
777 3015 972 3097 pridie
1031 3036 1136 3097 per
1190 3035 1372 3081 suum
1434 3015 1765 3099 specialem
1814 3016 2279 3081 ambaxatorem
2331 3016 2739 3099 requisiverit,
2789 3016 2943 3098 quot
2988 3033 3133 3080 cnm

402 3101 617 3184 aliqua
663 3105 873 3166 nostra
904 3104 1149 3187 navigia
1195 3104 1578 3169 transeuntia
1602 3123 1710 3187 per
1734 3103 1974 3168 insulas
1996 3103 2254 3169 fecerint
2298 3105 2595 3169 damnum
2644 3103 2704 3167 in
2754 3101 3136 3167 animalibus
3177 3147 3186 3162 .

407 3192 473 3255 et
534 3189 713 3253 bonis
778 3189 1166 3256 subditorum
1230 3210 1504 3270 suorum,
1569 3192 1813 3275 placeat
1873 3190 2047 3256 nobis
2107 3210 2216 3274 pro
2278 3191 2740 3256 conservatione
2787 3189 3020 3255 amoris
3072 3191 3137 3254 et

401 3277 572 3360 pacis
654 3276 867 3341 taliter
950 3279 1248 3356 ordinare,
1313 3278 1478 3362 qnod
1561 3279 1635 3345 de
1711 3281 1914 3344 cetero
1987 3298 2096 3362 per
2166 3281 2404 3344 nostros
2481 3277 2632 3343 talia
2681 3296 2798 3343 non
2841 3276 3135 3341 commit-

403 3366 640 3440 tantur,
690 3367 753 3428 et
799 3364 957 3429 utile
1004 3367 1088 3430 sit
1131 3385 1278 3450 ymo
1325 3367 1602 3431 debitum
1649 3365 1828 3431 nobis
1860 3385 2046 3449 super
2082 3367 2197 3431 hoc
2229 3368 2374 3432 dare
2405 3365 2593 3432 talem
2626 3364 2923 3442 ordinem,
2963 3365 3127 3448 quod

403 3453 536 3535 ipse
583 3450 679 3515 vel
740 3451 844 3516 alii
910 3470 1161 3518 causam
1228 3473 1346 3518 non
1407 3453 1677 3519 habeant
1738 3453 1800 3517 in
1867 3455 2180 3535 posterum
2246 3453 2693 3537 conquerendi;
2741 3453 2916 3518 vadit
2959 3470 3120 3534 parS,

407 3538 568 3623 quod
622 3539 893 3603 cridetur
956 3541 1219 3622 publice,
1277 3542 1438 3624 quod
1499 3541 1705 3624 aliqua
1764 3542 1973 3606 nostra
2039 3540 2285 3625 navigia
2343 3543 2586 3607 armata
2632 3540 2728 3606 vel
2793 3539 3136 3605 disarmata

408 3646 516 3691 seu
573 3626 766 3708 aliqui
831 3627 1025 3691 nostri
1071 3626 1284 3692 fideles
1338 3627 1712 3693 transeundo
1764 3647 1873 3710 per
1923 3628 2159 3694 insulas
2204 3630 2269 3693 et
2314 3631 2521 3712 partes
2584 3627 2907 3693 Sclavenie
2967 3627 3137 3691 nullo

412 3715 595 3779 modo
655 3715 923 3779 audeant
984 3715 1081 3779 vel
1143 3715 1504 3798 presumant
1565 3714 1763 3780 facere
1825 3717 2118 3780 damnum
2180 3716 2280 3780 vel
2340 3716 2694 3782 violentiam
2759 3713 3033 3797 aliquam
3076 3714 3140 3778 in

414 3800 813 3866 animalibus.
851 3801 949 3865 vel
997 3802 1139 3865 aliis
1185 3801 1364 3867 bonis
1410 3802 1678 3885 partium
1727 3802 2142 3884 predictarum
2191 3804 2305 3867 sub
2350 3822 2503 3886 pena
2545 3802 2788 3868 baveris
2834 3805 2898 3865 et
2936 3818 3142 3883 perso-

411 3906 633 3952 narum
701 3889 777 3952 ad
844 3888 1228 3956 voluntatem
1290 3889 1567 3963 dominii,
1616 3892 1677 3953 et
1721 3889 1773 3953 si
1821 3890 1959 3972 quis
2003 3889 2432 3955 contrafecerit
2476 3892 2540 3955 et
2584 3889 2805 3972 aliquis
2849 3906 2990 3951 eum
3037 3906 3143 3951 ac-

408 3976 744 4053 cusaverit,
794 3975 1024 4041 habeat
1063 3979 1385 4042 accusator
1429 3977 1506 4041 de
1553 3975 1730 4042 bonis
1776 3979 2068 4055 accusati,
2129 3977 2182 4041 si
2229 3997 2339 4061 per
2385 3979 2516 4043 eius
2564 3976 2982 4041 accusatorem
3030 3993 3133 4039 ve-

407 4063 563 4127 ritas
622 4062 943 4139 habeatur,
1016 4065 1413 4129 medietatem
1479 4063 2049 4146 condempnationis
2111 4065 2515 4149 peccuniarie,
2578 4067 2643 4128 et
2709 4065 2994 4127 teneatur
3054 4062 3129 4126 de

400 4148 732 4228 credentia,
780 4152 843 4214 et
887 4150 1191 4232 reliquum
1240 4153 1325 4216 sit
1368 4151 1836 4217 advocatoribus
1897 4152 2265 4232 communis,
2313 4152 2539 4234 quibus
2583 4152 2698 4216 hec
2739 4149 3136 4215 committan-

399 4240 532 4312 tur;
559 4238 624 4301 et
668 4237 719 4302 si
770 4237 972 4318 plures
1011 4236 1239 4303 fuerint
1283 4239 1359 4303 ad
1397 4238 1916 4303 committendum
1958 4237 2272 4317 damnum,
2313 4241 2377 4302 et
2424 4258 2582 4304 unus
2628 4238 2727 4303 vel
2772 4237 2978 4320 plures
3025 4256 3134 4302 ac-

398 4323 748 4388 cusaverint
794 4325 967 4402 alica,
1018 4325 1452 4390 nichilominus
1492 4326 1758 4391 habeant
1805 4325 2044 4391 dictum
2092 4329 2406 4404 meritum,
2454 4329 2520 4390 et
2560 4325 2678 4408 ipsi
2732 4324 3131 4390 absolvantur

396 4411 475 4476 ab
522 4411 689 4475 omni
752 4431 922 4494 pena.
968 4413 1049 4476 Et
1093 4432 1335 4479 omnem
1405 4432 1652 4496 penam,
1700 4432 1885 4496 quam
1934 4413 2051 4495 ipsi
2117 4415 2479 4479 accusantes
2544 4412 2903 4479 debuissent
2958 4412 3133 4488 ferre,

398 4498 664 4562 debeant
709 4499 1057 4564 substinere
1105 4500 1401 4565 accusati.
1450 4501 1532 4565 Et
1577 4500 1630 4565 si
1677 4501 2007 4566 consilium
2059 4503 2175 4566 etc.
2224 4538 2307 4549 —
2347 4500 2600 4566 Cridata
2663 4499 2829 4564 dicta
2877 4499 2996 4564 die.
3052 4534 3134 4545 —

403 4586 602 4650 Missa
649 4586 728 4651 ad
777 4605 976 4651 voces.

494 4693 676 4754 meti
717 4690 965 4754 XXIX.
1009 4696 1070 4766 8,
1105 4711 1149 4754 u
1192 4696 1532 4757 naletadkom
1579 4696 1813 4755 arkivu.

3207 3643 3226 3692 ‘a
