<?xml version="1.0" encoding="UTF-8"?>
<!DOCTYPE html PUBLIC "-//W3C//DTD XHTML 1.0 Transitional//EN"
    "http://www.w3.org/TR/xhtml1/DTD/xhtml1-transitional.dtd">
<html xmlns="http://www.w3.org/1999/xhtml" xml:lang="en" lang="en">
 <head>
  <title>
</title>
<meta http-equiv="Content-Type" content="text/html;charset=utf-8" />
  <meta name='ocr-system' content='tesseract 3.04.00' />
  <meta name='ocr-capabilities' content='ocr_page ocr_carea ocr_par ocr_line ocrx_word'/>
</head>
<body>
  <div class='ocr_page' id='page_1' title='image "./monumentaspecta02umjegoog_0732.png"; bbox 0 0 3620 5282; ppageno 0'>
   <div class='ocr_carea' id='block_1_1' title="bbox 412 329 539 395">
    <p class='ocr_par' dir='ltr' id='par_1_1' title="bbox 412 329 539 395">
     <span class='ocr_line' id='line_1_1' title="bbox 412 329 539 395; baseline 0 0"><span class='ocrx_word' id='word_1_1' title='bbox 412 329 539 395; x_wconf 88' lang='lat'>180</span> 
     </span>
    </p>
   </div>
   <div class='ocr_carea' id='block_1_2' title="bbox 394 500 3130 1111">
    <p class='ocr_par' dir='ltr' id='par_1_2' title="bbox 394 500 3130 1111">
     <span class='ocr_line' id='line_1_2' title="bbox 395 500 3125 587; baseline -0.004 -18"><span class='ocrx_word' id='word_1_2' title='bbox 395 505 690 569; x_wconf 89' lang='lat' dir='ltr'>similiter</span> <span class='ocrx_word' id='word_1_3' title='bbox 734 520 972 587; x_wconf 89' lang='lat' dir='ltr'>quoque</span> <span class='ocrx_word' id='word_1_4' title='bbox 1020 503 1206 567; x_wconf 87' lang='lat' dir='ltr'>verba</span> <span class='ocrx_word' id='word_1_5' title='bbox 1254 502 1314 566; x_wconf 93' lang='lat' dir='ltr'>in</span> <span class='ocrx_word' id='word_1_6' title='bbox 1352 502 1733 586; x_wconf 81' lang='lat' dir='ltr'>marginibus</span> <span class='ocrx_word' id='word_1_7' title='bbox 1778 502 2011 585; x_wconf 88' lang='lat' dir='ltr'>scripta</span> <span class='ocrx_word' id='word_1_8' title='bbox 2056 504 2120 565; x_wconf 88' lang='lat' dir='ltr'>et</span> <span class='ocrx_word' id='word_1_9' title='bbox 2164 500 2382 565; x_wconf 84' lang='lat' dir='ltr'>zisrata</span> <span class='ocrx_word' id='word_1_10' title='bbox 2421 502 2934 561; x_wconf 77' lang='lat' dir='ltr'>etsuccessoribus</span> <span class='ocrx_word' id='word_1_11' title='bbox 2977 502 3125 569; x_wconf 80' lang='lat' dir='ltr'>suis,</span> 
     </span>
     <span class='ocr_line' id='line_1_3' title="bbox 397 585 3124 674; baseline -0.003 -18"><span class='ocrx_word' id='word_1_12' title='bbox 397 611 515 674; x_wconf 92' lang='lat' dir='ltr'>que</span> <span class='ocrx_word' id='word_1_13' title='bbox 559 593 787 656; x_wconf 91' lang='lat' dir='ltr'>debent</span> <span class='ocrx_word' id='word_1_14' title='bbox 833 591 1155 673; x_wconf 81' lang='lat' dir='ltr'>precedere</span> <span class='ocrx_word' id='word_1_15' title='bbox 1201 590 1422 666; x_wconf 82' lang='lat' dir='ltr'>verba,</span> <span class='ocrx_word' id='word_1_16' title='bbox 1469 593 1691 652; x_wconf 74' lang='lat' dir='ltr'>scilicet</span> <span class='ocrx_word' id='word_1_17' title='bbox 1745 593 1867 664; x_wconf 77' lang='lat' dir='ltr'>fuit</span> <span class='ocrx_word' id='word_1_18' title='bbox 1911 592 2216 662; x_wconf 81' lang='lat' dir='ltr'>confessus</span> <span class='ocrx_word' id='word_1_19' title='bbox 2275 587 2337 651; x_wconf 92' lang='lat' dir='ltr'>in</span> <span class='ocrx_word' id='word_1_20' title='bbox 2403 586 2613 651; x_wconf 87' lang='lat' dir='ltr'>eadem</span> <span class='ocrx_word' id='word_1_21' title='bbox 2666 585 2913 650; x_wconf 88' lang='lat' dir='ltr'>XVIIII</span> <span class='ocrx_word' id='word_1_22' title='bbox 2960 585 3124 648; x_wconf 88' lang='lat' dir='ltr'>linea</span> 
     </span>
     <span class='ocr_line' id='line_1_4' title="bbox 396 672 3130 759; baseline -0.004 -16"><span class='ocrx_word' id='word_1_23' title='bbox 396 680 849 755; x_wconf 81' lang='lat' dir='ltr'>descendendo;</span> <span class='ocrx_word' id='word_1_24' title='bbox 878 681 940 742; x_wconf 91' lang='lat' dir='ltr'>et</span> <span class='ocrx_word' id='word_1_25' title='bbox 1001 678 1444 759; x_wconf 75' lang='lat' dir='ltr'>subsequenter</span> <span class='ocrx_word' id='word_1_26' title='bbox 1490 676 1907 742; x_wconf 88' lang='lat' dir='ltr'>descendendo</span> <span class='ocrx_word' id='word_1_27' title='bbox 1955 678 2019 740; x_wconf 92' lang='lat' dir='ltr'>in</span> <span class='ocrx_word' id='word_1_28' title='bbox 2084 674 2360 740; x_wconf 86' lang='lat' dir='ltr'>XXVIII</span> <span class='ocrx_word' id='word_1_29' title='bbox 2411 675 2578 739; x_wconf 88' lang='lat' dir='ltr'>linea</span> <span class='ocrx_word' id='word_1_30' title='bbox 2637 675 2824 738; x_wconf 83' lang='lat' dir='ltr'>verba</span> <span class='ocrx_word' id='word_1_31' title='bbox 2868 672 2977 737; x_wconf 90' lang='lat' dir='ltr'>illa</span> <span class='ocrx_word' id='word_1_32' title='bbox 3011 692 3130 748; x_wconf 77' lang='lat' dir='ltr'>per</span> 
     </span>
     <span class='ocr_line' id='line_1_5' title="bbox 394 761 3124 848; baseline -0.002 -20"><span class='ocrx_word' id='word_1_33' title='bbox 394 786 457 828; x_wconf 82' lang='lat' dir='ltr'>se</span> <span class='ocrx_word' id='word_1_34' title='bbox 501 775 556 829; x_wconf 77' lang='lat' dir='ltr'>et</span> <span class='ocrx_word' id='word_1_35' title='bbox 600 785 962 829; x_wconf 80' lang='lat' dir='ltr'>successores</span> <span class='ocrx_word' id='word_1_36' title='bbox 1005 785 1161 838; x_wconf 82' lang='lat' dir='ltr'>suos,</span> <span class='ocrx_word' id='word_1_37' title='bbox 1207 784 1325 848; x_wconf 89' lang='lat' dir='ltr'>que</span> <span class='ocrx_word' id='word_1_38' title='bbox 1356 766 1585 830; x_wconf 89' lang='lat' dir='ltr'>debent</span> <span class='ocrx_word' id='word_1_39' title='bbox 1619 765 1790 847; x_wconf 90' lang='lat' dir='ltr'>sequi</span> <span class='ocrx_word' id='word_1_40' title='bbox 1822 767 1963 846; x_wconf 90' lang='lat' dir='ltr'>post</span> <span class='ocrx_word' id='word_1_41' title='bbox 1995 763 2102 828; x_wconf 89' lang='lat' dir='ltr'>illa</span> <span class='ocrx_word' id='word_1_42' title='bbox 2149 763 2332 828; x_wconf 88' lang='lat' dir='ltr'>verba</span> <span class='ocrx_word' id='word_1_43' title='bbox 2363 765 2639 824; x_wconf 77' lang='lat' dir='ltr'>dominus</span> <span class='ocrx_word' id='word_1_44' title='bbox 2682 782 2820 840; x_wconf 70' lang='lat' dir='ltr'>rex,</span> <span class='ocrx_word' id='word_1_45' title='bbox 2867 761 2932 825; x_wconf 87' lang='lat' dir='ltr'>et</span> <span class='ocrx_word' id='word_1_46' title='bbox 2978 762 3124 824; x_wconf 87' lang='lat' dir='ltr'>ante</span> 
     </span>
     <span class='ocr_line' id='line_1_6' title="bbox 398 845 3128 928; baseline -0.003 -9"><span class='ocrx_word' id='word_1_47' title='bbox 398 855 657 920; x_wconf 84' lang='lat' dir='ltr'>verbum</span> <span class='ocrx_word' id='word_1_48' title='bbox 704 857 1102 928; x_wconf 73' lang='lat' dir='ltr'>supradictis,</span> <span class='ocrx_word' id='word_1_49' title='bbox 1150 871 1260 916; x_wconf 90' lang='lat' dir='ltr'>nec</span> <span class='ocrx_word' id='word_1_50' title='bbox 1308 872 1428 916; x_wconf 90' lang='lat' dir='ltr'>non</span> <span class='ocrx_word' id='word_1_51' title='bbox 1475 854 1688 916; x_wconf 89' lang='lat' dir='ltr'>eadem</span> <span class='ocrx_word' id='word_1_52' title='bbox 1738 854 1923 916; x_wconf 87' lang='lat' dir='ltr'>verba</span> <span class='ocrx_word' id='word_1_53' title='bbox 1956 872 2074 928; x_wconf 77' lang='lat' dir='ltr'>pro</span> <span class='ocrx_word' id='word_1_54' title='bbox 2119 870 2181 912; x_wconf 85' lang='lat' dir='ltr'>se</span> <span class='ocrx_word' id='word_1_55' title='bbox 2225 858 2281 912; x_wconf 74' lang='lat' dir='ltr'>ct</span> <span class='ocrx_word' id='word_1_56' title='bbox 2324 853 2730 912; x_wconf 70' lang='lat' dir='ltr'>succesoribus</span> <span class='ocrx_word' id='word_1_57' title='bbox 2773 849 2834 911; x_wconf 91' lang='lat' dir='ltr'>in</span> <span class='ocrx_word' id='word_1_58' title='bbox 2884 845 3128 912; x_wconf 90' lang='lat' dir='ltr'>XXXII</span> 
     </span>
     <span class='ocr_line' id='line_1_7' title="bbox 398 936 3126 1023; baseline -0.003 -18"><span class='ocrx_word' id='word_1_59' title='bbox 398 940 563 1005; x_wconf 89' lang='lat' dir='ltr'>linea</span> <span class='ocrx_word' id='word_1_60' title='bbox 597 940 1036 1019; x_wconf 84' lang='lat' dir='ltr'>descendendo,</span> <span class='ocrx_word' id='word_1_61' title='bbox 1086 959 1202 1023; x_wconf 87' lang='lat' dir='ltr'>que</span> <span class='ocrx_word' id='word_1_62' title='bbox 1233 939 1461 1004; x_wconf 88' lang='lat' dir='ltr'>debent</span> <span class='ocrx_word' id='word_1_63' title='bbox 1492 940 1818 1020; x_wconf 90' lang='lat' dir='ltr'>procedere</span> <span class='ocrx_word' id='word_1_64' title='bbox 1856 939 2108 1004; x_wconf 89' lang='lat' dir='ltr'>verbum</span> <span class='ocrx_word' id='word_1_65' title='bbox 2134 941 2431 1013; x_wconf 75' lang='lat' dir='ltr'><strong><em>promisit,</em></strong></span> <span class='ocrx_word' id='word_1_66' title='bbox 2474 955 2612 1002; x_wconf 88' lang='lat' dir='ltr'>mea</span> <span class='ocrx_word' id='word_1_67' title='bbox 2644 936 2891 1019; x_wconf 89' lang='lat' dir='ltr'>propria</span> <span class='ocrx_word' id='word_1_68' title='bbox 2943 953 3126 999; x_wconf 86' lang='lat' dir='ltr'>manu</span> 
     </span>
     <span class='ocr_line' id='line_1_8' title="bbox 400 1026 3130 1111; baseline -0.003 -19"><span class='ocrx_word' id='word_1_69' title='bbox 400 1029 464 1093; x_wconf 93' lang='lat' dir='ltr'>in</span> <span class='ocrx_word' id='word_1_70' title='bbox 510 1028 663 1110; x_wconf 89' lang='lat' dir='ltr'>ipsis</span> <span class='ocrx_word' id='word_1_71' title='bbox 710 1028 1094 1111; x_wconf 82' lang='lat' dir='ltr'>marginibus</span> <span class='ocrx_word' id='word_1_72' title='bbox 1141 1027 1364 1110; x_wconf 84' lang='lat' dir='ltr'>scripsi</span> <span class='ocrx_word' id='word_1_73' title='bbox 1410 1027 1475 1091; x_wconf 91' lang='lat' dir='ltr'>et</span> <span class='ocrx_word' id='word_1_74' title='bbox 1520 1027 1752 1105; x_wconf 86' lang='lat' dir='ltr'>zifravi‚</span> <span class='ocrx_word' id='word_1_75' title='bbox 1799 1027 1947 1109; x_wconf 88' lang='lat' dir='ltr'>quia</span> <span class='ocrx_word' id='word_1_76' title='bbox 1993 1028 2182 1091; x_wconf 87' lang='lat' dir='ltr'>verba</span> <span class='ocrx_word' id='word_1_77' title='bbox 2228 1027 2360 1107; x_wconf 86' lang='lat' dir='ltr'>ipsa</span> <span class='ocrx_word' id='word_1_78' title='bbox 2406 1026 2735 1090; x_wconf 85' lang='lat' dir='ltr'>omiseram</span> <span class='ocrx_word' id='word_1_79' title='bbox 2790 1042 2863 1088; x_wconf 79' lang='lat' dir='ltr'>ex</span> <span class='ocrx_word' id='word_1_80' title='bbox 2904 1042 3130 1088; x_wconf 89' lang='lat' dir='ltr'>errore.</span> 
     </span>
    </p>
   </div>
   <div class='ocr_carea' id='block_1_3' title="bbox 484 1132 1696 1206">
    <p class='ocr_par' dir='ltr' id='par_1_3' title="bbox 484 1132 1696 1206">
     <span class='ocr_line' id='line_1_9' title="bbox 484 1132 1696 1206; baseline -0.001 -11"><span class='ocrx_word' id='word_1_81' title='bbox 484 1136 805 1197; x_wconf 76' lang='lat' dir='ltr'>Paetorum</span> <span class='ocrx_word' id='word_1_82' title='bbox 866 1137 972 1196; x_wconf 85' lang='lat' dir='ltr'>VI.</span> <span class='ocrx_word' id='word_1_83' title='bbox 1017 1139 1122 1206; x_wconf 88' lang='grc'>39,</span> <span class='ocrx_word' id='word_1_84' title='bbox 1167 1154 1210 1195; x_wconf 78' lang='lat' dir='ltr'>u</span> <span class='ocrx_word' id='word_1_85' title='bbox 1253 1136 1406 1194; x_wconf 81' lang='lat' dir='ltr'>mlet.</span> <span class='ocrx_word' id='word_1_86' title='bbox 1455 1132 1696 1194; x_wconf 81' lang='lat' dir='ltr'>arkivu.</span> 
     </span>
    </p>
   </div>
   <div class='ocr_carea' id='block_1_4' title="bbox 686 1373 2823 1477">
    <p class='ocr_par' dir='ltr' id='par_1_4' title="bbox 686 1373 2823 1477">
     <span class='ocr_line' id='line_1_10' title="bbox 686 1373 2823 1477; baseline -0.003 -17"><span class='ocrx_word' id='word_1_87' title='bbox 686 1375 1003 1460; x_wconf 82' lang='lat' dir='ltr'>GGLII.</span> <span class='ocrx_word' id='word_1_88' title='bbox 1059 1375 1266 1459; x_wconf 80' lang='lat' dir='ltr'>God.</span> <span class='ocrx_word' id='word_1_89' title='bbox 1321 1375 1542 1459; x_wconf 79' lang='lat'>1381.</span> <span class='ocrx_word' id='word_1_90' title='bbox 1598 1377 1649 1458; x_wconf 82' lang='grc'><strong>6</strong></span> <span class='ocrx_word' id='word_1_91' title='bbox 1703 1376 2137 1477; x_wconf 68' lang='lat' dir='ltr'>prosimos,</span> <span class='ocrx_word' id='word_1_92' title='bbox 2191 1396 2249 1456; x_wconf 92' lang='lat' dir='ltr'>u</span> <span class='ocrx_word' id='word_1_93' title='bbox 2313 1373 2823 1474; x_wconf 70' lang='lat' dir='ltr'>Diosgyoru.</span> 
     </span>
    </p>
   </div>
   <div class='ocr_carea' id='block_1_5' title="bbox 401 1517 3131 1768">
    <p class='ocr_par' dir='ltr' id='par_1_5' title="bbox 401 1517 3131 1768">
     <span class='ocr_line' id='line_1_11' title="bbox 401 1517 3130 1593; baseline -0.001 -14"><span class='ocrx_word' id='word_1_94' title='bbox 401 1521 644 1580; x_wconf 75' lang='lat' dir='ltr'>Listovi</span> <span class='ocrx_word' id='word_1_95' title='bbox 687 1520 1062 1593; x_wconf 75' lang='lat' dir='ltr'>odpravljeni</span> <span class='ocrx_word' id='word_1_96' title='bbox 1105 1519 1181 1577; x_wconf 80' lang='lat' dir='ltr'>od</span> <span class='ocrx_word' id='word_1_97' title='bbox 1224 1520 1555 1592; x_wconf 60' lang='lat' dir='ltr'>upon-hro.</span> <span class='ocrx_word' id='word_1_98' title='bbox 1601 1520 1803 1592; x_wconf 75' lang='lat' dir='ltr'>kraZJa</span> <span class='ocrx_word' id='word_1_99' title='bbox 1856 1537 1940 1578; x_wconf 78' lang='lat' dir='ltr'>na</span> <span class='ocrx_word' id='word_1_100' title='bbox 1982 1535 2163 1593; x_wconf 75' lang='lat' dir='ltr'>svoya</span> <span class='ocrx_word' id='word_1_101' title='bbox 2204 1518 2526 1590; x_wconf 79' lang='lat' dir='ltr'>poslanika</span> <span class='ocrx_word' id='word_1_102' title='bbox 2568 1518 3001 1592; x_wconf 70' lang='lat' dir='ltr'>zayrebackoqa</span> <span class='ocrx_word' id='word_1_103' title='bbox 3046 1517 3130 1575; x_wconf 81' lang='lat' dir='ltr'>bi·</span> 
     </span>
     <span class='ocr_line' id='line_1_12' title="bbox 408 1604 3131 1685; baseline -0.002 -17"><span class='ocrx_word' id='word_1_104' title='bbox 408 1609 626 1685; x_wconf 77' lang='lat' dir='ltr'>skupa,</span> <span class='ocrx_word' id='word_1_105' title='bbox 673 1626 716 1667; x_wconf 78' lang='lat' dir='ltr'><em>u</em></span> <span class='ocrx_word' id='word_1_106' title='bbox 760 1608 923 1680; x_wconf 75' lang='lat' dir='ltr'>kojih</span> <span class='ocrx_word' id='word_1_107' title='bbox 983 1625 1046 1665; x_wconf 83' lang='lat' dir='ltr'>se</span> <span class='ocrx_word' id='word_1_108' title='bbox 1102 1606 1387 1679; x_wconf 52' lang='lat' dir='ltr'>upucujffi</span> <span class='ocrx_word' id='word_1_109' title='bbox 1443 1608 1597 1666; x_wconf 79' lang='lat' dir='ltr'>kako</span> <span class='ocrx_word' id='word_1_110' title='bbox 1655 1608 1735 1666; x_wconf 81' lang='lat' dir='ltr'>da</span> <span class='ocrx_word' id='word_1_111' title='bbox 1778 1624 1841 1666; x_wconf 86' lang='lat' dir='ltr'>se</span> <span class='ocrx_word' id='word_1_112' title='bbox 1900 1607 2052 1665; x_wconf 62' lang='lat' dir='ltr'>riese</span> <span class='ocrx_word' id='word_1_113' title='bbox 2096 1608 2266 1679; x_wconf 75' lang='lat' dir='ltr'>njeke</span> <span class='ocrx_word' id='word_1_114' title='bbox 2308 1607 2619 1664; x_wconf 77' lang='lat' dir='ltr'>razmirice</span> <span class='ocrx_word' id='word_1_115' title='bbox 2666 1621 2740 1664; x_wconf 82' lang='lat' dir='ltr'>sa</span> <span class='ocrx_word' id='word_1_116' title='bbox 2790 1604 3131 1664; x_wconf 65' lang='lat' dir='ltr'>mletadkom</span> 
     </span>
     <span class='ocr_line' id='line_1_13' title="bbox 803 1694 2727 1768; baseline 0 -15"><span class='ocrx_word' id='word_1_117' title='bbox 803 1695 1168 1768; x_wconf 75' lang='lat' dir='ltr'>republikom</span> <span class='ocrx_word' id='word_1_118' title='bbox 1212 1711 1243 1753; x_wconf 87' lang='lat' dir='ltr'>s</span> <span class='ocrx_word' id='word_1_119' title='bbox 1287 1695 1541 1754; x_wconf 79' lang='lat' dir='ltr'>obzirom</span> <span class='ocrx_word' id='word_1_120' title='bbox 1584 1712 1670 1754; x_wconf 79' lang='lat' dir='ltr'>na</span> <span class='ocrx_word' id='word_1_121' title='bbox 1712 1695 1886 1754; x_wconf 81' lang='lat' dir='ltr'>skoro</span> <span class='ocrx_word' id='word_1_122' title='bbox 1931 1695 2247 1767; x_wconf 76' lang='lat' dir='ltr'>sklopljeni</span> <span class='ocrx_word' id='word_1_123' title='bbox 2293 1694 2557 1752; x_wconf 71' lang='lat' dir='ltr'>turinski</span> <span class='ocrx_word' id='word_1_124' title='bbox 2591 1694 2727 1753; x_wconf 81' lang='lat' dir='ltr'>mir.</span> 
     </span>
    </p>
   </div>
   <div class='ocr_carea' id='block_1_6' title="bbox 406 1810 3139 4775">
    <p class='ocr_par' dir='ltr' id='par_1_6' title="bbox 406 1810 3132 2157">
     <span class='ocr_line' id='line_1_14' title="bbox 616 1810 3127 1895; baseline -0.001 -19"><span class='ocrx_word' id='word_1_125' title='bbox 616 1811 806 1876; x_wconf 87' lang='lat'>1381.</span> <span class='ocrx_word' id='word_1_126' title='bbox 854 1811 930 1876; x_wconf 91' lang='lat' dir='ltr'>de</span> <span class='ocrx_word' id='word_1_127' title='bbox 979 1830 1189 1876; x_wconf 88' lang='lat' dir='ltr'>mense</span> <span class='ocrx_word' id='word_1_128' title='bbox 1231 1812 1592 1876; x_wconf 88' lang='lat' dir='ltr'>decembris.</span> <span class='ocrx_word' id='word_1_129' title='bbox 1641 1811 1828 1895; x_wconf 88' lang='lat' dir='ltr'>Copia</span> <span class='ocrx_word' id='word_1_130' title='bbox 1871 1813 2219 1877; x_wconf 89' lang='lat' dir='ltr'>litterarum</span> <span class='ocrx_word' id='word_1_131' title='bbox 2277 1812 2606 1876; x_wconf 90' lang='lat' dir='ltr'>missarum</span> <span class='ocrx_word' id='word_1_132' title='bbox 2668 1810 2919 1875; x_wconf 91' lang='lat' dir='ltr'>domino</span> <span class='ocrx_word' id='word_1_133' title='bbox 2966 1811 3127 1893; x_wconf 87' lang='lat' dir='ltr'>epis·</span> 
     </span>
     <span class='ocr_line' id='line_1_15' title="bbox 407 1899 3132 1984; baseline -0 -20"><span class='ocrx_word' id='word_1_134' title='bbox 407 1919 555 1984; x_wconf 92' lang='lat' dir='ltr'>copo</span> <span class='ocrx_word' id='word_1_135' title='bbox 601 1899 1000 1983; x_wconf 87' lang='lat' dir='ltr'>Zagrabiensi</span> <span class='ocrx_word' id='word_1_136' title='bbox 1049 1918 1153 1981; x_wconf 88' lang='lat' dir='ltr'>per</span> <span class='ocrx_word' id='word_1_137' title='bbox 1197 1900 1515 1964; x_wconf 89' lang='lat' dir='ltr'>dominum</span> <span class='ocrx_word' id='word_1_138' title='bbox 1563 1918 1769 1983; x_wconf 85' lang='lat' dir='ltr'>regem</span> <span class='ocrx_word' id='word_1_139' title='bbox 1833 1900 2185 1982; x_wconf 87' lang='lat' dir='ltr'>Hungarie‚</span> <span class='ocrx_word' id='word_1_140' title='bbox 2233 1918 2494 1982; x_wconf 86' lang='lat' dir='ltr'>quarum</span> <span class='ocrx_word' id='word_1_141' title='bbox 2541 1899 2956 1981; x_wconf 87' lang='lat' dir='ltr'>superscripto</span> <span class='ocrx_word' id='word_1_142' title='bbox 2997 1903 3132 1963; x_wconf 87' lang='lat' dir='ltr'>erat</span> 
     </span>
     <span class='ocr_line' id='line_1_16' title="bbox 407 1984 3130 2070; baseline -0.001 -18"><span class='ocrx_word' id='word_1_143' title='bbox 407 1990 591 2052; x_wconf 86' lang='lat' dir='ltr'>talis:</span> <span class='ocrx_word' id='word_1_144' title='bbox 626 1986 824 2051; x_wconf 83' lang='lat' dir='ltr'>Fideli</span> <span class='ocrx_word' id='word_1_145' title='bbox 871 1988 1079 2051; x_wconf 89' lang='lat' dir='ltr'>nostro</span> <span class='ocrx_word' id='word_1_146' title='bbox 1123 1986 1350 2051; x_wconf 89' lang='lat' dir='ltr'>dilecto</span> <span class='ocrx_word' id='word_1_147' title='bbox 1387 1988 1715 2052; x_wconf 84' lang='lat' dir='ltr'>venerabili</span> <span class='ocrx_word' id='word_1_148' title='bbox 1766 1987 1830 2051; x_wconf 91' lang='lat' dir='ltr'>in</span> <span class='ocrx_word' id='word_1_149' title='bbox 1868 1984 2110 2052; x_wconf 87' lang='lat' dir='ltr'>Christo</span> <span class='ocrx_word' id='word_1_150' title='bbox 2142 1988 2301 2070; x_wconf 86' lang='lat' dir='ltr'>patri</span> <span class='ocrx_word' id='word_1_151' title='bbox 2330 1987 2575 2051; x_wconf 92' lang='lat' dir='ltr'>domino</span> <span class='ocrx_word' id='word_1_152' title='bbox 2606 1986 2799 2050; x_wconf 90' lang='lat' dir='ltr'>Paulo</span> <span class='ocrx_word' id='word_1_153' title='bbox 2846 1988 3130 2069; x_wconf 88' lang='lat' dir='ltr'>episcopo</span> 
     </span>
     <span class='ocr_line' id='line_1_17' title="bbox 406 2071 2777 2157; baseline 0 -17"><span class='ocrx_word' id='word_1_154' title='bbox 406 2074 662 2140; x_wconf 82' lang='lat' dir='ltr'>ecclesie</span> <span class='ocrx_word' id='word_1_155' title='bbox 700 2075 1149 2157; x_wconf 87' lang='lat' dir='ltr'>Zagrabiensis.</span> <span class='ocrx_word' id='word_1_156' title='bbox 1192 2073 1320 2137; x_wconf 84' lang='lat' dir='ltr'>Rex</span> <span class='ocrx_word' id='word_1_157' title='bbox 1366 2074 1691 2157; x_wconf 89' lang='lat' dir='ltr'>Huugarie</span> <span class='ocrx_word' id='word_1_158' title='bbox 1739 2078 1860 2139; x_wconf 88' lang='lat' dir='ltr'>etc.</span> <span class='ocrx_word' id='word_1_159' title='bbox 2766 2071 2777 2078; x_wconf 80' lang='grc'><strong>”</strong></span> 
     </span>
    </p>

    <p class='ocr_par' dir='ltr' id='par_1_7' title="bbox 409 2161 3134 2857">
     <span class='ocr_line' id='line_1_18' title="bbox 616 2161 3131 2243; baseline -0 -17"><span class='ocrx_word' id='word_1_160' title='bbox 616 2161 851 2226; x_wconf 85' lang='lat' dir='ltr'>Fidelis</span> <span class='ocrx_word' id='word_1_161' title='bbox 898 2163 1110 2225; x_wconf 88' lang='lat' dir='ltr'>noster</span> <span class='ocrx_word' id='word_1_162' title='bbox 1157 2161 1401 2225; x_wconf 88' lang='lat' dir='ltr'>dilecte.</span> <span class='ocrx_word' id='word_1_163' title='bbox 1451 2162 1725 2227; x_wconf 81' lang='lat' dir='ltr'>Litteras</span> <span class='ocrx_word' id='word_1_164' title='bbox 1770 2163 2011 2227; x_wconf 88' lang='lat' dir='ltr'>vestras</span> <span class='ocrx_word' id='word_1_165' title='bbox 2060 2161 2423 2243; x_wconf 76' lang='lat' dir='ltr'>recepimu3‚</span> <span class='ocrx_word' id='word_1_166' title='bbox 2471 2162 2539 2225; x_wconf 90' lang='lat' dir='ltr'>et</span> <span class='ocrx_word' id='word_1_167' title='bbox 2582 2178 2795 2225; x_wconf 86' lang='lat' dir='ltr'>earum</span> <span class='ocrx_word' id='word_1_168' title='bbox 2843 2161 3131 2225; x_wconf 83' lang='lat' dir='ltr'>contenta</span> 
     </span>
     <span class='ocr_line' id='line_1_19' title="bbox 409 2248 3130 2332; baseline -0.001 -18"><span class='ocrx_word' id='word_1_169' title='bbox 409 2250 853 2326; x_wconf 76' lang='lat' dir='ltr'>intelleximuS,</span> <span class='ocrx_word' id='word_1_170' title='bbox 899 2249 977 2313; x_wconf 90' lang='lat' dir='ltr'>ad</span> <span class='ocrx_word' id='word_1_171' title='bbox 1021 2268 1171 2330; x_wconf 90' lang='lat' dir='ltr'>quas</span> <span class='ocrx_word' id='word_1_172' title='bbox 1219 2248 1390 2312; x_wconf 88' lang='lat' dir='ltr'>vobis</span> <span class='ocrx_word' id='word_1_173' title='bbox 1434 2250 1877 2332; x_wconf 88' lang='lat' dir='ltr'>respondemus</span> <span class='ocrx_word' id='word_1_174' title='bbox 1905 2299 1919 2325; x_wconf 91' lang='lat'>‚</span> <span class='ocrx_word' id='word_1_175' title='bbox 1964 2250 2123 2331; x_wconf 80' lang='lat' dir='ltr'>quod</span> <span class='ocrx_word' id='word_1_176' title='bbox 2170 2266 2277 2313; x_wconf 84' lang='lat' dir='ltr'>vos</span> <span class='ocrx_word' id='word_1_177' title='bbox 2322 2251 2385 2312; x_wconf 93' lang='lat' dir='ltr'>et</span> <span class='ocrx_word' id='word_1_178' title='bbox 2430 2249 2729 2312; x_wconf 85' lang='lat' dir='ltr'>dominus</span> <span class='ocrx_word' id='word_1_179' title='bbox 2764 2248 3130 2313; x_wconf 86' lang='lat' dir='ltr'>Valentinus</span> 
     </span>
     <span class='ocr_line' id='line_1_20' title="bbox 410 2335 3133 2420; baseline -0.001 -17"><span class='ocrx_word' id='word_1_180' title='bbox 410 2339 730 2420; x_wconf 89' lang='lat' dir='ltr'>episcopus</span> <span class='ocrx_word' id='word_1_181' title='bbox 775 2335 1057 2417; x_wconf 76' lang='lat' dir='ltr'>Quinque</span> <span class='ocrx_word' id='word_1_182' title='bbox 1118 2335 1514 2400; x_wconf 87' lang='lat' dir='ltr'>ecclesiarum</span> <span class='ocrx_word' id='word_1_183' title='bbox 1563 2339 1714 2401; x_wconf 89' lang='lat' dir='ltr'>bene</span> <span class='ocrx_word' id='word_1_184' title='bbox 1756 2336 1932 2401; x_wconf 86' lang='lat' dir='ltr'>scitis</span> <span class='ocrx_word' id='word_1_185' title='bbox 1977 2339 2255 2401; x_wconf 89' lang='lat' dir='ltr'>nostram</span> <span class='ocrx_word' id='word_1_186' title='bbox 2300 2336 2681 2400; x_wconf 88' lang='lat' dir='ltr'>voluntatem</span> <span class='ocrx_word' id='word_1_187' title='bbox 2730 2336 2794 2399; x_wconf 89' lang='lat' dir='ltr'>et</span> <span class='ocrx_word' id='word_1_188' title='bbox 2839 2335 3133 2401; x_wconf 89' lang='lat' dir='ltr'>intentio-</span> 
     </span>
     <span class='ocr_line' id='line_1_21' title="bbox 410 2422 3133 2505; baseline -0.001 -17"><span class='ocrx_word' id='word_1_189' title='bbox 410 2443 572 2504; x_wconf 86' lang='lat' dir='ltr'>nem,</span> <span class='ocrx_word' id='word_1_190' title='bbox 622 2427 686 2487; x_wconf 90' lang='lat' dir='ltr'>et</span> <span class='ocrx_word' id='word_1_191' title='bbox 730 2442 836 2505; x_wconf 91' lang='lat' dir='ltr'>pro</span> <span class='ocrx_word' id='word_1_192' title='bbox 881 2425 954 2486; x_wconf 93' lang='lat' dir='ltr'>ut</span> <span class='ocrx_word' id='word_1_193' title='bbox 997 2422 1384 2504; x_wconf 87' lang='lat' dir='ltr'>processistis</span> <span class='ocrx_word' id='word_1_194' title='bbox 1431 2424 1492 2488; x_wconf 92' lang='lat' dir='ltr'>in</span> <span class='ocrx_word' id='word_1_195' title='bbox 1537 2422 1722 2489; x_wconf 86' lang='lat' dir='ltr'>factis</span> <span class='ocrx_word' id='word_1_196' title='bbox 1769 2424 2032 2501; x_wconf 82' lang='lat' dir='ltr'>nostris,</span> <span class='ocrx_word' id='word_1_197' title='bbox 2096 2424 2186 2488; x_wconf 89' lang='lat' dir='ltr'>sic</span> <span class='ocrx_word' id='word_1_198' title='bbox 2247 2423 2462 2489; x_wconf 86' lang='lat' dir='ltr'>habita</span> <span class='ocrx_word' id='word_1_199' title='bbox 2510 2422 2951 2487; x_wconf 84' lang='lat' dir='ltr'>deliberatione</span> <span class='ocrx_word' id='word_1_200' title='bbox 3000 2441 3133 2486; x_wconf 89' lang='lat' dir='ltr'>ma-</span> 
     </span>
     <span class='ocr_line' id='line_1_22' title="bbox 412 2508 3134 2592; baseline 0 -17"><span class='ocrx_word' id='word_1_201' title='bbox 412 2515 553 2575; x_wconf 86' lang='lat' dir='ltr'>tura</span> <span class='ocrx_word' id='word_1_202' title='bbox 595 2510 757 2574; x_wconf 86' lang='lat' dir='ltr'>inter</span> <span class='ocrx_word' id='word_1_203' title='bbox 800 2528 927 2587; x_wconf 86' lang='lat' dir='ltr'>vos,</span> <span class='ocrx_word' id='word_1_204' title='bbox 975 2512 1040 2573; x_wconf 91' lang='lat' dir='ltr'>et</span> <span class='ocrx_word' id='word_1_205' title='bbox 1083 2509 1249 2575; x_wconf 86' lang='lat' dir='ltr'>facta</span> <span class='ocrx_word' id='word_1_206' title='bbox 1296 2511 1623 2575; x_wconf 87' lang='lat' dir='ltr'>collatione</span> <span class='ocrx_word' id='word_1_207' title='bbox 1666 2530 1807 2575; x_wconf 92' lang='lat' dir='ltr'>cum</span> <span class='ocrx_word' id='word_1_208' title='bbox 1848 2512 2093 2576; x_wconf 90' lang='lat' dir='ltr'>domino</span> <span class='ocrx_word' id='word_1_209' title='bbox 2143 2512 2200 2574; x_wconf 93' lang='lat' dir='ltr'>d.</span> <span class='ocrx_word' id='word_1_210' title='bbox 2249 2509 2557 2575; x_wconf 86' lang='lat' dir='ltr'>cardinale</span> <span class='ocrx_word' id='word_1_211' title='bbox 2598 2508 3022 2592; x_wconf 89' lang='lat' dir='ltr'>Strigoniense</span> <span class='ocrx_word' id='word_1_212' title='bbox 3068 2514 3134 2575; x_wconf 91' lang='lat' dir='ltr'>et</span> 
     </span>
     <span class='ocr_line' id='line_1_23' title="bbox 410 2596 3129 2682; baseline 0 -19"><span class='ocrx_word' id='word_1_213' title='bbox 410 2599 552 2664; x_wconf 90' lang='lat' dir='ltr'>aliis</span> <span class='ocrx_word' id='word_1_214' title='bbox 598 2598 930 2663; x_wconf 86' lang='lat' dir='ltr'>baronibus</span> <span class='ocrx_word' id='word_1_215' title='bbox 973 2597 1223 2676; x_wconf 65' lang='lat' dir='ltr'>nostris⁹</span> <span class='ocrx_word' id='word_1_216' title='bbox 1267 2598 1647 2664; x_wconf 88' lang='lat' dir='ltr'>concludatis</span> <span class='ocrx_word' id='word_1_217' title='bbox 1694 2599 1858 2663; x_wconf 88' lang='lat' dir='ltr'>facto</span> <span class='ocrx_word' id='word_1_218' title='bbox 1906 2598 1968 2664; x_wconf 91' lang='lat' dir='ltr'>in</span> <span class='ocrx_word' id='word_1_219' title='bbox 2016 2599 2252 2678; x_wconf 86' lang='lat' dir='ltr'>eodem,</span> <span class='ocrx_word' id='word_1_220' title='bbox 2300 2596 2635 2663; x_wconf 90' lang='lat' dir='ltr'>secundum</span> <span class='ocrx_word' id='word_1_221' title='bbox 2677 2598 2839 2679; x_wconf 88' lang='lat' dir='ltr'>quod</span> <span class='ocrx_word' id='word_1_222' title='bbox 2887 2600 3129 2682; x_wconf 90' lang='lat' dir='ltr'>conspi-</span> 
     </span>
     <span class='ocr_line' id='line_1_24' title="bbox 409 2685 3131 2771; baseline 0 -21"><span class='ocrx_word' id='word_1_223' title='bbox 409 2686 589 2751; x_wconf 87' lang='lat' dir='ltr'>cietis</span> <span class='ocrx_word' id='word_1_224' title='bbox 635 2687 849 2750; x_wconf 89' lang='lat' dir='ltr'>cedere</span> <span class='ocrx_word' id='word_1_225' title='bbox 893 2688 1103 2749; x_wconf 88' lang='lat' dir='ltr'>nostro</span> <span class='ocrx_word' id='word_1_226' title='bbox 1149 2685 1382 2751; x_wconf 84' lang='lat' dir='ltr'>honori.</span> <span class='ocrx_word' id='word_1_227' title='bbox 1445 2688 1613 2751; x_wconf 86' lang='lat' dir='ltr'>Data</span> <span class='ocrx_word' id='word_1_228' title='bbox 1659 2688 1722 2750; x_wconf 92' lang='lat' dir='ltr'>in</span> <span class='ocrx_word' id='word_1_229' title='bbox 1770 2687 2092 2771; x_wconf 84' lang='lat' dir='ltr'>Dyosgeur</span> <span class='ocrx_word' id='word_1_230' title='bbox 2137 2687 2196 2750; x_wconf 92' lang='lat' dir='ltr'>in</span> <span class='ocrx_word' id='word_1_231' title='bbox 2259 2686 2419 2750; x_wconf 87' lang='lat' dir='ltr'>festo</span> <span class='ocrx_word' id='word_1_232' title='bbox 2466 2685 2634 2750; x_wconf 88' lang='lat' dir='ltr'>beati</span> <span class='ocrx_word' id='word_1_233' title='bbox 2681 2685 2920 2751; x_wconf 85' lang='lat' dir='ltr'>Nicolai</span> <span class='ocrx_word' id='word_1_234' title='bbox 2966 2688 3131 2770; x_wconf 90' lang='lat' dir='ltr'>epis·</span> 
     </span>
     <span class='ocr_line' id='line_1_25' title="bbox 412 2773 1082 2857; baseline -0.001 -20"><span class='ocrx_word' id='word_1_235' title='bbox 412 2775 549 2857; x_wconf 91' lang='lat' dir='ltr'>copi</span> <span class='ocrx_word' id='word_1_236' title='bbox 595 2775 660 2837; x_wconf 91' lang='lat' dir='ltr'>et</span> <span class='ocrx_word' id='word_1_237' title='bbox 703 2773 1082 2837; x_wconf 72' lang='lat' dir='ltr'>confessoris</span> 
     </span>
    </p>

    <p class='ocr_par' dir='ltr' id='par_1_8' title="bbox 414 2859 3136 3883">
     <span class='ocr_line' id='line_1_26' title="bbox 621 2859 3134 2943; baseline 0.001 -20"><span class='ocrx_word' id='word_1_238' title='bbox 621 2860 964 2924; x_wconf 88' lang='lat' dir='ltr'>Ludovicus</span> <span class='ocrx_word' id='word_1_239' title='bbox 1010 2859 1108 2923; x_wconf 92' lang='lat' dir='ltr'>dei</span> <span class='ocrx_word' id='word_1_240' title='bbox 1164 2860 1368 2941; x_wconf 84' lang='lat' dir='ltr'>gratia</span> <span class='ocrx_word' id='word_1_241' title='bbox 1430 2880 1534 2925; x_wconf 82' lang='lat' dir='ltr'>rex</span> <span class='ocrx_word' id='word_1_242' title='bbox 1595 2860 1951 2943; x_wconf 87' lang='lat' dir='ltr'>Hungarie‚</span> <span class='ocrx_word' id='word_1_243' title='bbox 2014 2860 2297 2937; x_wconf 85' lang='lat' dir='ltr'>Polonie‚</span> <span class='ocrx_word' id='word_1_244' title='bbox 2360 2859 2706 2935; x_wconf 81' lang='lat' dir='ltr'>Dalmatio,</span> <span class='ocrx_word' id='word_1_245' title='bbox 2770 2860 2887 2924; x_wconf 88' lang='lat' dir='ltr'>etc.</span> <span class='ocrx_word' id='word_1_246' title='bbox 2934 2862 3134 2927; x_wconf 85' lang='lat' dir='ltr'>fideli·</span> 
     </span>
     <span class='ocr_line' id='line_1_27' title="bbox 418 2947 3135 3031; baseline 0.001 -19"><span class='ocrx_word' id='word_1_247' title='bbox 418 2949 533 3012; x_wconf 91' lang='lat' dir='ltr'>bus</span> <span class='ocrx_word' id='word_1_248' title='bbox 595 2948 726 3011; x_wconf 91' lang='lat' dir='ltr'>suis</span> <span class='ocrx_word' id='word_1_249' title='bbox 800 2947 1128 3028; x_wconf 87' lang='lat' dir='ltr'>magnifico</span> <span class='ocrx_word' id='word_1_250' title='bbox 1190 2948 1319 3012; x_wconf 87' lang='lat' dir='ltr'>viro</span> <span class='ocrx_word' id='word_1_251' title='bbox 1386 2948 1668 3013; x_wconf 87' lang='lat' dir='ltr'>Emerico</span> <span class='ocrx_word' id='word_1_252' title='bbox 1730 2947 1946 3011; x_wconf 89' lang='lat' dir='ltr'>Bubeh</span> <span class='ocrx_word' id='word_1_253' title='bbox 2016 2966 2344 3031; x_wconf 87' lang='lat' dir='ltr'>regnorum</span> <span class='ocrx_word' id='word_1_254' title='bbox 2408 2949 2754 3012; x_wconf 90' lang='lat' dir='ltr'>nostrorum</span> <span class='ocrx_word' id='word_1_255' title='bbox 2819 2948 3135 3014; x_wconf 78' lang='lat' dir='ltr'>Dalmatia</span> 
     </span>
     <span class='ocr_line' id='line_1_28' title="bbox 416 3034 3134 3118; baseline 0.001 -19"><span class='ocrx_word' id='word_1_256' title='bbox 416 3037 480 3099; x_wconf 89' lang='lat' dir='ltr'>et</span> <span class='ocrx_word' id='word_1_257' title='bbox 525 3034 809 3099; x_wconf 87' lang='lat' dir='ltr'>Chroatie</span> <span class='ocrx_word' id='word_1_258' title='bbox 860 3036 1062 3098; x_wconf 88' lang='lat' dir='ltr'>banno</span> <span class='ocrx_word' id='word_1_259' title='bbox 1109 3034 1205 3098; x_wconf 87' lang='lat' dir='ltr'>vel</span> <span class='ocrx_word' id='word_1_260' title='bbox 1271 3048 1411 3099; x_wconf 90' lang='lat' dir='ltr'>suas</span> <span class='ocrx_word' id='word_1_261' title='bbox 1473 3036 1637 3100; x_wconf 88' lang='lat' dir='ltr'>vices</span> <span class='ocrx_word' id='word_1_262' title='bbox 1679 3035 2075 3118; x_wconf 79' lang='lat' dir='ltr'>gerentibuS,</span> <span class='ocrx_word' id='word_1_263' title='bbox 2150 3037 2300 3099; x_wconf 87' lang='lat' dir='ltr'>item</span> <span class='ocrx_word' id='word_1_264' title='bbox 2348 3034 2714 3112; x_wconf 81' lang='lat' dir='ltr'>comitibus,</span> <span class='ocrx_word' id='word_1_265' title='bbox 2764 3037 3134 3115; x_wconf 80' lang='lat' dir='ltr'>rectoribus,</span> 
     </span>
     <span class='ocr_line' id='line_1_29' title="bbox 414 3121 3133 3189; baseline 0.001 -2"><span class='ocrx_word' id='word_1_266' title='bbox 414 3122 687 3187; x_wconf 89' lang='lat' dir='ltr'>consiliis</span> <span class='ocrx_word' id='word_1_267' title='bbox 733 3123 798 3186; x_wconf 90' lang='lat' dir='ltr'>et</span> <span class='ocrx_word' id='word_1_268' title='bbox 835 3121 1386 3187; x_wconf 84' lang='lat' dir='ltr'>communitatibus</span> <span class='ocrx_word' id='word_1_269' title='bbox 1432 3123 1757 3187; x_wconf 85' lang='lat' dir='ltr'>civitatum</span> <span class='ocrx_word' id='word_1_270' title='bbox 1804 3124 1870 3185; x_wconf 91' lang='lat' dir='ltr'>et</span> <span class='ocrx_word' id='word_1_271' title='bbox 1905 3122 2247 3186; x_wconf 89' lang='lat' dir='ltr'>insularum</span> <span class='ocrx_word' id='word_1_272' title='bbox 2313 3121 2809 3186; x_wconf 87' lang='lat' dir='ltr'>Dalmatinarum</span> <span class='ocrx_word' id='word_1_273' title='bbox 2871 3124 3133 3189; x_wconf 87' lang='lat' dir='ltr'>salutem</span> 
     </span>
     <span class='ocr_line' id='line_1_30' title="bbox 415 3207 3135 3292; baseline 0.001 -20"><span class='ocrx_word' id='word_1_274' title='bbox 415 3216 480 3273; x_wconf 91' lang='lat' dir='ltr'>et</span> <span class='ocrx_word' id='word_1_275' title='bbox 526 3208 817 3292; x_wconf 84' lang='lat' dir='ltr'>gratiam.</span> <span class='ocrx_word' id='word_1_276' title='bbox 861 3207 1020 3287; x_wconf 84' lang='lat' dir='ltr'>Quia</span> <span class='ocrx_word' id='word_1_277' title='bbox 1065 3208 1142 3272; x_wconf 89' lang='lat' dir='ltr'>ad</span> <span class='ocrx_word' id='word_1_278' title='bbox 1189 3228 1437 3290; x_wconf 89' lang='lat' dir='ltr'>presens</span> <span class='ocrx_word' id='word_1_279' title='bbox 1484 3228 1623 3274; x_wconf 92' lang='lat' dir='ltr'>cum</span> <span class='ocrx_word' id='word_1_280' title='bbox 1674 3210 1998 3291; x_wconf 86' lang='lat' dir='ltr'>magnifico</span> <span class='ocrx_word' id='word_1_281' title='bbox 2040 3210 2286 3273; x_wconf 90' lang='lat' dir='ltr'>domino</span> <span class='ocrx_word' id='word_1_282' title='bbox 2328 3208 2571 3273; x_wconf 89' lang='lat' dir='ltr'>Andrea</span> <span class='ocrx_word' id='word_1_283' title='bbox 2601 3207 2941 3276; x_wconf 74' lang='lat' dir='ltr'>contareno</span> <span class='ocrx_word' id='word_1_284' title='bbox 2986 3214 3135 3275; x_wconf 88' lang='lat' dir='ltr'>duce</span> 
     </span>
     <span class='ocr_line' id='line_1_31' title="bbox 421 3295 3133 3378; baseline 0.001 -19"><span class='ocrx_word' id='word_1_285' title='bbox 421 3315 531 3360; x_wconf 92' lang='lat' dir='ltr'>nec</span> <span class='ocrx_word' id='word_1_286' title='bbox 577 3314 695 3360; x_wconf 92' lang='lat' dir='ltr'>non</span> <span class='ocrx_word' id='word_1_287' title='bbox 728 3295 1033 3360; x_wconf 89' lang='lat' dir='ltr'>nobilibus</span> <span class='ocrx_word' id='word_1_288' title='bbox 1081 3297 1146 3359; x_wconf 89' lang='lat' dir='ltr'>et</span> <span class='ocrx_word' id='word_1_289' title='bbox 1189 3295 1572 3378; x_wconf 86' lang='lat' dir='ltr'>sapientibus</span> <span class='ocrx_word' id='word_1_290' title='bbox 1608 3298 1753 3361; x_wconf 91' lang='lat' dir='ltr'>viris</span> <span class='ocrx_word' id='word_1_291' title='bbox 1785 3297 2127 3361; x_wconf 86' lang='lat' dir='ltr'>communis</span> <span class='ocrx_word' id='word_1_292' title='bbox 2165 3297 2588 3373; x_wconf 80' lang='lat' dir='ltr'>venetiarum,</span> <span class='ocrx_word' id='word_1_293' title='bbox 2637 3298 2855 3361; x_wconf 87' lang='lat' dir='ltr'>amicis</span> <span class='ocrx_word' id='word_1_294' title='bbox 2905 3300 3133 3364; x_wconf 91' lang='lat' dir='ltr'>nostris</span> 
     </span>
     <span class='ocr_line' id='line_1_32' title="bbox 417 3381 3136 3464; baseline 0.001 -17"><span class='ocrx_word' id='word_1_295' title='bbox 417 3381 794 3461; x_wconf 80' lang='lat' dir='ltr'>carissimiS‚</span> <span class='ocrx_word' id='word_1_296' title='bbox 843 3383 919 3445; x_wconf 90' lang='lat' dir='ltr'>ad</span> <span class='ocrx_word' id='word_1_297' title='bbox 959 3382 1129 3464; x_wconf 88' lang='lat' dir='ltr'>pacis</span> <span class='ocrx_word' id='word_1_298' title='bbox 1191 3386 1255 3447; x_wconf 88' lang='lat' dir='ltr'>et</span> <span class='ocrx_word' id='word_1_299' title='bbox 1316 3383 1559 3447; x_wconf 89' lang='lat' dir='ltr'>unionis</span> <span class='ocrx_word' id='word_1_300' title='bbox 1619 3385 1977 3449; x_wconf 83' lang='lat' dir='ltr'>devenimus</span> <span class='ocrx_word' id='word_1_301' title='bbox 2036 3383 2473 3460; x_wconf 83' lang='lat' dir='ltr'>amenitatem,</span> <span class='ocrx_word' id='word_1_302' title='bbox 2538 3383 2671 3447; x_wconf 91' lang='lat' dir='ltr'>ideo</span> <span class='ocrx_word' id='word_1_303' title='bbox 2733 3384 3017 3450; x_wconf 86' lang='lat' dir='ltr'>volumus</span> <span class='ocrx_word' id='word_1_304' title='bbox 3073 3388 3136 3450; x_wconf 91' lang='lat' dir='ltr'>et</span> 
     </span>
     <span class='ocr_line' id='line_1_33' title="bbox 421 3469 3132 3553; baseline 0 -18"><span class='ocrx_word' id='word_1_305' title='bbox 421 3469 708 3536; x_wconf 86' lang='lat' dir='ltr'>fidelitati</span> <span class='ocrx_word' id='word_1_306' title='bbox 755 3471 956 3533; x_wconf 85' lang='lat' dir='ltr'>vestre</span> <span class='ocrx_word' id='word_1_307' title='bbox 1017 3471 1235 3535; x_wconf 90' lang='lat' dir='ltr'>damus</span> <span class='ocrx_word' id='word_1_308' title='bbox 1296 3471 1358 3534; x_wconf 89' lang='lat' dir='ltr'>in</span> <span class='ocrx_word' id='word_1_309' title='bbox 1427 3472 1770 3551; x_wconf 86' lang='lat' dir='ltr'>mandatis,</span> <span class='ocrx_word' id='word_1_310' title='bbox 1820 3474 2156 3553; x_wconf 81' lang='lat' dir='ltr'>quatenuS‚</span> <span class='ocrx_word' id='word_1_311' title='bbox 2205 3471 2352 3535; x_wconf 87' lang='lat' dir='ltr'>visis</span> <span class='ocrx_word' id='word_1_312' title='bbox 2415 3472 2875 3551; x_wconf 86' lang='lat' dir='ltr'>praesentibus,</span> <span class='ocrx_word' id='word_1_313' title='bbox 2922 3492 3132 3538; x_wconf 89' lang='lat' dir='ltr'>omnes</span> 
     </span>
     <span class='ocr_line' id='line_1_34' title="bbox 419 3555 3134 3638; baseline 0.001 -17"><span class='ocrx_word' id='word_1_314' title='bbox 419 3561 482 3621; x_wconf 87' lang='lat' dir='ltr'>et</span> <span class='ocrx_word' id='word_1_315' title='bbox 529 3556 804 3638; x_wconf 90' lang='lat' dir='ltr'>singulos</span> <span class='ocrx_word' id='word_1_316' title='bbox 851 3555 1130 3621; x_wconf 90' lang='lat' dir='ltr'>homines</span> <span class='ocrx_word' id='word_1_317' title='bbox 1177 3561 1240 3621; x_wconf 90' lang='lat' dir='ltr'>et</span> <span class='ocrx_word' id='word_1_318' title='bbox 1285 3558 1566 3622; x_wconf 85' lang='lat' dir='ltr'>subditos</span> <span class='ocrx_word' id='word_1_319' title='bbox 1614 3559 1915 3623; x_wconf 86' lang='lat' dir='ltr'>dictorum</span> <span class='ocrx_word' id='word_1_320' title='bbox 1950 3559 2178 3623; x_wconf 86' lang='lat' dir='ltr'>domini</span> <span class='ocrx_word' id='word_1_321' title='bbox 2228 3559 2398 3621; x_wconf 90' lang='lat' dir='ltr'>ducis</span> <span class='ocrx_word' id='word_1_322' title='bbox 2443 3559 2509 3620; x_wconf 88' lang='lat' dir='ltr'>et</span> <span class='ocrx_word' id='word_1_323' title='bbox 2545 3560 2890 3626; x_wconf 89' lang='lat' dir='ltr'>communis</span> <span class='ocrx_word' id='word_1_324' title='bbox 2938 3560 3134 3624; x_wconf 82' lang='lat' dir='ltr'>Vene-</span> 
     </span>
     <span class='ocr_line' id='line_1_35' title="bbox 419 3643 3135 3730; baseline 0.001 -21"><span class='ocrx_word' id='word_1_325' title='bbox 419 3645 646 3710; x_wconf 88' lang='lat' dir='ltr'>tiarum</span> <span class='ocrx_word' id='word_1_326' title='bbox 694 3643 1105 3707; x_wconf 83' lang='lat' dir='ltr'>amicabiliter</span> <span class='ocrx_word' id='word_1_327' title='bbox 1153 3646 1218 3708; x_wconf 90' lang='lat' dir='ltr'>et</span> <span class='ocrx_word' id='word_1_328' title='bbox 1262 3663 1369 3726; x_wconf 92' lang='lat' dir='ltr'>pro</span> <span class='ocrx_word' id='word_1_329' title='bbox 1416 3648 1486 3709; x_wconf 89' lang='lat' dir='ltr'>ut</span> <span class='ocrx_word' id='word_1_330' title='bbox 1529 3646 1705 3710; x_wconf 88' lang='lat' dir='ltr'>decet</span> <span class='ocrx_word' id='word_1_331' title='bbox 1749 3646 2055 3710; x_wconf 86' lang='lat' dir='ltr'>subiectos</span> <span class='ocrx_word' id='word_1_332' title='bbox 2087 3647 2427 3709; x_wconf 87' lang='lat' dir='ltr'>amicorum</span> <span class='ocrx_word' id='word_1_333' title='bbox 2468 3647 2819 3710; x_wconf 86' lang='lat' dir='ltr'>nostrorum</span> <span class='ocrx_word' id='word_1_334' title='bbox 2864 3655 3135 3730; x_wconf 87' lang='lat' dir='ltr'>pertrac-</span> 
     </span>
     <span class='ocr_line' id='line_1_36' title="bbox 418 3730 3134 3817; baseline 0.001 -21"><span class='ocrx_word' id='word_1_335' title='bbox 418 3731 583 3809; x_wconf 77' lang='lat' dir='ltr'>tetis,</span> <span class='ocrx_word' id='word_1_336' title='bbox 634 3734 697 3793; x_wconf 88' lang='lat' dir='ltr'>et</span> <span class='ocrx_word' id='word_1_337' title='bbox 742 3747 881 3795; x_wconf 87' lang='lat' dir='ltr'>cum</span> <span class='ocrx_word' id='word_1_338' title='bbox 930 3730 1019 3795; x_wconf 92' lang='lat' dir='ltr'>eis</span> <span class='ocrx_word' id='word_1_339' title='bbox 1064 3733 1503 3796; x_wconf 85' lang='lat' dir='ltr'>conversamini</span> <span class='ocrx_word' id='word_1_340' title='bbox 1571 3735 1901 3798; x_wconf 88' lang='lat' dir='ltr'>secundum</span> <span class='ocrx_word' id='word_1_341' title='bbox 1965 3732 2222 3798; x_wconf 85' lang='lat' dir='ltr'>sormam</span> <span class='ocrx_word' id='word_1_342' title='bbox 2270 3733 2542 3814; x_wconf 87' lang='lat' dir='ltr'>ipsorum</span> <span class='ocrx_word' id='word_1_343' title='bbox 2593 3732 2762 3814; x_wconf 87' lang='lat' dir='ltr'>pacis</span> <span class='ocrx_word' id='word_1_344' title='bbox 2818 3737 2882 3799; x_wconf 89' lang='lat' dir='ltr'>et</span> <span class='ocrx_word' id='word_1_345' title='bbox 2927 3738 3134 3817; x_wconf 88' lang='lat' dir='ltr'>pacto·</span> 
     </span>
     <span class='ocr_line' id='line_1_37' title="bbox 417 3818 1019 3883; baseline -0.003 0"><span class='ocrx_word' id='word_1_346' title='bbox 417 3838 574 3883; x_wconf 88' lang='lat' dir='ltr'>rum.</span> <span class='ocrx_word' id='word_1_347' title='bbox 623 3818 857 3881; x_wconf 87' lang='lat' dir='ltr'>Datum</span> <span class='ocrx_word' id='word_1_348' title='bbox 903 3820 1019 3883; x_wconf 89' lang='lat' dir='ltr'>etc.</span> 
     </span>
    </p>

    <p class='ocr_par' dir='ltr' id='par_1_9' title="bbox 420 3904 3139 4775">
     <span class='ocr_line' id='line_1_38' title="bbox 628 3904 3137 3987; baseline 0 -19"><span class='ocrx_word' id='word_1_349' title='bbox 628 3904 974 3969; x_wconf 82' lang='lat' dir='ltr'>Ludovicus</span> <span class='ocrx_word' id='word_1_350' title='bbox 1035 3904 1131 3969; x_wconf 88' lang='lat' dir='ltr'>dei</span> <span class='ocrx_word' id='word_1_351' title='bbox 1193 3907 1398 3986; x_wconf 88' lang='lat' dir='ltr'>gratia</span> <span class='ocrx_word' id='word_1_352' title='bbox 1457 3925 1561 3970; x_wconf 86' lang='lat' dir='ltr'>rex</span> <span class='ocrx_word' id='word_1_353' title='bbox 1616 3907 1967 3987; x_wconf 84' lang='lat' dir='ltr'>Hungarie‚</span> <span class='ocrx_word' id='word_1_354' title='bbox 2035 3907 2311 3986; x_wconf 77' lang='lat' dir='ltr'>Polemo,</span> <span class='ocrx_word' id='word_1_355' title='bbox 2371 3906 2714 3986; x_wconf 86' lang='lat' dir='ltr'>Dal&#39;matie‚</span> <span class='ocrx_word' id='word_1_356' title='bbox 2778 3910 2894 3971; x_wconf 89' lang='lat' dir='ltr'>etc.</span> <span class='ocrx_word' id='word_1_357' title='bbox 2958 3906 3137 3971; x_wconf 85' lang='lat' dir='ltr'>Fide-</span> 
     </span>
     <span class='ocr_line' id='line_1_39' title="bbox 422 3992 3139 4077; baseline 0 -19"><span class='ocrx_word' id='word_1_358' title='bbox 422 3994 585 4059; x_wconf 91' lang='lat' dir='ltr'>libus</span> <span class='ocrx_word' id='word_1_359' title='bbox 640 3992 771 4056; x_wconf 90' lang='lat' dir='ltr'>suis</span> <span class='ocrx_word' id='word_1_360' title='bbox 832 3992 1161 4073; x_wconf 88' lang='lat' dir='ltr'>magnifico</span> <span class='ocrx_word' id='word_1_361' title='bbox 1228 3993 1356 4057; x_wconf 88' lang='lat' dir='ltr'>viro</span> <span class='ocrx_word' id='word_1_362' title='bbox 1411 3994 1689 4057; x_wconf 82' lang='lat' dir='ltr'>Emerico</span> <span class='ocrx_word' id='word_1_363' title='bbox 1751 3994 1964 4057; x_wconf 91' lang='lat' dir='ltr'>Bubeh</span> <span class='ocrx_word' id='word_1_364' title='bbox 2030 4012 2360 4077; x_wconf 87' lang='lat' dir='ltr'>regnorum</span> <span class='ocrx_word' id='word_1_365' title='bbox 2422 3996 2771 4057; x_wconf 84' lang='lat' dir='ltr'>nostrorum</span> <span class='ocrx_word' id='word_1_366' title='bbox 2828 3993 3139 4058; x_wconf 82' lang='lat' dir='ltr'>Dalmatis</span> 
     </span>
     <span class='ocr_line' id='line_1_40' title="bbox 425 4079 3135 4163; baseline -0 -18"><span class='ocrx_word' id='word_1_367' title='bbox 425 4083 490 4145; x_wconf 86' lang='lat' dir='ltr'>et</span> <span class='ocrx_word' id='word_1_368' title='bbox 535 4079 825 4145; x_wconf 80' lang='lat' dir='ltr'>chroatie</span> <span class='ocrx_word' id='word_1_369' title='bbox 890 4079 1044 4143; x_wconf 89' lang='lat' dir='ltr'>bano</span> <span class='ocrx_word' id='word_1_370' title='bbox 1105 4079 1201 4144; x_wconf 87' lang='lat' dir='ltr'>vel</span> <span class='ocrx_word' id='word_1_371' title='bbox 1263 4098 1406 4144; x_wconf 88' lang='lat' dir='ltr'>suas</span> <span class='ocrx_word' id='word_1_372' title='bbox 1468 4081 1630 4144; x_wconf 90' lang='lat' dir='ltr'>vices</span> <span class='ocrx_word' id='word_1_373' title='bbox 1695 4081 2087 4163; x_wconf 83' lang='lat' dir='ltr'>gerentibus,</span> <span class='ocrx_word' id='word_1_374' title='bbox 2145 4083 2297 4145; x_wconf 82' lang='lat' dir='ltr'>item</span> <span class='ocrx_word' id='word_1_375' title='bbox 2358 4081 2723 4158; x_wconf 88' lang='lat' dir='ltr'>comitibus,</span> <span class='ocrx_word' id='word_1_376' title='bbox 2772 4083 3135 4156; x_wconf 85' lang='lat' dir='ltr'>rectoribus,</span> 
     </span>
     <span class='ocr_line' id='line_1_41' title="bbox 421 4166 3133 4243; baseline 0 -12"><span class='ocrx_word' id='word_1_377' title='bbox 421 4166 696 4232; x_wconf 89' lang='lat' dir='ltr'>consiliis</span> <span class='ocrx_word' id='word_1_378' title='bbox 743 4168 810 4231; x_wconf 90' lang='lat' dir='ltr'>et</span> <span class='ocrx_word' id='word_1_379' title='bbox 854 4167 1400 4232; x_wconf 84' lang='lat' dir='ltr'>communitatibus</span> <span class='ocrx_word' id='word_1_380' title='bbox 1451 4168 1773 4232; x_wconf 86' lang='lat' dir='ltr'>civitatum</span> <span class='ocrx_word' id='word_1_381' title='bbox 1825 4170 1886 4231; x_wconf 84' lang='lat' dir='ltr'>et</span> <span class='ocrx_word' id='word_1_382' title='bbox 1929 4169 2272 4233; x_wconf 88' lang='lat' dir='ltr'>insularum</span> <span class='ocrx_word' id='word_1_383' title='bbox 2307 4169 2801 4232; x_wconf 88' lang='lat' dir='ltr'>Dalmatinarum</span> <span class='ocrx_word' id='word_1_384' title='bbox 2848 4168 3133 4243; x_wconf 80' lang='lat' dir='ltr'>salutem,</span> 
     </span>
     <span class='ocr_line' id='line_1_42' title="bbox 420 4253 3138 4336; baseline 0 -19"><span class='ocrx_word' id='word_1_385' title='bbox 420 4258 486 4317; x_wconf 87' lang='lat' dir='ltr'>et</span> <span class='ocrx_word' id='word_1_386' title='bbox 531 4255 820 4335; x_wconf 89' lang='lat' dir='ltr'>gratiam.</span> <span class='ocrx_word' id='word_1_387' title='bbox 871 4253 1235 4336; x_wconf 86' lang='lat' dir='ltr'>Magnificus</span> <span class='ocrx_word' id='word_1_388' title='bbox 1283 4255 1566 4318; x_wconf 89' lang='lat' dir='ltr'>dominus</span> <span class='ocrx_word' id='word_1_389' title='bbox 1628 4254 1906 4319; x_wconf 86' lang='lat' dir='ltr'>Andreas</span> <span class='ocrx_word' id='word_1_390' title='bbox 1954 4254 2300 4319; x_wconf 85' lang='lat' dir='ltr'>Contareno</span> <span class='ocrx_word' id='word_1_391' title='bbox 2347 4258 2465 4320; x_wconf 86' lang='lat' dir='ltr'>dux</span> <span class='ocrx_word' id='word_1_392' title='bbox 2528 4259 2592 4320; x_wconf 90' lang='lat' dir='ltr'>et</span> <span class='ocrx_word' id='word_1_393' title='bbox 2649 4255 2883 4320; x_wconf 86' lang='lat' dir='ltr'>nobiles</span> <span class='ocrx_word' id='word_1_394' title='bbox 2930 4257 2994 4319; x_wconf 91' lang='lat' dir='ltr'>et</span> <span class='ocrx_word' id='word_1_395' title='bbox 3040 4273 3138 4318; x_wconf 88' lang='lat' dir='ltr'>sa-</span> 
     </span>
     <span class='ocr_line' id='line_1_43' title="bbox 422 4340 3135 4424; baseline 0.001 -21"><span class='ocrx_word' id='word_1_396' title='bbox 422 4340 658 4421; x_wconf 88' lang='lat' dir='ltr'>pientes</span> <span class='ocrx_word' id='word_1_397' title='bbox 719 4341 835 4404; x_wconf 87' lang='lat' dir='ltr'>viri</span> <span class='ocrx_word' id='word_1_398' title='bbox 902 4358 1226 4403; x_wconf 87' lang='lat' dir='ltr'>commune</span> <span class='ocrx_word' id='word_1_399' title='bbox 1287 4341 1720 4418; x_wconf 79' lang='lat' dir='ltr'>venetiarum,</span> <span class='ocrx_word' id='word_1_400' title='bbox 1789 4342 1994 4405; x_wconf 88' lang='lat' dir='ltr'>missis</span> <span class='ocrx_word' id='word_1_401' title='bbox 2057 4343 2368 4406; x_wconf 84' lang='lat' dir='ltr'>nobilibus</span> <span class='ocrx_word' id='word_1_402' title='bbox 2429 4344 2494 4405; x_wconf 89' lang='lat' dir='ltr'>et</span> <span class='ocrx_word' id='word_1_403' title='bbox 2557 4343 2940 4424; x_wconf 87' lang='lat' dir='ltr'>sapientibus</span> <span class='ocrx_word' id='word_1_404' title='bbox 2988 4343 3135 4406; x_wconf 90' lang='lat' dir='ltr'>viris</span> 
     </span>
     <span class='ocr_line' id='line_1_44' title="bbox 421 4424 3139 4511; baseline 0.002 -23"><span class='ocrx_word' id='word_1_405' title='bbox 421 4426 730 4491; x_wconf 85' lang='lat' dir='ltr'>Leouardo</span> <span class='ocrx_word' id='word_1_406' title='bbox 779 4427 1059 4491; x_wconf 89' lang='lat' dir='ltr'>Dandulo</span> <span class='ocrx_word' id='word_1_407' title='bbox 1105 4430 1170 4491; x_wconf 91' lang='lat' dir='ltr'>et</span> <span class='ocrx_word' id='word_1_408' title='bbox 1218 4428 1481 4492; x_wconf 85' lang='lat' dir='ltr'>Fantino</span> <span class='ocrx_word' id='word_1_409' title='bbox 1527 4428 1791 4511; x_wconf 85' lang='lat' dir='ltr'>Georgio</span> <span class='ocrx_word' id='word_1_410' title='bbox 1840 4430 2146 4494; x_wconf 89' lang='lat' dir='ltr'>militibus</span> <span class='ocrx_word' id='word_1_411' title='bbox 2200 4428 2729 4494; x_wconf 86' lang='lat' dir='ltr'>ambaxiatoribus</span> <span class='ocrx_word' id='word_1_412' title='bbox 2776 4447 2984 4494; x_wconf 90' lang='lat' dir='ltr'>eorum</span> <span class='ocrx_word' id='word_1_413' title='bbox 3034 4424 3139 4493; x_wconf 79' lang='lat' dir='ltr'>u‘o-</span> 
     </span>
     <span class='ocr_line' id='line_1_45' title="bbox 423 4512 3132 4599; baseline 0.002 -25"><span class='ocrx_word' id='word_1_414' title='bbox 423 4512 540 4574; x_wconf 89' lang='lat' dir='ltr'>stri</span> <span class='ocrx_word' id='word_1_415' title='bbox 600 4512 676 4574; x_wconf 89' lang='lat' dir='ltr'>ad</span> <span class='ocrx_word' id='word_1_416' title='bbox 744 4515 1174 4594; x_wconf 87' lang='lat' dir='ltr'>conspectum,</span> <span class='ocrx_word' id='word_1_417' title='bbox 1234 4515 1740 4596; x_wconf 88' lang='lat' dir='ltr'>significaverunt</span> <span class='ocrx_word' id='word_1_418' title='bbox 1804 4518 2011 4580; x_wconf 87' lang='lat' dir='ltr'>nostre</span> <span class='ocrx_word' id='word_1_419' title='bbox 2095 4517 2444 4594; x_wconf 84' lang='lat' dir='ltr'>maiestati,</span> <span class='ocrx_word' id='word_1_420' title='bbox 2510 4518 2811 4599; x_wconf 87' lang='lat' dir='ltr'>quomodo</span> <span class='ocrx_word' id='word_1_421' title='bbox 2874 4516 3132 4579; x_wconf 87' lang='lat' dir='ltr'>durante</span> 
     </span>
     <span class='ocr_line' id='line_1_46' title="bbox 420 4598 3132 4680; baseline 0.001 -19"><span class='ocrx_word' id='word_1_422' title='bbox 420 4598 684 4679; x_wconf 89' lang='lat' dir='ltr'>pristina</span> <span class='ocrx_word' id='word_1_423' title='bbox 727 4618 946 4680; x_wconf 87' lang='lat' dir='ltr'>guerra</span> <span class='ocrx_word' id='word_1_424' title='bbox 990 4619 1127 4664; x_wconf 89' lang='lat' dir='ltr'>cum</span> <span class='ocrx_word' id='word_1_425' title='bbox 1157 4601 1390 4665; x_wconf 88' lang='lat' dir='ltr'>eisdem</span> <span class='ocrx_word' id='word_1_426' title='bbox 1433 4602 1682 4666; x_wconf 90' lang='lat' dir='ltr'>domino</span> <span class='ocrx_word' id='word_1_427' title='bbox 1730 4605 1883 4668; x_wconf 88' lang='lat' dir='ltr'>duce</span> <span class='ocrx_word' id='word_1_428' title='bbox 1944 4606 2009 4666; x_wconf 90' lang='lat' dir='ltr'>et</span> <span class='ocrx_word' id='word_1_429' title='bbox 2069 4622 2395 4667; x_wconf 89' lang='lat' dir='ltr'>commune</span> <span class='ocrx_word' id='word_1_430' title='bbox 2446 4603 2853 4668; x_wconf 88' lang='lat' dir='ltr'>Venetiarum</span> <span class='ocrx_word' id='word_1_431' title='bbox 2901 4604 3132 4678; x_wconf 80' lang='lat' dir='ltr'>habita,</span> 
     </span>
     <span class='ocr_line' id='line_1_47' title="bbox 423 4685 3134 4775; baseline 0.002 -29"><span class='ocrx_word' id='word_1_432' title='bbox 423 4686 482 4747; x_wconf 90' lang='lat' dir='ltr'>in</span> <span class='ocrx_word' id='word_1_433' title='bbox 531 4702 650 4765; x_wconf 91' lang='lat' dir='ltr'>qua</span> <span class='ocrx_word' id='word_1_434' title='bbox 694 4685 806 4748; x_wconf 92' lang='lat' dir='ltr'>deo</span> <span class='ocrx_word' id='word_1_435' title='bbox 854 4687 1096 4750; x_wconf 89' lang='lat' dir='ltr'>volente</span> <span class='ocrx_word' id='word_1_436' title='bbox 1154 4688 1230 4752; x_wconf 90' lang='lat' dir='ltr'>ad</span> <span class='ocrx_word' id='word_1_437' title='bbox 1279 4689 1446 4769; x_wconf 86' lang='lat' dir='ltr'>pacis</span> <span class='ocrx_word' id='word_1_438' title='bbox 1496 4690 1776 4755; x_wconf 89' lang='lat' dir='ltr'>venimus</span> <span class='ocrx_word' id='word_1_439' title='bbox 1824 4690 2313 4775; x_wconf 86' lang='lat' dir='ltr'>conclusionem,</span> <span class='ocrx_word' id='word_1_440' title='bbox 2361 4690 2635 4755; x_wconf 90' lang='lat' dir='ltr'>nonnulli</span> <span class='ocrx_word' id='word_1_441' title='bbox 2684 4691 2964 4755; x_wconf 90' lang='lat' dir='ltr'>homines</span> <span class='ocrx_word' id='word_1_442' title='bbox 3009 4692 3134 4754; x_wconf 84' lang='lat' dir='ltr'>tam</span> 
     </span>
    </p>
   </div>
  </div>
 </body>
</html>
