3620 5282
2970 344 3056 413 39

353 520 686 585 nullatenus
729 522 807 587 de
851 523 1294 606 compositione
1358 525 1708 606 sperarent,
1773 525 1858 588 sit
1917 524 1978 588 in
2034 542 2246 588 eorum
2311 523 2598 589 libertate
2664 527 2726 587 et
2794 523 3044 588 maioris

355 608 543 691 partis
585 628 688 691 pro
730 609 961 676 honore
1008 613 1216 677 nostro
1265 612 1550 677 Venetias
1598 614 1906 677 redeundi.
1957 612 2185 678 Omnes
2229 613 2301 676 de
2350 616 2548 694 parte.

555 695 779 779 Capta:
842 702 1141 781 preterea,
1190 700 1241 763 si
1289 719 1431 764 cum
1474 700 1571 763 dei
1620 701 1844 765 auxilio
1909 701 2274 782 compositio
2321 700 2428 764 fiet
2476 720 2582 783 per
2628 699 3051 782 aliquem'di-

359 788 583 848 ctorum
633 788 971 861 modorum,
1018 790 1082 851 et
1126 788 1410 852 domiuus
1456 808 1561 852 rex
1607 807 1715 871 pro
1762 789 1986 853 honore
2049 789 2143 852 sui
2189 788 2453 865 diceret,
2516 789 2675 872 quod
2724 791 3048 870 postquam

355 873 653 955 presentia
700 877 913 939 nostra
958 876 1045 939 ibi
1091 894 1211 939 non
1257 878 1374 951 est,
1422 876 1687 940 intendit
1730 876 1966 942 factum
2013 876 2257 941 firmare
2304 876 2593 940 similiter
2628 896 2733 958 per
2764 875 3049 959 syndicos

353 960 501 1037 eius,
546 962 735 1025 nostri
780 963 1210 1027 ambaxatores
1252 964 1326 1027 de
1372 964 1488 1028 hoc
1535 964 1725 1029 etiam
1787 966 1914 1029 sint
1958 964 2265 1041 contenti,
2315 964 2639 1028 dummodo
2701 963 3051 1028 huiusmodi

349 1048 577 1132 syndici
634 1050 997 1115 mandatnm
1061 1053 1331 1116 habeant
1372 1055 1436 1116 et
1480 1053 1835 1119 libertatem
1897 1052 1977 1116 ad
2041 1052 2311 1136 plenum.
2382 1053 2638 1153 Insuper
2696 1053 2747 1116 si
2795 1053 2859 1115 in
2906 1070 3051 1115 con·

349 1139 549 1201 tractu
584 1156 688 1202 seu
733 1139 983 1220 scriptis
1030 1139 1245 1204 fiendis
1292 1141 1366 1204 de
1414 1141 1705 1222 predictis
1752 1140 2035 1205 dominus
2098 1160 2200 1205 rex
2260 1143 2514 1223 poneret
2579 1141 2640 1204 in
2705 1141 2889 1204 titulo
2940 1157 3048 1203 suo

349 1224 723 1290 Dalmatiam
760 1229 828 1292 et
872 1225 1248 1303 Chroatiam,
1297 1233 1504 1293 noster
1561 1229 1849 1293 similiter
1912 1229 2134 1293 titulus
2190 1231 2356 1293 totus
2418 1232 2716 1312 ponatur;
2785 1229 2838 1291 si
2903 1245 3046 1292 vero

349 1311 505 1377 illud
544 1318 787 1391 taceret,
837 1316 1001 1379 sicut
1048 1317 1196 1380 facit
1238 1316 1298 1381 in
1347 1316 1575 1381 litteris
1633 1318 1761 1382 suis
1812 1317 1983 1381 nobis
2053 1317 2282 1392 missiS,
2345 1316 2601 1381 dicendo
2646 1317 2888 1380 solum.
2954 1335 3054 1379 rex

351 1401 681 1485 Hungarie,
728 1405 922 1467 nostri
970 1403 1158 1469 etiam
1221 1408 1484 1481 taceant,
1552 1404 1805 1470 dicendo
1867 1405 2103 1469 solum:
2166 1405 2285 1469 dux
2333 1404 2729 1469 Venetiarum
2779 1407 2894 1468 etc.
2961 1404 3056 1468 De

348 1506 474 1553 non
523 1494 574 1566 1,
620 1508 739 1554 non
782 1491 1003 1556 sinceri
1052 1492 1114 1556 2.

561 1576 790 1661 Capta:
839 1580 1003 1662 quod
1051 1581 1112 1643 in
1161 1581 1403 1645 nomine
1448 1580 1680 1646 domini
1729 1584 1794 1646 et
1839 1582 1970 1646 eins
2017 1581 2233 1646 matris
2277 1585 2340 1645 et
2373 1580 2621 1664 pretiosi
2674 1579 3051 1663 evangeliste

351 1668 451 1730 sni
495 1665 682 1731 Marci
728 1668 885 1731 fiant
929 1670 1059 1732 tres
1105 1668 1550 1734 ambariatores
1597 1671 1901 1736 solemnes
1948 1670 2023 1733 ad
2070 1671 2385 1734 dominum
2450 1687 2658 1751 regem
2710 1668 3050 1751 Hungarie,

347 1753 623 1836 eligendo
669 1773 772 1820 eos
820 1759 949 1820 tres
998 1776 1105 1838 per
1148 1757 1508 1821 scrutinium
1573 1757 1635 1821 in
1694 1758 1950 1824 consilio
2003 1760 2390 1841 rogatorum,
2455 1760 2515 1821 et
2565 1762 2691 1821 tres
2738 1776 2847 1840 per
2895 1755 3048 1819 duas

346 1862 559 1906 manus
596 1843 963 1908 electionum
1013 1845 1076 1907 in
1125 1846 1342 1910 maiori
1388 1845 1659 1922 consilio,
1726 1845 1964 1910 scilicet
2020 1848 2147 1911 tres
2206 1866 2312 1928 per
2375 1844 2717 1928 quamlibet
2773 1862 3047 1920 manum,

346 1929 734 2013 approbando
780 1950 882 1996 eos
926 1933 990 1996 in
1038 1932 1252 1998 maiori
1298 1934 1553 1998 consilio
1599 1936 1675 1998 ad
1706 1953 1896 1998 unum
1945 1933 2019 1998 ad
2061 1953 2269 2010 unum,
2317 1934 2380 1998 et
2424 1933 2528 2015 qui
2559 1932 2884 1997 habuerint
2913 1932 3052 2014 plu-

347 2037 441 2082 res
487 2019 754 2084 ballotas
803 2021 1174 2085 transeundo
1218 2022 1513 2086 maiorem
1561 2025 1802 2104 partem
1849 2022 2108 2099 consilii,
2175 2023 2301 2086 sint
2345 2021 2507 2085 firmi
2555 2022 2618 2085 et
2662 2021 2902 2103 possint
2946 2037 3051 2083 ac-

344 2106 465 2188 cipi
509 2107 585 2172 de
630 2110 795 2171 omni
856 2109 990 2172 loco
1038 2112 1104 2173 et
1147 2108 1348 2174 officio
1410 2112 1744 2174 existentes
1800 2111 1862 2174 in
1910 2110 2162 2174 civitate
2222 2109 2529 2185 Rivoalti,
2580 2127 2699 2172 non
2748 2108 3051 2190 perdendo

343 2196 617 2277 regimen
665 2198 760 2262 vel
805 2195 1098 2275 officium,
1161 2198 1214 2261 si
1260 2197 1528 2262 officium
1586 2200 1750 2263 esset
1806 2199 2185 2263 continuum.
2246 2198 2330 2262 Et
2376 2197 2642 2262 babeant
2702 2197 2778 2261 de
2829 2195 3053 2260 salario

344 2282 531 2348 libras
576 2287 884 2348 trecentas
931 2305 1040 2368 pro
1088 2285 1359 2368 quolibet
1405 2286 1466 2349 in
1515 2287 1729 2368 primis
1771 2287 1972 2349 tribus
2020 2286 2374 2363 mensibuS,
2438 2287 2501 2350 et
2562 2285 2702 2349 inde
2750 2286 2808 2348 in
2868 2284 3052 2347 antea

342 2372 536 2435 tibras
583 2373 1036 2455 quinquaginta
1076 2374 1141 2437 in
1189 2393 1397 2438 mense
1445 2393 1548 2455 pro
1591 2374 1899 2456 quolibet3
1966 2377 2030 2437 et
2084 2376 2409 2438 teneantur
2468 2373 2833 2455 respondere
2893 2372 3052 2436 infra

342 2461 593 2524 tertiam
633 2460 818 2537 diem,
866 2466 1193 2545 postquam
1241 2465 1422 2526 erunt
1466 2462 1679 2541 electi,
1745 2465 1808 2526 et
1854 2463 1943 2525 ire
1989 2462 2066 2526 ad
2126 2461 2581 2544 beneplacitum
2647 2460 2938 2539 dominii,
2986 2463 3049 2525 et

339 2565 460 2612 non
507 2549 747 2631 possint
791 2549 1058 2614 refutare
1108 2551 1220 2614 sub
1268 2569 1423 2632 pena
1449 2551 1747 2615 librarum
1794 2553 2058 2633 quatuor
2083 2552 2350 2627 centum,
2401 2551 2465 2613 et
2508 2549 2651 2614 huic
2705 2567 2861 2631 pene
2904 2549 3051 2613 sub-

341 2636 581 2702 iaceant
623 2637 906 2721 quilibet,
956 2639 1060 2721 qui
1105 2639 1441 2704 exivissent
1482 2639 1557 2702 de
1603 2644 1768 2703 terra
1813 2640 1891 2703 ab
1939 2643 2075 2704 octo
2105 2639 2318 2704 diebus
2366 2637 2542 2716 citra,
2591 2638 2653 2702 et
2699 2638 2801 2703 alii
2837 2638 3045 2717 etiam,

340 2726 443 2807 qni
489 2728 631 2791 ante
678 2730 887 2791 essent
934 2730 1107 2791 extra
1152 2731 1404 2803 terram,
1471 2734 1534 2792 et
1579 2729 1697 2791 sibi
1745 2728 2132 2792 notificatum
2181 2728 2369 2791 fuerit
2429 2746 2536 2810 per
2598 2727 2884 2790 nuntium
2940 2726 3048 2790 do-

345 2813 522 2877 minii
565 2814 725 2878 infra
763 2815 999 2880 dictum
1045 2816 1380 2879 terminum
1428 2817 1616 2880 trium
1662 2816 1938 2889 dierum;
2000 2817 2064 2879 et
2109 2816 2381 2880 habeant
2427 2816 2756 2890 notarium,
2805 2813 3054 2896 dispen-

340 2907 613 2966 satorem
654 2905 721 2966 et
763 2902 1064 2968 famulum
1114 2907 1177 2967 et
1223 2903 1564 2982 familiam,
1633 2906 1696 2968 et
1742 2905 1979 2985 possint
2041 2903 2376 2987 expendere
2439 2922 2547 2985 per
2594 2902 2835 2968 modum
2867 2951 2883 2980 ,
2934 2919 3052 2985 quo

341 2989 447 3053 alii
498 2990 693 3054 nostri
739 2992 1165 3055 ambaxatores
1225 2990 1503 3056 solennes
1567 2993 1735 3056 soliti
1783 2995 1930 3055 sunt
1975 2993 2064 3056 ire
2125 2991 2202 3056 ad
2250 2994 2476 3056 testam
2524 2995 2898 3056 coronatam.
2949 2990 3053 3055 66.

551 3077 727 3157 Quod
773 3079 922 3143 dicti
968 3080 1396 3143 ambaxatores
1443 3081 1752 3162 eligantur
1814 3099 1920 3161 per
1967 3082 2230 3162 quatuor
2279 3098 2492 3144 manus
2538 3079 2602 3142 in
2650 3080 2866 3143 maiori
2913 3097 3057 3144 con·

342 3166 503 3243 silio,
550 3171 617 3231 et
662 3167 757 3231 illi
805 3169 954 3243 tres,
1003 3169 1105 3249 qui
1150 3167 1478 3232 habuerint
1523 3169 1732 3250 plures
1778 3168 2081 3245 bellotae,
2144 3169 2421 3234 habendo
2477 3168 2765 3232 maiorem
2814 3171 3055 3251 partem

341 3254 603 3325 consilii,
650 3255 777 3319 sint
820 3255 1002 3331 firmi,
1051 3259 1115 3319 et
1162 3256 1385 3320 vadant
1436 3275 1577 3320 cum
1634 3256 1742 3320 illo
1805 3256 2061 3337 salario,
2127 3257 2367 3322 familia
2427 3257 2491 3320 et
2553 3256 3051 3334 honorificentiis,

343 3343 565 3424 quibus
611 3343 702 3406 ire
748 3342 1057 3408 debebant
1100 3343 1208 3408 alii
1254 3344 1679 3410 ambaxatores
1726 3344 1877 3408 facti
1923 3345 2000 3409 ad
2033 3346 2237 3427 ipsum
2266 3345 2579 3409 dominum
2619 3362 2848 3427 regem,
2885 3344 3053 3409 salvo

343 3432 501 3513 quod
537 3433 789 3514 propter
825 3450 1152 3514 expensae,
1216 3450 1368 3515 quas
1425 3433 1879 3515 supportabant
1927 3434 2222 3511 maioreS,
2288 3432 2620 3498 secundum
2682 3432 2842 3516 quod
2900 3432 3052 3497 dicti

343 3520 772 3583 ambaxatores
817 3519 974 3584 alias
1021 3521 1170 3585 facti
1231 3521 1454 3585 habere
1517 3520 1824 3586 debebant
1886 3520 2076 3585 libras
2122 3521 2418 3587 ducentas
2486 3520 2549 3584 in
2596 3520 2830 3585 duobus
2879 3539 3055 3585 men-

343 3607 536 3685 sibus,
587 3609 675 3672 sic
723 3607 845 3690 ipsi
884 3608 1108 3673 habere
1157 3608 1421 3673 debeant
1465 3609 1654 3673 libras
1700 3611 2008 3673 trecentas
2057 3627 2163 3690 pro
2202 3610 2399 3674 tribus
2447 3608 2802 3685 mensibus,
2852 3613 2913 3675 et
2960 3611 3055 3673 te-

343 3698 608 3760 neantur
648 3697 1008 3778 respondere
1053 3697 1248 3761 altera
1293 3697 1409 3777 die,
1471 3695 1708 3779 quando
1763 3697 1996 3761 fuerint
2047 3696 2264 3772 electi;
2328 3701 2392 3762 et
2428 3708 2556 3762 'non
2600 3699 2842 3780 possint
2891 3698 3057 3761 refu-

341 3786 476 3847 tare
521 3785 637 3849 sub
686 3803 841 3866 pena
884 3784 1180 3849 librarum
1225 3788 1641 3850 trecentarum
1690 3804 1798 3868 pro
1848 3784 2137 3868 quolibet.
2202 3784 2292 3849 De
2339 3788 2511 3868 parte
2566 3785 2668 3864 13,
2711 3786 2784 3849 de
2831 3804 2952 3850 non
3000 3787 3052 3862 l,

339 3891 458 3937 non
503 3872 730 3937 sinceri
772 3873 836 3937 Ο.

422 3962 570 4024 Scor
629 3981 788 4023 cons.
828 3982 948 4039 roy.
992 3964 1070 4023 A.
1116 3966 1219 4035 92,
1255 3982 1297 4023 u
1340 3966 1555 4024 arkivu
1599 3964 1956 4023 mletaclcom.

685 4153 924 4235 LIII.
975 4154 1180 4237 God.
1232 4154 1452 4237 1347.
1506 4153 1614 4236 20
1666 4154 2162 4253 studenoga,
2218 4176 2278 4235 u
2330 4154 2720 4237 Mletcih.

345 4283 632 4344 Prmzaie
676 4299 756 4363 se,
805 4282 885 4340 da
914 4282 1088 4356 poeto
1127 4284 1193 4355 je
1260 4280 1565 4341 Ostrovica
1612 4281 1766 4354 pala
1810 4300 1853 4339 u
1898 4283 2043 4341 ruke
2084 4282 2337 4356 uqarskc
2356 4328 2371 4352 ,
2433 4300 2472 4340 a
2513 4282 2860 4354 poscanstvo
2906 4300 2967 4341 se
3010 4301 3053 4342 u

357 4372 638 4448 Uyarsku
681 4371 831 4444 §aba
851 4416 865 4440 ‚
924 4372 1077 4430 nelca
1114 4388 1176 4430 se
1210 4370 1345 4442 pise
1396 4371 1586 4428 knezu
1631 4370 1919 4429 Mladinu
1936 4415 1949 4440 ,
2010 4370 2091 4428 da
2134 4387 2164 4428 s
2223 4370 2368 4446 Uqri
2411 4388 2454 4429 u
2503 4369 2792 4431 Ostrovici
2836 4372 3053 4445 miruje

1200 4460 1273 4518 do
1309 4460 1608 4531 pom-atha
1650 4457 1825 4517 ›meih
1858 4458 2197 4531 poszanika.

561 4581 746 4646 1347.
791 4579 892 4645 die
936 4578 1055 4643 XX
1100 4579 1468 4644 novembris.
1535 4577 1709 4658 Quod
1771 4579 2077 4645 scribatur
2137 4579 2349 4644 comiti
2414 4580 2725 4659 Mladin0,
2789 4582 3052 4665 qualiter

339 4670 686 4755 recepimus
732 4669 976 4734 litteras
1021 4685 1164 4733 suas
1210 4669 1586 4733 mentionem
1632 4665 1924 4732 facientes
1973 4668 2046 4732 de
2093 4666 2424 4734 traditione
2473 4671 2663 4736 castri
2709 4670 3049 4737 Ostrovicie

339 4760 407 4824 in
451 4758 740 4825 manibus
785 4760 850 4822 et
892 4757 1080 4822 forcio
1123 4756 1545 4839 Ungarorum,
1599 4755 1762 4837 quod
1824 4756 2001 4821 nobis
2062 4755 2328 4820 multum
2376 4776 2562 4841 grave
2609 4762 2675 4822 et
2717 4759 3054 4827 molestum
