3620 5282
493 374 623 439 324

706 546 861 612 Cum
906 546 1013 611 diu
1060 546 1311 628 captum
1357 546 1546 610 fuerit
1604 545 1668 609 in
1725 544 1981 609 consilio
2042 544 2341 620 Arbensi,
2389 543 2550 626 quod
2614 543 2994 626 acciperetur
3056 564 3214 609 unus

499 636 772 702 notarius
818 637 879 698 in
920 635 1088 699 Arbo
1139 652 1245 716 pro
1292 633 1636 698 coaiuctore
1684 633 2010 698 cancelarii
2059 635 2124 698 et
2169 632 2442 697 nundum
2481 633 2667 696 fuerit
2706 633 3015 714 acceptus,
3054 632 3216 716 quod

495 744 627 789 esse
674 722 920 789 videtur
967 725 1181 786 contra
1227 721 1637 785 intencionem
1680 723 1744 785 et
1789 721 2219 785 ordinamenta
2282 721 2556 784 eiusdem
2618 719 2892 784 civitatis
2952 720 3219 800 consilii,

496 815 560 878 et
605 814 679 877 ad
729 802 1166 876 removendum
1216 809 1407 873 talem
1469 809 1922 892 negligenciam
1986 808 2323 890 accipiatur
2385 826 2548 873 unus
2599 806 2878 872 notarius
2926 809 3001 872 ad
3050 808 3217 872 sala-

495 902 657 966 rium
704 897 1050 963 communis
1092 896 1269 973 Arbi,
1319 897 1495 962 cuius
1543 897 1790 979 quidem
1839 896 2064 961 notarii
2131 895 2349 961 electio
2398 898 2462 960 et
2508 895 2719 960 salarii
2783 895 3058 960 taxactio
3110 894 3222 960 fiat

494 1008 602 1071 per
649 988 961 1052 domiuum
1012 985 1232 1049 ducem
1280 985 1345 1050 et
1389 984 1773 1049 consiliarios
1823 985 1971 1050 eius.

703 1076 863 1138 Item
907 1075 1063 1155 quod
1112 1091 1423 1155 preconeS,
1472 1072 1577 1156 qui
1623 1072 1701 1136 ad
1748 1092 2000 1155 presens
2062 1074 2210 1136 sunt
2254 1072 2317 1135 in
2382 1072 2584 1136 officio
2648 1071 3036 1153 preconarie,
3097 1071 3225 1136 siut

494 1164 559 1228 et
602 1181 740 1227 esse
785 1161 1053 1225 debeant
1099 1160 1453 1224 obedientes
1502 1162 1567 1224 et
1611 1164 1960 1225 reverentes
2007 1160 2173 1225 dicto
2222 1159 2454 1239 comiti,
2506 1162 2568 1224 et
2612 1159 2676 1223 in
2718 1159 2899 1225 factis
2936 1161 3225 1243 spectan-

495 1250 662 1315 tibus
708 1248 786 1313 ad
834 1248 1069 1312 dictum
1116 1247 1391 1331 regimen
1439 1266 1717 1313 exercere
1764 1252 1830 1313 et
1873 1249 2090 1326 facere,
2139 1247 2327 1313 sicuti
2389 1247 2521 1330 ipse
2583 1265 2789 1313 comes
2836 1248 2993 1313 Arbi
3041 1266 3217 1312 man-

495 1336 751 1414 daverit,
801 1336 958 1419 quod
1006 1336 1275 1418 quidem,
1325 1336 1378 1399 si
1425 1335 1625 1400 facere
1682 1337 2059 1401 recusaverit
2094 1337 2218 1400 -vel
2279 1336 2734 1413 recusaverint,
2803 1338 2914 1400 aut
2974 1338 3218 1401 averter

494 1424 915 1490 inobedientes
963 1426 1188 1500 essent,
1238 1424 1366 1505 ipse
1412 1442 1617 1488 comes
1663 1424 1893 1489 habeat
1938 1424 2296 1488 libertatem
2343 1422 2623 1505 privandi
2671 1425 2735 1488 et
2778 1423 3065 1488 cassandi
3116 1441 3220 1487 eos

498 1515 560 1577 et
607 1531 818 1577 eorum
866 1512 1227 1594 quemlibet,
1277 1514 1341 1575 et
1382 1512 1521 1576 illos
1568 1512 1761 1590 alios,
1823 1531 1976 1594 quos
2039 1512 2281 1576 duxerit
2341 1511 2690 1593 eligendos,
2756 1512 2858 1593 qui
2906 1511 3107 1575 eidem
3155 1512 3218 1574 in

498 1600 865 1683 exequendis
912 1599 1180 1682 negociis
1230 1600 1653 1681 spectantibus
1699 1600 1776 1663 ad
1826 1600 2059 1665 dictum
2107 1601 2383 1683 regimen
2430 1598 2658 1663 servire
2724 1600 3089 1677 teneantur,
3154 1601 3220 1664 et

497 1688 768 1753 habeant
809 1686 1104 1752 salarium
1151 1686 1401 1752 solitum
1449 1706 1485 1752 a
1532 1687 1844 1752 communi
1887 1688 2064 1752 Arbi.

580 1779 758 1838 Misti
802 1773 1092 1838 XXVII.
1132 1779 1236 1848 82,
1273 1795 1317 1837 u
1356 1778 1699 1838 mletackom
1744 1780 1983 1839 arkivu.

643 1964 1396 2049 CCCCLXXXIII.
1451 1967 1659 2049 Gon.
1705 1968 1933 2052 1356.
1987 1968 2089 2052 23
2140 1968 2508 2070 svibnja,
2562 1990 2624 2049 u
2677 1967 3072 2050 Mletcih.

497 2093 771 2166 Pozivh'u
813 2110 877 2152 se
921 2090 1211 2152 nac'elnici
1255 2110 1299 2153 u
1344 2094 1498 2153 Istri
1541 2096 1566 2151 i
1611 2111 1653 2153 u
1702 2095 2142 2170 Trevisanskoj,
2192 2096 2348 2155 nelca
2407 2096 2638 2169 nastoje
2699 2096 2941 2154 serenati
2984 2094 3223 2154 nakanc

652 2183 676 2239 i
720 2182 1000 2253 kretanja
1042 2182 1367 2256 aqam-hri).
1416 2182 1637 2260 kraha,
1680 2183 1705 2241 i
1747 2184 1903 2242 nelca
1942 2201 2092 2256 pazo
2137 2202 2220 2243 na
2265 2184 2497 2243 obranu
2541 2183 2731 2257 svojih
2773 2183 3055 2258 yradova.

710 2298 896 2364 1356.
941 2300 1040 2363 die
1087 2299 1305 2365 XXIII
1344 2301 1515 2379 maii,
1562 2303 1779 2385 capta:
1829 2304 1991 2385 quod
2038 2303 2345 2369 scribatur
2389 2303 2734 2369 rectoribus
2777 2305 3004 2369 nostris
3028 2303 3214 2368 Istrie

497 2391 563 2454 et
607 2388 957 2467 Tervisane,
1004 2388 1554 2453 recommendando
1603 2390 2060 2456 solicitudinem
2107 2410 2286 2455 suam
2331 2410 2441 2474 pro
2480 2392 2676 2468 novis,
2725 2412 2842 2474 que
2891 2391 3067 2456 nobis
3101 2410 3215 2456 nu-

496 2495 606 2560 per
652 2477 1049 2557 scripserunt,
1098 2478 1164 2540 et
1208 2476 1555 2541 mandando
1604 2478 1711 2556 eiS,
1759 2478 1919 2560 quod
1968 2479 2210 2543 solicite
2255 2479 2404 2544 dent
2473 2497 2725 2563 operam
2772 2479 2847 2544 de
2914 2479 3225 2562 persenci-

495 2562 648 2630 endo
694 2562 769 2627 de
815 2563 1009 2644 novis,
1060 2563 1360 2629 mittendo
1407 2566 1660 2630 nuncios
1706 2564 1782 2630 ad
1851 2583 2063 2630 omnes
2111 2570 2350 2649 parteS,
2414 2568 2491 2630 ad
2540 2586 2693 2650 quas
2741 2567 2830 2631 eis
2896 2568 3223 2647 videbitur,

493 2670 602 2736 pro
645 2652 966 2716 sentiendo
1011 2654 1085 2717 de
1132 2654 1306 2718 novis
1352 2654 1417 2717 et
1460 2654 1732 2719 motibus
1775 2656 1938 2738 regis
1986 2655 2334 2739 Hungarie,
2384 2655 2782 2721 notifficando
2848 2656 3022 2721 nobis
3069 2675 3220 2739 que-

493 2759 754 2823 cumque
797 2742 1075 2805 sencient
1121 2743 1186 2806 et
1225 2742 1587 2819 invenerint,
1636 2760 1708 2807 ac
1754 2742 2055 2807 hortando
2103 2762 2229 2820 eos,
2278 2743 2436 2826 quod
2483 2743 2558 2807 de
2610 2744 2790 2808 terris
2837 2747 2901 2808 et
2946 2743 3102 2808 locis
3131 2743 3224 2808 eis

493 2829 840 2894 commissis
878 2829 1149 2894 habeant
1192 2829 1445 2912 vigilem
1493 2835 1554 2894 et
1601 2829 1913 2894 solicitam
1954 2830 2301 2895 custodiam
2363 2834 2547 2913 atque
2610 2849 2857 2910 curam,
2923 2830 3011 2896 ita
3057 2829 3217 2912 quod

491 2916 859 2982 concedente
906 2917 1154 2981 domino
1201 2919 1275 2981 de
1321 2918 1472 2999 ipsis
1520 2917 1843 2982 sinistrum
1873 2920 2136 3000 nequeat
2174 2918 2438 2983 avenire.
2486 2918 2844 3002 Etinsuper
2890 2918 3219 2982 mandetur

493 3002 601 3082 eis,
651 3005 807 3086 quod
857 3004 1208 3069 examinent
1252 3005 1673 3071 condicionem
1719 3008 1783 3070 et
1831 3007 2212 3070 municiones
2274 3006 2544 3088 ipsarum
2595 3009 2901 3070 terrarum
2941 3008 3006 3071 et
3049 3007 3217 3069 loco-

492 3110 629 3154 rum
676 3100 1049 3171 nostrorum,
1097 3093 1161 3157 et
1206 3091 1258 3155 si
1305 3093 1589 3170 viderint,
1658 3094 1867 3175 aliqua
1913 3093 2038 3158 fore
2105 3094 2485 3158 neccessaria
2547 3112 2653 3176 pro
2716 3093 2914 3158 salute
2962 3095 3026 3157 et
3071 3110 3217 3158 con-

492 3178 841 3243 servacione
887 3182 950 3244 et
995 3178 1340 3244 defensione
1387 3181 1682 3263 ipsorum,
1732 3181 1975 3246 solicite
2023 3182 2387 3263 provideant
2451 3181 2673 3246 fulcire
2734 3200 2800 3246 se
2849 3181 3214 3245 municioni-

495 3265 629 3342 buS‚
679 3285 793 3346 que
838 3266 958 3330 sibi
1005 3265 1351 3346 deficerent,
1408 3271 1471 3331 et
1514 3269 1692 3333 nobis
1739 3269 2015 3333 scribant
2060 3269 2135 3333 de
2184 3269 2329 3347 illis,
2394 3288 2509 3351 que
2574 3269 2666 3333 eis
2712 3268 3100 3346 defficerent,
3148 3268 3220 3332 ut

495 3352 569 3416 de
616 3351 761 3416 hinc
800 3373 910 3435 per
956 3371 1067 3417 nos
1111 3354 1416 3436 provideri
1461 3356 1676 3438 possit,
1725 3356 1886 3420 sicut
1917 3375 2026 3440 pro
2053 3357 2278 3422 honore
2303 3361 2509 3421 nostro
2539 3357 2882 3422 videbimus
2908 3356 3213 3440 expedire.

579 3443 759 3502 Misti
809 3443 935 3501 XX
948 3444 1092 3504 1⁷11.
1138 3446 1241 3514 83,
1288 3463 1330 3503 u
1375 3447 1592 3506 arkivu
1634 3447 1994 3507 mletackom.

625 3634 1366 3715 cccclixxxlv.
1438 3634 1647 3717 God.
1702 3635 1930 3719 1356.
1985 3635 2088 3719 26
2134 3635 2503 3737 svibnja‚
2557 3659 2619 3718 u
2673 3636 3064 3718 Mletcih.

676 3760 731 3821 U
762 3762 945 3835 postu
989 3762 1299 3820 razmirice
1345 3761 1624 3835 obstoJ'ccc
1668 3763 1869 3835 media
1913 3763 2244 3836 Ninjanom
2287 3765 2312 3821 i
2356 3763 2660 3823 Paianom
2701 3763 2843 3822 radi
2875 3763 3046 3836 pasc.

714 3880 896 3944 1356.
946 3880 1045 3945 die
1092 3879 1177 3944 26
1238 3880 1406 3960 maii,
1476 3881 1806 3946 indictione
1874 3882 1986 3946 IX.
2060 3882 2398 3962 DominuS,
2470 3882 2803 3948 consiliarii
2867 3884 2930 3947 et
2994 3883 3216 3965 capita.

499 3969 732 4052 Capta:
780 3969 1118 4034 intellectis
1164 3968 1305 4048 hiis,
1354 3988 1471 4052 que
1518 3969 1715 4034 voluit
1755 3970 1957 4035 dicere
2008 3973 2071 4035 et
2117 3989 2413 4052 exponere
2461 3971 2821 4035 ambaxator
2872 3971 3215 4035 communis

493 4056 668 4122 None
717 4076 900 4139 super
946 4056 1109 4121 facto
1155 4056 1535 4137 differencie‚
1604 4076 1724 4140 que
1785 4060 1883 4121 est
1942 4058 2102 4122 inter
2165 4077 2488 4123 commune
2542 4058 2716 4123 None
2782 4062 2845 4122 et
2891 4076 3218 4122 commune

496 4146 669 4228 Pagi,
719 4147 783 4208 et
826 4143 1043 4209 habita
1087 4146 1244 4210 bona
1288 4146 1741 4210 examinacione
1788 4165 1969 4228 super
2015 4146 2147 4226 hoc,
2197 4150 2268 4211 ut
2313 4148 2639 4211 consulunt
2685 4146 2802 4210 viri
2849 4146 3087 4210 nobiles
3117 4165 3218 4210 ser

392 4239 399 4245 '
495 4232 862 4296 Franciscus
904 4232 1108 4311 Bon0,
1183 4251 1281 4296 ser
1339 4233 1709 4298 Hermolaus
1755 4233 2115 4313 Darmario‚
2187 4253 2285 4299 ser
2344 4233 2660 4300 Johannes
2723 4232 3080 4299 Justiniano
3145 4234 3208 4296 in

496 4317 695 4382 forma
741 4320 1056 4402 inscripta,
1107 4319 1394 4385 videlicet
1437 4321 1766 4385 scribatur.

708 4405 863 4469 Cum
911 4427 1018 4490 per
1063 4407 1567 4473 informacionem
1616 4410 1810 4492 pridie
1858 4410 2070 4473 datam
2113 4429 2210 4474 ser
2256 4409 2465 4474 Marco
2491 4407 2703 4488 Calbo,
2752 4429 2852 4473 ser
2875 4409 3254 4474 Hermolao·

498 4494 822 4557 Darmario
870 4514 936 4558 er
975 4514 1072 4558 ser
1115 4495 1386 4560 Johanni
1432 4497 1805 4575 Justiniano,
1854 4497 2168 4579 deputatis
2216 4499 2290 4561 ad
2333 4497 2710 4562 audiendum
2742 4497 3049 4579 quendam
3081 4516 3218 4572 am,-

499 4580 848 4644 baxatorem
897 4582 1051 4665 Pagi
1100 4586 1541 4665 conquerentis,
1592 4584 1752 4667 quod
1798 4603 2124 4649 commune
2173 4584 2347 4649 Nono
2371 4585 2714 4668 agravabat
2746 4584 3026 4649 homines
3060 4584 3216 4667 Pagi

497 4669 562 4731 in
609 4668 977 4749 pasculando
1024 4669 1316 4734 animalia
1363 4690 1472 4735 sua
1518 4691 1701 4756 super
1748 4675 1978 4756 puncta
2021 4672 2142 4737 Ure
2187 4672 2510 4737 districtus
2544 4672 2718 4736 None
2757 4672 2923 4737 ultra
2955 4672 3211 4737 solitum

499 4759 564 4823 et
608 4755 884 4820 debitam
930 4757 1432 4823 consuetudinem
1478 4761 1780 4825 hactenus
1814 4760 2222 4840 observatam,
2270 4760 2497 4843 scripte
2530 4759 2791 4826 fuissent
2821 4760 3036 4826 lictore
3067 4778 3211 4844 pre-
