3620 5282
461 328 611 448 ἱ98

525 558 589 623 et
626 556 939 622 fructuosa
983 572 1093 637 pro
1139 554 1296 621 bono
1343 554 1407 619 et
1452 553 1666 618 dextro
1712 552 2061 617 nostrorum
2126 551 2578 628 mercatorum;
2644 549 2815 616 vadit
2874 568 3034 632 parS,
3098 549 3255 633 quod

524 646 853 729 postquam
898 643 1103 709 dictus
1149 644 1513 707 ambaxator
1560 643 1658 705 est
1703 642 2030 704 contentus
2080 639 2277 704 redire
2324 638 2400 704 ad
2441 639 2677 703 dictum
2725 640 3040 703 dominum
3073 657 3253 702 suum

524 733 697 798 nulla
741 733 963 798 habita
1010 730 1397 812 responsione
1443 748 1624 810 super
1671 727 1833 792 sacto
1880 745 2118 811 guerre,
2167 745 2351 831 quam
2402 726 2666 806 petebat,
2720 730 2787 790 et
2831 724 2988 790 ferre
3052 744 3258 790 secum

528 824 594 887 et
661 822 1017 901 presentare
1086 817 1338 882 domino
1404 835 1514 882 suo
1583 815 1857 897 predicto
1917 816 2157 897 copiam
2220 814 2585 879 libertatum
2646 815 2710 878 et
2768 812 3259 891 franchisiarum,

526 927 678 992 quas
721 909 948 972 habere
993 906 1280 971 volumus
1321 904 1384 968 in
1432 904 1616 968 dictis
1660 903 1977 984 partibus3
2027 902 2333 980 dominus,
2383 901 2737 978 consiliarii,
2785 902 2991 983 capita
3052 902 3118 966 et
3162 919 3259 965 sa-

526 995 766 1079 pientes
810 994 1092 1059 ordinum
1139 994 1409 1058 habeant
1453 991 1809 1055 libertatem
1858 1010 1965 1073 per
2037 991 2335 1055 maiorem
2395 990 2640 1070 partem
2700 987 2849 1054 dare
2910 989 3075 1053 dicto
3126 1006 3259 1052 am-

525 1082 806 1149 baxatori
852 1081 963 1146 illa
1006 1080 1301 1162 capitula,
1349 1098 1466 1161 que
1511 1078 1632 1143 sibi
1668 1077 1852 1143 utilia
1898 1076 2271 1143 videbuntur
2317 1096 2500 1159 super
2544 1076 2706 1141 facto
2757 1076 3063 1141 dictarum
3094 1076 3260 1140 sran-

527 1171 866 1236 chisiarum
913 1169 982 1232 et
1024 1167 1425 1241 libertatum;
1475 1170 1540 1229 et
1585 1166 1803 1231 habita
1850 1165 2240 1247 responsione
2301 1164 2645 1246 superinde,
2707 1163 2985 1229 venietur
3053 1164 3262 1245 postea

527 1259 667 1336 huc,
715 1260 780 1321 et
816 1257 927 1322 fiet
969 1255 1133 1321 sicut
1176 1255 1501 1320 videbitur.
1555 1254 1782 1319 Verum
1832 1252 2072 1318 dicatur
2137 1252 2302 1317 dicto
2364 1252 2773 1329 ambaxatori,
2839 1251 2997 1334 quod
3059 1250 3258 1333 primo

529 1347 594 1410 et
665 1348 811 1410 ante
876 1344 1082 1408 omnia
1151 1348 1359 1407 nostre
1428 1341 1852 1423 dispositionis
1915 1343 1978 1406 et
2039 1341 2400 1405 intentionis
2448 1341 2561 1415 est,
2629 1340 2791 1422 quod
2840 1338 3107 1403 satisfiat
3150 1357 3260 1421 per

529 1434 766 1498 dictum
830 1431 1144 1497 dominum
1191 1430 1413 1496 Juram
1477 1431 1705 1494 nostris
1753 1428 2029 1507 Venetis,
2092 1447 2210 1510 que
2270 1428 2496 1492 habere
2564 1428 2789 1492 debent
2848 1427 2928 1490 ab
2993 1428 3122 1507 ipso
3183 1426 3259 1490 de

527 1520 753 1586 debitis
805 1521 870 1584 et
897 1518 1140 1584 damnis
1170 1516 1320 1596 suis,
1368 1519 1441 1582 ut
1472 1517 1703 1581 iustum
1736 1518 1854 1580 est.
1902 1516 1996 1580 De
2025 1517 2201 1598 parte
2252 1514 2354 1591 78,
2404 1515 2480 1579 de
2512 1533 2632 1579 non
2665 1515 2724 1592 2,
2773 1532 2890 1580 non
2935 1514 3154 1579 sinceri
3194 1511 3257 1575 6.

614 1627 794 1687 Misti
842 1621 1170 1685 XXXIII.
1220 1626 1322 1693 45,
1369 1642 1412 1683 u
1456 1625 1613 1685 mlet.
1662 1624 1895 1683 arkivu.

894 1831 1305 1915 chxv.
1361 1829 1567 1912 eod.
1622 1830 1844 1912 1370.
1899 1830 1943 1912 7
1998 1794 2335 1932 orma,
2387 1853 2446 1912 u
2494 1830 2884 1913 metam.

533 1979 680 2052 Opet
726 1976 936 2053 G-joryj
981 1974 1192 2035 Baloie}
1241 1975 1380 2034 moli
1434 1975 1765 2049 republiku,
1832 1974 1913 2033 da
1970 1992 2071 2033 mu
2123 1974 2274 2034 bude
2327 1974 2603 2033 slobodno
2666 1974 2862 2034 driati
2918 1971 3262 2034 morulam·

1312 2063 1558 2121 brodove
1601 2079 1686 2121 na
1729 2079 1917 2132 meru,
1965 2062 2051 2121 ali
2095 2062 2245 2121 bude
2287 2062 2466 2121 odbit.

739 2183 927 2249 1370.
973 2180 1301 2248 indictione
1346 2182 1518 2260 VIII,
1566 2183 1666 2247 die
1713 2181 1979 2265 septimo
2029 2181 2265 2245 marcii.
2314 2180 2426 2247 Ser
2469 2181 2785 2247 Jobannes
2828 2181 3102 2264 Darpino
3161 2198 3256 2244 sa-

528 2273 702 2356 piens
747 2271 1054 2337 ordinum.
1094 2270 1265 2350 Quod
1313 2270 1418 2335 isti
1465 2271 1845 2336 ambaxatori
1890 2270 2046 2335 Jura
2092 2269 2168 2333 de
2215 2269 2434 2334 Balsce
2466 2269 2725 2353 petenti,
2774 2271 2844 2334 ut
2866 2268 3069 2359 gratia
3100 2269 3257 2354 alias

527 2360 648 2424 sibi
694 2378 982 2427 concessa
1025 2359 1101 2423 de
1146 2357 1449 2442 possendo
1496 2376 1736 2423 armare
1784 2360 1846 2422 in
1888 2359 2045 2422 mari
2092 2359 2168 2421 ad
2216 2358 2514 2422 damnum
2563 2357 2764 2422 solum
2832 2373 3081 2421 suorum
3140 2356 3259 2421 ini-

529 2448 829 2512 micorum
866 2449 983 2511 etc.
1026 2447 1425 2510 confirmetur
1472 2446 1547 2523 ei,
1608 2464 1722 2511 nec
1778 2446 2009 2511 habeat
2060 2463 2169 2528 pro
2231 2446 2537 2522 revocata,
2577 2443 3011 2526 respondetur:
3075 2443 3257 2526 quod,

528 2535 692 2599 sicut
739 2534 870 2617 ipse
915 2533 1056 2612 scit,
1097 2550 1209 2599 nos
1250 2532 1482 2598 fuimus
1530 2532 1889 2616 principalis
1929 2551 2134 2609 causa,
2185 2535 2256 2598 ut
2302 2551 2429 2614 pax¹
2465 2533 2640 2597 fieret
2687 2533 2846 2597 inter
2893 2532 3098 2614 ipsum
3141 2531 3261 2597 Ju-

526 2640 659 2687 ram
703 2623 767 2686 et
813 2618 1155 2699 Catarinos,
1202 2624 1266 2686 et
1311 2639 1630 2703 speramus
1673 2622 2039 2687 concedente
2084 2619 2350 2698 domine,
2400 2619 2562 2705 quod
2616 2638 2728 2704 per
2779 2618 3105 2685 Catarinos
3151 2620 3260 2685 ob-

527 2709 879 2775 servabitur
916 2709 1049 2791 ipsa
1096 2728 1245 2792 pax;
1290 2710 1657 2792 quapropter
1701 2727 1821 2774 non
1872 2709 2119 2775 videtur
2167 2709 2365 2785 nobie,
2413 2710 2575 2792 quod
2621 2708 2782 2772 foret
2823 2708 3019 2772 honor
3052 2711 3261 2773 noster

527 2797 890 2863 confirmare
959 2796 1079 2861 sibi
1146 2797 1381 2861 dictam
1442 2796 1732 2879 gratiam,
1794 2798 2125 2879 antequam
2189 2815 2301 2879 per
2356 2794 2679 2860 Catarinos
2738 2794 3066 2861 contrafiat
3124 2796 3260 2877 paci

528 2884 822 2966 predicte.
872 2882 992 2950 Sed
1038 2888 1270 2963 tamen,
1340 2884 1726 2949 considerata
1784 2885 1943 2949 bona
2005 2884 2408 2967 dispositione
2469 2901 2578 2948 sua
2638 2901 2786 2966 erga
2845 2901 2979 2959 nos,
3043 2902 3260 2948 sumus

526 2973 798 3037 contenti
845 2974 909 3036 et
950 2974 1336 3039 concedimus
1382 2972 1457 3051 ei,
1506 2973 1663 3055 quod
1712 2972 1906 3054 possit
1942 2991 2081 3037 cum
2131 2972 2396 3054 navigiis
2442 2971 2570 3036 suis
2619 2971 2906 3053 navigare
2935 2989 3044 3051 per
3090 2989 3260 3036 mare

527 3058 804 3138 honeste,
852 3060 1182 3125 dummodo
1253 3080 1370 3126 non
1431 3059 1789 3124 damnificet
1848 3079 1957 3125 nec
2019 3059 2289 3123 offendat
2352 3078 2494 3123 cum
2556 3058 2742 3123 dictis
2804 3056 2934 3122 suis
3003 3059 3260 3123 navibus

527 3147 799 3229 aliquem
847 3151 1125 3212 nostrum
1170 3151 1458 3212 venetum
1507 3147 1606 3212 vel
1649 3146 1894 3212 fidelem
1944 3165 2053 3211 nec
2099 3147 2373 3230 aliquem
2435 3145 2626 3210 alium
2688 3150 3100 3210 mercatorem
3163 3146 3261 3211 vel

529 3252 851 3314 personam
901 3236 964 3299 in
1008 3234 1216 3318 aliqua
1251 3237 1430 3317 parte
1475 3235 1602 3299 ullo
1648 3233 1868 3312 mod03
1919 3236 2067 3316 quia
2108 3234 2164 3299 si
2210 3235 2589 3300 contrarium
2635 3231 2885 3311 faceret,
2954 3250 3075 3297 non
3123 3252 3261 3314 pos-

530 3338 736 3385 semus
794 3321 1058 3471 trgnsire
1119 3340 1301 3403 super
1361 3322 1521 3403 inde,
1582 3323 1725 3404 quia
1783 3324 2258 3403 provideremuS,
2320 3325 2500 3404 prout
2561 3322 2768 3385 nostro
2832 3319 3049 3385 honori
3113 3337 3259 3384 con-

531 3407 765 3471 veniret
817 3410 841 3470 1
901 3459 915 3472 .

615 3516 797 3575 Misce·
845 3513 1169 3576 XXXIII.
1221 3519 1323 3588 47,
1369 3535 1412 3577 u
1456 3518 1612 3578 mlet.
1661 3519 1896 3579 arkivu.

871 3703 1324 3787 onxxvr.
1381 3704 1589 3788 eod.
1642 3705 1865 3788 1370.
1921 3706 1964 3787 7
2017 3705 2354 3807 orujka,
2408 3727 2471 3786 u
2517 3704 2912 3796 Mletciu.

532 3847 818 3909 Ουῑαέόεη
864 3847 1074 3924 Θῇονρί
1119 3846 1346 3927 Balsio,
1409 3849 1492 3909 da
1552 3849 1684 3909 drii
1743 3848 2088 3909 naoruiane
2132 3848 2378 3908 brodove
2419 3865 2505 3908 na
2560 3865 2731 3909 mora
2774 3866 2852 3910 uz
2909 3850 3103 3924 uvjete
3160 3850 3262 3911 od-

1557 3937 1723 4011 prije
1766 3954 1870 3996 mu
1913 3936 2216 4010 stavh‘ene.

743 4054 934 4120 1370.
974 4054 1304 4121 indictione
1353 4056 1523 4134 VIII,
1571 4056 1670 4121 die
1717 4055 1979 4138 septimo
2025 4055 2260 4121 marcii.
2310 4055 2422 4122 Ser
2477 4057 2601 4121 Leo
2647 4056 2905 4134 Bembo‚
2966 4074 3066 4121 ser
3130 4056 3258 4121 Da-

529 4144 655 4210 niel
700 4141 1009 4222 Cornario‚
1059 4162 1158 4208 ser
1202 4144 1447 4208 Marcus
1496 4142 1743 4226 Capello
1794 4144 2103 4226 sapientes
2146 4143 2450 4207 ordinum.
2500 4141 2729 4226 Capta:
2793 4145 2934 4226 quia
2979 4142 3138 4209 Jura
3181 4143 3285 4210 de.

530 4230 770 4308 Balsce,
818 4229 973 4294 civis
1020 4232 1228 4295 noster
1271 4231 1479 4295 missit
1524 4231 1828 4314 quendam
1876 4250 2059 4295 suum
2100 4231 2560 4295 ambaxatorem
2624 4230 2702 4295 ad
2763 4249 2891 4310 noe,
2955 4231 3260 4297 offerendo

528 4317 934 4382 dominationi
982 4318 1199 4396 multa,
1248 4337 1363 4400 que
1406 4337 1730 4402 speramus
1776 4317 1906 4383 fore
1953 4318 2132 4383 utilia
2176 4318 2353 4384 valde
2399 4337 2506 4400 pro
2550 4321 2723 4384 statu
2768 4319 2998 4396 nostro,
3056 4321 3121 4384 et
3164 4336 3261 4383 re-

530 4406 757 4488 quirat,
805 4410 876 4468 ut
919 4406 1330 4470 certificemus
1372 4406 1595 4488 ipsum,
1642 4406 1696 4471 si
1740 4406 1946 4488 gratia
1992 4405 2145 4470 alias
2192 4405 2314 4471 sibi
2361 4424 2650 4471 concessa
2693 4425 2802 4488 per
2847 4424 2956 4471 nos
3003 4404 3079 4470 de
3146 4423 3259 4470 na·

530 4490 796 4574 vigendo
869 4491 932 4554 in
991 4494 1149 4557 mari
1210 4509 1329 4555 non
1390 4494 1746 4558 offendendo
1807 4493 2080 4575 aliquem
2139 4494 2543 4558 mercatorem
2608 4493 2706 4559 vel
2771 4496 3082 4568 venetum,
3150 4494 3259 4558 sed

529 4580 774 4642 tantum
822 4595 964 4641 suos
1001 4579 1306 4655 inimicos,
1365 4582 1464 4645 est
1508 4584 1791 4646 revocata
1837 4582 1936 4645 vel
1984 4598 2137 4656 non3
2200 4581 2375 4645 vadit
2431 4598 2595 4663 pars,
2660 4580 3045 4647 considerata
3103 4581 3261 4646 bona

529 4662 928 4743 dispositione
973 4683 1102 4741 sua,
1150 4668 1214 4730 et
1259 4667 1444 4731 etiam
1493 4669 1638 4750 quia
1680 4667 1850 4732 dicta
1896 4669 2260 4751 impetracio
2306 4667 2454 4733 talis
2501 4668 2708 4752 gracie
2754 4669 2918 4734 cedit
2963 4669 3040 4733 ad
3102 4686 3258 4751 aug-

526 4750 808 4814 mentum
850 4748 1098 4815 honoris
1145 4752 1362 4831 nostri,
1409 4753 1620 4820 habito
1667 4773 1906 4837 quoque
1951 4758 2255 4837 respectu,
2301 4755 2463 4839 quod
2520 4774 2641 4822 non
2703 4754 3033 4836 invenitur,
3095 4756 3261 4838 quod
