3620 5282
500 335 625 400 156

500 513 699 577 verint
748 517 839 579 vel
888 517 1233 580 audiverint
1278 517 1352 580 de
1404 517 1582 580 furtis
1609 516 1812 586 factis,
1868 519 1937 579 nt
1970 516 2205 580 dictum
2249 518 2363 593 est,
2403 516 2467 579 et
2513 514 2773 598 quilibet
2800 513 2998 596 possit
3030 514 3221 578 dictos

496 605 1007 667 sacramentarios
1056 623 1384 675 accusare:
1453 608 1515 667 et
1581 605 1631 667 si
1697 604 2082 686 probaverit,
2148 605 2306 686 quod
2367 602 2694 667 scivissent
2753 603 2848 666 vel
2905 602 3222 665 audissent

496 689 790 771 predicta,
841 696 904 755 et
953 711 1067 755 non
1120 692 1537 757 notificassent
1563 691 1986 767 dominationi,
2038 691 2186 754 talis
2235 709 2533 754 accusans
2581 690 2804 754 habere
2839 689 3063 752 debeat
3096 708 3221 752 me-
3311 766 3324 769 -

495 777 789 842 dietatem
841 780 1004 843 dicte
1054 779 1648 861 condempnationis,
1695 780 1820 842 alia
1869 797 2009 842 vero
2059 778 2361 847 medietas
2427 779 2611 841 vadat
2658 778 2718 840 in
2767 778 3108 853 communi,
3161 780 3225 840 et

497 866 813 930 tenebitur
860 868 936 930 de
982 867 1317 931 credentia.
1365 868 1521 931 Item
1575 867 1733 950 quod
1780 866 2250 931 sacramentarii
2300 866 2413 929 sub
2460 866 2666 929 debito
2714 865 3082 929 sacramenti
3135 866 3223 927 te-

499 955 780 1030 neantur,
830 956 987 1036 quod
1060 955 1113 1018 si
1161 955 1451 1018 sciverint
1499 955 1593 1017 vel
1641 954 1981 1032 audierint,
2036 954 2194 1037 quod
2252 954 2475 1036 aliquis
2529 954 2857 1035 patronum
2907 956 3221 1035 pastorum

496 1060 604 1103 seu
650 1042 1071 1106 bravariorum
1118 1042 1356 1106 iuraret
1400 1043 1645 1119 iniuste,
1697 1041 1991 1106 videlicet
2033 1042 2190 1124 quod
2242 1041 2519 1117 dixisset,
2571 1061 2635 1105 se
2685 1040 2974 1122 recipisse
3025 1040 3223 1104 maius

495 1127 813 1205 damnum,
865 1149 933 1194 eo
976 1131 1133 1210 quod
1186 1131 1556 1211 recepisset,
1625 1134 1770 1193 tuuc
1832 1130 2045 1194 statim
2115 1131 2439 1193 teneantur
2502 1147 2641 1192 eum
2703 1128 3067 1192 denuntiare
3115 1145 3223 1191 suo

494 1217 726 1293 comiti,
770 1219 833 1280 et
882 1219 1129 1281 inventa
1177 1218 1436 1282 veritate
1483 1219 1570 1281 sic
1618 1237 1770 1295 esse,
1826 1220 2149 1282 teneantur
2217 1222 2278 1279 et
2332 1214 2595 1280 deb'eant
2659 1217 2723 1279 in
2771 1215 2995 1297 dupplo
3043 1215 3225 1279 resti-

496 1306 668 1368 tuere
713 1306 786 1367 de
825 1325 913 1381 eo,
972 1307 1133 1387 quod
1181 1305 1343 1369 male
1397 1307 1737 1381 iurassent,
1802 1311 1866 1369 et
1927 1305 2116 1369 etiam
2184 1305 2544 1368 tantundem
2605 1303 2836 1367 solvere
2885 1303 3224 1367 debeantur

498 1393 832 1456 communi.
882 1393 966 1456 Et
1012 1394 1062 1457 si
1110 1393 1423 1476 predictus
1472 1394 1994 1457 sacramentarius
2057 1394 2263 1475 posset
2326 1397 2616 1473 probare,
2667 1392 2757 1454 sic
2804 1410 3014 1455 verum
3066 1409 3223 1468 esse,

494 1481 641 1543 tunc
708 1481 834 1561 ipse
885 1482 1412 1545 sacramentarius
1478 1481 1702 1545 habere
1760 1480 1983 1544 debeat
2030 1479 2427 1544 medietatem
2493 1480 2686 1561 partis
2735 1478 3114 1542 devenientis
3161 1479 3223 1542 in

394 1636 401 1643 ,
494 1567 823 1641 communi,
875 1569 996 1631 alio
1051 1588 1194 1633 vero
1251 1570 1552 1633 medietas
1600 1569 1685 1632 sit
1745 1568 2108 1632 communis,
2194 1568 2350 1631 Item
2401 1566 2559 1649 quod
2624 1567 2848 1649 aliquis
2915 1566 3222 1630 dictarum
3269 1624 3278 1634 .

501 1654 844 1719 insularum
895 1656 993 1720 vel
1038 1657 1264 1738 aliquis
1313 1657 1472 1720 alius
1500 1657 1797 1721 advocare
1847 1674 1963 1719 non
2011 1657 2209 1738 possit
2252 1673 2361 1737 pro
2410 1655 2614 1737 aliquo
2639 1655 2897 1729 latrone,
2945 1656 3033 1717 ita
3064 1653 3223 1735 quod

499 1740 706 1805 dictus
753 1743 914 1806 latro
978 1764 1285 1826 nunquam
1340 1764 1445 1825 pro
1491 1744 1617 1808 suis
1664 1744 1845 1807 furtis
1894 1744 2092 1825 possit
2133 1744 2501 1807 advocatum
2549 1743 2792 1806 habere.
2860 1742 3016 1805 Item
3066 1742 3223 1823 quod

501 1829 575 1892 de
624 1830 886 1906 damnis,
936 1832 1215 1907 robariis,
1268 1833 1469 1909 furtis,
1518 1832 1889 1908 homicidiiS,
1931 1831 2348 1895 invasionibus
2394 1830 2496 1894 hic
2545 1833 2706 1893 retro
2737 1831 3084 1894 commissis
3117 1848 3225 1911 per

496 1916 766 1998 aliquem
819 1937 924 1982 seu
974 1919 1210 2001 aliquos
1258 1921 1671 2002 predictorum
1730 1920 2069 1983 insularum
2125 1919 2446 2000 partibus,
2510 1921 2574 1982 et
2634 1918 2889 1982 cuilibet
2953 1917 3223 1998 ipsarum

493 2010 858 2086 perpetuum
911 2006 1227 2071 silentium
1278 2008 1645 2089 imponatur,
1706 2026 1817 2071 nec
1863 2008 1974 2071 fiat
2022 2006 2332 2070 restitutio
2382 2007 2508 2070 sive
2567 2005 2822 2069 emenda
2869 2005 3076 2087 aliqua
3121 2023 3224 2068 su-

406 2104 429 2117 “’
491 2092 761 2173 perinde,
813 2093 1001 2158 salvis
1050 2096 1256 2158 tamen
1307 2100 1370 2158 et
1416 2095 1742 2159 reservatis
1790 2095 2076 2159 omnibus
2141 2094 2699 2158 intromissionibus
2765 2094 2944 2158 factis
2997 2093 3057 2156 in
3106 2094 3221 2156 hoc

492 2200 600 2261 per
647 2180 965 2244 dominum
1015 2184 1227 2246 ducem
1279 2202 1384 2247 seu
1432 2203 1538 2264 per
1584 2183 1980 2246 advocatores
2037 2183 2379 2246 communis
2407 2183 2822 2246 Venetiarum.
2873 2180 3032 2244 Item
3064 2178 3223 2260 quod

491 2268 544 2330 si
600 2268 810 2350 aliqua
859 2269 1086 2333 bar-cha
1132 2270 1478 2334 armabitur
1526 2271 1618 2334 vel
1668 2271 1973 2333 iurnietur
2034 2289 2144 2352 per
2188 2270 2455 2351 aliquem
2519 2269 2829 2333 dictarum
2878 2269 3216 2333 insularum

490 2373 606 2437 ,pro
659 2356 853 2419 eundo
906 2359 980 2421 ad
1032 2357 1377 2422 faciendum
1444 2359 1711 2441 aliquem
1773 2357 2075 2421 insultum
2143 2358 2238 2420 vel
2307 2358 2613 2423 rubariam
2680 2357 2808 2420 sive
2867 2356 3219 2420 molestiam

496 2444 719 2507 contra
764 2444 1033 2526 aliquam
1085 2445 1492 2526 predictarum
1543 2446 1921 2524 insularum,
1986 2447 2048 2508 et
2107 2446 2220 2509 hoc
2277 2445 2558 2527 legitime
2617 2445 2940 2526 probatum
3008 2443 3213 2520 fuerit,

497 2531 657 2612 quod
710 2532 963 2595 cuilibet
1003 2534 1288 2597 existenti
1348 2535 1405 2597 in
1451 2534 1586 2615 ipsa
1628 2532 1860 2597 barcha
1906 2552 2062 2614 pena
2122 2532 2384 2597 carceris
2440 2532 2850 2614 impendatur,
2903 2533 3082 2613 prout
3128 2531 3220 2594 vi-

499 2618 750 2683 debitur
778 2622 1016 2685 -rectori
1067 2621 1208 2699 loci,
1250 2623 1355 2685 ubi
1386 2622 1661 2704 predicta
1691 2622 2245 2698 committerentur,
2298 2619 2684 2685 considerata
2716 2618 2930 2683 delicti
2978 2621 3042 2682 et
3080 2637 3222 2702 pro-

493 2707 677 2789 positi
730 2709 1056 2790 qualitate.
1126 2711 1283 2774 Item
1340 2710 1500 2793 quod
1565 2709 1887 2787 diffinitio,
1962 2728 2283 2790 processus
2332 2711 2394 2772 et
2441 2707 2734 2771 iudicium
2803 2707 3217 2789 predictarum

450 2874 455 2877 Α
495 2796 1120 2876 condempnationum
1170 2799 1638 2862 committantur
1685 2797 2108 2880 cognoscendi,
2145 2796 2482 2859 diffiniendi
2530 2799 2593 2859 et
2640 2794 3071 2877 promulgeudi
3118 2812 3219 2858 co-

495 2884 756 2947 mitibus
804 2888 865 2948 et
908 2884 1213 2948 iudicibus
1258 2889 1563 2949 terrarum
1612 2888 1676 2948 et
1721 2886 1990 2949 locorum
2041 2889 2168 2947 tam
2197 2884 2371 2962 Arbi,
2422 2902 2608 2965 quam
2655 2883 2919 2946 aliorum
2948 2883 3217 2946 locorum

498 2974 561 3034 et
600 2972 963 3044 insularum,
1015 2973 1119 3035 ubi
1170 2974 1543 3055 reperiretur
1591 2992 1729 3036 reus
1779 2973 1907 3036 sive
1954 2971 2313 3036 malefactor
2366 2972 2460 3036 vel
2504 2971 2727 3054 aliquis
2774 2969 3221 3035 contrafaciens

498 3058 813 3139 predictis,
861 3059 1047 3123 salvis
1097 3061 1302 3124 tamen
1352 3062 1414 3124 in
1463 3061 1602 3123 aliis
1654 3061 1922 3143 antiquis
1965 3060 2506 3124 consuetudinibus
2555 3059 2972 3142 predictarum
3030 3060 3223 3122 terra-

495 3165 630 3209 rum
681 3151 742 3207 et
794 3146 1067 3211 locorum
1122 3153 1307 3230 atque
1356 3149 1718 3224 insularum,
1765 3168 1880 3230 que
1928 3147 1987 3210 in
2038 3167 2145 3211 suo
2195 3149 2409 3212 robore
2475 3149 2835 3211 remaneant
2879 3146 3221 3210 firmitatis,

498 3233 754 3314 Insuper
804 3238 1065 3315 ponatur
1112 3237 1173 3299 in
1222 3237 1537 3300 ordinibus
1580 3236 1643 3299 et
1693 3236 2248 3299 refformationibus
2297 3235 2545 3299 illorum
2595 3235 2669 3298 de
2718 3235 2885 3317 Pago
2934 3236 2997 3298 et
3027 3234 3217 3312 Arb0,

496 3324 679 3401 prout
730 3321 788 3384 in
839 3322 1041 3403 pactis
1087 3324 1356 3406 antiquis
1407 3343 1613 3387 eorum
1660 3323 1951 3387 seriosius
2017 3327 2112 3387 est
2178 3325 2495 3400 insertum,
2549 3322 2707 3404 quod
2754 3323 2808 3384 si
2855 3322 3100 3404 aliquod
3148 3321 3223 3384 li-

498 3427 688 3490 gnum
739 3409 1003 3475 voluerit
1028 3410 1115 3475 ire
1146 3412 1381 3495 Pagum
1418 3431 1555 3475 cum
1596 3412 1793 3487 blado,
1846 3413 1909 3475 et
1953 3410 2323 3493 applicuerit
2368 3411 2446 3473 ad
2472 3410 2737 3492 aliquem
2767 3415 3012 3492 portum
3048 3409 3219 3486 Arbi,

497 3495 652 3577 quod
703 3497 756 3560 si
802 3500 1097 3581 patronus
1147 3501 1209 3562 et
1259 3500 1606 3564 nauclerius
1655 3500 1823 3563 illins
1870 3498 2024 3581 ligni
2086 3498 2428 3562 iuraverint
2488 3500 2561 3562 ad
2612 3499 2826 3561 sancta
2872 3497 2970 3570 dei
3037 3516 3221 3560 evan-

494 3583 675 3666 gelia,
725 3585 881 3668 quod
947 3587 1183 3651 dictum
1249 3586 1500 3651 bladum
1567 3589 1651 3650 sit
1700 3586 2073 3670 Pagensium
2139 3586 2229 3650 vel
2296 3590 2571 3667 emptum
2623 3585 2865 3650 nomine
2929 3586 3219 3666 ipsorum,

496 3673 656 3754 quod
706 3691 913 3736 comes
966 3676 1030 3737 et
1077 3693 1403 3739 commune
1450 3675 1608 3739 Arbi
1657 3692 1773 3738 non
1837 3673 2074 3756 possint
2131 3673 2335 3755 ipsum
2397 3674 2692 3749 retinere,
2760 3673 2949 3735 immo
3015 3672 3216 3754 ipsum

495 3762 867 3841 permittant
916 3762 1000 3824 ire
1048 3761 1241 3826 libere
1292 3762 1567 3844 Pagum:
1616 3766 1679 3826 et
1728 3762 1915 3826 etiam
1964 3762 2015 3824 si
2064 3761 2312 3843 aliquod
2358 3761 2599 3843 lignum
2668 3760 3002 3824 forensium
3051 3759 3223 3824 volu-

497 3848 618 3911 erit
667 3849 753 3912 ire
806 3850 1043 3931 Pagum
1109 3869 1248 3913 cum
1313 3850 1495 3913 blado
1559 3850 2037 3927 forensicorum,
2102 3851 2167 3912 et
2224 3848 2592 3931 applicuerit
2653 3848 2919 3930 aliquem
2977 3851 3221 3930 portum

493 3936 670 4011 Arbi,
716 3956 916 3999 comes
965 3939 1026 3999 et
1072 3957 1396 4001 commune
1440 3937 1594 4001 Arbi
1643 3937 1908 4001 debeant
1955 3939 2018 4000 et
2059 3936 2298 4019 possint
2347 3935 2742 4000 medietatem
2804 3936 2996 4018 ipsius
3055 3936 3219 3999 bladi

494 4024 852 4103 permittere
900 4024 990 4087 ire
1036 4025 1296 4107 Pagum,
1347 4030 1407 4089 et
1456 4025 1640 4088 aliam
1693 4024 2089 4088 medietatem
2152 4023 2346 4106 ipsius
2413 4022 2579 4087 bladi
2648 4023 2878 4087 faciant
2941 4024 3222 4087 dishone-

493 4110 610 4173 rari
649 4111 706 4173 in
759 4111 947 4188 Arb0,
997 4114 1059 4174 et
1105 4133 1137 4175 e
1189 4130 1480 4177 converso
1527 4132 1732 4192 comes
1779 4115 1844 4176 et
1889 4113 2164 4176 homines
2210 4111 2405 4193 Paghi
2453 4113 2780 4176 teneantur
2814 4112 3003 4175 simili
3038 4112 3216 4174 modo

494 4198 792 4278 premissa
842 4201 1051 4263 omnia
1096 4200 1418 4264 observare
1467 4200 1822 4263 hominibus
1870 4200 2044 4263 Arbi.
2097 4201 2254 4288 Item
2302 4199 2462 4281 quod
2530 4199 2580 4263 si
2628 4199 2853 4282 aliquis
2915 4199 3218 4282 predicta-

491 4304 625 4347 rum
677 4288 979 4350 terrarum
1031 4288 1125 4350 vel
1171 4287 1513 4351 insularum
1561 4287 1943 4351 commiserit
1990 4287 2241 4369 aliquod
2275 4287 2675 4351 homicidium
2711 4288 2770 4350 in
2818 4287 3024 4370 aliqua
3070 4306 3210 4369 pre-

490 4371 797 4435 dictarum
831 4372 1194 4449 insularum,
1230 4375 1632 4456 personaliter
1658 4375 1942 4457 peniatur
1964 4375 2193 4451 taliter,
2244 4376 2403 4456 quod
2430 4375 2747 4450 moriatur,
2797 4379 2857 4437 et
2884 4394 2996 4439 non
3028 4375 3089 4437 in
3115 4394 3220 4456 pe-

494 4459 675 4521 cunia
725 4460 1182 4536 condemnetur,
1234 4466 1415 4543 prout
1461 4463 1594 4527 iura
1642 4463 1994 4545 precipiunt
2040 4466 2101 4525 et
2147 4462 2423 4527 suadent.
2497 4463 2655 4526 Item
2703 4462 2965 4525 addatur
3013 4463 3074 4526 in
3122 4481 3219 4525 or-

492 4546 736 4610 dinibus
784 4551 846 4610 et
893 4549 1447 4613 refformationibus
1493 4551 1742 4614 illorum
1790 4551 1865 4614 de
1908 4551 2136 4614 Cherso
2203 4551 2266 4614 et
2329 4550 2598 4613 Aussero
2662 4553 2726 4614 et
2779 4550 3009 4633 Vegla,
3060 4551 3218 4631 quod

492 4633 543 4697 si
593 4632 818 4716 aliquis
866 4635 1136 4717 ipsorum
1186 4635 1459 4701 locorum
1510 4641 1572 4701 et
1618 4641 1958 4701 castrorum
2010 4637 2419 4720 spectantium
2466 4637 2651 4701 dictis
2714 4637 2932 4701 insulis
2979 4639 3220 4700 contra-

489 4721 705 4786 fecerit
750 4724 1043 4805 predictis
1092 4724 1634 4790 consuetudinibus
1682 4729 1745 4790 et
1791 4726 2126 4803 ordinibuS,
2175 4744 2281 4788 seu
2322 4724 2705 4790 commiserit
2729 4725 2957 4807 aliquid
3006 4729 3222 4789 contra
