3620 5282
3044 367 3173 433 223

648 537 1109 603 Aevocatores:
1158 538 1315 621 quod
1362 539 1565 605 dictus
1613 540 1922 603 Martinus
1966 539 2051 604 sit
2095 538 2157 604 in
2204 538 2407 603 banno
2454 542 2527 604 de
2555 540 2721 623 Pago
2770 542 2833 603 et
2878 539 3172 606 districtu

443 643 550 706 per
597 644 786 689 unum
835 645 1087 703 annum,
1136 632 1199 691 et
1246 628 1372 691 stet
1411 647 1515 691 sex
1562 627 1880 691 mensibus
1928 627 1989 690 in
2035 645 2154 691 uno
2201 645 2442 691 carcere
2485 628 2868 705 inferiorum,
2915 631 2979 692 et
3027 647 3175 692 con-

440 713 765 778 demnetur
811 732 920 796 pro
968 714 1430 778 inhobedientia
1476 715 1537 778 in
1586 714 1765 778 libris
1813 712 1932 779 CC.
1990 715 2085 794 18,
2136 733 2253 778 non
2300 716 2519 779 sinceri
2568 719 2630 779 4.

522 803 701 863 Misti
750 804 882 863 XX
892 805 993 863 VI.
1040 807 1145 874 84,
1190 823 1233 864 u
1277 806 1617 865 mletackom
1664 806 1900 865 arkivu.

676 993 1227 1077 cccxxxv.
1310 993 1516 1076 coo.
1573 995 1797 1078 1352.
1857 997 1946 1077 ιτ
2001 993 2364 1096 venare,
2417 1017 2477 1076 u
2532 948 2926 1077 anetem.

436 1122 702 1181 Izabran
747 1122 926 1181 odbor
972 1122 1047 1180 od
1093 1121 1352 1199 trideset,
1402 1122 1481 1179 da
1526 1122 1874 1195 razpravlja
1912 1122 2166 1194 poslove,
2237 1123 2367 1194 koje
2413 1123 2472 1180 bi
2515 1121 2830 1194 republika
2870 1122 3055 1181 imala
3099 1138 3172 1181 sa

1303 1209 1601 1269 Genuvezi
1646 1212 1669 1267 i
1709 1211 2016 1284 uyarskim
2060 1210 2326 1282 kraljem.

656 1329 843 1394 1351.
892 1328 1229 1393 indictione
1278 1327 1387 1408 VI,
1434 1328 1532 1394 die
1581 1329 1763 1393 XVII
1802 1318 2118 1406 februarii,
2157 1330 2374 1410 capta:
2439 1348 2579 1393 cum
2645 1330 2707 1394 in
2767 1328 2982 1409 santia,
3048 1349 3166 1412 que

445 1416 747 1482 habemus
792 1418 994 1481 facere
1035 1435 1176 1481 cum
1224 1416 1659 1495 Januensibus,
1709 1436 1830 1481 non
1878 1417 2160 1481 videatur
2204 1416 2404 1481 adhuc
2465 1418 2692 1500 aliquis
2759 1418 2899 1481 finis
2965 1418 3171 1482 deter-

443 1507 737 1583 minatuS,
792 1508 854 1569 et
900 1503 1051 1569 utile
1115 1524 1326 1588 ymmo
1390 1505 1840 1569 neccessarium
1905 1504 1992 1568 sit
2037 1522 2145 1587 pro
2210 1505 2379 1569 statu
2436 1507 2645 1569 nostro
2707 1505 2933 1569 habere
2985 1524 3169 1587 super

447 1592 599 1675 ipsis
647 1592 831 1657 factis
878 1592 942 1655 et
986 1610 1172 1675 super
1215 1592 1358 1656 aliis
1396 1593 1797 1670 novitatibuS,
1849 1611 1965 1676 que
2012 1595 2264 1674 possent
2308 1593 2481 1656 nobis
2548 1611 2859 1657 occurrere
2907 1594 3168 1657 durante

442 1681 714 1763 presenti
759 1699 1002 1764 guerra,
1048 1678 1306 1744 consilio
1352 1680 1689 1745 electarum
1740 1683 1804 1745 et
1849 1680 2220 1745 solemnium
2268 1699 2698 1762 personarum,
2765 1681 2910 1762 quia
2969 1682 3169 1745 modi-

441 1787 578 1832 cum
627 1768 837 1834 valent
882 1768 1043 1832 vires
1090 1769 1296 1832 nostre
1344 1768 1462 1832 nisi
1505 1768 1668 1832 facta
1715 1771 1927 1833 nostra
1972 1786 2120 1832 sana
2166 1770 2231 1831 et
2275 1767 2510 1832 salubri
2556 1767 2812 1832 consilio
2857 1768 3165 1850 dirrigan-

439 1857 573 1920 tur:
643 1855 815 1920 vadit
859 1875 1040 1937 pars,
1108 1856 1265 1940 quod
1332 1855 1393 1919 in
1442 1855 1685 1920 nomine
1731 1856 1861 1920 iesu
1910 1855 2129 1920 christi
2179 1855 2488 1939 eligantur
2535 1856 2795 1938 triginta
2859 1857 3166 1938 sapientes

438 1961 548 2025 per
594 1943 954 2008 electionem
1001 1944 1066 2007 in
1109 1942 1327 2008 maiori
1375 1943 1653 2022 consili0,
1703 1943 1806 2025 qui
1854 1962 1994 2008 cum
2042 1942 2291 2008 domino
2323 1943 2495 2022 duce,
2543 1943 2909 2008 consiliariis
2954 1945 3020 2006 et
3063 1962 3168 2008 ca-

440 2031 676 2114 pitibus
722 2031 796 2096 de
844 2030 955 2095 XL
1001 2029 1273 2095 habeant
1310 2032 1438 2095 tam
1488 2051 1670 2114 super
1714 2032 1918 2110 factis,
1983 2050 2098 2113 que
2162 2029 2460 2095 habemus
2523 2030 2724 2096 facere
2773 2050 2917 2095 cum
2965 2030 3164 2095 Janu-

439 2119 704 2198 ensibus,
753 2138 935 2201 quam
984 2138 1166 2200 super
1213 2117 1353 2197 hiis,
1402 2137 1520 2201 que
1568 2119 1866 2184 habemus
1929 2119 2025 2183 vel
2074 2118 2441 2184 haberemus
2508 2119 2706 2184 facere
2769 2120 2831 2182 in
2880 2118 3159 2183 futurum

438 2225 575 2270 cum
623 2225 769 2290 rege
815 2207 1132 2290 Hungarie
1180 2225 1285 2270 seu
1326 2207 1688 2290 sequacibus
1736 2206 1836 2271 vel
1879 2205 2283 2289 complicibus
2331 2209 2477 2286 suia,
2527 2211 2590 2271 et
2644 2225 2830 2290 super
2875 2206 3161 2271 omnibus

437 2293 920 2378 dependentibus
962 2295 1059 2359 vel
1105 2294 1559 2376 pertinentibus
1620 2295 1697 2358 ad
1760 2294 1974 2359 eadem
2040 2294 2464 2376 plenissimam
2530 2294 2886 2359 libertatem
2945 2313 3164 2359 consu-

436 2381 618 2462 lendi,
666 2381 1046 2465 providendi,
1094 2382 1488 2461 terminandi,
1541 2381 1885 2460 ordinandi,
1956 2383 2261 2461 mittendi,
2332 2382 2745 2466 expendendi,
2815 2383 3158 2459 revocandi,

436 2468 697 2534 faciendi
743 2469 951 2534 omnia
997 2472 1061 2534 et
1105 2469 1368 2553 singula,
1418 2489 1532 2553 que
1582 2470 1732 2553 ipsis
1781 2471 1880 2535 vel
1924 2469 2143 2535 maiori
2194 2471 2357 2552 parti
2405 2470 2587 2535 utilia
2635 2470 3005 2536 videbuntur
3050 2489 3159 2552 pro

437 2557 660 2623 honore
707 2559 919 2623 nostro
968 2560 1030 2622 et
1078 2558 1540 2624 conservatione
1587 2559 1747 2622 fame
1794 2560 1859 2622 et
1903 2562 2104 2623 status
2133 2559 2348 2638 nostri,
2399 2559 2564 2622 sicut
2588 2558 2845 2622 haberet
2883 2560 2948 2622 et
2976 2558 3162 2622 habet

436 2646 604 2711 istud
649 2646 996 2711 consilium.
1045 2647 1127 2710 Et
1169 2648 1533 2712 conveniant
1580 2647 1746 2711 omni
1795 2647 1895 2710 die
1941 2648 2004 2710 in
2042 2665 2221 2713 mane
2265 2647 2532 2729 exceptis
2581 2646 2756 2712 festis
2782 2646 3158 2711 solemnibus

436 2735 514 2798 ad
559 2753 886 2817 companas
927 2739 990 2799 et
1031 2734 1213 2799 horas
1260 2736 1571 2799 ordinatas
1634 2735 1747 2798 sub
1810 2753 1969 2817 pena
2035 2734 2348 2798 soldorum
2417 2735 2638 2816 viginti
2702 2754 2810 2817 pro
2873 2734 3148 2816 quolibet

435 2822 625 2887 salvis
671 2822 1089 2887 occasionibus
1135 2823 1491 2905 exceptatiS,
1537 2824 1603 2886 et
1649 2823 1841 2894 etiam
1888 2822 2026 2886 aliis
2061 2823 2278 2887 diebus
2326 2824 2390 2885 et
2434 2822 2620 2900 horis,
2673 2823 2914 2904 quando
2948 2821 3153 2886 vocati

433 2908 663 2974 fuerint
707 2910 820 2975 sub
861 2910 1094 2974 eisdem
1132 2911 1329 2993 penis,
1374 2911 1460 2974 Et
1505 2929 1624 2975 non
1672 2910 2107 2994 intelligantur
2165 2910 2526 2992 congregati
2591 2909 2710 2973 nisi
2772 2908 2890 2972 due
2947 2911 3156 2992 partes

435 2997 670 3063 fuerint
715 3000 1101 3081 congregate,
1153 2999 1216 3062 et
1262 2999 1501 3080 possint
1539 2998 1735 3080 accipi
1781 3000 1856 3061 de
1903 2998 2069 3061 omni
2116 2998 2248 3063 loco
2296 2999 2359 3060 et
2404 2996 2603 3061 officio
2666 2996 2935 3079 exceptis
2996 2998 3157 3061 iudi-

433 3085 607 3150 cibus
631 3085 877 3169 palacii,
923 3087 1219 3168 patroni8‚
1265 3086 1667 3169 pagatoribus
1714 3087 1781 3150 et
1825 3084 2201 3163 consulibuS‚
2237 3104 2354 3149 non
2379 3083 2732 3167 accipiendo
2780 3084 2943 3149 ultra
2965 3104 3156 3149 unum

431 3191 544 3256 pro
589 3172 790 3239 officio
839 3174 904 3238 et
946 3193 1137 3238 unum
1185 3191 1294 3256 pro
1342 3173 1540 3251 domo,
1591 3176 1655 3238 et
1699 3173 1816 3252 illi,
1867 3174 1972 3257 qui
2019 3172 2340 3251 deficient,
2405 3173 2561 3237 fiant
2624 3173 2687 3237 in
2751 3172 2967 3238 maiori
3016 3191 3156 3237 con-

432 3261 591 3326 silio.
641 3262 720 3326 Et
766 3261 819 3326 si
865 3261 1158 3326 steterint
1203 3263 1341 3326 octo
1387 3261 1604 3326 diebus
1650 3261 1726 3326 de
1773 3279 1894 3325 non
1946 3260 2243 3326 veniendo
2291 3260 2368 3325 ad
2396 3261 2737 3340 consilium,
2786 3261 2914 3326 sint
2958 3266 3151 3340 extra,

428 3367 543 3414 nec
588 3350 806 3414 exeant
851 3349 927 3414 de
973 3351 1139 3414 terra
1187 3349 1319 3413 sine
1380 3348 1637 3414 licencia
1696 3349 2167 3427 dominationi8‚
2240 3348 2405 3414 sicut
2465 3351 2601 3414 erat
2643 3350 2720 3415 de
2778 3349 3036 3414 consilio
3082 3351 3153 3412 de

430 3436 629 3500 XXV.
669 3437 753 3501 Et
796 3437 981 3502 duret
1023 3437 1258 3502 dictum
1306 3437 1631 3502 consilium
1677 3456 1786 3519 per
1835 3437 1923 3501 VI
1970 3455 2232 3516 menses,
2280 3437 2444 3501 circa
2510 3437 2696 3502 finem
2745 3456 3002 3520 quorum
3051 3457 3153 3501 ve-

431 3524 635 3589 nietur
676 3525 814 3605 huc,
855 3527 920 3589 et
962 3525 1404 3608 providebitur,
1452 3526 1506 3589 si
1553 3525 1838 3589 debuerit
1880 3524 2021 3608 plus
2068 3524 2311 3604 durare,
2359 3526 2456 3591 vel
2503 3542 2642 3590 non.
2713 3526 2797 3590 Et
2842 3525 2896 3590 si
2947 3525 3153 3590 consi-

425 3610 746 3763 huffiassgss.
775 3701 1122 3763 Consilium.
1152 3704 1403 3765 Novella
1445 3706 1549 3775 21,
1596 3722 1640 3763 u
1683 3704 1901 3764 arkivu
1934 3704 2292 3765 mletackom.

685 3892 1285 3974 cccxxxvl.
1339 3892 1547 3976 God.
1600 3893 1824 3977 1352.
1877 3894 1978 3977 29
2035 3895 2371 3997 czujkm
2422 3915 2482 3974 u
2535 3892 2924 3975 Mletclh.

431 4017 751 4092 Odredjuje
807 4034 869 4078 se
904 4019 1315 4092 punomoenik
1338 4063 1352 4090 ,
1412 4021 1493 4079 da
1552 4021 1758 4080 dovr-§i
1807 4022 2106 4094 mjenbene
2139 4022 2379 4094 poslove
2423 4038 2494 4081 sa
2551 4020 2753 4080 Vidom
2805 4018 3150 4090 Guceticem,

1518 4108 2038 4168 Dubrovcaninom

636 4224 826 4291 1352.
874 4225 1207 4292 indictione
1254 4228 1490 4310 quinta.
1539 4228 1893 4294 Sindicatus
1939 4231 2015 4293 ad
2063 4230 2423 4312 complenda
2448 4230 2717 4293 mercata
2762 4226 3143 4293 cambiorum

426 4333 570 4378 cum
615 4314 762 4378 Vita
807 4314 883 4379 de
930 4315 1114 4380 Gozio
1159 4316 1235 4380 de
1281 4315 1580 4398 Ragusio.
1632 4318 1700 4380 In
1749 4316 1967 4382 christi
2015 4318 2263 4382 nomine
2311 4335 2526 4395 amen,
2578 4333 2737 4379 anno
2796 4315 3144 4380 notivitatis

423 4401 694 4466 eiusdem
735 4402 1069 4467 millesimo
1116 4404 1550 4468 trecentesimo
1597 4404 2106 4487 quinquagesimo
2151 4404 2451 4481 secundo,
2500 4402 2727 4467 mensis
2783 4404 3000 4486 marcii
3047 4403 3146 4469 die

422 4489 722 4571 vigesimo
772 4508 951 4569 non0,
1001 4490 1333 4555 indictione
1380 4493 1617 4575 quinta.
1666 4492 1969 4568 veneciis,
2038 4494 2099 4556 in
2158 4489 2365 4555 'ducali
2411 4490 2682 4574 palatiO,
2743 4491 3137 4573 presentibus

423 4578 703 4659 sapiente
746 4579 878 4643 viro
923 4578 1167 4644 domino
1209 4578 1581 4644 Benintendi
1606 4579 2103 4645 vicecancellario
2125 4577 2534 4643 Veneciarum
2580 4596 2654 4641 ac
2687 4578 2958 4658 providis
2993 4580 3142 4643 viris

419 4683 519 4728 ser
566 4665 843 4731 Amadeo
890 4665 965 4730 de
1010 4666 1489 4749 Bonguadagnis
1536 4669 1600 4731 et
1642 4684 1743 4730 ser
1785 4667 2125 4750 Raphayno
2169 4667 2245 4730 de
2293 4665 2663 4742 CharesiniS,
2712 4665 2976 4731 ducatus
3022 4667 3143 4728 Ve-

419 4752 729 4818 neciarum
771 4753 1013 4834 scribiS,
1065 4758 1128 4820 et
1172 4754 1311 4820 aliis
1358 4754 1624 4820 testibus
1669 4753 1757 4818 ibi
1818 4755 2049 4820 vocatis
2095 4757 2161 4821 et
2204 4752 2458 4835 rogatis.
2530 4752 2829 4818 Excelsus
2890 4756 2955 4818 et
3012 4771 3146 4817 ma-
