3620 5282
3057 337 3144 404 33

426 514 536 599 qui
582 517 671 580 eis
707 516 1059 582 viderentur
1105 535 1213 599 pro
1260 517 1424 582 dicto
1470 517 1655 594 facto,
1704 517 1944 599 possint
1997 516 2263 580 tractare
2310 534 2418 597 per
2464 513 2714 579 modum
2763 512 3034 596 pecunie,
3084 514 3148 578 et

426 623 537 687 per
585 623 797 670 omnes
845 605 1000 669 alios
1047 605 1275 683 modOS,
1341 605 1445 688 qui
1493 605 1583 669 eis
1642 603 2029 681 viderentur,
2092 606 2162 669 ut
2221 603 2496 668 castrum
2559 602 2897 668 Ostrovicie
2944 601 3147 667 venire

427 692 628 774 possit
673 693 744 756 ad
795 712 1011 757 manus
1060 697 1319 769 nostraS,
1368 694 1467 758 vel
1513 693 1669 776 quod
1712 692 1927 756 saltim
1974 710 2088 757 non
2136 691 2416 756 tradatur
2490 691 2615 774 regi
2665 689 2973 772 Ungarie,
3024 706 3151 755 non

427 780 736 862 possendo
784 782 1034 845 mittere
1070 785 1239 846 extra
1275 780 1532 847 Jadram
1579 781 1642 845 in
1686 778 1800 845 hoc
1861 799 2004 845 casu
2049 779 2123 843 de
2161 778 2389 844 nostris
2451 777 2871 861 stipendiariis
2917 777 3150 861 absque

430 873 650 932 nostra
696 868 984 951 licentia3
1032 870 1096 933 et
1140 868 1738 952 quidquid·fecerint
1783 868 1848 932 in
1894 867 2205 951 predictis,
2251 867 2426 933 nobis
2466 867 2728 932 debeant
2758 867 2885 930 suis
2919 866 3151 931 litteris

425 957 736 1022 denotare.
785 957 878 1021 De
924 975 1042 1021 non
1099 960 1193 1033 12,
1244 975 1365 1022 non
1403 957 1624 1022 sinceri
1681 960 1732 1035 l,
1785 958 1859 1022 de
1907 958 2078 1039 parte
2133 974 2345 1020 omnes
2392 954 2516 1020 alii.

511 1046 671 1107 Secr.
715 1066 868 1108 cons.
906 1052 1091 1124 royat.
1140 1050 1235 1109 lib.
1283 1049 1358 1108 A.
1406 1051 1509 1119 89,
1555 1067 1597 1108 u
1641 1049 1858 1108 arkivu
1903 1047 2260 1108 mzetackom.

715 1238 1074 1320 XLVII.
1128 1238 1333 1321 God.
1389 1239 1608 1321 1347.
1666 1238 1767 1319 10
1820 1237 2315 1336 studenoga,
2373 1222 2446 1318 u¹
2483 1235 2872 1319 Mletcih.

424 1363 695 1423 Izabran
735 1365 929 1435 odbor,
976 1365 1057 1424 da
1113 1382 1143 1425 s
1172 1367 1425 1425 obzirom
1468 1384 1551 1423 na
1597 1366 1799 1423 listove
1861 1364 2103 1422 ἀοὲαυὲε
2157 1365 2215 1423 iz
2272 1363 2535 1438 Uyarske
2557 1408 2570 1431 ,
2631 1363 2931 1436 sumetujta
2975 1380 3008 1421 ο
3042 1380 3154 1436 po·
3260 1405 3285 1443 ἆ

989 1454 1278 1524 slanstvu,
1319 1456 1448 1528 koje
1493 1470 1554 1512 se
1604 1453 1804 1512 kanilo
1850 1471 1892 1510 u
1950 1451 2226 1526 Uyarsku
2270 1452 2599 1524 odpremiti.

654 1572 834 1636 1347.
883 1573 980 1637 die
1029 1573 1265 1638 decimo
1312 1573 1681 1651 novembriS,
1730 1575 1947 1655 capta:
1996 1574 2154 1655 quod
2198 1590 2380 1653 super
2427 1571 2565 1636 istis
2610 1571 2842 1636 litteris
2874 1570 3147 1655 Ungarie

422 1661 499 1723 et
547 1679 733 1742 super
777 1662 1124 1740 ambaxata,
1173 1682 1290 1744 que
1336 1662 1646 1726 videretur
1691 1660 2000 1726 mittenda
2048 1663 2112 1726 et
2162 1679 2346 1745 super
2375 1660 2803 1724 commissione
2846 1663 2911 1723 et
2955 1658 3154 1725 forma

431 1746 600 1811 dicte
646 1749 988 1828 ambaxate,
1038 1753 1102 1814 et
1148 1769 1331 1832 super
1391 1750 1674 1815 omnibus
1737 1749 2188 1833 pertinentibus
2245 1749 2323 1813 ad
2369 1749 2600 1813 dictam
2645 1749 3041 1812 ambaxatam
3090 1749 3155 1812 et

428 1835 887 1917 expeditionem
938 1838 1132 1922 ipsius
1179 1839 1491 1922 eligantur
1554 1858 1661 1921 per
1718 1840 1982 1921 quatuor
2044 1856 2260 1902 manus
2322 1837 2585 1919 quinque
2648 1836 2994 1919 sapientes,
3045 1837 3154 1918 qui

428 1925 678 2007 possint
723 1926 917 2009 accipi
964 1926 1039 1990 de
1100 1928 1265 1991 omni
1312 1927 1476 2005 loco,
1522 1927 1627 2009 qui
1690 1926 1954 1991 debeant
2011 1926 2358 1990 examinare
2413 1928 2476 1989 et
2535 1927 2679 1990 dare
2746 1924 2922 1989 nobis
2973 1942 3154 1988 suum

430 2013 757 2077 consilium
804 2015 866 2078 in
910 2013 1223 2098 predictiS,
1272 2034 1416 2079 cum
1464 2034 1580 2097 quo
1626 2016 1856 2079 erimus
1902 2015 2020 2091 hic,
2069 2018 2144 2079 et‘
2177 2014 2307 2091 fiat,
2354 2013 2514 2078 sicut
2549 2012 2873 2090 videbitur,
2922 2015 2985 2077 et
3017 2012 3155 2095 qui-

426 2098 592 2164 libet
633 2103 830 2184 possit
875 2121 1098 2186 ponere
1146 2105 1402 2186 partem,
1451 2107 1515 2168 et
1561 2102 1657 2167 die
1702 2103 1922 2167 martis
1971 2103 2112 2185 post
2157 2120 2378 2166 nonam
2422 2100 2505 2165 sit
2570 2100 2733 2165 istud
2796 2099 3146 2176 consilium,

425 2190 493 2252 et
537 2187 647 2253 fiet
693 2190 855 2255 sicut
898 2191 1239 2268 videbitur,
1289 2194 1353 2256 et
1397 2192 1542 2274 quia
1604 2191 1837 2255 factum
1900 2193 1997 2255 est
2058 2208 2351 2273 magnum
2417 2191 2480 2254 et
2531 2188 2823 2267 arduum,
2892 2188 3158 2254 debeant
3279 2162 3296 2217 Ι

433 2276 628 2341 etiam
680 2280 985 2361 sapientes
1040 2278 1358 2344 Sclavonie
1404 2280 1465 2344 in
1512 2279 1807 2368 predictis
1839 2296 1949 2361 per
1995 2298 2061 2343 se
2109 2278 2459 2343 examinare
2506 2279 2569 2342 et
2610 2277 2752 2342 dare
2799 2296 2982 2341 suum
3015 2295 3156 2341 con·
3252 2232 3280 2321 J

433 2365 669 2443 silium,
720 2368 782 2431 et
827 2386 968 2433 cum
1013 2368 1146 2450 ipso
1172 2368 1427 2433 consilio
1468 2368 1786 2434 ambarum
1822 2367 2231 2432 manierarum
2265 2367 2498 2444 erimus
2548 2367 2666 2443 hic,
2716 2366 2778 2429 et
2808 2366 2936 2443 fiet,
2989 2365 3152 2447 quod

426 2453 554 2517 erit
599 2454 841 2533 meliuS‚
891 2455 1138 2533 domino
1181 2457 1463 2535 faciente,
1514 2457 1578 2520 et
1625 2455 1848 2520 durent
1891 2457 2198 2538 sapientes
2246 2474 2352 2537 per
2400 2454 2595 2519 istum
2641 2473 2937 2520 mensem.

645 2540 1005 2626 Sapientes:
1054 2564 1151 2609 ser
1198 2544 1446 2609 Marcus
1492 2544 1868 2622 Lauredano,
1932 2563 2029 2608 ser
2073 2543 2336 2608 Frescus
2383 2540 2677 2621 Quirino,
2744 2561 2840 2606 ser
2887 2540 3150 2606 Besinus

426 2628 793 2710 contareno,
840 2651 938 2698 ser
983 2632 1296 2698 ‚Iohannes
1338 2633 1706 2698 Mauroceno
1753 2632 2065 2710 Zarocola,
2114 2653 2211 2697 ser
2255 2632 2533 2696 Marinus
2588 2630 2854 2697 Faletro.
2919 2647 2935 2662 ·

516 2721 675 2782 δεον.
721 2741 874 2783 con-3.
915 2730 1101 2800 royat.
1147 2726 1244 2784 lib.
1291 2725 1367 2784 A.
1414 2727 1517 2795 89,
1562 2744 1604 2785 u
1651 2726 1868 2784 arkivu
1909 2726 2267 2784 mletaclcom.

695 2914 1099 2996 XLVIII.
1152 2914 1359 2997 God.
1413 2915 1632 2997 1347.
1687 2913 1781 2997 15
1837 2914 2332 3016 studenoga,
2386 2935 2446 2993 u
2495 2912 2888 2995 Mlctcih.

426 3039 591 3112 que
636 3057 697 3099 se
742 3041 955 3115 dopust
1002 3042 1291 3114 palatina
1334 3043 1711 3116 uyarskomu,
1758 3042 1839 3100 da
1881 3041 2156 3101 slobodno
2200 3041 2415 3114 prodje
2459 3057 2530 3098 sa
2575 3040 2794 3112 svojom
2839 3039 3147 3098 druhinom

413 3130 609 3202 preko
653 3129 929 3189 mletacke
972 3131 1210 3203 zemh'35
1258 3134 1311 3188 te
1355 3147 1415 3188 se
1459 3131 1814 3203 zakljucuje,
1860 3131 1940 3188 da
1983 3147 2045 3188 se
2086 3130 2427 3202 poszanstvo
2473 3147 2515 3186 u
2566 3127 2840 3203 Uyarsku
2871 3128 3147 3202 odpremi.

653 3249 834 3313 1347.
883 3250 981 3314 die
1028 3250 1142 3314 XV
1191 3251 1558 3328 novembris,
1606 3254 1816 3333 capta:
1865 3250 2026 3333 quod
2074 3251 2485 3315 concedantur
2530 3250 2738 3313 littere
2781 3250 2992 3331 aperte
3039 3248 3147 3314 isti

428 3336 646 3402 comiti
691 3337 973 3403 Palatino
1020 3338 1338 3422 Hungarie
1382 3340 1713 3404 secundum
1761 3359 1960 3417 usum,
2004 3341 2162 3422 quod
2208 3340 2406 3421 possit
2465 3337 2658 3403 libere
2713 3337 2980 3402 transire
3041 3357 3148 3420 per

422 3427 568 3490 loca
615 3431 828 3490 nostra
872 3445 1012 3491 cum
1060 3446 1171 3491 sua
1217 3427 1530 3505 comitiva,
1580 3430 1645 3491 et
1672 3427 1875 3504 rebuS,
1924 3447 2040 3509 que
2083 3427 2292 3492 littere
2327 3427 2572 3491 valeant
2602 3445 2710 3509 per
2755 3425 2881 3489 dies
2913 3425 3146 3490 decem.

424 3515 510 3579 Et
558 3515 904 3580 notificetur
948 3517 1236 3597 potestati
1284 3515 1547 3580 Tarvisii
1594 3518 1659 3579 et
1702 3515 1844 3579 aliis
1891 3516 2230 3580 rectoribus
2279 3515 2501 3580 uostris
2549 3515 2623 3579 de
2669 3514 2935 3579 adventu
2982 3513 3146 3579 dicte

426 3603 658 3686 gentiS,
699 3605 762 3667 et
807 3604 966 3686 quod
1013 3621 1131 3668 non
1180 3604 1540 3686 permittant
1604 3605 1831 3668 intrare
1892 3604 2122 3668 dictam
2184 3605 2433 3686 gentem
2480 3604 2544 3667 in
2597 3601 2878 3667 Tarvisio
2941 3603 3038 3667 vel
3083 3601 3147 3666 in

424 3690 653 3755 castris
698 3691 923 3756 nostris
973 3691 1091 3756 nisi
1137 3711 1279 3757 cum
1326 3712 1516 3775 pauca
1564 3696 1745 3775 gente
1795 3693 1859 3756 et
1903 3711 2039 3756 cum
2092 3691 2420 3756 securitate
2468 3693 2817 3756 nostrorum
2851 3689 3145 3756 locorum.

644 3778 879 3862 Capta:
928 3799 1065 3844 cum
1113 3780 1303 3845 frater
1347 3780 1645 3847 Johannis
1694 3782 1917 3845 missus
1962 3779 2150 3844 fuerit
2195 3780 2257 3844 in
2302 3780 2687 3863 Hungariam
2745 3797 2887 3843 cum
2944 3780 3148 3844 verbis

426 3865 549 3931 sibi
597 3867 965 3947 commissiS,
1031 3874 1092 3934 et
1141 3868 1422 3933 dominus
1480 3889 1583 3933 rex
1609 3873 1691 3934 et
1734 3869 1980 3934 domina
2039 3869 2248 3952 regina
2310 3866 2797 3951 acceptaverint,
2846 3867 3005 3949 quod
3071 3868 3149 3932 ad

423 3955 594 4038 ipsos
641 3957 945 4038 possimus
996 3958 1242 4021 mittere
1290 3959 1715 4023 ambaxatores
1762 3960 2021 4035 nostros,
2072 3957 2330 4035 videtur,
2374 3957 2531 4039 quod
2568 3974 2690 4020 non
2733 3956 2930 4038 possit
2975 3953 3145 4020 aliud

424 4044 579 4121 fieri,
633 4062 819 4128 quam
865 4046 1119 4110 mictere
1166 4045 1624 4125 ambaxiatam3
1692 4047 1757 4110 et
1817 4049 2139 4128 propterea
2203 4045 2373 4110 vadit
2418 4045 2594 4127 pars',
2661 4042 2713 4109 si
2774 4042 3017 4108 videtur
3071 4043 3145 4108 de

423 4132 734 4198 mittendo
780 4134 978 4218 ipsam
1012 4133 1404 4199 ambaxatam
1451 4134 1546 4198 vel
1577 4152 1734 4207 non3
1782 4137 1847 4198 et
1890 4135 1942 4197 si
1989 4135 2264 4216 capietur
2295 4134 2367 4198 de
2394 4132 2721 4208 mictend0,
2768 4131 3145 4214 accipientur

423 4221 660 4286 denarii
707 4222 1071 4286 neccessarii
1125 4241 1231 4304 pro
1277 4224 1626 4287 ambaxiata
1673 4224 1744 4287 de
1792 4224 2020 4299 monte,
2087 4220 2420 4286 secundum
2464 4220 2623 4304 quod
2682 4219 3143 4302 accipiebantur

418 4327 535 4393 pro
582 4307 764 4374 factis
806 4309 1013 4376 Jadre.
1061 4308 1257 4394 Capta
1299 4311 1499 4394 prima
1544 4310 1703 4394 quod
1746 4310 2086 4375 mictantur
2131 4309 2234 4389 94,
2299 4309 2566 4374 secunda
2611 4307 2775 4392 quod
2823 4326 2943 4373 non
2989 4308 3144 4373 mic-

419 4400 638 4462 tantur
675 4399 734 4475 3,
780 4416 900 4462 non
945 4398 1165 4464 sinceri
1213 4399 1276 4463 6.

509 4487 670 4550 Secr.
717 4506 871 4549 cons.
917 4494 1101 4566 νομαί.
1147 4491 1244 4549 lib.
1292 4490 1367 4549 A.
1415 4493 1515 4560 90,
1553 4508 1596 4549 u
1637 4491 1853 4550 arkivu
1896 4490 2252 4549 mletaclcom.

511 4872 710 4922 spon.
743 4872 839 4920 m.
2804 4861 2845 4925 3
