3620 5282
588 385 714 451 236

586 561 898 627 Andream
950 562 1289 628 Centareno
1340 563 1622 628 inclitum
1674 561 2080 627 Venetiarum
2150 561 2370 625 ducem
2428 562 2493 626 et
2536 576 2862 624 commune
2912 554 3315 622 Venetiarum

586 668 658 711 ex
707 651 918 727 altera,
967 657 1032 715 ut
1079 654 1139 715 in
1189 652 1507 716 ducalibus
1573 652 1793 715 vestris
1853 651 2083 714 litteris
2142 648 2514 726 continetur,
2562 648 2768 729 aliqua
2802 646 2999 730 portio
3032 663 3141 708 nos
3178 647 3320 707 tan·

585 738 697 818 git,
747 741 810 800 et
871 744 1096 819 quanta
1145 742 1238 804 est
1298 742 1526 803 nostris
1588 739 1824 802 civibus
1884 740 1947 802 et
2003 737 2447 802 mercatoribus
2510 736 2814 810 limitata3
2890 752 2960 798 ac
3022 734 3212 797 etiam
3263 732 3318 795 si

585 827 1039 906 acceptavimus
1098 831 1204 891 aut
1266 828 1538 909 accipere
1599 827 1979 891 intendimus
2027 826 2395 906 particulam
2445 827 2517 889 de
2565 823 2856 906 predictis
2897 839 3005 885 nos
3055 824 3316 901 tangen-

586 917 708 975 tem
759 915 889 987 etc;
928 915 996 977 ut
1046 916 1102 978 in
1130 915 1362 978 eisdem
1400 917 1624 979 litteris
1673 914 1995 978 ducalibus
2041 914 2332 978 seriosius
2404 914 2632 996 legitur
2687 910 3011 974 contineri.
3070 908 3311 993 Quibus

584 1004 932 1065 reverenter
975 1004 1434 1084 respondemus
1484 1003 1644 1085 quod
1693 1021 2008 1084 nunquam
2055 1003 2348 1067 scivimus
2378 1020 2578 1084 neque
2625 999 2878 1074 scimuS,
2926 1000 3160 1080 quanta
3206 995 3317 1059 aut

584 1091 769 1168 quota
811 1091 1006 1169 portio
1051 1109 1158 1153 nos
1228 1092 1521 1174 contigat,
1592 1090 1736 1173 quia
1777 1109 2086 1172 nunquam
2138 1090 2570 1170 indagavimus
2620 1106 2728 1150 nec
2776 1086 3154 1149 intendimus
3223 1084 3315 1146 in-

582 1175 827 1256 dagare,
878 1195 988 1241 nec
1037 1178 1222 1242 etiam
1260 1180 1557 1243 solvimus
1593 1199 1781 1260 neque
1834 1179 2112 1242 volumus
2164 1178 2255 1241 uti
2301 1177 2511 1241 favore
2556 1178 2717 1240 dicte
2770 1172 3068 1254 particule
3118 1189 3312 1254 neque

587 1264 677 1326 uti
729 1263 1103 1329 intendimus
1151 1266 1213 1329 in
1270 1266 1567 1337 futurum,
1638 1286 1708 1329 ex
1769 1285 1857 1341 eo,
1913 1266 2074 1348 qnod
2138 1285 2382 1347 semper
2425 1263 2804 1346 temporibus
2867 1260 3156 1325 retractis
3219 1278 3315 1321 re-

581 1351 856 1432 cepimus
905 1357 966 1414 et
1036 1354 1423 1434 presentibus
1491 1355 1679 1418 etiam
1738 1355 2108 1435 recipiemus
2178 1357 2387 1435 gratas
2468 1355 2532 1416 et
2600 1352 2899 1433 benignas
2971 1350 3318 1430 pertracta-

579 1438 778 1502 tiones
819 1458 855 1503 a
898 1441 1099 1505 ducali
1166 1445 1370 1506 vestro
1436 1442 1724 1507 dominio,
1770 1444 2188 1506 Veruntamen
2236 1441 2423 1524 aliqui
2470 1460 2541 1505 ex
2568 1438 3007 1504 mercatoribus
3067 1433 3316 1514 nostrie,

581 1529 786 1589 nostre
833 1528 1189 1593 intentionis
1260 1532 1325 1592 et
1371 1530 1832 1594 deliberationis
1893 1531 2089 1611 ignari
2155 1534 2402 1610 propter
2465 1547 2673 1592 eorum
2725 1526 3090 1598 absentiam,
3147 1523 3318 1587 dicta

580 1616 785 1695 gratia
830 1634 865 1678 a
915 1617 1211 1699 principio
1263 1620 1429 1698 pacis
1478 1619 1628 1681 licet
1673 1620 1731 1681 in
1781 1618 2034 1682 minimo
2101 1617 2194 1680 usi
2248 1619 2412 1694 sunt,
2488 1617 2593 1698 qui
2640 1634 2677 1678 a
2722 1613 2899 1677 nobis
2947 1611 3138 1694 digna
3187 1631 3314 1675 me-

579 1704 718 1767 ritis
770 1710 1144 1784 receperunt.
1198 1705 1550 1768 Novissime
1599 1708 1791 1770 etiam
1839 1707 2017 1769 nobis
2064 1704 2293 1770 inotuit
2338 1704 2693 1768 serenitatis
2741 1700 2977 1766 ducalis
3023 1718 3174 1782 erga
3207 1718 3313 1762 nos

588 1792 824 1854 sincera
865 1792 1133 1856 dilectio.
1185 1790 1387 1871 Quum
1439 1797 1724 1875 egregius
1772 1798 1836 1856 et
1884 1794 2126 1873 sapiens
2175 1793 2267 1855 vir
2307 1793 2589 1856 dominus
2655 1789 2928 1854 Joannes
2977 1788 3311 1852 Barbarico

580 1880 940 1960 capitaneus
1011 1881 1220 1962 culpbi
1295 1900 1401 1962 per
1465 1901 1647 1946 suum
1711 1882 2086 1946 admiratum
2149 1899 2256 1961 pro
2304 1885 2476 1962 parte
2526 1878 2760 1943 ducalis
2833 1876 3194 1941 excellentie
3244 1894 3308 1938 se

581 1967 819 2030 obtulit
864 1967 1107 2048 copiose
1160 1968 1584 2032 favorabiliter
1631 1973 1694 2033 et
1743 1970 2004 2050 benigne
2070 1969 2245 2032 nobis
2294 1973 2357 2032 et
2403 1968 2640 2031 civibus
2676 1965 2906 2029 nostris
2941 1964 3004 2027 in
3051 1965 3307 2047 quibus·

584 2074 847 2137 cumque
893 2056 1254 2137 opportunis
1303 2059 1596 2139 tanquam
1645 2059 1884 2121 devotis
1931 2058 2148 2120 amicis
2197 2056 2636 2120 dominationis
2687 2055 2946 2122 ducalis,
2994 2052 3069 2114 de
3119 2068 3238 2133 quo
3273 2070 3309 2114 a

585 2144 987 2223 benignitatis
1039 2146 1240 2206 vestre
1288 2143 1501 2208 fomite
1550 2146 1846 2222 derivato,
1888 2147 1960 2208 ad
2009 2163 2161 2226 quas
2198 2145 2495 2220 valemus,
2534 2143 2921 2224 assurgimus
2968 2140 3310 2222 gratiarum

586 2230 966 2312 multiplices
1013 2232 1307 2307 actioueS,
1362 2251 1465 2295 nos
1515 2232 1713 2297 eidem
1764 2252 1836 2296 ac
1887 2233 2175 2296 omnibus
2224 2232 2447 2296 vestris
2496 2230 2734 2295 civibus
2768 2230 2844 2291 ad
2878 2230 3103 2292 cuncta
3137 2228 3310 2290 nobis

587 2318 907 2400 possibilia
952 2337 1217 2382 consona
1268 2320 1425 2382 votis
1474 2320 1600 2383 suis
1650 2321 1849 2384 cordis
1895 2321 2117 2385 affectu
2167 2320 2548 2401 possibiliter
2595 2318 2941 2382 offerentes
2989 2315 3153 2378 Data
3185 2314 3309 2378 Ra-

591 2409 728 2489 gusi
776 2407 874 2469 die
921 2406 1165 2471 XXIIII
1215 2408 1450 2489 aprilis,
1499 2409 1829 2473 indictione
1878 2410 2134 2479 decima,
2189 2408 2378 2471 1387.

801 2495 987 2569 Nota,
1037 2495 1197 2577 quod
1246 2497 1369 2558 ista
1417 2495 1627 2558 littera
1679 2497 1871 2560 missa
1923 2496 2042 2560 fuit
2091 2495 2507 2577 provisoribus
2555 2494 2925 2572 communie,
2976 2492 3045 2555 ut
3077 2489 3312 2572 copiam

582 2583 948 2664 acciperent,
979 2586 1041 2647 et
1086 2585 1161 2647 ad
1210 2582 1481 2647 officium
1533 2583 1855 2664 haberent,
1912 2584 2054 2668 quia
2102 2583 2337 2649 factum
2385 2583 2550 2648 istud
2599 2584 2689 2648 eis
2733 2579 3092 2666 specialiter
3138 2596 3304 2644 com·

581 2671 845 2734 missum
895 2670 1031 2735 fuit.

672 2776 1241 2837 Commemoriazium
1300 2779 1490 2838 VIII.
1547 2781 1687 2848 123,
1738 2798 1778 2837 u
1832 2780 1985 2839 meet.
2033 2781 2268 2838 arhiv-u.

822 2968 1444 3050 CCCXXXIX.
1500 2969 1704 3050 God.
1766 2970 1986 3053 1387.
2041 2970 2134 3052 31
2192 2970 2556 3070 travnja‚
2615 2990 2671 3047 u
2727 2966 3093 3068 Spljetu.

581 3097 680 3153 Na
725 3096 1119 3167 obodravanje
1185 3096 1261 3152 M
1263 3097 1512 3164 letenna,
1576 3093 1659 3153 da
1706 3114 1767 3155 sc
1816 3092 1987 3153 tardo
2034 3096 2172 3155 drie
2219 3096 2473 3170 uqarske
2529 3096 2736 3167 Iamne,
2786 3093 3092 3166 Spljeaeani
3141 3094 3311 3168 odqo·

1000 3186 1219 3255 varaju
1271 3185 1586 3255 republiki,
1634 3185 1713 3242 da
1761 3184 1822 3242 ce
1869 3184 2276 3243 neuzkolcbivo
2333 3202 2373 3241 u
2421 3188 2534 3241 tom
2581 3184 2890 3255 uztrajati.

789 3283 977 3365 Copia
1023 3285 1373 3349 litterarum
1425 3287 1696 3350 iudicum
1748 3291 1810 3350 et
1857 3285 2098 3351 consilii
2159 3286 2421 3369 Spalati.
2495 3286 2747 3349 Litteris
2816 3284 3077 3349 illustris
3121 3285 3310 3349 vestri

582 3373 861 3449 dominii,
913 3390 1032 3456 quo
1095 3374 1306 3437 decuit
1367 3374 1612 3452 honore,
1680 3377 1999 3456 inspectiS,
2070 3376 2232 3439 datis
2283 3377 2340 3438 in
2411 3377 2615 3437 vestro
2685 3372 2889 3438 ducali
2939 3372 3170 3454 palatio
3215 3373 3310 3437 die

590 3461 804 3543 quinta
847 3459 1088 3524 decima
1137 3459 1320 3525 huius
1372 3464 1625 3538 mensis,
1674 3463 1896 3545 quibus
1945 3463 2108 3526 inter
2155 3468 2359 3526 cet-era
2408 3479 2513 3524 nos
2557 3461 2896 3524 hortamini
2944 3463 3020 3524 ad
3069 3465 3313 3525 costan-

587 3548 743 3611 tiam
794 3547 1117 3612 fidelitatis
1162 3548 1368 3612 debite
1418 3570 1605 3632 regno
1647 3569 1719 3615 ac
1766 3569 1940 3614 sacro
2003 3551 2339 3614 diademati
2387 3549 2676 3634 Ungarie,
2704 3549 3031 3613 offerentes
3079 3566 3190 3613 vos
3237 3549 3311 3613 li-

589 3636 732 3699 bero
805 3636 1008 3698 animo
1078 3642 1430 3718 preparatos
1486 3638 1560 3703 ad
1608 3639 1842 3707 omnia.
1909 3658 2027 3720 que
2069 3638 2306 3703 faciunt
2373 3657 2476 3717 pro
2541 3637 2692 3701 bono
2733 3638 2799 3701 et
2844 3638 3310 3702 conservat-ione

583 3725 781 3788 status
834 3725 1026 3787 nostri
1074 3725 1145 3788 ad
1200 3726 1487 3789 honorem
1552 3745 1797 3807 semper
1860 3728 2229 3791 diadematis
2277 3726 2586 3807 prelibati.
2637 3723 2734 3788 Ad
2778 3744 2893 3807 que
2941 3725 3306 3791 excellentie

584 3814 784 3876 vestre
831 3814 1039 3893 grates
1097 3813 1422 3877 reddentes
1488 3814 1849 3881 uberrimas,
1898 3818 1960 3877 et
2006 3814 2348 3878 oblationes
2413 3816 2652 3876 vestras
2718 3812 2960 3893 amplas
3007 3817 3072 3875 et
3120 3813 3304 3877 bene-

579 3900 746 3962 volas
793 3903 1208 3981 acceptanteS,
1273 3901 1539 3965 dicimus
1604 3921 1712 3965 nos
1761 3921 1895 3966 esse
1944 3902 2105 3965 firmi
2177 3902 2471 3984 propositi
2521 3920 2557 3965 a
2601 3900 2766 3964 dicte
2816 3900 3142 3964 fidelitatis
3191 3902 3306 3965 sti-

578 3989 704 4069 pite
746 4006 855 4050 nec
903 3990 1097 4051 morte
1144 4006 1256 4051 nec
1295 3989 1545 4071 glaudio
1594 3991 1889 4070 separari.
1956 3992 2078 4053 Pro
2126 3991 2302 4053 cuius
2341 3989 2810 4053 conservatione
2842 3987 3022 4052 illesa
3056 3990 3306 4068 videtis,

576 4077 728 4156 quot
774 4078 1140 4158 quantisque
1211 4076 1391 4140 malis
1466 4078 1661 4159 pressi
1732 4096 1945 4142 sumus
1993 4080 2056 4141 et
2101 4079 2446 4159 premimur
2479 4077 2876 4152 incessanter,
2926 4075 3075 4157 quia
3119 4096 3307 4160 grave

577 4165 673 4227 est
720 4163 901 4226 fidem
950 4164 1199 4241 fallere;
1247 4164 1569 4228 offerentes
1635 4184 1740 4228 nos
1803 4183 1978 4229 versa
2039 4167 2170 4229 vice
2222 4166 2386 4229 iuxta
2446 4164 2792 4228 decentiam
2837 4166 3067 4246 quanto
3118 4165 3306 4229 altior

578 4253 675 4314 est
722 4252 910 4314 statui
963 4255 1167 4315 vestro
1207 4253 1280 4316 ad
1331 4252 1537 4316 omnia
1585 4256 1788 4316 vestra
1835 4253 2238 4334 beneplacita,
2304 4257 2657 4334 augmenta,
2708 4250 3034 4315 commoda
3082 4255 3145 4317 et
3191 4253 3307 4317 ho-

578 4358 750 4403 nores
799 4340 857 4401 in
907 4342 1210 4420 quantum
1262 4359 1584 4420 possumus
1633 4359 1770 4408 cum
1822 4340 2121 4405 fidelitate
2167 4343 2230 4406 et
2273 4341 2498 4405 honore
2546 4340 2715 4421 regni
2750 4341 2815 4403 et
2845 4357 3068 4402 corone
3116 4340 3294 4405 Hun-

575 4429 742 4505 garie
789 4427 1062 4507 predicte
1105 4428 1243 4491 Non
1291 4431 1698 4502 attendentes,
1728 4433 1778 4491 si
1828 4430 1985 4511 quis,
2035 4431 2106 4492 ut
2152 4428 2447 4504 scribitiS,
2497 4429 2734 4493 semina
2779 4427 2991 4509 aliqua
3032 4429 3306 4493 scandali

578 4513 636 4574 in
669 4516 865 4577 medio
890 4515 1268 4595 proiecisset,
1299 4536 1414 4598 que
1434 4521 1597 4580 certe
1617 4536 1800 4598 supra
1822 4522 2058 4598 petram
2083 4516 2367 4581 cadentia
2388 4516 2656 4580 radicem
2678 4515 2735 4578 in
2760 4515 2987 4579 nostris
3013 4517 3305 4581 cordibus

578 4617 699 4660 non
746 4602 1027 4663 fixerunt.
1078 4603 1324 4680 Rector,
1354 4606 1580 4667 iudices
1614 4605 1677 4667 et
1708 4605 2035 4669 consilium
2084 4604 2343 4687 Spalati.
2389 4604 2508 4669 Ubi
2558 4604 2704 4667 data
2736 4603 2834 4667 die
2869 4603 3091 4666 ultimo
3127 4623 3300 4667 men-

579 4685 664 4749 sis
713 4688 950 4767 apriliS,
998 4690 1235 4754 decima
1282 4691 1634 4767 indictione,

671 4773 1241 4838 Commemorialium
1300 4778 1483 4841 VIII.
1540 4784 1682 4858 125,
1732 4800 1772 4842 u
1822 4783 1972 4843 mlct.
2021 4783 2258 4844 arlo-ivn.
