3620 5282
2909 360 2991 425 57

316 542 608 608 octomille
646 543 973 607 baronibus
1013 544 1206 608 semel
1254 546 1499 608 tantum
1545 543 1642 608 vel
1691 545 1892 607 minus
1938 543 2121 607 dictis
2184 542 2666 625 quantitatibus,
2714 541 2765 603 si
2821 539 2994 620 pote-

316 636 460 704 runt,
505 633 826 696 dummodo
870 632 986 695 hoc
1027 650 1149 696 non
1185 632 1299 697 fiat
1344 652 1453 715 per
1500 633 1742 696 modum
1789 631 1954 696 feudi
2001 650 2194 713 neque
2239 630 2499 695 dationis
2546 648 2649 693 seu
2699 627 2991 692 subiecti-

319 719 454 795 onis»,
496 738 606 785 nec
649 738 756 802 per
800 719 993 784 alium
1040 720 1311 797 modum,
1360 720 1460 802 qui
1507 721 1701 802 possit
1745 720 2125 803 preiudicare
2172 718 2346 784 nobis
2394 720 2458 782 et
2502 717 2685 782 titulo
2753 716 2995 788 nostro;

320 825 444 871 cum
490 807 793 889 sapientes
840 809 990 872 iuris
1039 808 1284 887 dicant,
1349 808 1466 871 hoc
1521 808 1652 873 fieri
1706 827 1885 890 posse
1931 810 2002 871 de
2048 806 2178 871 iure
2223 807 2450 888 absque
2510 804 2842 888 preiudicio
2890 820 2997 866 no-

322 898 471 975 str03
518 895 931 978 intelligendo,
979 898 1135 977 quod
1181 896 1245 960 in
1292 896 1458 960 omni
1503 914 1649 961 casu
1705 915 1809 960 rex
1867 896 2183 960 renunciet
2237 898 2297 960 et
2359 893 2637 958 dimittat
2698 892 2759 957 in
2822 890 2998 954 nobis

318 985 590 1066 perpetuo
634 985 698 1047 et
741 984 933 1049 libere
981 985 1187 1049 omnia
1232 984 1382 1060 iura,
1431 1003 1548 1066 que
1593 984 1826 1049 diceret
1885 1003 1989 1048 seu
2055 985 2263 1066 posset
2321 982 2549 1046 habere
2610 980 2674 1043 in
2720 979 3001 1044 omnibus
3100 1027 3103 1029 -

316 1070 441 1135 aliis
485 1072 839 1136 civitatibus
886 1074 950 1136 et
1002 1072 1153 1137 locis
1197 1071 1529 1150 Dalmatis,
1593 1091 1745 1155 quas
1812 1075 2114 1136 tenemus
2186 1071 2278 1135 De
2325 1088 2442 1134 non
2489 1069 2550 1147 5,
2617 1086 2732 1132 non
2780 1066 3001 1131 sinceri

313 1160 366 1236 2,
396 1178 598 1224 omnes
639 1160 744 1224 alii
788 1160 866 1224 de
913 1163 1109 1244 parte.

390 1250 539 1310 Secr.
585 1269 739 1309 con-3.
783 1256 972 1326 roqat.
1011 1252 1108 1310 lib.
1154 1250 1229 1309 A.
1279 1252 1379 1322 98,
1425 1269 1468 1309 u
1514 1251 1729 1310 arkivu
1765 1241 2122 1311 metadkom.

555 1439 1079 1522 LXXXVII.
1133 1439 1337 1523 God.
1393 1439 1620 1522 1348.
1674 1440 1775 1525 25
1831 1438 2195 1542 veljace,
2248 1462 2308 1522 u
2361 1439 2750 1522 Mletclh.

324 1565 572 1626 Obsitum
604 1586 688 1625 na
729 1569 920 1635 viesti,
965 1568 1094 1639 koje
1121 1584 1194 1625 su
1233 1568 1479 1626 dolazile
1523 1585 1556 1626 o
1601 1568 1804 1640 kralj‘u
1842 1568 2182 1643 uqarehrv„
2228 1568 2529 1640 odredjuje
2561 1584 2623 1626 se
2657 1565 3007 1639 oboruianje

1044 1655 1236 1730 yalzja
1279 1672 1353 1715 za
1387 1657 1689 1730 siyurnost
1732 1674 1898 1715 mora
1943 1659 1965 1715 i
2013 1656 2233 1715 Zadra.

519 1774 704 1838 1347.
754 1775 850 1839 die
895 1775 1074 1840 XXV
1119 1775 1427 1852 februarii,
1477 1778 1691 1857 capta:
1741 1775 1900 1858 quod
1947 1775 2009 1839 in
2056 1775 2214 1841 bona
2275 1776 2475 1859 gratia
2532 1776 2897 1858 procedatur
2944 1777 3006 1839 et

323 1861 610 1946 eligantur
653 1864 782 1926 tres
827 1863 1252 1928 ambaxatores
1299 1863 1377 1927 ad
1424 1863 1737 1928 dominum
1764 1882 1972 1947 regem
2018 1864 2353 1947 Hungarie,
2406 1865 2564 1928 sicut
2605 1865 2700 1928 est
2735 1866 3004 1945 captum,

323 1968 447 2014 cum
489 1949 597 2015 illa
643 1952 1092 2030 commissione,
1135 1971 1251 2034 que
1299 1970 1491 2034 usque
1537 1971 1701 2017 nunc
1745 1955 1929 2035 capta
1983 1953 2080 2016 est
2123 1952 2186 2016 in
2249 1954 2367 2016 isto
2428 1952 2713 2030 consilio,
2759 1953 2822 2015 et
2868 1970 3006 2015 cum

318 2039 432 2116 illo,
471 2038 625 2121 quod
647 2039 754 2103 isti
778 2039 1036 2104 consilio
1067 2040 1372 2104 videretur
1399 2042 1471 2104 de
1495 2043 1697 2104 cetero
1739 2039 1921 2104 dictis
1951 2041 2449 2106 ambaxatoribus
2470 2038 3004 2105 committendum.

512 2127 740 2209 Capta:
789 2146 930 2192 cum
977 2147 1085 2210 per
1152 2147 1309 2192 nova
1352 2127 1653 2210 et‘signa,
1703 2148 1818 2209 que
1864 2129 2168 2193 habentur
2212 2129 2285 2192 de
2333 2128 2452 2193 isto
2499 2148 2642 2212 rege
2689 2126 3006 2210 Hungarie

318 2233 414 2297 pro
458 2215 628 2279 nobis
674 2214 867 2279 faciat
911 2215 1137 2280 habere
1185 2217 1408 2280 bonam
1453 2216 1796 2281 custodiam
1844 2216 1903 2280 in
1938 2218 2125 2281 mari:
2175 2217 2345 2282 vadit
2384 2236 2543 2300 parS,
2594 2218 2750 2299 quod
2800 2218 2872 2280 ad
2905 2233 3009 2278 cu-

320 2302 564 2366 stodiam
612 2303 823 2384 culphi
873 2307 936 2368 et
984 2304 1281 2369 Romanie
1326 2306 1642 2376 armentur
1687 2304 1861 2387 galee
1909 2305 2057 2369 VIII
2102 2306 2174 2370 de
2218 2305 2344 2369 illis
2394 2305 2716 2382 mensuriS,
2764 2321 2878 2386 que
2916 2301 3006 2365 vi-

322 2389 625 2469 debuntur,
674 2391 898 2474 quibus
945 2392 1097 2456 fiant
1138 2393 1444 2476 capitanei
1491 2394 1728 2475 septem
1775 2395 1839 2456 et
1882 2396 2010 2457 tres
2057 2394 2449 2475 supracomiti
2495 2413 2603 2477 per
2649 2395 2897 2457 modum
2945 2392 3009 2454 et

323 2496 446 2543 cum
490 2479 731 2557 salari0‚
781 2480 1210 2545 commissione
1256 2482 1321 2544 et
1364 2480 1820 2545 condicionibus
1880 2482 2196 2559 omnibuS,
2262 2482 2482 2566 quibus
2543 2482 2788 2546 fuerunt
2849 2497 3009 2544 anno

318 2566 528 2650 elapso.
578 2568 679 2646 65,
722 2568 796 2632 de
842 2586 963 2632 non
1005 2569 1068 2646 Ο,
1117 2587 1233 2632 non
1278 2568 1502 2633 sinceri
1546 2569 1608 2631 Ο.

504 2655 733 2739 Capta:
784 2657 946 2739 quod
985 2656 1287 2736 dominuS,
1335 2657 1690 2734 consiliarii,
1755 2658 1979 2740 capita,
2040 2661 2103 2723 et
2146 2659 2321 2723 ambe
2384 2678 2602 2723 manus
2663 2657 3009 2740 sapientum

323 2752 415 2823 per
454 2746 742 2809 maiorem
791 2749 1030 2827 partem
1077 2764 1288 2811 eorum
1334 2746 1603 2810 habeant
1648 2746 1997 2810 libertatem
2025 2746 2380 2828 providendi
2422 2747 2580 2811 circa
2614 2745 3009 2810 securitatem

324 2832 582 2896 civitates
629 2835 837 2916 nostre
883 2833 1093 2912 Jadre,
1138 2835 1301 2899 sicut
1344 2853 1452 2917 pro
1497 2835 1723 2899 honore
1790 2837 1999 2899 nostro
2046 2838 2109 2898 et
2154 2836 2607 2899 conservatione
2655 2836 2855 2898 status
2902 2851 3006 2897 no·

322 2919 420 3068 {tri
477 2920 748 3071 inSdicta
808 2923 1062 2986 civitate
1122 2922 1425 2987 videbitur
1489 2922 1743 3000 meliuS,
1803 2942 1921 3005 que
1980 2922 2236 2987 libertas
2284 2923 2462 2986 duret
2517 2942 2707 3006 usque
2763 2922 2838 2985 ad
2891 2920 3007 2984 XV

362 3006 455 3071 ies.
500 3010 538 3071 6
588 3059 602 3072 .

508 3095 740 3180 Capta:
790 3098 949 3180 quod
997 3117 1104 3179 pro
1148 3097 1424 3163 custodia
1471 3101 1534 3162 et
1579 3099 1909 3162 securitate
1957 3100 2118 3163 terre
2165 3100 2370 3163 nostre
2416 3098 2601 3164 Jadre
2635 3097 3011 3162 soldizentur

329 3181 546 3248 solicite
592 3186 879 3249 banderie
912 3204 1014 3249 sex
1054 3187 1347 3268 equitum,
1394 3187 1456 3250 in
1493 3186 1715 3268 quibus
1759 3189 1885 3250 sint
1920 3187 2312 3270 quamplures
2359 3187 2666 3253 balistarii
2701 3187 3010 3269 poterunt,

332 3289 432 3351 que
474 3290 654 3355 quam
686 3273 873 3336 citius
919 3274 1051 3338 fieri
1100 3275 1325 3355 poterit
1369 3275 1705 3338 mittantur
1747 3274 2039 3343 Jadram:
2087 3278 2152 3338 et
2197 3276 2501 3340 scribatur
2542 3276 2752 3340 comiti
2801 3274 3010 3350 Jadre,

331 3360 468 3439 quod
510 3364 789 3442 procuret
834 3364 899 3425 et
943 3361 1208 3439 studeat,
1257 3364 1412 3443 quod
1459 3363 1758 3427 loboreria
1805 3363 2046 3428 solicite
2100 3364 2553 3446 compleantur,
2625 3366 2689 3427 et
2736 3362 2892 3445 quod
2939 3364 3010 3425 de

330 3446 474 3511 dicta
513 3454 676 3513 terra
721 3449 951 3514 habeat
992 3453 1055 3513 et
1097 3450 1308 3514 haberi
1355 3449 1545 3514 faciat
1588 3451 1808 3514 bonam
1858 3450 2200 3516 custodiam
2242 3454 2426 3535 atque
2459 3470 2687 3527 curam,
2737 3453 2898 3515 sicut
2938 3449 3012 3514 de

332 3552 389 3597 eo
430 3536 597 3618 plene
641 3537 1023 3613 confidimuS,
1074 3537 1388 3602 scribendo
1443 3538 1726 3603 continue
1789 3538 1965 3603 nobis
2011 3539 2421 3604 conditionem
2469 3540 2632 3604 dicte
2676 3542 2837 3603 terre
2864 3588 2879 3616 ,
2949 3539 3012 3602 et

331 3640 656 3706 quecunque
704 3625 823 3689 sibi
871 3626 1218 3690 viderentur
1262 3626 1457 3689 fienda
1501 3645 1609 3708 pro
1656 3626 1880 3691 bonore
1942 3629 2150 3692 nostro
2215 3631 2278 3692 et
2323 3628 2780 3694 conservatione
2847 3629 3012 3691 terre

326 3711 588 3791 predicte.
636 3713 741 3791 27,
787 3713 862 3777 de
907 3731 1026 3777 non
1076 3713 1131 3790 7,
1185 3730 1302 3777 non
1350 3712 1568 3778 sinceri
1624 3718 1677 3777 1.

505 3798 732 3882 Capta:
797 3801 953 3883 quod
1002 3803 1301 3865 terminus
1365 3802 1707 3885 sapientum
1773 3802 2090 3884 utriusque
2156 3823 2373 3869 manus
2433 3822 2541 3887 pro
2603 3803 2784 3868 factis
2848 3801 3013 3884 regis

332 3883 619 3970 Hungarie
666 3889 987 3971 elongetur
1034 3910 1139 3971 per
1185 3892 1384 3954 totum
1433 3909 1704 3954 mensem
1754 3892 1969 3955 marcii
2018 3892 2290 3974 proxime
2337 3895 2683 3957 venturum.

402 3977 546 4038 Scor.
590 3996 742 4039 cons.
789 3998 908 4054 roy.
954 3979 1029 4038 A.
1077 3981 1179 4049 98,
1225 3999 1266 4038 u
1311 3982 1526 4040 arkivu
1569 3983 1923 4041 meetackom.

544 4169 1114 4251 LXXXVIII.
1169 4169 1374 4252 God.
1431 4170 1657 4253 1348.
1710 4171 1804 4254 27
1860 4171 2220 4275 trenaee,
2269 4197 2329 4257 u
2383 4174 2773 4258 Mletclh.

341 4291 616 4369 Umoljava
653 4314 716 4356 se
742 4315 827 4371 po
873 4297 1191 4370 poslaniku
1235 4297 1559 4371 aqam-hri).
1605 4299 1879 4372 kraljica,
1941 4302 2093 4360 nelca
2150 4304 2403 4376 nez-stoji,
2451 4303 2530 4360 da
2573 4320 2633 4361 se
2677 4304 2877 4377 njezin
2919 4305 3017 4362 sin

333 4378 466 4456 krab‘
492 4384 766 4458 Ljudevit
811 4404 884 4445 sa
925 4386 1285 4458 republikom
1318 4386 1560 4458 pomiri.
1614 4384 1986 4461 Odpremljen
2032 4390 2305 4462 biljez'nik
2350 4390 2611 4451 Amadeo
2642 4409 2684 4450 u
2730 4392 2888 4461 Rim,
2936 4391 3012 4451 da

1133 4492 1173 4531 u
1220 4478 1333 4531 tom
1359 4476 1539 4547 poslu
1584 4475 1792 4535 odanle
1836 4477 2161 4550 izviesc'uje.

515 4593 694 4658 1347.
759 4593 857 4658 die
906 4593 1141 4657 XXVII
1205 4593 1513 4659 februarii.
1577 4595 1685 4660 Ser
1751 4597 1995 4661 Marcus
2065 4598 2447 4681 Bragadinus
2512 4603 2698 4682 caput
2759 4600 2832 4667 de
2881 4601 3008 4666 LX.

331 4673 528 4774 Capta:
574 4681 725 4747 utile
773 4684 870 4746 est
915 4684 982 4746 et
1026 4682 1512 4747 commendabile
1560 4683 1735 4747 valde
1784 4685 2134 4766 perquirere
2198 4706 2307 4769 per
2353 4706 2598 4753 omnem
2645 4690 2900 4753 modum
2949 4691 3012 4753 et

339 4780 480 4830 viam
519 4769 584 4833 de
627 4769 992 4835 inveniendo
1040 4768 1308 4837 favorem
1353 4770 1417 4834 in
1467 4769 1648 4834 factis
1695 4772 1921 4836 nostris
1968 4785 2099 4837 tam
2142 4774 2367 4855 arduiS,
2416 4795 2530 4859 que
2571 4776 2871 4841 habemus
2921 4776 3012 4841 fa-
