<?xml version="1.0" encoding="UTF-8"?>
<!DOCTYPE html PUBLIC "-//W3C//DTD XHTML 1.0 Transitional//EN"
    "http://www.w3.org/TR/xhtml1/DTD/xhtml1-transitional.dtd">
<html xmlns="http://www.w3.org/1999/xhtml" xml:lang="en" lang="en">
 <head>
  <title>
</title>
<meta http-equiv="Content-Type" content="text/html;charset=utf-8" />
  <meta name='ocr-system' content='tesseract 3.04.00' />
  <meta name='ocr-capabilities' content='ocr_page ocr_carea ocr_par ocr_line ocrx_word'/>
</head>
<body>
  <div class='ocr_page' id='page_1' title='image "./monumentaspecta02umjegoog_0752.png"; bbox 0 0 3620 5282; ppageno 0'>
   <div class='ocr_carea' id='block_1_1' title="bbox 517 370 651 438">
    <p class='ocr_par' dir='ltr' id='par_1_1' title="bbox 517 370 651 438">
     <span class='ocr_line' id='line_1_1' title="bbox 517 370 651 438; baseline 0 0"><span class='ocrx_word' id='word_1_1' title='bbox 517 370 651 438; x_wconf 82' lang='lat'>200</span> 
     </span>
    </p>
   </div>
   <div class='ocr_carea' id='block_1_2' title="bbox 503 544 3252 895">
    <p class='ocr_par' dir='ltr' id='par_1_2' title="bbox 503 544 3252 895">
     <span class='ocr_line' id='line_1_2' title="bbox 506 544 3252 630; baseline -0.001 -17"><span class='ocrx_word' id='word_1_2' title='bbox 506 548 873 614; x_wconf 89' lang='lat' dir='ltr'>ambaxator</span> <span class='ocrx_word' id='word_1_3' title='bbox 917 549 1124 612; x_wconf 84' lang='lat' dir='ltr'>noster</span> <span class='ocrx_word' id='word_1_4' title='bbox 1170 548 1245 611; x_wconf 92' lang='lat' dir='ltr'>de</span> <span class='ocrx_word' id='word_1_5' title='bbox 1293 546 1430 628; x_wconf 87' lang='lat' dir='ltr'>ipsa</span> <span class='ocrx_word' id='word_1_6' title='bbox 1475 546 1605 629; x_wconf 89' lang='lat' dir='ltr'>liga</span> <span class='ocrx_word' id='word_1_7' title='bbox 1652 547 2029 612; x_wconf 77' lang='lat' dir='ltr'>mentionem</span> <span class='ocrx_word' id='word_1_8' title='bbox 2098 545 2370 630; x_wconf 81' lang='lat' dir='ltr'><strong>aliquam</strong></span> <span class='ocrx_word' id='word_1_9' title='bbox 2420 544 2696 621; x_wconf 80' lang='lat' dir='ltr'><strong>fecisset,</strong></span> <span class='ocrx_word' id='word_1_10' title='bbox 2746 545 2896 609; x_wconf 88' lang='lat' dir='ltr'>tunc</span> <span class='ocrx_word' id='word_1_11' title='bbox 2942 560 3061 608; x_wconf 91' lang='lat' dir='ltr'>non</span> <span class='ocrx_word' id='word_1_12' title='bbox 3108 560 3252 625; x_wconf 90' lang='lat' dir='ltr'>pro-</span> 
     </span>
     <span class='ocr_line' id='line_1_3' title="bbox 511 631 3250 717; baseline -0.002 -15"><span class='ocrx_word' id='word_1_13' title='bbox 511 636 698 702; x_wconf 88' lang='lat' dir='ltr'>cedat</span> <span class='ocrx_word' id='word_1_14' title='bbox 742 635 1004 702; x_wconf 90' lang='lat' dir='ltr'>ulterius</span> <span class='ocrx_word' id='word_1_15' title='bbox 1056 634 1403 717; x_wconf 79' lang='lat' dir='ltr'>superinde,</span> <span class='ocrx_word' id='word_1_16' title='bbox 1453 636 1559 699; x_wconf 90' lang='lat' dir='ltr'>sed</span> <span class='ocrx_word' id='word_1_17' title='bbox 1607 636 2022 717; x_wconf 79' lang='lat' dir='ltr'>supersedeat,</span> <span class='ocrx_word' id='word_1_18' title='bbox 2074 636 2446 700; x_wconf 87' lang='lat' dir='ltr'>ostendendo</span> <span class='ocrx_word' id='word_1_19' title='bbox 2481 637 2545 698; x_wconf 91' lang='lat' dir='ltr'>et</span> <span class='ocrx_word' id='word_1_20' title='bbox 2576 631 3037 708; x_wconf 87' lang='lat' dir='ltr'>dissimulando,</span> <span class='ocrx_word' id='word_1_21' title='bbox 3085 633 3250 714; x_wconf 92' lang='lat' dir='ltr'>quod</span> 
     </span>
     <span class='ocr_line' id='line_1_4' title="bbox 503 719 3247 806; baseline -0.002 -16"><span class='ocrx_word' id='word_1_22' title='bbox 503 725 659 790; x_wconf 90' lang='lat' dir='ltr'>velit</span> <span class='ocrx_word' id='word_1_23' title='bbox 703 726 778 788; x_wconf 89' lang='lat' dir='ltr'>ad</span> <span class='ocrx_word' id='word_1_24' title='bbox 826 741 937 787; x_wconf 90' lang='lat' dir='ltr'>nos</span> <span class='ocrx_word' id='word_1_25' title='bbox 986 741 1092 805; x_wconf 88' lang='lat' dir='ltr'>pro</span> <span class='ocrx_word' id='word_1_26' title='bbox 1151 723 1361 806; x_wconf 89' lang='lat' dir='ltr'>aliqua</span> <span class='ocrx_word' id='word_1_27' title='bbox 1405 725 1702 788; x_wconf 89' lang='lat' dir='ltr'>libertate</span> <span class='ocrx_word' id='word_1_28' title='bbox 1746 723 1847 788; x_wconf 90' lang='lat' dir='ltr'>vel</span> <span class='ocrx_word' id='word_1_29' title='bbox 1895 723 2310 788; x_wconf 74' lang='lat' dir='ltr'>declaratione</span> <span class='ocrx_word' id='word_1_30' title='bbox 2357 722 2819 798; x_wconf 79' lang='lat' dir='ltr'>transmittere,</span> <span class='ocrx_word' id='word_1_31' title='bbox 2861 721 2926 784; x_wconf 90' lang='lat' dir='ltr'>et</span> <span class='ocrx_word' id='word_1_32' title='bbox 2970 721 3034 784; x_wconf 91' lang='lat' dir='ltr'>in</span> <span class='ocrx_word' id='word_1_33' title='bbox 3080 719 3247 784; x_wconf 89' lang='lat' dir='ltr'>dicto</span> 
     </span>
     <span class='ocr_line' id='line_1_5' title="bbox 504 810 3249 895; baseline -0.002 -18"><span class='ocrx_word' id='word_1_34' title='bbox 504 830 654 877; x_wconf 86' lang='lat' dir='ltr'>casu</span> <span class='ocrx_word' id='word_1_35' title='bbox 703 812 909 876; x_wconf 86' lang='lat' dir='ltr'>subito</span> <span class='ocrx_word' id='word_1_36' title='bbox 957 812 1262 876; x_wconf 87' lang='lat' dir='ltr'>rescribat</span> <span class='ocrx_word' id='word_1_37' title='bbox 1309 811 1504 888; x_wconf 81' lang='lat' dir='ltr'>nobie,</span> <span class='ocrx_word' id='word_1_38' title='bbox 1555 811 1618 876; x_wconf 93' lang='lat' dir='ltr'>in</span> <span class='ocrx_word' id='word_1_39' title='bbox 1664 812 1891 895; x_wconf 90' lang='lat' dir='ltr'>quibus</span> <span class='ocrx_word' id='word_1_40' title='bbox 1937 812 2220 876; x_wconf 88' lang='lat' dir='ltr'>terminis</span> <span class='ocrx_word' id='word_1_41' title='bbox 2265 830 2330 875; x_wconf 92' lang='lat' dir='ltr'>se</span> <span class='ocrx_word' id='word_1_42' title='bbox 2379 810 2664 893; x_wconf 90' lang='lat' dir='ltr'>reperiet,</span> <span class='ocrx_word' id='word_1_43' title='bbox 2714 811 2778 873; x_wconf 92' lang='lat' dir='ltr'>et</span> <span class='ocrx_word' id='word_1_44' title='bbox 2823 811 3100 874; x_wconf 88' lang='lat' dir='ltr'>nostrum</span> <span class='ocrx_word' id='word_1_45' title='bbox 3143 826 3249 871; x_wconf 86' lang='lat' dir='ltr'>ex·</span> 
     </span>
    </p>
   </div>
   <div class='ocr_carea' id='block_1_3' title="bbox 499 899 1650 983">
    <p class='ocr_par' dir='ltr' id='par_1_3' title="bbox 499 899 1650 983">
     <span class='ocr_line' id='line_1_6' title="bbox 499 899 1650 983; baseline -0.005 -18"><span class='ocrx_word' id='word_1_46' title='bbox 499 900 715 983; x_wconf 82' lang='lat' dir='ltr'>pectet</span> <span class='ocrx_word' id='word_1_47' title='bbox 760 900 1142 965; x_wconf 88' lang='lat' dir='ltr'>mandatum.</span> <span class='ocrx_word' id='word_1_48' title='bbox 1192 900 1285 963; x_wconf 89' lang='lat' dir='ltr'>De</span> <span class='ocrx_word' id='word_1_49' title='bbox 1333 901 1508 982; x_wconf 90' lang='lat' dir='ltr'>parte</span> <span class='ocrx_word' id='word_1_50' title='bbox 1550 899 1650 964; x_wconf 87' lang='lat'>34.</span> 
     </span>
    </p>
   </div>
   <div class='ocr_carea' id='block_1_4' title="bbox 502 1001 3251 2230">
    <p class='ocr_par' dir='ltr' id='par_1_4' title="bbox 502 1001 3251 2230">
     <span class='ocr_line' id='line_1_7' title="bbox 714 1001 3236 1085; baseline -0.001 -17"><span class='ocrx_word' id='word_1_51' title='bbox 714 1001 824 1068; x_wconf 89' lang='lat' dir='ltr'>Ser</span> <span class='ocrx_word' id='word_1_52' title='bbox 869 1002 1214 1069; x_wconf 89' lang='lat' dir='ltr'>Ludovicus</span> <span class='ocrx_word' id='word_1_53' title='bbox 1277 1003 1649 1069; x_wconf 87' lang='lat' dir='ltr'>Mauroceno</span> <span class='ocrx_word' id='word_1_54' title='bbox 1704 1003 2096 1068; x_wconf 87' lang='lat' dir='ltr'>consiliarius</span> <span class='ocrx_word' id='word_1_55' title='bbox 2146 1003 2297 1082; x_wconf 88' lang='lat' dir='ltr'>vult,</span> <span class='ocrx_word' id='word_1_56' title='bbox 2343 1003 2501 1085; x_wconf 91' lang='lat' dir='ltr'>quod</span> <span class='ocrx_word' id='word_1_57' title='bbox 2542 1001 2606 1066; x_wconf 91' lang='lat' dir='ltr'>in</span> <span class='ocrx_word' id='word_1_58' title='bbox 2653 1019 2803 1066; x_wconf 89' lang='lat' dir='ltr'>casn</span> <span class='ocrx_word' id='word_1_59' title='bbox 2853 1019 2974 1083; x_wconf 90' lang='lat' dir='ltr'>quo</span> <span class='ocrx_word' id='word_1_60' title='bbox 3024 1002 3236 1065; x_wconf 88' lang='lat' dir='ltr'>noster</span> 
     </span>
     <span class='ocr_line' id='line_1_8' title="bbox 504 1089 3251 1175; baseline -0.001 -18"><span class='ocrx_word' id='word_1_61' title='bbox 504 1091 868 1157; x_wconf 87' lang='lat' dir='ltr'>ambaxator</span> <span class='ocrx_word' id='word_1_62' title='bbox 925 1093 1259 1174; x_wconf 79' lang='lat' dir='ltr'>requisitus</span> <span class='ocrx_word' id='word_1_63' title='bbox 1330 1092 1414 1155; x_wconf 90' lang='lat' dir='ltr'>sit</span> <span class='ocrx_word' id='word_1_64' title='bbox 1479 1094 1551 1156; x_wconf 90' lang='lat' dir='ltr'>de</span> <span class='ocrx_word' id='word_1_65' title='bbox 1596 1091 1744 1175; x_wconf 87' lang='lat' dir='ltr'>liga,</span> <span class='ocrx_word' id='word_1_66' title='bbox 1812 1093 1910 1155; x_wconf 89' lang='lat' dir='ltr'>vel</span> <span class='ocrx_word' id='word_1_67' title='bbox 1956 1093 2087 1174; x_wconf 91' lang='lat' dir='ltr'>ipse</span> <span class='ocrx_word' id='word_1_68' title='bbox 2149 1091 2365 1155; x_wconf 84' lang='lat' dir='ltr'>fecerit</span> <span class='ocrx_word' id='word_1_69' title='bbox 2409 1092 2482 1155; x_wconf 90' lang='lat' dir='ltr'>de</span> <span class='ocrx_word' id='word_1_70' title='bbox 2530 1108 2602 1154; x_wconf 88' lang='lat' dir='ltr'>ea</span> <span class='ocrx_word' id='word_1_71' title='bbox 2648 1090 2923 1172; x_wconf 88' lang='lat' dir='ltr'>aliquam</span> <span class='ocrx_word' id='word_1_72' title='bbox 2974 1089 3251 1153; x_wconf 83' lang='lat' dir='ltr'>ment-io-</span> 
     </span>
     <span class='ocr_line' id='line_1_9' title="bbox 504 1176 3246 1261; baseline -0.002 -17"><span class='ocrx_word' id='word_1_73' title='bbox 504 1199 667 1256; x_wconf 88' lang='lat' dir='ltr'>nem,</span> <span class='ocrx_word' id='word_1_74' title='bbox 715 1179 875 1261; x_wconf 91' lang='lat' dir='ltr'>quod</span> <span class='ocrx_word' id='word_1_75' title='bbox 925 1197 1042 1244; x_wconf 93' lang='lat' dir='ltr'>non</span> <span class='ocrx_word' id='word_1_76' title='bbox 1094 1179 1442 1257; x_wconf 89' lang='lat' dir='ltr'>concludat,</span> <span class='ocrx_word' id='word_1_77' title='bbox 1492 1179 1599 1244; x_wconf 90' lang='lat' dir='ltr'>sed</span> <span class='ocrx_word' id='word_1_78' title='bbox 1648 1179 1859 1244; x_wconf 88' lang='lat' dir='ltr'>trahat</span> <span class='ocrx_word' id='word_1_79' title='bbox 1905 1197 2151 1243; x_wconf 90' lang='lat' dir='ltr'>omnem</span> <span class='ocrx_word' id='word_1_80' title='bbox 2201 1179 2607 1243; x_wconf 85' lang='lat' dir='ltr'>intentionem</span> <span class='ocrx_word' id='word_1_81' title='bbox 2654 1177 2874 1242; x_wconf 88' lang='lat' dir='ltr'>deinde</span> <span class='ocrx_word' id='word_1_82' title='bbox 2916 1196 3103 1259; x_wconf 88' lang='lat' dir='ltr'>super</span> <span class='ocrx_word' id='word_1_83' title='bbox 3147 1176 3246 1240; x_wconf 91' lang='lat' dir='ltr'>di-</span> 
     </span>
     <span class='ocr_line' id='line_1_10' title="bbox 507 1263 3242 1350; baseline -0.002 -17"><span class='ocrx_word' id='word_1_84' title='bbox 507 1271 608 1333; x_wconf 89' lang='lat' dir='ltr'>cto</span> <span class='ocrx_word' id='word_1_85' title='bbox 652 1267 838 1346; x_wconf 86' lang='lat' dir='ltr'>facto,</span> <span class='ocrx_word' id='word_1_86' title='bbox 890 1287 1076 1350; x_wconf 85' lang='lat' dir='ltr'>quam</span> <span class='ocrx_word' id='word_1_87' title='bbox 1152 1267 1396 1332; x_wconf 84' lang='lat' dir='ltr'>trahere</span> <span class='ocrx_word' id='word_1_88' title='bbox 1466 1267 1717 1350; x_wconf 89' lang='lat' dir='ltr'>poterit,</span> <span class='ocrx_word' id='word_1_89' title='bbox 1766 1270 1830 1331; x_wconf 93' lang='lat' dir='ltr'>et</span> <span class='ocrx_word' id='word_1_90' title='bbox 1874 1267 2163 1332; x_wconf 89' lang='lat' dir='ltr'>ostendat</span> <span class='ocrx_word' id='word_1_91' title='bbox 2207 1285 2278 1332; x_wconf 85' lang='lat' dir='ltr'>ac</span> <span class='ocrx_word' id='word_1_92' title='bbox 2327 1265 2702 1341; x_wconf 85' lang='lat' dir='ltr'>dissimulet,</span> <span class='ocrx_word' id='word_1_93' title='bbox 2756 1264 2916 1347; x_wconf 90' lang='lat' dir='ltr'>quod</span> <span class='ocrx_word' id='word_1_94' title='bbox 2967 1263 3120 1329; x_wconf 88' lang='lat' dir='ltr'>velit</span> <span class='ocrx_word' id='word_1_95' title='bbox 3163 1266 3242 1328; x_wconf 89' lang='lat' dir='ltr'>ad</span> 
     </span>
     <span class='ocr_line' id='line_1_11' title="bbox 502 1354 3246 1438; baseline -0.002 -16"><span class='ocrx_word' id='word_1_96' title='bbox 502 1373 616 1422; x_wconf 92' lang='lat' dir='ltr'>nos</span> <span class='ocrx_word' id='word_1_97' title='bbox 660 1355 909 1420; x_wconf 88' lang='lat' dir='ltr'>mittere</span> <span class='ocrx_word' id='word_1_98' title='bbox 973 1374 1081 1437; x_wconf 91' lang='lat' dir='ltr'>pro</span> <span class='ocrx_word' id='word_1_99' title='bbox 1141 1355 1352 1438; x_wconf 88' lang='lat' dir='ltr'>aliqua</span> <span class='ocrx_word' id='word_1_100' title='bbox 1413 1354 1831 1420; x_wconf 87' lang='lat' dir='ltr'>declaratione</span> <span class='ocrx_word' id='word_1_101' title='bbox 1899 1356 1992 1420; x_wconf 89' lang='lat' dir='ltr'>vel</span> <span class='ocrx_word' id='word_1_102' title='bbox 2040 1356 2352 1429; x_wconf 89' lang='lat' dir='ltr'>libertate,</span> <span class='ocrx_word' id='word_1_103' title='bbox 2402 1360 2465 1418; x_wconf 93' lang='lat' dir='ltr'>et</span> <span class='ocrx_word' id='word_1_104' title='bbox 2511 1354 2813 1418; x_wconf 88' lang='lat' dir='ltr'>rescribat</span> <span class='ocrx_word' id='word_1_105' title='bbox 2875 1354 3246 1434; x_wconf 87' lang='lat' dir='ltr'>expectando</span> 
     </span>
     <span class='ocr_line' id='line_1_12' title="bbox 505 1440 3245 1530; baseline -0.001 -22"><span class='ocrx_word' id='word_1_106' title='bbox 505 1444 788 1509; x_wconf 90' lang='lat' dir='ltr'>nostrum</span> <span class='ocrx_word' id='word_1_107' title='bbox 837 1442 1240 1523; x_wconf 83' lang='lat' dir='ltr'>mandatum3</span> <span class='ocrx_word' id='word_1_108' title='bbox 1283 1447 1346 1506; x_wconf 92' lang='lat' dir='ltr'>et</span> <span class='ocrx_word' id='word_1_109' title='bbox 1393 1442 1454 1506; x_wconf 93' lang='lat' dir='ltr'>in</span> <span class='ocrx_word' id='word_1_110' title='bbox 1522 1460 1669 1507; x_wconf 89' lang='lat' dir='ltr'>casu</span> <span class='ocrx_word' id='word_1_111' title='bbox 1728 1462 1848 1525; x_wconf 91' lang='lat' dir='ltr'>quo</span> <span class='ocrx_word' id='word_1_112' title='bbox 1895 1462 2012 1507; x_wconf 92' lang='lat' dir='ltr'>non</span> <span class='ocrx_word' id='word_1_113' title='bbox 2058 1442 2220 1507; x_wconf 85' lang='lat' dir='ltr'>foret</span> <span class='ocrx_word' id='word_1_114' title='bbox 2263 1443 2339 1507; x_wconf 90' lang='lat' dir='ltr'>de</span> <span class='ocrx_word' id='word_1_115' title='bbox 2386 1443 2539 1530; x_wconf 59' lang='lat' dir='ltr'>ipsa⁸</span> <span class='ocrx_word' id='word_1_116' title='bbox 2567 1440 2692 1523; x_wconf 83' lang='lat' dir='ltr'>liga</span> <span class='ocrx_word' id='word_1_117' title='bbox 2739 1440 3099 1523; x_wconf 75' lang='lat' dir='ltr'>requisitae,</span> <span class='ocrx_word' id='word_1_118' title='bbox 3148 1442 3245 1504; x_wconf 89' lang='lat' dir='ltr'>ni-</span> 
     </span>
     <span class='ocr_line' id='line_1_13' title="bbox 514 1528 3244 1615; baseline -0.001 -20"><span class='ocrx_word' id='word_1_119' title='bbox 514 1530 887 1596; x_wconf 91' lang='lat' dir='ltr'>chilominus</span> <span class='ocrx_word' id='word_1_120' title='bbox 933 1531 1238 1607; x_wconf 79' lang='lat' dir='ltr'>volumuS,</span> <span class='ocrx_word' id='word_1_121' title='bbox 1292 1530 1450 1613; x_wconf 91' lang='lat' dir='ltr'>quod</span> <span class='ocrx_word' id='word_1_122' title='bbox 1477 1531 1722 1615; x_wconf 90' lang='lat' dir='ltr'>quando</span> <span class='ocrx_word' id='word_1_123' title='bbox 1747 1531 1867 1595; x_wconf 90' lang='lat' dir='ltr'>sibi</span> <span class='ocrx_word' id='word_1_124' title='bbox 1895 1531 2203 1596; x_wconf 88' lang='lat' dir='ltr'>videbitur</span> <span class='ocrx_word' id='word_1_125' title='bbox 2250 1534 2516 1613; x_wconf 89' lang='lat' dir='ltr'>tempus,</span> <span class='ocrx_word' id='word_1_126' title='bbox 2567 1531 2832 1611; x_wconf 83' lang='lat' dir='ltr'>exponat</span> <span class='ocrx_word' id='word_1_127' title='bbox 2861 1528 3244 1611; x_wconf 89' lang='lat' dir='ltr'>reginalibus</span> 
     </span>
     <span class='ocr_line' id='line_1_14' title="bbox 503 1615 3243 1701; baseline -0.001 -18"><span class='ocrx_word' id='word_1_128' title='bbox 503 1619 937 1683; x_wconf 88' lang='lat' dir='ltr'>maiestatibus</span> <span class='ocrx_word' id='word_1_129' title='bbox 1000 1619 1096 1683; x_wconf 91' lang='lat' dir='ltr'>vel</span> <span class='ocrx_word' id='word_1_130' title='bbox 1159 1620 1318 1697; x_wconf 84' lang='lat' dir='ltr'>aliis,</span> <span class='ocrx_word' id='word_1_131' title='bbox 1382 1619 1488 1701; x_wconf 88' lang='lat' dir='ltr'>qui</span> <span class='ocrx_word' id='word_1_132' title='bbox 1560 1619 1678 1683; x_wconf 90' lang='lat' dir='ltr'>sibi</span> <span class='ocrx_word' id='word_1_133' title='bbox 1726 1619 2121 1694; x_wconf 84' lang='lat' dir='ltr'>videbuntur,</span> <span class='ocrx_word' id='word_1_134' title='bbox 2170 1619 2436 1701; x_wconf 89' lang='lat' dir='ltr'>qualiter</span> <span class='ocrx_word' id='word_1_135' title='bbox 2482 1617 2871 1682; x_wconf 84' lang='lat' dir='ltr'>ambaxiator</span> <span class='ocrx_word' id='word_1_136' title='bbox 2919 1635 3073 1679; x_wconf 90' lang='lat' dir='ltr'>suus</span> <span class='ocrx_word' id='word_1_137' title='bbox 3118 1615 3243 1680; x_wconf 83' lang='lat' dir='ltr'>fuit</span> 
     </span>
     <span class='ocr_line' id='line_1_15' title="bbox 510 1704 3249 1789; baseline -0.001 -19"><span class='ocrx_word' id='word_1_138' title='bbox 510 1706 631 1783; x_wconf 91' lang='lat' dir='ltr'>hic,</span> <span class='ocrx_word' id='word_1_139' title='bbox 681 1708 745 1770; x_wconf 89' lang='lat' dir='ltr'>et</span> <span class='ocrx_word' id='word_1_140' title='bbox 785 1706 984 1771; x_wconf 92' lang='lat' dir='ltr'>movit</span> <span class='ocrx_word' id='word_1_141' title='bbox 1027 1706 1232 1789; x_wconf 88' lang='lat' dir='ltr'>aliqua</span> <span class='ocrx_word' id='word_1_142' title='bbox 1279 1707 1463 1772; x_wconf 88' lang='lat' dir='ltr'>verba</span> <span class='ocrx_word' id='word_1_143' title='bbox 1523 1707 1600 1771; x_wconf 92' lang='lat' dir='ltr'>de</span> <span class='ocrx_word' id='word_1_144' title='bbox 1661 1705 1824 1771; x_wconf 84' lang='lat' dir='ltr'>facto</span> <span class='ocrx_word' id='word_1_145' title='bbox 1873 1707 1997 1789; x_wconf 85' lang='lat' dir='ltr'>lige</span> <span class='ocrx_word' id='word_1_146' title='bbox 2039 1706 2202 1770; x_wconf 89' lang='lat' dir='ltr'>inter</span> <span class='ocrx_word' id='word_1_147' title='bbox 2251 1708 2418 1788; x_wconf 88' lang='lat' dir='ltr'>ipsas</span> <span class='ocrx_word' id='word_1_148' title='bbox 2466 1709 2531 1770; x_wconf 91' lang='lat' dir='ltr'>et</span> <span class='ocrx_word' id='word_1_149' title='bbox 2577 1723 2707 1768; x_wconf 88' lang='lat' dir='ltr'>nos.</span> <span class='ocrx_word' id='word_1_150' title='bbox 2755 1704 2839 1770; x_wconf 87' lang='lat' dir='ltr'>Et</span> <span class='ocrx_word' id='word_1_151' title='bbox 2876 1705 3021 1786; x_wconf 88' lang='lat' dir='ltr'>quia</span> <span class='ocrx_word' id='word_1_152' title='bbox 3069 1704 3249 1786; x_wconf 89' lang='lat' dir='ltr'>iguo-</span> 
     </span>
     <span class='ocr_line' id='line_1_16' title="bbox 506 1792 3245 1877; baseline -0.001 -18"><span class='ocrx_word' id='word_1_153' title='bbox 506 1812 716 1859; x_wconf 89' lang='lat' dir='ltr'>ramus</span> <span class='ocrx_word' id='word_1_154' title='bbox 765 1795 1011 1858; x_wconf 91' lang='lat' dir='ltr'>modum</span> <span class='ocrx_word' id='word_1_155' title='bbox 1067 1799 1130 1859; x_wconf 88' lang='lat' dir='ltr'>et</span> <span class='ocrx_word' id='word_1_156' title='bbox 1175 1794 1457 1870; x_wconf 85' lang='lat' dir='ltr'>formam,</span> <span class='ocrx_word' id='word_1_157' title='bbox 1523 1794 1751 1876; x_wconf 88' lang='lat' dir='ltr'>quibus</span> <span class='ocrx_word' id='word_1_158' title='bbox 1792 1795 1923 1877; x_wconf 90' lang='lat' dir='ltr'>ipse</span> <span class='ocrx_word' id='word_1_159' title='bbox 1972 1794 2276 1870; x_wconf 78' lang='lat' dir='ltr'>reginales</span> <span class='ocrx_word' id='word_1_160' title='bbox 2347 1793 2711 1858; x_wconf 90' lang='lat' dir='ltr'>maiestates</span> <span class='ocrx_word' id='word_1_161' title='bbox 2758 1792 2995 1856; x_wconf 89' lang='lat' dir='ltr'>vellent</span> <span class='ocrx_word' id='word_1_162' title='bbox 3038 1792 3245 1874; x_wconf 85' lang='lat' dir='ltr'>ipsam</span> 
     </span>
     <span class='ocr_line' id='line_1_17' title="bbox 503 1878 3245 1966; baseline -0.001 -20"><span class='ocrx_word' id='word_1_163' title='bbox 503 1882 723 1966; x_wconf 85' lang='lat' dir='ltr'>ligam,</span> <span class='ocrx_word' id='word_1_164' title='bbox 771 1886 1085 1964; x_wconf 88' lang='lat' dir='ltr'>propterea</span> <span class='ocrx_word' id='word_1_165' title='bbox 1134 1883 1266 1965; x_wconf 82' lang='lat' dir='ltr'>ipse</span> <span class='ocrx_word' id='word_1_166' title='bbox 1314 1886 1410 1946; x_wconf 91' lang='lat' dir='ltr'>est</span> <span class='ocrx_word' id='word_1_167' title='bbox 1458 1883 1710 1963; x_wconf 89' lang='lat' dir='ltr'>paratus</span> <span class='ocrx_word' id='word_1_168' title='bbox 1757 1882 1968 1946; x_wconf 91' lang='lat' dir='ltr'>audire</span> <span class='ocrx_word' id='word_1_169' title='bbox 2001 1882 2407 1948; x_wconf 87' lang='lat' dir='ltr'>intentionem</span> <span class='ocrx_word' id='word_1_170' title='bbox 2439 1899 2618 1945; x_wconf 90' lang='lat' dir='ltr'>suam</span> <span class='ocrx_word' id='word_1_171' title='bbox 2654 1899 2836 1961; x_wconf 90' lang='lat' dir='ltr'>super</span> <span class='ocrx_word' id='word_1_172' title='bbox 2880 1878 3044 1943; x_wconf 83' lang='lat' dir='ltr'>facto</span> <span class='ocrx_word' id='word_1_173' title='bbox 3077 1880 3245 1944; x_wconf 90' lang='lat' dir='ltr'>dicte</span> 
     </span>
     <span class='ocr_line' id='line_1_18' title="bbox 504 1965 3242 2053; baseline -0.001 -20"><span class='ocrx_word' id='word_1_174' title='bbox 504 1970 651 2052; x_wconf 90' lang='lat' dir='ltr'>lige,</span> <span class='ocrx_word' id='word_1_175' title='bbox 699 1972 762 2034; x_wconf 91' lang='lat' dir='ltr'>et</span> <span class='ocrx_word' id='word_1_176' title='bbox 804 1969 979 2035; x_wconf 93' lang='lat' dir='ltr'>nobis</span> <span class='ocrx_word' id='word_1_177' title='bbox 1028 1970 1387 2044; x_wconf 87' lang='lat' dir='ltr'>rescribere,</span> <span class='ocrx_word' id='word_1_178' title='bbox 1430 1988 1504 2034; x_wconf 90' lang='lat' dir='ltr'>ac</span> <span class='ocrx_word' id='word_1_179' title='bbox 1551 1965 1835 2034; x_wconf 89' lang='lat' dir='ltr'>nostrum</span> <span class='ocrx_word' id='word_1_180' title='bbox 1884 1973 2205 2053; x_wconf 85' lang='lat' dir='ltr'>expectare</span> <span class='ocrx_word' id='word_1_181' title='bbox 2252 1968 2649 2044; x_wconf 86' lang='lat' dir='ltr'>mandatum;</span> <span class='ocrx_word' id='word_1_182' title='bbox 2698 1967 2848 2032; x_wconf 92' lang='lat' dir='ltr'>etin</span> <span class='ocrx_word' id='word_1_183' title='bbox 2896 1966 3058 2031; x_wconf 90' lang='lat' dir='ltr'>dicto</span> <span class='ocrx_word' id='word_1_184' title='bbox 3090 1985 3242 2032; x_wconf 90' lang='lat' dir='ltr'>casu</span> 
     </span>
     <span class='ocr_line' id='line_1_19' title="bbox 504 2055 3245 2140; baseline -0 -19"><span class='ocrx_word' id='word_1_185' title='bbox 504 2060 636 2140; x_wconf 90' lang='lat' dir='ltr'>ipse</span> <span class='ocrx_word' id='word_1_186' title='bbox 680 2058 1041 2122; x_wconf 83' lang='lat' dir='ltr'>ambaxator</span> <span class='ocrx_word' id='word_1_187' title='bbox 1083 2061 1291 2123; x_wconf 90' lang='lat' dir='ltr'>noster</span> <span class='ocrx_word' id='word_1_188' title='bbox 1337 2058 1640 2122; x_wconf 88' lang='lat' dir='ltr'>rescribat</span> <span class='ocrx_word' id='word_1_189' title='bbox 1684 2060 1750 2122; x_wconf 92' lang='lat' dir='ltr'>et</span> <span class='ocrx_word' id='word_1_190' title='bbox 1794 2057 2086 2122; x_wconf 88' lang='lat' dir='ltr'>informet</span> <span class='ocrx_word' id='word_1_191' title='bbox 2148 2076 2256 2123; x_wconf 91' lang='lat' dir='ltr'>nos</span> <span class='ocrx_word' id='word_1_192' title='bbox 2317 2056 2676 2140; x_wconf 86' lang='lat' dir='ltr'>plenissime</span> <span class='ocrx_word' id='word_1_193' title='bbox 2713 2056 2791 2120; x_wconf 91' lang='lat' dir='ltr'>de</span> <span class='ocrx_word' id='word_1_194' title='bbox 2839 2055 3147 2133; x_wconf 90' lang='lat' dir='ltr'>omnibus,</span> <span class='ocrx_word' id='word_1_195' title='bbox 3176 2058 3245 2120; x_wconf 92' lang='lat' dir='ltr'>et</span> 
     </span>
     <span class='ocr_line' id='line_1_20' title="bbox 503 2143 2995 2230; baseline -0.002 -18"><span class='ocrx_word' id='word_1_196' title='bbox 503 2150 785 2230; x_wconf 87' lang='lat' dir='ltr'>expectet</span> <span class='ocrx_word' id='word_1_197' title='bbox 830 2148 1108 2211; x_wconf 91' lang='lat' dir='ltr'>nostrum</span> <span class='ocrx_word' id='word_1_198' title='bbox 1162 2146 1543 2211; x_wconf 87' lang='lat' dir='ltr'>mandatum.</span> <span class='ocrx_word' id='word_1_199' title='bbox 1588 2145 1682 2210; x_wconf 91' lang='lat' dir='ltr'>De</span> <span class='ocrx_word' id='word_1_200' title='bbox 1727 2148 1905 2229; x_wconf 88' lang='lat' dir='ltr'>parte</span> <span class='ocrx_word' id='word_1_201' title='bbox 1951 2147 2057 2224; x_wconf 79' lang='lat'>22,</span> <span class='ocrx_word' id='word_1_202' title='bbox 2107 2148 2179 2212; x_wconf 92' lang='lat' dir='ltr'>de</span> <span class='ocrx_word' id='word_1_203' title='bbox 2229 2164 2344 2210; x_wconf 93' lang='lat' dir='ltr'>non</span> <span class='ocrx_word' id='word_1_204' title='bbox 2392 2146 2453 2223; x_wconf 87' lang='lat'>3,</span> <span class='ocrx_word' id='word_1_205' title='bbox 2503 2162 2623 2210; x_wconf 92' lang='lat' dir='ltr'>non</span> <span class='ocrx_word' id='word_1_206' title='bbox 2663 2144 2886 2209; x_wconf 88' lang='lat' dir='ltr'>sinceri</span> <span class='ocrx_word' id='word_1_207' title='bbox 2933 2143 2995 2208; x_wconf 90' lang='lat'>6.</span> 
     </span>
    </p>
   </div>
   <div class='ocr_carea' id='block_1_5' title="bbox 595 2251 1949 2326">
    <p class='ocr_par' dir='ltr' id='par_1_5' title="bbox 595 2251 1949 2326">
     <span class='ocr_line' id='line_1_21' title="bbox 595 2251 1949 2326; baseline 0.001 -9"><span class='ocrx_word' id='word_1_208' title='bbox 595 2256 778 2317; x_wconf 77' lang='lat' dir='ltr'>Misti</span> <span class='ocrx_word' id='word_1_209' title='bbox 826 2251 1219 2317; x_wconf 84' lang='lat' dir='ltr'><strong><em>XXXVIII.</em></strong></span> <span class='ocrx_word' id='word_1_210' title='bbox 1270 2256 1372 2326; x_wconf 86' lang='lat'>59,</span> <span class='ocrx_word' id='word_1_211' title='bbox 1418 2273 1462 2315; x_wconf 78' lang='lat' dir='ltr'>u</span> <span class='ocrx_word' id='word_1_212' title='bbox 1505 2254 1661 2317; x_wconf 79' lang='lat' dir='ltr'>mlet.</span> <span class='ocrx_word' id='word_1_213' title='bbox 1710 2256 1949 2318; x_wconf 80' lang='lat' dir='ltr'>arkivu.</span> 
     </span>
    </p>
   </div>
   <div class='ocr_carea' id='block_1_6' title="bbox 731 2413 3015 2570">
    <p class='ocr_par' dir='ltr' id='par_1_6' title="bbox 731 2413 3015 2570">
     <span class='ocr_line' id='line_1_22' title="bbox 731 2413 3015 2570; baseline 0 -24"><span class='ocrx_word' id='word_1_214' title='bbox 731 2462 1342 2547; x_wconf 77' lang='lat' dir='ltr'>chxxxlv.</span> <span class='ocrx_word' id='word_1_215' title='bbox 1400 2462 1607 2547; x_wconf 72' lang='lat' dir='ltr'>sou.</span> <span class='ocrx_word' id='word_1_216' title='bbox 1665 2462 1890 2546; x_wconf 79' lang='lat'>1383.</span> <span class='ocrx_word' id='word_1_217' title='bbox 1944 2458 2074 2546; x_wconf 79' lang='lat' dir='ltr'>so.</span> <span class='ocrx_word' id='word_1_218' title='bbox 2129 2413 2455 2570; x_wconf 50' lang='lat' dir='ltr'>srnnj&#39;a,</span> <span class='ocrx_word' id='word_1_219' title='bbox 2510 2485 2567 2545; x_wconf 91' lang='lat' dir='ltr'>u</span> <span class='ocrx_word' id='word_1_220' title='bbox 2620 2462 3015 2546; x_wconf 65' lang='lat' dir='ltr'>merem.</span> 
     </span>
    </p>
   </div>
   <div class='ocr_carea' id='block_1_7' title="bbox 504 2611 3247 2702">
    <p class='ocr_par' dir='ltr' id='par_1_7' title="bbox 504 2611 3247 2702">
     <span class='ocr_line' id='line_1_23' title="bbox 504 2611 3247 2702; baseline -0.001 -14"><span class='ocrx_word' id='word_1_221' title='bbox 504 2624 758 2702; x_wconf 74' lang='lat' dir='ltr'>Stjepan</span> <span class='ocrx_word' id='word_1_222' title='bbox 807 2624 1027 2686; x_wconf 79' lang='lat' dir='ltr'>Tvrtko</span> <span class='ocrx_word' id='word_1_223' title='bbox 1086 2627 1248 2701; x_wconf 81' lang='lat' dir='ltr'>kralj</span> <span class='ocrx_word' id='word_1_224' title='bbox 1300 2627 1580 2688; x_wconf 77' lang='lat' dir='ltr'>bosanski</span> <span class='ocrx_word' id='word_1_225' title='bbox 1646 2627 1979 2687; x_wconf 65' lang='lat' dir='ltr'>mletadkim</span> <span class='ocrx_word' id='word_1_226' title='bbox 2034 2621 2488 2702; x_wconf 58' lang='lat' dir='ltr'>yradianstvom</span> <span class='ocrx_word' id='word_1_227' title='bbox 2532 2611 2850 2687; x_wconf 77' lang='lat' dir='ltr'>odlikovan</span> <span class='ocrx_word' id='word_1_228' title='bbox 2878 2640 2954 2688; x_wconf 76' lang='lat' dir='ltr'>za</span> <span class='ocrx_word' id='word_1_229' title='bbox 2994 2643 3059 2686; x_wconf 83' lang='lat' dir='ltr'>se</span> <span class='ocrx_word' id='word_1_230' title='bbox 3099 2627 3122 2684; x_wconf 77' lang='lat' dir='ltr'>i</span> <span class='ocrx_word' id='word_1_231' title='bbox 3167 2643 3247 2686; x_wconf 73' lang='lat' dir='ltr'>za</span> 
     </span>
    </p>
   </div>
   <div class='ocr_carea' id='block_1_8' title="bbox 517 2717 3242 3007">
    <p class='ocr_par' dir='ltr' id='par_1_8' title="bbox 517 2717 3242 3007">
     <span class='ocr_line' id='line_1_24' title="bbox 1673 2717 2064 2777; baseline 0.003 -2"><span class='ocrx_word' id='word_1_232' title='bbox 1673 2717 2064 2777; x_wconf 80' lang='lat' dir='ltr'>nasliednike.</span> 
     </span>
     <span class='ocr_line' id='line_1_25' title="bbox 717 2804 3236 2920; baseline -0.001 -19"><span class='ocrx_word' id='word_1_233' title='bbox 717 2836 1125 2920; x_wconf 89' lang='lat' dir='ltr'>Privilegium</span> <span class='ocrx_word' id='word_1_234' title='bbox 1155 2804 1459 2901; x_wconf 53' lang='lat' dir='ltr'>&#39;illustris</span> <span class='ocrx_word' id='word_1_235' title='bbox 1531 2841 1598 2902; x_wconf 86' lang='lat' dir='ltr'>et</span> <span class='ocrx_word' id='word_1_236' title='bbox 1638 2837 1862 2902; x_wconf 86' lang='lat' dir='ltr'>excelsi</span> <span class='ocrx_word' id='word_1_237' title='bbox 1924 2836 2160 2902; x_wconf 91' lang='lat' dir='ltr'>domini</span> <span class='ocrx_word' id='word_1_238' title='bbox 2207 2835 2504 2918; x_wconf 87' lang='lat' dir='ltr'>Stephani</span> <span class='ocrx_word' id='word_1_239' title='bbox 2549 2836 2855 2902; x_wconf 84' lang='lat' dir='ltr'>Tuertcho</span> <span class='ocrx_word' id='word_1_240' title='bbox 2901 2836 3069 2919; x_wconf 86' lang='lat' dir='ltr'>regis</span> <span class='ocrx_word' id='word_1_241' title='bbox 3117 2836 3236 2899; x_wconf 91' lang='lat' dir='ltr'>etc.</span> 
     </span>
     <span class='ocr_line' id='line_1_26' title="bbox 517 2922 3242 3007; baseline -0.001 -17"><span class='ocrx_word' id='word_1_242' title='bbox 517 2927 595 2990; x_wconf 92' lang='lat' dir='ltr'>de</span> <span class='ocrx_word' id='word_1_243' title='bbox 640 2923 944 2989; x_wconf 82' lang='lat' dir='ltr'>civilitate</span> <span class='ocrx_word' id='word_1_244' title='bbox 991 2942 1103 2988; x_wconf 89' lang='lat' dir='ltr'>sua</span> <span class='ocrx_word' id='word_1_245' title='bbox 1148 2926 1332 3007; x_wconf 90' lang='lat' dir='ltr'>atque</span> <span class='ocrx_word' id='word_1_246' title='bbox 1393 2944 1644 2989; x_wconf 87' lang='lat' dir='ltr'>suorum</span> <span class='ocrx_word' id='word_1_247' title='bbox 1707 2925 1977 2990; x_wconf 90' lang='lat' dir='ltr'>filiorum</span> <span class='ocrx_word' id='word_1_248' title='bbox 2026 2925 2091 2989; x_wconf 93' lang='lat' dir='ltr'>et</span> <span class='ocrx_word' id='word_1_249' title='bbox 2127 2923 2444 2990; x_wconf 89' lang='lat' dir='ltr'>heredum.</span> <span class='ocrx_word' id='word_1_250' title='bbox 2496 2960 2576 2969; x_wconf 93' lang='lat'>-—</span> <span class='ocrx_word' id='word_1_251' title='bbox 2636 2924 2990 2989; x_wconf 86' lang='lat' dir='ltr'>Anthonius</span> <span class='ocrx_word' id='word_1_252' title='bbox 3035 2922 3242 2987; x_wconf 88' lang='lat' dir='ltr'>Vene-</span> 
     </span>
    </p>
   </div>
   <div class='ocr_carea' id='block_1_9' title="bbox 505 3010 3244 4854">
    <p class='ocr_par' dir='ltr' id='par_1_9' title="bbox 505 3010 3244 4854">
     <span class='ocr_line' id='line_1_27' title="bbox 512 3010 3244 3095; baseline -0.001 -18"><span class='ocrx_word' id='word_1_253' title='bbox 512 3014 605 3077; x_wconf 89' lang='lat' dir='ltr'>rio</span> <span class='ocrx_word' id='word_1_254' title='bbox 652 3012 750 3077; x_wconf 89' lang='lat' dir='ltr'>dei</span> <span class='ocrx_word' id='word_1_255' title='bbox 798 3012 1001 3095; x_wconf 88' lang='lat' dir='ltr'>gratia</span> <span class='ocrx_word' id='word_1_256' title='bbox 1047 3011 1167 3076; x_wconf 88' lang='lat' dir='ltr'>dux</span> <span class='ocrx_word' id='word_1_257' title='bbox 1236 3011 1636 3078; x_wconf 76' lang='lat' dir='ltr'>venetiarum</span> <span class='ocrx_word' id='word_1_258' title='bbox 1707 3015 1825 3076; x_wconf 84' lang='lat' dir='ltr'>etc.</span> <span class='ocrx_word' id='word_1_259' title='bbox 1890 3012 2207 3078; x_wconf 88' lang='lat' dir='ltr'>Universis</span> <span class='ocrx_word' id='word_1_260' title='bbox 2269 3016 2333 3077; x_wconf 91' lang='lat' dir='ltr'>et</span> <span class='ocrx_word' id='word_1_261' title='bbox 2378 3011 2646 3095; x_wconf 90' lang='lat' dir='ltr'>singulis</span> <span class='ocrx_word' id='word_1_262' title='bbox 2692 3029 2945 3094; x_wconf 89' lang='lat' dir='ltr'>presens</span> <span class='ocrx_word' id='word_1_263' title='bbox 2991 3010 3244 3094; x_wconf 88' lang='lat' dir='ltr'>privile·</span> 
     </span>
     <span class='ocr_line' id='line_1_28' title="bbox 512 3098 3242 3183; baseline 0 -19"><span class='ocrx_word' id='word_1_264' title='bbox 512 3100 688 3183; x_wconf 87' lang='lat' dir='ltr'>gium</span> <span class='ocrx_word' id='word_1_265' title='bbox 734 3099 1106 3183; x_wconf 90' lang='lat' dir='ltr'>inspecturis</span> <span class='ocrx_word' id='word_1_266' title='bbox 1153 3100 1419 3165; x_wconf 91' lang='lat' dir='ltr'>salutem</span> <span class='ocrx_word' id='word_1_267' title='bbox 1471 3103 1535 3165; x_wconf 88' lang='lat' dir='ltr'>et</span> <span class='ocrx_word' id='word_1_268' title='bbox 1578 3100 1814 3165; x_wconf 91' lang='lat' dir='ltr'>sincere</span> <span class='ocrx_word' id='word_1_269' title='bbox 1861 3100 2208 3165; x_wconf 88' lang='lat' dir='ltr'>dilectionis</span> <span class='ocrx_word' id='word_1_270' title='bbox 2240 3101 2551 3165; x_wconf 84' lang='lat' dir='ltr'>affectum.</span> <span class='ocrx_word' id='word_1_271' title='bbox 2582 3098 2840 3164; x_wconf 86' lang='lat' dir='ltr'>Ducalis</span> <span class='ocrx_word' id='word_1_272' title='bbox 2888 3101 3242 3182; x_wconf 88' lang='lat' dir='ltr'>benignitas</span> 
     </span>
     <span class='ocr_line' id='line_1_29' title="bbox 516 3187 3237 3272; baseline 0 -20"><span class='ocrx_word' id='word_1_273' title='bbox 516 3190 576 3252; x_wconf 92' lang='lat' dir='ltr'>in</span> <span class='ocrx_word' id='word_1_274' title='bbox 625 3187 1032 3253; x_wconf 79' lang='lat' dir='ltr'>liberalitatis</span> <span class='ocrx_word' id='word_1_275' title='bbox 1077 3190 1364 3272; x_wconf 90' lang='lat' dir='ltr'>operibus</span> <span class='ocrx_word' id='word_1_276' title='bbox 1412 3190 1596 3254; x_wconf 88' lang='lat' dir='ltr'>solita</span> <span class='ocrx_word' id='word_1_277' title='bbox 1640 3188 2043 3252; x_wconf 89' lang='lat' dir='ltr'>celeberrime</span> <span class='ocrx_word' id='word_1_278' title='bbox 2105 3188 2469 3264; x_wconf 88' lang='lat' dir='ltr'>conservari,</span> <span class='ocrx_word' id='word_1_279' title='bbox 2539 3191 2711 3252; x_wconf 90' lang='lat' dir='ltr'>tanto</span> <span class='ocrx_word' id='word_1_280' title='bbox 2755 3194 3045 3271; x_wconf 87' lang='lat' dir='ltr'>personas</span> <span class='ocrx_word' id='word_1_281' title='bbox 3093 3187 3237 3252; x_wconf 90' lang='lat' dir='ltr'>illu-</span> 
     </span>
     <span class='ocr_line' id='line_1_30' title="bbox 508 3274 3239 3359; baseline -0 -19"><span class='ocrx_word' id='word_1_282' title='bbox 508 3280 670 3341; x_wconf 89' lang='lat' dir='ltr'>stres</span> <span class='ocrx_word' id='word_1_283' title='bbox 718 3279 785 3339; x_wconf 86' lang='lat' dir='ltr'>et</span> <span class='ocrx_word' id='word_1_284' title='bbox 829 3276 1102 3340; x_wconf 87' lang='lat' dir='ltr'>excelsas</span> <span class='ocrx_word' id='word_1_285' title='bbox 1152 3277 1467 3358; x_wconf 86' lang='lat' dir='ltr'>prevenire</span> <span class='ocrx_word' id='word_1_286' title='bbox 1516 3276 1725 3340; x_wconf 89' lang='lat' dir='ltr'>studet</span> <span class='ocrx_word' id='word_1_287' title='bbox 1769 3276 2101 3340; x_wconf 88' lang='lat' dir='ltr'>honoribus</span> <span class='ocrx_word' id='word_1_288' title='bbox 2136 3280 2200 3340; x_wconf 90' lang='lat' dir='ltr'>et</span> <span class='ocrx_word' id='word_1_289' title='bbox 2223 3274 2531 3340; x_wconf 87' lang='lat' dir='ltr'>dotalibus</span> <span class='ocrx_word' id='word_1_290' title='bbox 2575 3277 2878 3359; x_wconf 91' lang='lat' dir='ltr'>ampliare</span> <span class='ocrx_word' id='word_1_291' title='bbox 2905 3275 3239 3354; x_wconf 83' lang='lat' dir='ltr'>favoribus,</span> 
     </span>
     <span class='ocr_line' id='line_1_31' title="bbox 507 3362 3237 3447; baseline 0 -19"><span class='ocrx_word' id='word_1_292' title='bbox 507 3365 902 3447; x_wconf 88' lang='lat' dir='ltr'>ipsarumque</span> <span class='ocrx_word' id='word_1_293' title='bbox 950 3365 1276 3445; x_wconf 89' lang='lat' dir='ltr'>petitiones</span> <span class='ocrx_word' id='word_1_294' title='bbox 1301 3364 1618 3429; x_wconf 88' lang='lat' dir='ltr'>liberalius</span> <span class='ocrx_word' id='word_1_295' title='bbox 1656 3365 1962 3441; x_wconf 84' lang='lat' dir='ltr'>exaudire,</span> <span class='ocrx_word' id='word_1_296' title='bbox 1991 3367 2219 3447; x_wconf 89' lang='lat' dir='ltr'>quanto</span> <span class='ocrx_word' id='word_1_297' title='bbox 2242 3382 2306 3428; x_wconf 92' lang='lat' dir='ltr'>se</span> <span class='ocrx_word' id='word_1_298' title='bbox 2334 3368 2543 3428; x_wconf 90' lang='lat' dir='ltr'>nostro</span> <span class='ocrx_word' id='word_1_299' title='bbox 2589 3364 2841 3429; x_wconf 88' lang='lat' dir='ltr'>ducatui</span> <span class='ocrx_word' id='word_1_300' title='bbox 2888 3362 3237 3429; x_wconf 85' lang='lat' dir='ltr'>devotiores</span> 
     </span>
     <span class='ocr_line' id='line_1_32' title="bbox 509 3450 3239 3534; baseline 0.001 -18"><span class='ocrx_word' id='word_1_301' title='bbox 509 3452 630 3516; x_wconf 90' lang='lat' dir='ltr'>fide</span> <span class='ocrx_word' id='word_1_302' title='bbox 676 3469 750 3515; x_wconf 90' lang='lat' dir='ltr'>ac</span> <span class='ocrx_word' id='word_1_303' title='bbox 796 3450 1100 3517; x_wconf 87' lang='lat' dir='ltr'>charitate</span> <span class='ocrx_word' id='word_1_304' title='bbox 1145 3452 1548 3517; x_wconf 86' lang='lat' dir='ltr'>laudabilium</span> <span class='ocrx_word' id='word_1_305' title='bbox 1597 3471 1849 3534; x_wconf 90' lang='lat' dir='ltr'>operum</span> <span class='ocrx_word' id='word_1_306' title='bbox 1897 3452 2314 3518; x_wconf 89' lang='lat' dir='ltr'>ostenderunt.</span> <span class='ocrx_word' id='word_1_307' title='bbox 2353 3451 2598 3520; x_wconf 84' lang='lat' dir='ltr'>.Verum</span> <span class='ocrx_word' id='word_1_308' title='bbox 2625 3469 2767 3517; x_wconf 90' lang='lat' dir='ltr'>cum</span> <span class='ocrx_word' id='word_1_309' title='bbox 2800 3451 3239 3518; x_wconf 89' lang='lat' dir='ltr'>serenissimus</span> 
     </span>
     <span class='ocr_line' id='line_1_33' title="bbox 508 3537 3244 3623; baseline 0 -20"><span class='ocrx_word' id='word_1_310' title='bbox 508 3537 797 3604; x_wconf 91' lang='lat' dir='ltr'>dominus</span> <span class='ocrx_word' id='word_1_311' title='bbox 844 3538 1194 3621; x_wconf 86' lang='lat' dir='ltr'>Stephanus</span> <span class='ocrx_word' id='word_1_312' title='bbox 1240 3540 1550 3606; x_wconf 84' lang='lat' dir='ltr'>Tuertcho</span> <span class='ocrx_word' id='word_1_313' title='bbox 1595 3541 1695 3604; x_wconf 91' lang='lat' dir='ltr'>dei</span> <span class='ocrx_word' id='word_1_314' title='bbox 1725 3541 1930 3623; x_wconf 89' lang='lat' dir='ltr'>gratia</span> <span class='ocrx_word' id='word_1_315' title='bbox 1967 3559 2068 3603; x_wconf 87' lang='lat' dir='ltr'>rex</span> <span class='ocrx_word' id='word_1_316' title='bbox 2093 3540 2330 3618; x_wconf 86' lang='lat' dir='ltr'>Rassie,</span> <span class='ocrx_word' id='word_1_317' title='bbox 2366 3539 2627 3604; x_wconf 88' lang='lat' dir='ltr'>Bossine</span> <span class='ocrx_word' id='word_1_318' title='bbox 2658 3541 3244 3622; x_wconf 86' lang='lat' dir='ltr'>maritimarumque</span> 
     </span>
     <span class='ocr_line' id='line_1_34' title="bbox 509 3626 3240 3710; baseline 0 -19"><span class='ocrx_word' id='word_1_319' title='bbox 509 3627 787 3710; x_wconf 89' lang='lat' dir='ltr'>partium</span> <span class='ocrx_word' id='word_1_320' title='bbox 827 3626 943 3690; x_wconf 89' lang='lat' dir='ltr'>etc.</span> <span class='ocrx_word' id='word_1_321' title='bbox 987 3627 1236 3692; x_wconf 89' lang='lat' dir='ltr'>honoris</span> <span class='ocrx_word' id='word_1_322' title='bbox 1284 3631 1347 3693; x_wconf 90' lang='lat' dir='ltr'>et</span> <span class='ocrx_word' id='word_1_323' title='bbox 1384 3629 1651 3693; x_wconf 89' lang='lat' dir='ltr'>nominis</span> <span class='ocrx_word' id='word_1_324' title='bbox 1701 3629 1896 3693; x_wconf 90' lang='lat' dir='ltr'>nostri</span> <span class='ocrx_word' id='word_1_325' title='bbox 1945 3628 2172 3692; x_wconf 88' lang='lat' dir='ltr'>zelator</span> <span class='ocrx_word' id='word_1_326' title='bbox 2213 3628 2517 3702; x_wconf 77' lang='lat' dir='ltr'>assiduae,</span> <span class='ocrx_word' id='word_1_327' title='bbox 2562 3646 2753 3710; x_wconf 61' lang='lat' dir='ltr'>quem,</span> <span class='ocrx_word' id='word_1_328' title='bbox 2808 3645 3051 3709; x_wconf 88' lang='lat' dir='ltr'>semper</span> <span class='ocrx_word' id='word_1_329' title='bbox 3095 3645 3240 3693; x_wconf 88' lang='lat' dir='ltr'>cum</span> 
     </span>
     <span class='ocr_line' id='line_1_35' title="bbox 508 3714 3241 3798; baseline 0 -18"><span class='ocrx_word' id='word_1_330' title='bbox 508 3716 641 3780; x_wconf 90' lang='lat' dir='ltr'>eius</span> <span class='ocrx_word' id='word_1_331' title='bbox 686 3715 1184 3798; x_wconf 86' lang='lat' dir='ltr'>progenitoribus</span> <span class='ocrx_word' id='word_1_332' title='bbox 1233 3715 1444 3781; x_wconf 86' lang='lat' dir='ltr'>inclite</span> <span class='ocrx_word' id='word_1_333' title='bbox 1491 3716 1784 3780; x_wconf 90' lang='lat' dir='ltr'>memorie</span> <span class='ocrx_word' id='word_1_334' title='bbox 1828 3736 1894 3781; x_wconf 88' lang='lat' dir='ltr'>se</span> <span class='ocrx_word' id='word_1_335' title='bbox 1941 3718 2153 3780; x_wconf 85' lang='lat' dir='ltr'>verum</span> <span class='ocrx_word' id='word_1_336' title='bbox 2193 3716 2494 3796; x_wconf 84' lang='lat' dir='ltr'>expressit</span> <span class='ocrx_word' id='word_1_337' title='bbox 2540 3715 2844 3779; x_wconf 91' lang='lat' dir='ltr'>Venetum</span> <span class='ocrx_word' id='word_1_338' title='bbox 2892 3718 2956 3780; x_wconf 89' lang='lat' dir='ltr'>et</span> <span class='ocrx_word' id='word_1_339' title='bbox 3006 3714 3241 3797; x_wconf 83' lang='lat' dir='ltr'>perfec-</span> 
     </span>
     <span class='ocr_line' id='line_1_36' title="bbox 505 3802 3235 3885; baseline 0 -18"><span class='ocrx_word' id='word_1_340' title='bbox 505 3804 662 3881; x_wconf 89' lang='lat' dir='ltr'>tum,</span> <span class='ocrx_word' id='word_1_341' title='bbox 711 3823 778 3868; x_wconf 90' lang='lat' dir='ltr'>se</span> <span class='ocrx_word' id='word_1_342' title='bbox 815 3821 1002 3884; x_wconf 92' lang='lat' dir='ltr'>penes</span> <span class='ocrx_word' id='word_1_343' title='bbox 1041 3804 1335 3869; x_wconf 91' lang='lat' dir='ltr'>ducatum</span> <span class='ocrx_word' id='word_1_344' title='bbox 1392 3807 1676 3869; x_wconf 88' lang='lat' dir='ltr'>nostrum</span> <span class='ocrx_word' id='word_1_345' title='bbox 1734 3805 2003 3869; x_wconf 90' lang='lat' dir='ltr'>sentiens</span> <span class='ocrx_word' id='word_1_346' title='bbox 2052 3803 2181 3868; x_wconf 84' lang='lat' dir='ltr'>suis</span> <span class='ocrx_word' id='word_1_347' title='bbox 2233 3803 2474 3868; x_wconf 91' lang='lat' dir='ltr'>meritis</span> <span class='ocrx_word' id='word_1_348' title='bbox 2505 3804 2849 3885; x_wconf 86' lang='lat' dir='ltr'>gratiosum</span> <span class='ocrx_word' id='word_1_349' title='bbox 2895 3802 3235 3883; x_wconf 87' lang='lat' dir='ltr'>plurimum</span> 
     </span>
     <span class='ocr_line' id='line_1_37' title="bbox 511 3891 3241 3975; baseline 0 -20"><span class='ocrx_word' id='word_1_350' title='bbox 511 3894 574 3955; x_wconf 90' lang='lat' dir='ltr'>et</span> <span class='ocrx_word' id='word_1_351' title='bbox 614 3893 955 3974; x_wconf 87' lang='lat' dir='ltr'>acceptum,</span> <span class='ocrx_word' id='word_1_352' title='bbox 1028 3895 1301 3957; x_wconf 88' lang='lat' dir='ltr'>nostram</span> <span class='ocrx_word' id='word_1_353' title='bbox 1372 3893 1592 3957; x_wconf 85' lang='lat' dir='ltr'>fecerit</span> <span class='ocrx_word' id='word_1_354' title='bbox 1654 3891 2180 3975; x_wconf 77' lang='lat' dir='ltr'>magnificentiam</span> <span class='ocrx_word' id='word_1_355' title='bbox 2228 3891 2642 3957; x_wconf 86' lang='lat' dir='ltr'>amirabiliter</span> <span class='ocrx_word' id='word_1_356' title='bbox 2692 3893 2916 3973; x_wconf 86' lang='lat' dir='ltr'>rogari,</span> <span class='ocrx_word' id='word_1_357' title='bbox 2943 3893 3016 3954; x_wconf 84' lang='lat' dir='ltr'>ut</span> <span class='ocrx_word' id='word_1_358' title='bbox 3066 3893 3241 3956; x_wconf 90' lang='lat' dir='ltr'>nobis</span> 
     </span>
     <span class='ocr_line' id='line_1_38' title="bbox 509 3978 3244 4063; baseline 0 -20"><span class='ocrx_word' id='word_1_359' title='bbox 509 3979 804 4062; x_wconf 81' lang='lat' dir='ltr'>placeret,</span> <span class='ocrx_word' id='word_1_360' title='bbox 854 3978 1057 4061; x_wconf 90' lang='lat' dir='ltr'>ipsum</span> <span class='ocrx_word' id='word_1_361' title='bbox 1120 3981 1378 4063; x_wconf 84' lang='lat' dir='ltr'>eiusque·</span> <span class='ocrx_word' id='word_1_362' title='bbox 1431 3979 1592 4045; x_wconf 91' lang='lat' dir='ltr'>filios</span> <span class='ocrx_word' id='word_1_363' title='bbox 1642 3983 1706 4043; x_wconf 93' lang='lat' dir='ltr'>et</span> <span class='ocrx_word' id='word_1_364' title='bbox 1756 3979 2012 4045; x_wconf 90' lang='lat' dir='ltr'>heredes</span> <span class='ocrx_word' id='word_1_365' title='bbox 2057 3980 2319 4044; x_wconf 91' lang='lat' dir='ltr'>aliorum</span> <span class='ocrx_word' id='word_1_366' title='bbox 2362 3978 2662 4047; x_wconf 88' lang='lat' dir='ltr'>nobilium</span> <span class='ocrx_word' id='word_1_367' title='bbox 2712 3979 3090 4044; x_wconf 82' lang='lat' dir='ltr'>Venetorum</span> <span class='ocrx_word' id='word_1_368' title='bbox 3137 3998 3244 4043; x_wconf 92' lang='lat' dir='ltr'>no-</span> 
     </span>
     <span class='ocr_line' id='line_1_39' title="bbox 511 4067 3240 4153; baseline 0 -22"><span class='ocrx_word' id='word_1_369' title='bbox 511 4069 784 4132; x_wconf 89' lang='lat' dir='ltr'>strorum</span> <span class='ocrx_word' id='word_1_370' title='bbox 830 4072 893 4131; x_wconf 89' lang='lat' dir='ltr'>et</span> <span class='ocrx_word' id='word_1_371' title='bbox 939 4067 1214 4133; x_wconf 89' lang='lat' dir='ltr'>fidelium</span> <span class='ocrx_word' id='word_1_372' title='bbox 1264 4087 1517 4133; x_wconf 90' lang='lat' dir='ltr'>numero</span> <span class='ocrx_word' id='word_1_373' title='bbox 1575 4068 1913 4153; x_wconf 87' lang='lat' dir='ltr'>gratiosius</span> <span class='ocrx_word' id='word_1_374' title='bbox 1975 4086 2334 4151; x_wconf 88' lang='lat' dir='ltr'>aggregare,</span> <span class='ocrx_word' id='word_1_375' title='bbox 2386 4072 2453 4133; x_wconf 87' lang='lat' dir='ltr'>ut</span> <span class='ocrx_word' id='word_1_376' title='bbox 2502 4068 2814 4132; x_wconf 87' lang='lat' dir='ltr'>beneficiis</span> <span class='ocrx_word' id='word_1_377' title='bbox 2860 4067 3240 4132; x_wconf 85' lang='lat' dir='ltr'>citadinatns</span> 
     </span>
     <span class='ocr_line' id='line_1_40' title="bbox 512 4154 3241 4239; baseline -0.001 -19"><span class='ocrx_word' id='word_1_378' title='bbox 512 4156 727 4233; x_wconf 86' lang='lat' dir='ltr'>dotati,</span> <span class='ocrx_word' id='word_1_379' title='bbox 776 4155 1079 4220; x_wconf 89' lang='lat' dir='ltr'>nobilium</span> <span class='ocrx_word' id='word_1_380' title='bbox 1129 4160 1190 4219; x_wconf 90' lang='lat' dir='ltr'>et</span> <span class='ocrx_word' id='word_1_381' title='bbox 1235 4156 1462 4221; x_wconf 91' lang='lat' dir='ltr'>civium</span> <span class='ocrx_word' id='word_1_382' title='bbox 1513 4156 1915 4221; x_wconf 90' lang='lat' dir='ltr'>Venetiarum</span> <span class='ocrx_word' id='word_1_383' title='bbox 1960 4155 2285 4239; x_wconf 86' lang='lat' dir='ltr'>privilegio</span> <span class='ocrx_word' id='word_1_384' title='bbox 2332 4154 2804 4238; x_wconf 86' lang='lat' dir='ltr'>congauderent.</span> <span class='ocrx_word' id='word_1_385' title='bbox 2858 4155 2987 4220; x_wconf 90' lang='lat' dir='ltr'>Nos</span> <span class='ocrx_word' id='word_1_386' title='bbox 3035 4160 3241 4220; x_wconf 86' lang='lat' dir='ltr'>atten-</span> 
     </span>
     <span class='ocr_line' id='line_1_41' title="bbox 512 4242 3239 4327; baseline 0 -21"><span class='ocrx_word' id='word_1_387' title='bbox 512 4243 730 4308; x_wconf 88' lang='lat' dir='ltr'>dentes</span> <span class='ocrx_word' id='word_1_388' title='bbox 800 4242 1196 4308; x_wconf 90' lang='lat' dir='ltr'>dilectionem</span> <span class='ocrx_word' id='word_1_389' title='bbox 1267 4245 1581 4327; x_wconf 90' lang='lat' dir='ltr'>ingentem</span> <span class='ocrx_word' id='word_1_390' title='bbox 1647 4246 1709 4308; x_wconf 90' lang='lat' dir='ltr'>et</span> <span class='ocrx_word' id='word_1_391' title='bbox 1777 4244 2028 4327; x_wconf 89' lang='lat' dir='ltr'>gratum</span> <span class='ocrx_word' id='word_1_392' title='bbox 2098 4243 2387 4308; x_wconf 88' lang='lat' dir='ltr'>affectum</span> <span class='ocrx_word' id='word_1_393' title='bbox 2435 4246 2499 4307; x_wconf 88' lang='lat' dir='ltr'>et</span> <span class='ocrx_word' id='word_1_394' title='bbox 2543 4242 2985 4321; x_wconf 89' lang='lat' dir='ltr'>sinceritatem,</span> <span class='ocrx_word' id='word_1_395' title='bbox 3056 4261 3239 4324; x_wconf 86' lang='lat' dir='ltr'>quam</span> 
     </span>
     <span class='ocr_line' id='line_1_42' title="bbox 517 4330 3244 4415; baseline 0 -21"><span class='ocrx_word' id='word_1_396' title='bbox 517 4349 761 4414; x_wconf 88' lang='lat' dir='ltr'>semper</span> <span class='ocrx_word' id='word_1_397' title='bbox 805 4332 1079 4414; x_wconf 85' lang='lat' dir='ltr'>prefatus</span> <span class='ocrx_word' id='word_1_398' title='bbox 1126 4333 1409 4398; x_wconf 89' lang='lat' dir='ltr'>dominus</span> <span class='ocrx_word' id='word_1_399' title='bbox 1458 4331 1809 4415; x_wconf 87' lang='lat' dir='ltr'>Stephanus</span> <span class='ocrx_word' id='word_1_400' title='bbox 1858 4350 1958 4396; x_wconf 86' lang='lat' dir='ltr'>rex</span> <span class='ocrx_word' id='word_1_401' title='bbox 2009 4331 2087 4395; x_wconf 90' lang='lat' dir='ltr'>ad</span> <span class='ocrx_word' id='word_1_402' title='bbox 2132 4349 2240 4395; x_wconf 93' lang='lat' dir='ltr'>nos</span> <span class='ocrx_word' id='word_1_403' title='bbox 2267 4333 2331 4395; x_wconf 93' lang='lat' dir='ltr'>et</span> <span class='ocrx_word' id='word_1_404' title='bbox 2352 4330 2644 4395; x_wconf 90' lang='lat' dir='ltr'>ducatum</span> <span class='ocrx_word' id='word_1_405' title='bbox 2697 4334 2972 4394; x_wconf 89' lang='lat' dir='ltr'>nostrum</span> <span class='ocrx_word' id='word_1_406' title='bbox 3019 4333 3085 4393; x_wconf 88' lang='lat' dir='ltr'>et</span> <span class='ocrx_word' id='word_1_407' title='bbox 3116 4332 3244 4394; x_wconf 90' lang='lat' dir='ltr'>sin-</span> 
     </span>
     <span class='ocr_line' id='line_1_43' title="bbox 515 4418 3240 4502; baseline 0 -21"><span class='ocrx_word' id='word_1_408' title='bbox 515 4418 766 4500; x_wconf 89' lang='lat' dir='ltr'>gulares</span> <span class='ocrx_word' id='word_1_409' title='bbox 835 4437 1130 4502; x_wconf 89' lang='lat' dir='ltr'>personas</span> <span class='ocrx_word' id='word_1_410' title='bbox 1199 4419 1473 4484; x_wconf 89' lang='lat' dir='ltr'>eiusdem</span> <span class='ocrx_word' id='word_1_411' title='bbox 1554 4420 1861 4483; x_wconf 82' lang='lat' dir='ltr'>ferventer</span> <span class='ocrx_word' id='word_1_412' title='bbox 1906 4423 1969 4484; x_wconf 91' lang='lat' dir='ltr'>et</span> <span class='ocrx_word' id='word_1_413' title='bbox 2027 4419 2417 4483; x_wconf 85' lang='lat' dir='ltr'>laudabiliter</span> <span class='ocrx_word' id='word_1_414' title='bbox 2487 4418 2777 4494; x_wconf 85' lang='lat' dir='ltr'>ostendit,</span> <span class='ocrx_word' id='word_1_415' title='bbox 2849 4420 3240 4498; x_wconf 87' lang='lat' dir='ltr'>acceptorum</span> 
     </span>
     <span class='ocr_line' id='line_1_44' title="bbox 513 4505 3243 4590; baseline 0 -23"><span class='ocrx_word' id='word_1_416' title='bbox 513 4522 770 4587; x_wconf 90' lang='lat' dir='ltr'>operum</span> <span class='ocrx_word' id='word_1_417' title='bbox 821 4525 930 4588; x_wconf 93' lang='lat' dir='ltr'>per</span> <span class='ocrx_word' id='word_1_418' title='bbox 976 4508 1284 4584; x_wconf 82' lang='lat' dir='ltr'>effectum,</span> <span class='ocrx_word' id='word_1_419' title='bbox 1336 4507 1743 4572; x_wconf 87' lang='lat' dir='ltr'>benemeritas</span> <span class='ocrx_word' id='word_1_420' title='bbox 1791 4525 2004 4590; x_wconf 84' lang='lat' dir='ltr'>preces</span> <span class='ocrx_word' id='word_1_421' title='bbox 2053 4506 2248 4589; x_wconf 91' lang='lat' dir='ltr'>ipsius</span> <span class='ocrx_word' id='word_1_422' title='bbox 2295 4505 2584 4570; x_wconf 84' lang='lat' dir='ltr'>duximus</span> <span class='ocrx_word' id='word_1_423' title='bbox 2618 4506 2803 4589; x_wconf 86' lang='lat' dir='ltr'>digne</span> <span class='ocrx_word' id='word_1_424' title='bbox 2831 4505 3243 4569; x_wconf 85' lang='lat' dir='ltr'>retribuentes</span> 
     </span>
     <span class='ocr_line' id='line_1_45' title="bbox 511 4592 3238 4677; baseline 0 -21"><span class='ocrx_word' id='word_1_425' title='bbox 511 4610 765 4657; x_wconf 90' lang='lat' dir='ltr'>munere</span> <span class='ocrx_word' id='word_1_426' title='bbox 813 4594 1307 4676; x_wconf 86' lang='lat' dir='ltr'>gratificabiliter</span> <span class='ocrx_word' id='word_1_427' title='bbox 1368 4596 1807 4677; x_wconf 87' lang='lat' dir='ltr'>acceptandas;</span> <span class='ocrx_word' id='word_1_428' title='bbox 1873 4598 2083 4660; x_wconf 90' lang='lat' dir='ltr'>notum</span> <span class='ocrx_word' id='word_1_429' title='bbox 2134 4595 2324 4677; x_wconf 87' lang='lat' dir='ltr'>igitur</span> <span class='ocrx_word' id='word_1_430' title='bbox 2382 4593 2512 4658; x_wconf 90' lang='lat' dir='ltr'>fieri</span> <span class='ocrx_word' id='word_1_431' title='bbox 2561 4592 2889 4658; x_wconf 89' lang='lat' dir='ltr'>volumdus</span> <span class='ocrx_word' id='word_1_432' title='bbox 2939 4592 3238 4661; x_wconf 88' lang='lat' dir='ltr'>universis</span> 
     </span>
     <span class='ocr_line' id='line_1_46' title="bbox 510 4677 3242 4766; baseline -0.001 -22"><span class='ocrx_word' id='word_1_433' title='bbox 510 4680 575 4744; x_wconf 89' lang='lat' dir='ltr'>et</span> <span class='ocrx_word' id='word_1_434' title='bbox 619 4680 886 4762; x_wconf 88' lang='lat' dir='ltr'>singulis</span> <span class='ocrx_word' id='word_1_435' title='bbox 934 4687 1065 4746; x_wconf 91' lang='lat' dir='ltr'>tam</span> <span class='ocrx_word' id='word_1_436' title='bbox 1112 4681 1506 4765; x_wconf 89' lang='lat' dir='ltr'>presentibus</span> <span class='ocrx_word' id='word_1_437' title='bbox 1554 4702 1739 4765; x_wconf 89' lang='lat' dir='ltr'>quam</span> <span class='ocrx_word' id='word_1_438' title='bbox 1788 4682 2036 4758; x_wconf 78' lang='lat' dir='ltr'>futuriS,</span> <span class='ocrx_word' id='word_1_439' title='bbox 2087 4685 2245 4766; x_wconf 93' lang='lat' dir='ltr'>quod</span> <span class='ocrx_word' id='word_1_440' title='bbox 2287 4683 2451 4747; x_wconf 90' lang='lat' dir='ltr'>omni</span> <span class='ocrx_word' id='word_1_441' title='bbox 2496 4680 2679 4764; x_wconf 76' lang='lat' dir='ltr'>juriS,</span> <span class='ocrx_word' id='word_1_442' title='bbox 2731 4677 3126 4745; x_wconf 87' lang='lat' dir='ltr'>consiliorum</span> <span class='ocrx_word' id='word_1_443' title='bbox 3177 4682 3242 4742; x_wconf 88' lang='lat' dir='ltr'>et</span> 
     </span>
     <span class='ocr_line' id='line_1_47' title="bbox 508 4766 3240 4854; baseline -0.001 -22"><span class='ocrx_word' id='word_1_444' title='bbox 508 4766 1078 4834; x_wconf 84' lang='lat' dir='ltr'>ordinamentorum</span> <span class='ocrx_word' id='word_1_445' title='bbox 1122 4772 1474 4834; x_wconf 90' lang='lat' dir='ltr'>nostrorum</span> <span class='ocrx_word' id='word_1_446' title='bbox 1520 4770 1766 4854; x_wconf 89' lang='lat' dir='ltr'>integra</span> <span class='ocrx_word' id='word_1_447' title='bbox 1807 4769 2205 4835; x_wconf 89' lang='lat' dir='ltr'>solemnitate</span> <span class='ocrx_word' id='word_1_448' title='bbox 2250 4771 2512 4847; x_wconf 84' lang='lat' dir='ltr'>servata,</span> <span class='ocrx_word' id='word_1_449' title='bbox 2572 4767 2876 4852; x_wconf 78' lang='lat' dir='ltr'>prefatum</span> <span class='ocrx_word' id='word_1_450' title='bbox 2924 4766 3240 4833; x_wconf 89' lang='lat' dir='ltr'>dominum</span> 
     </span>
    </p>
   </div>
  </div>
 </body>
</html>
