3620 5282
3046 376 3173 442 183

643 558 1139 622 lustramentum
1185 556 1628 639 assignationis
1693 554 1856 619 facte
1918 572 2024 636 per
2088 571 2405 618 commune
2458 552 2866 618 Venetiarum
2915 552 3170 618 domino

434 647 560 729 regi
610 646 885 728 Ungarie
954 663 1061 708 seu
1111 645 1322 709 nuntio
1370 663 1482 709 suo
1529 644 1604 707 de
1651 643 1854 707 castro
1902 641 2175 707 Cathari.

644 733 781 797 Una
827 731 1084 811 scatula‚
1129 733 1192 795 in
1238 748 1357 814 qua
1405 734 1501 796 est
1546 730 1846 814 quietatio
1879 730 2045 794 facta
2089 748 2194 811 per
2225 728 2538 794 dominam
2572 728 2836 793 Mariam
2887 726 3168 809 reginam

435 821 710 904 ngarie
759 822 832 885 de
879 820 1180 884 solutione
1246 820 1613 885 ducatorum
1660 819 1899 900 septem
1959 817 2230 882 millium
2290 834 2398 899 pro
2461 834 2619 881 anno
2662 814 2994 880 millesimo
3044 820 3171 880 tre-

433 908 773 973 centesimo
821 907 1243 991 octuagesimo
1287 907 1519 990 quinto.

1509 1048 1590 1106 In
1637 1046 1845 1120 quinto
1888 1046 2103 1108 sacho:

650 1167 1074 1231 Instrumenta
1124 1166 1453 1231 iuramenti
1503 1165 1750 1248 prestiti
1798 1185 1909 1248 per
1954 1166 2423 1230 serenissimum
2464 1164 2785 1230 dominum
2819 1163 3168 1249 Sigismuu-

432 1256 577 1319 dum
629 1273 842 1337 regern
887 1254 1207 1338 Huugarie
1253 1253 1330 1318 de
1377 1254 1755 1318 observando
1801 1272 2014 1336 pacem
2064 1253 2291 1318 factam
2339 1252 2612 1316 Taurini.

641 1343 1135 1406 lustramentum
1181 1341 1632 1424 procurationis
1672 1341 1908 1404 factum
1949 1359 2058 1424 per
2102 1339 2423 1412 domiuum
2456 1338 2922 1423 Sigismundum
2949 1357 3166 1423 regem

432 1429 753 1511 Huugarie
800 1431 1046 1494 nomine
1093 1448 1203 1493 suo
1251 1432 1314 1493 et
1361 1429 1606 1493 domine
1653 1427 1848 1493 Marie
1917 1429 2125 1511 regine
2194 1431 2258 1492 et
2301 1445 2521 1492 corone
2577 1427 2851 1510 Ungarie
2914 1427 2979 1491 in
3026 1446 3165 1510 per-

438 1534 652 1581 sonam
701 1516 936 1581 domini
984 1517 1266 1580 Dimitrii
1312 1516 1654 1581 Nitriensis
1695 1515 1880 1581 electi
1926 1516 2006 1580 ad
2054 1513 2475 1599 recipiendum
2515 1518 2752 1597 septem
2802 1514 3004 1579 millia
3049 1514 3164 1579 du-

433 1605 708 1669 catorum
771 1623 877 1687 pro
937 1622 1099 1687 paga
1160 1606 1233 1669 de
1283 1603 1471 1682 1387,
1541 1606 1604 1669 et
1674 1605 2019 1688 rogandum
2081 1604 2564 1668 instrumentum
2627 1600 3027 1685 quietationis
3087 1600 3164 1668 de

433 1691 749 1773 predictis.

644 1779 1134 1845 Instrumeutum
1183 1778 1579 1861 quietationis
1628 1779 1871 1861 septem
1904 1777 2176 1842 millium
2218 1776 2584 1842 ducatorum
2631 1778 2704 1841 de
2754 1775 2943 1851 1387,
2988 1795 3166 1862 roga-

434 1869 568 1932 tum
633 1885 742 1948 per
803 1867 1117 1931 domiuum
1176 1867 1552 1932 Demitrium
1617 1867 1887 1932 electum
1956 1865 2337 1930 Nitriensem
2405 1865 2865 1946 procuratorem
2929 1865 3163 1932 domini

435 1953 819 2036 Sigismundi
866 1954 1031 2037 regis
1100 1958 1162 2019 et
1208 1955 1450 2018 domine
1500 1955 1695 2019 Marie
1765 1954 1978 2036 regine
2024 1955 2087 2018 et
2132 1971 2349 2018 corone
2398 1951 2741 2035 Huugarie.

641 2041 882 2106 Littera
925 2044 1146 2124 patens
1194 2060 1333 2107 cum
1399 2042 1607 2126 sigillo
1675 2041 1909 2106 domini
1958 2040 2338 2124 Sigismundi
2399 2041 2561 2123 regis
2607 2039 2931 2124 Huugarie
2972 2041 3163 2105 confi-

429 2129 622 2193 tentis
673 2129 1041 2194 solutionem
1089 2133 1330 2212 septem
1379 2131 1648 2194 millium
1679 2131 2034 2194 ducatorum
2098 2128 2174 2192 de
2228 2128 2415 2192 1387.
2474 2128 2551 2192 ad
2611 2128 2909 2193 maiorem
2955 2130 3165 2194 caute-

438 2216 588 2295 lam,
630 2216 778 2282 licet
822 2217 898 2281 de
946 2217 1097 2300 ipsis
1145 2218 1367 2282 solutis
1398 2220 1688 2300 appareat
1723 2236 1829 2299 per
1876 2216 2190 2298 publicum
2223 2214 2709 2281 instrumentum
2741 2216 3158 2298 quietationiS.

1421 2361 1505 2418 In
1550 2364 1715 2420 sexto
1762 2360 1942 2419 sacko
1989 2363 2168 2418 sunt:

645 2481 815 2544 Finis
864 2479 1260 2563 quietatiouis
1308 2481 1470 2546 facte
1516 2483 1752 2562 septem
1818 2478 2088 2544 millium
2135 2477 2498 2543 ducatorum
2564 2496 2673 2559 per
2721 2477 3158 2544 serenissimas

436 2567 721 2632 dominas
767 2570 1014 2650 reginas
1060 2569 1405 2632 solutorum
1456 2570 1703 2634 nomine
1745 2567 1986 2632 ducalis
2033 2565 2293 2630 dominii
2338 2584 2445 2648 pro
2491 2582 2646 2628 anno
2695 2564 2769 2628 de
2825 2563 3009 2630 1386.

642 2658 800 2721 Item
850 2657 1060 2721 littera
1106 2660 1326 2739 patens
1389 2658 1772 2721 dominarum
1838 2654 2189 2737 reginarum
2239 2653 2558 2737 Huugarie
2613 2653 2687 2716 de
2732 2653 2974 2719 ducatis
3021 2673 3159 2736 sep-

434 2745 561 2807 tem
614 2744 893 2808 millibus
941 2743 1160 2808 solutis
1203 2764 1308 2826 per
1356 2744 1569 2808 ducale
1619 2743 1963 2807 dominium
2013 2761 2116 2824 pro
2162 2759 2323 2805 anno
2375 2741 2565 2804 1386.

642 2832 879 2896 Littera
927 2833 1145 2913 patens
1192 2832 1573 2896 serenissimi
1630 2832 1865 2895 domini
1929 2831 2089 2912 regis
2137 2829 2462 2913 Huugarie
2521 2828 2599 2892 ad
2646 2826 3073 2911 recipiendum
3121 2847 3161 2893 a

431 2918 634 2983 ducali
678 2918 948 2983 dominio
995 2918 1466 2983 ratificationem
1514 2920 1704 3001 pacis

520 3024 1089 3087 Commemorialium
1146 3023 1310 3088 VIII
1356 3010 1438 3086 1⁴4
1448 3031 1502 3099 1,
1546 3045 1588 3087 u
1633 3026 1786 3087 mlet.
1833 3026 2068 3087 arkivu.

738 3266 1079 3352 CCLIV.
1144 3269 1349 3352 God.
1408 3270 1629 3352 1382.
1684 3271 1758 3353 2.
1815 3268 2167 3370 sicema,
2230 3292 2290 3349 u
2345 3268 2857 3368 mosgyoru.

427 3414 714 3486 Ljuaeoit
759 3414 1087 3488 agan-hro).
1132 3414 1292 3486 kralj
1342 3414 1470 3486 pise
1510 3414 1889 3493 Mlelcanom,
1934 3412 2089 3470 nelca
2133 3412 2336 3469 danak
2381 3410 2456 3468 od
2497 3411 2700 3469 sedam
2739 3411 2964 3485 yodina
2989 3430 3031 3470 u
3075 3414 3161 3472 iz-

424 3519 577 3563 nosu
622 3503 697 3561 od
743 3503 958 3560 49000
983 3500 1210 3558 dulcata
1254 3502 1472 3574 inplate
1510 3502 1850 3574 aospodaru
1894 3499 2378 3567 Paduanskomu,
2424 3499 2601 3558 komu
2632 3500 2699 3571 ,je
2752 3515 2829 3557 on
2873 3500 3160 3574 duqovao.

640 3619 987 3683 Ludovicus
1035 3618 1130 3680 dei
1179 3618 1381 3700 gratia
1429 3619 1720 3701 Ungarie,
1787 3617 2058 3695 Polonie‚
2125 3617 2439 3681 Dalmatio
2487 3617 2605 3681 etc.
2655 3635 2783 3680 rex.
2834 3616 3155 3684 Carissimi

431 3708 634 3771 amici.
683 3707 1002 3771 Mittimus
1050 3707 1125 3768 ad
1167 3706 1355 3770 vestri
1404 3706 1776 3788 presentiam
1835 3704 2077 3769 fidelem
2141 3706 2419 3769 nostrum
2483 3704 2884 3769 secretarium
2950 3709 3155 3789 proto-

433 3797 740 3860 notarium
790 3792 1211 3858 honorabilem
1259 3791 1459 3857 virum
1508 3793 1890 3876 Stephanum
1936 3792 2172 3856 dictum
2218 3790 2471 3856 Czicher
2538 3792 2757 3856 karum
2805 3792 3147 3858 oblatorem

431 3883 505 3947 de
551 3883 736 3947 certis
783 3881 1231 3946 intentionibus
1281 3881 1508 3944 nostris
1559 3884 1759 3946 vestre
1804 3879 2081 3943 amicitie
2128 3879 2502 3945 fiducialiter
2528 3882 2973 3961 exponendum,
3022 3881 3153 3945 suf-

432 3970 736 4035 ficientius
782 3970 1221 4041 informatum3
1270 3967 1533 4031 summis
1580 3967 1898 4033 desideriis
1944 3967 2370 4048 dep1·ecante8‚
2418 3967 2721 4049 quatenus
2767 3967 2965 4031 eidem
3014 3966 3152 4031 Ste-

434 4059 629 4139 phano
674 4056 735 4121 in
785 4055 1057 4122 dicendis
1105 4058 1302 4121 nostri
1350 4072 1457 4137 pro
1506 4058 1678 4136 parte
1726 4057 1850 4120 ista
1901 4053 2033 4119 vice
2098 4056 2280 4118 fidem
2327 4055 2676 4119 credualam
2725 4057 2787 4118 et
2832 4053 3151 4120 indubiam

428 4145 634 4210 velitis
680 4145 992 4209 adhibere.
1041 4143 1301 4209 Minime
1347 4141 1721 4220 dubitamu8‚
1771 4143 1916 4226 quin
1964 4159 2073 4220 ea,
2123 4160 2242 4223 que
2281 4140 2537 4221 dixerit,
2586 4140 2832 4206 effectui
2877 4142 3152 4224 gratuito

425 4233 488 4296 et
524 4232 867 4299 desiderato
914 4232 1297 4313 mancipetis.

641 4320 802 4384 Data
846 4320 943 4384 die
991 4318 1261 4384 secundo
1307 4319 1538 4384 mensis
1571 4319 1854 4398 ianuarii,
1894 4336 2050 4384 anuo
2085 4316 2417 4384 millesimo
2459 4316 2891 4381 trecentesimo
2942 4318 3152 4383 octua-

426 4408 665 4489 gesimo
712 4406 995 4471 secundo.
1043 4409 1114 4471 In
1164 4406 1681 4489 superscriptione
1714 4406 2145 4470 continebatur
2190 4405 2316 4470 sic:
2381 4404 2707 4485 magnifico
2754 4404 2993 4485 potenti
3041 4405 3151 4470 do-

429 4493 600 4558 mina
643 4493 890 4558 Andree
938 4490 1281 4559 Contareno
1323 4495 1465 4559 duci
1512 4512 1623 4559 nec
1669 4512 1786 4558 nou
1825 4493 2138 4558 nobilibus
2186 4496 2249 4556 et
2287 4491 2666 4574 sapientibus
2697 4491 2846 4555 viris
2889 4491 3149 4558 consilio

425 4585 489 4645 et
534 4580 970 4646 communitati
1004 4581 1426 4659 Venetiarum‚
1474 4581 1694 4645 amicis
1743 4583 1967 4645 nostris
2014 4580 2350 4645 carissimis
2396 4580 2512 4643 etc.

632 4668 932 4733 Memoria
967 4668 1360 4733 dicendorum
1405 4687 1513 4751 pro
1560 4668 1735 4751 parte
1774 4667 2189 4732 illustrissimi
2218 4665 2452 4731 domini
2485 4664 2777 4729 Ludovici
2809 4666 2909 4730 dei
2940 4664 3148 4749 gratia

419 4755 581 4837 regis
617 4756 936 4840 Huugarie
982 4756 1096 4822 etc.
1141 4756 1304 4836 duci,
1351 4756 1607 4821 consilio
1650 4757 1716 4819 et
1761 4754 2192 4821 communitati
2225 4753 2497 4819 civitatis
2542 4752 2943 4819 Venetiamm
2988 4750 3147 4816 ami-

3140 5002 3257 5067 f
