3620 5282
482 342 608 412 156

478 541 737 606 quorum
782 524 1044 589 interest
1090 525 1188 588 vel
1233 524 1461 588 intesse
1509 524 1735 606 posset,
1779 541 1845 588 se
1891 539 2132 607 semper
2180 524 2375 600 firma,
2423 524 2557 587 rata
2604 525 2669 588 et
2731 525 2913 608 grata
2972 543 3080 607 per
3124 541 3190 590 se

478 616 540 675 et
585 630 961 677 successores
1007 631 1151 676 suos
1190 630 1263 677 ac
1308 631 1628 677 commune
1673 612 1880 677 Padue
1925 612 2170 691 habere,
2219 614 2449 691 tenere,
2498 614 2814 676 attendere
2881 614 2943 677 et
2987 614 3191 678 obser-

480 720 642 776 vare,
684 719 1060 783 quecumque
1108 721 1212 783 per
1256 700 1459 782 ipsum
1504 702 1959 782 procuratorem
2024 703 2087 764 et
2144 700 2449 765 sindicum
2510 719 2692 764 suum
2756 699 2941 779 dicta,
3008 701 3191 778 facta,

478 790 675 871 gesta,
723 788 1042 871 promissa,
1084 789 1373 853 conclusa
1420 790 1484 852 et
1527 790 1809 854 ordinata
1854 789 2084 854 fuerint
2130 789 2191 853 in
2240 788 2557 870 premissis
2589 789 2654 853 et
2684 788 2847 853 circa
2889 791 3191 871 premissa

478 880 542 941 et
584 876 645 939 in
691 876 1175 958 dependentibus
1229 878 1295 941 et
1336 878 1618 941 connexis
1650 878 1726 942 ab
1771 877 1882 955 eis,
1926 878 1991 941 et
2020 895 2139 941 11611
2173 876 2589 942 contrafacere
2623 876 2718 941 vel
2753 878 2958 942 venire
2989 878 3193 959 aliqua

479 965 713 1029 ratione
760 966 857 1029 vel
904 983 1089 1030 causa
1135 965 1208 1029 de
1256 966 1388 1029 iure
1434 965 1530 1029 vel
1579 967 1650 1029 de
1700 968 1880 1040 facto,
1929 966 2045 1030 sub
2091 969 2352 1049 ypoteca
2399 967 2463 1029 et
2507 964 2883 1048 obligatione
2913 966 3190 1030 omnium

480 1054 776 1117 bonorum
824 1052 975 1117 dicti
1044 1056 1385 1119 communis
1434 1053 1638 1117 Padue
1695 1053 2023 1118 mobilium
2089 1062 2154 1118 et
2212 1054 2625 1118 immobilium
2692 1054 3071 1136 presentium
3132 1055 3194 1118 et

480 1143 846 1206 futurorum.
897 1141 1024 1225 Ego
1069 1140 1382 1207 Johannes
1430 1144 1505 1206 de
1550 1143 1915 1207 Bassanello
1962 1140 2127 1206 filius
2192 1161 2290 1206 ser
2340 1141 2623 1220 Rolandi,
2686 1141 2840 1205 civis
2903 1144 2967 1206 et
3020 1142 3191 1206 habi·

485 1232 646 1293 tator
689 1228 960 1294 civitatis
1009 1230 1215 1295 Padue
1260 1230 1322 1294 in
1369 1231 1678 1312 quarterio
1726 1233 1790 1294 et
1836 1231 2154 1295 contracta
2198 1229 2708 1295 Turrissellarum
2741 1246 2815 1294 ac
2844 1230 3190 1294 centenario

480 1319 677 1382 sancti
725 1318 1025 1394 DanieliS,
1075 1318 1378 1401 imperiali
1432 1320 1799 1383 auctoritate
1846 1319 2118 1383 notarius
2164 1336 2232 1383 ac
2302 1318 2621 1382 existentis
2667 1319 2729 1382 in
2775 1318 2977 1383 officio
3022 1337 3187 1382 com-

375 1440 385 1451 ·
481 1405 683 1470 munis
724 1406 926 1471 Padue
972 1407 1047 1470 ad
1094 1407 1334 1472 discum
1381 1406 1573 1489 sigilli
1632 1426 1837 1471 coram
1887 1408 2124 1487 prefato
2169 1407 2411 1470 domino
2458 1407 2761 1487 potestate
2808 1405 3034 1484 Padue,
3097 1406 3192 1470 his

482 1494 762 1559 omuibus
804 1492 1073 1572 interfui,
1138 1498 1203 1560 et
1245 1497 1516 1578 rogatus,
1563 1496 1676 1560 hec
1721 1496 1931 1560 omnia
1977 1497 2134 1560 bona
2182 1495 2298 1560 fide
2346 1494 2584 1577 scripsi,
2655 1513 2727 1560 ac
2774 1494 2836 1559 111
2884 1495 3040 1559 hanc
3086 1514 3191 1576 pu-

481 1583 703 1648 blicam
753 1582 1008 1646 formam
1059 1585 1265 1666 redegi
1313 1583 1427 1647 sub
1475 1582 1629 1647 meis
1674 1584 1852 1667 signo
1902 1585 1966 1647 et
2010 1582 2254 1647 nomine
2300 1582 2629 1647 consuetis,

686 1671 887 1735 'l'enor
931 1675 1202 1734 mandati
1246 1674 1594 1734 vicedomini
1637 1674 2059 1748 Aquileiensis.
2110 1672 2180 1735 In
2214 1670 2447 1736 Christi
2481 1671 2723 1736 nomine
2762 1689 2961 1734 amen.
3010 1666 3190 1734 Auno

482 1760 786 1825 dominice
832 1760 1182 1824 nativitatis
1237 1759 1568 1824 millesimo
1613 1760 2051 1825 trecentesimo
2108 1758 2524 1841 octuagesimo
2582 1758 2803 1843 prime,
2862 1759 3193 1823 indictione

479 1851 716 1930 quarta,
766 1848 864 1912 die
912 1866 1068 1913 nono
1112 1848 1342 1912 mensis
1390 1848 1625 1931 aprilis,
1671 1851 1884 1912 actum
1932 1847 1994 1912 in
2053 1849 2256 1912 castro
2304 1848 2491 1913 Sacili
2545 1846 3005 1931 Aquilegiensis
3052 1847 3192 1929 dyo·

480 1937 634 2000 cesis
683 1936 747 2000 iu
797 1955 1039 2001 camera
1088 1938 1227 2001 novi
1275 1936 1521 2018 palacii,
1569 1937 1994 2019 presentibus:
2066 1935 2394 2000 reverendo
2435 1937 2610 2019 patre
2676 1935 2919 2000 domino
2965 1934 3193 1999 Karolo

479 2024 700 2089 abbate
747 2024 1101 2089 monasterii
1150 2024 1515 2090 Rosacensis
1558 2027 1623 2089 et
1669 2024 2125 2089 venerabilibus
2170 2025 2437 2107 egregiis
2493 2027 2557 2088 et
2614 2022 2982 2088 honorandis
3052 2022 3193 2087 vitis

478 2113 743 2177 dominis
787 2112 1071 2178 Johanne
1138 2112 1372 2177 iuniore
1441 2112 1517 2176 de
1570 2114 1633 2176 la
1677 2114 1875 2178 Turre
1943 2116 2005 2176 et
2053 2112 2320 2177 Antonio
2391 2114 2465 2177 de
2531 2113 2819 2176 Rancone
2889 2110 3193 2176 canonicis

482 2200 1048 2283 Aquilegiensibus,
1096 2201 1370 2277 Nicola0,
1418 2202 1718 2280 Johanne,
1767 2201 2063 2265 Ofurlano
2132 2203 2195 2265 et
2238 2201 2454 2266 Attico
2516 2199 2850 2265 comitibus
2910 2198 2987 2264 de
3049 2200 3194 2264 Por·

480 2290 660 2365 ciliis,
709 2288 975 2354 Rizardo
1017 2289 1239 2355 comite
1285 2290 1361 2354 de
1409 2290 1614 2366 Prata,
1664 2289 1910 2354 Andrea
1957 2291 2020 2353 et
2066 2286 2322 2354 Nicolao
2367 2290 2500 2353 eius
2548 2289 2674 2353 filio
2721 2287 3053 2354 comitibus
3120 2288 3193 2351 de

489 2375 866 2455 l‘ulcinicho,
915 2377 1170 2442 Nicolao
1218 2378 1293 2443 de
1337 2377 1519 2453 Mols,
1569 2378 1886 2443 Bernardo
1949 2377 2024 2441 (16
2086 2375 2420 2454 Strasoldo,
2475 2376 2757 2441 Johanne
2804 2377 3061 2440 Fazatto
3122 2377 3194 2440 de

485 2466 945 2549 Sbrogliavaca,
1003 2466 1301 2530 Lodovico
1349 2467 1421 2530 (16
1470 2466 1722 2543 Vilalt0,
1774 2466 1831 2531 N
1842 2465 2033 2530 icolao
2081 2466 2152 2529 (16
2200 2466 2536 2542 Strasoldo,
2587 2464 2874 2529 Federico
2936 2465 3009 2527 de
3054 2463 3194 2528 Mu·

481 2555 671 2629 rucio,
720 2554 981 2619 Otthaco
1024 2557 1088 2618 et
1134 2554 1383 2619 Utussio
1427 2555 1499 2618 de
1547 2554 1801 2619 civitate
1848 2553 2125 2630 Austria,
2197 2553 2454 2619 Nicolao
2516 2554 2768 2618 Bonben
2832 2554 2894 2616 et
2938 2551 3194 2617 Nicolao

484 2643 768 2724 magistri
814 2643 1094 2726 Gregorii
1143 2645 1215 2707 de
1263 2644 1471 2721 Utine,
1518 2643 1835 2709 Thomado
1882 2646 1947 2708 et
1992 2644 2266 2707 Fautono
2313 2641 2389 2706 de
2447 2641 2748 2707 Glemona
2803 2644 2868 2706 et
2926 2640 3193 2725 Symone

483 2734 556 2796 de
608 2732 891 2796 Venzono
941 2732 1202 2796 testibus
1250 2735 1314 2796 et
1358 2732 1500 2795 aliis
1548 2732 1832 2814 pluribus
1881 2733 2110 2797 vocatis
2157 2734 2221 2795 et
2266 2733 2518 2813 rogatis.
2586 2731 2799 2813 Ibique
2844 2729 3197 2811 spectabilis

479 2824 541 2882 et
586 2819 954 2884 venerabilis
1005 2820 1096 2883 vir
1144 2820 1427 2884 dominus
1465 2820 1793 2885 Federicus
1843 2839 2047 2885 comes
2114 2821 2187 2883 de
2235 2820 2533 2883 Porcileis
2577 2818 3037 2901 Aquilegiensis
3099 2837 3198 2882 66-

479 2908 662 2972 clesie
735 2907 877 2972 sede
942 2908 1334 2990 patriarchali
1407 2907 1845 2992 Aquilegiense
1915 2911 2171 2972 vacante
2242 2907 2652 2972 vicedominus
2721 2905 3047 2990 generaliS,
3121 2907 3196 2969 de

484 2997 754 3062 unanimi
813 2999 877 3060 et
939 3000 1182 3062 matura
1243 2997 1704 3074 deliberatione,
1768 2998 2105 3072 voluntate,
2173 3014 2425 3059 assensu
2490 2996 2718 3077 pariter
2775 2997 2840 3059 et
2898 3013 3197 3058 consensu

483 3085 746 3162 consilii,
811 3085 1201 3167 parlamenti,
1269 3086 1670 3166 prelatorum,
1737 3084 2034 3149 nobilium
2097 3086 2160 3148 et
2219 3084 2738 3149 communitatum
2799 3084 2993 3165 patrie
3059 3082 3199 3145 Fori

480 3172 638 3237 Julii
688 3173 747 3236 iu
797 3193 982 3237 unum
1032 3176 1109 3237 ad
1155 3193 1372 3236 sonum
1419 3192 1715 3254 campane
1760 3193 1941 3254 super
2004 3171 2412 3253 infrascriptis
2474 3190 2643 3236 more
2705 3171 2890 3235 solito
2950 3189 3200 3252 congre-

485 3260 616 3342 gati
666 3262 724 3324 in
776 3263 905 3326 loco
951 3262 1188 3343 prefato
1234 3261 1570 3325 tractandis
1641 3265 1704 3324 et
1771 3260 2125 3342 specialiter
2194 3259 2552 3343 peragendis
2613 3262 2677 3322 et
2737 3260 2937 3340 ipsum
3001 3259 3199 3322 cousi-

481 3349 632 3412 lium
688 3369 803 3412 una
847 3369 987 3413 cum
1051 3350 1178 3431 ipso
1237 3349 1484 3413 domino
1547 3351 1867 3414 Frederico
1933 3348 2306 3414 vicedomino
2368 3351 2432 3412 et
2490 3349 2565 3411 (16
2628 3347 2819 3429 ipsius
2866 3346 3197 3424 voluntate,

485 3437 942 3514 deliberatione,
998 3439 1310 3515 mandatu,
1359 3456 1616 3501 assensu
1665 3439 1897 3520 pariter
1944 3439 2008 3505 et
2052 3456 2368 3512 consensu,
2419 3436 2619 3500 modis
2666 3435 2955 3500 omnibus
3015 3437 3199 3517 atque

485 3525 716 3600 formiS,
789 3526 1010 3608 quibus
1077 3526 1298 3589 melius
1360 3527 1673 3590 sciverunt
1729 3528 1793 3590 ot
1857 3527 2210 3608 potuerunt,
2273 3525 2569 3603 fecerunt,
2640 3525 3094 3588 constituerunt
3140 3525 3204 3585 et

482 3612 916 3676 ordinaverunt
964 3615 1094 3676 suis
1136 3616 1199 3677 et
1244 3612 1702 3696 Aquilegiensis
1747 3614 2004 3678 ecclesie
2049 3612 2191 3678 sede
2240 3617 2493 3677 vacante
2548 3632 2617 3677 ac
2677 3613 2874 3695 patrie
2922 3610 3201 3675 Foriiulii

485 3706 547 3764 et
592 3700 792 3765 tocius
837 3701 1291 3782 patriarchatus
1339 3701 1801 3785 Aquilegiensis
1849 3703 2218 3778 nominibus,
2267 3701 2652 3765 subditorum
2685 3702 2750 3764 et
2773 3699 3197 3764 adherentium

483 3789 838 3854 earumdem
889 3791 1303 3854 venerabilem
1348 3790 1544 3855 virum
1591 3791 1910 3854 dominum
1961 3790 2290 3872 Georgium
2338 3789 2413 3853 de
2449 3788 2652 3852 Fortis
2682 3788 2980 3853 decanum
3006 3787 3200 3869 Aqui-

485 3876 645 3960 legie
690 3880 754 3941 ct
799 3878 993 3959 ipsius
1041 3877 1499 3961 Aquilegiensis
1565 3879 1818 3960 capituli
1883 3880 2050 3942 dicta
2118 3880 2258 3942 sede
2324 3879 2578 3942 vacante
2648 3878 2709 3941 in
2779 3875 3200 3958 spiritualibus

482 3965 785 4030 vicarium
831 3967 1181 4048 generalem
1227 3971 1289 4031 et
1335 3966 1658 4050 egregium
1708 3966 1970 4030 militem
2037 3968 2350 4031 dominum
2398 3966 2792 4030 Fredericum
2856 3966 2931 4028 de
2978 3962 3199 4028 Saver-

483 4073 684 4138 gnano
734 4055 1038 4136 quondam
1085 4054 1441 4137 spectabilis
1491 4054 1711 4118 militis
1754 4054 1988 4118 domini
2039 4052 2349 4118 Francisci
2410 4054 2486 4118 de
2544 4054 2937 4135 Savorgnano
2985 4053 3050 4116 et
3093 4069 3202 4115 116-

486 4143 670 4206 bilem
717 4142 1062 4207 Johanuem
1103 4144 1177 4206 de
1223 4142 1556 4220 Cuccanea,
1630 4143 1857 4206 ibidem
1922 4144 2233 4224 presentes
2295 4144 2359 4206 et
2421 4142 2537 4207 hoc
2593 4141 2953 4206 mandatum
3016 4142 3079 4204 in
3136 4159 3201 4203 se

483 4235 700 4311 sponte
745 4231 1174 4312 suscipientes,
1221 4250 1332 4295 1166
1379 4250 1496 4294 11611
1534 4231 1917 4295 venerabiles
1970 4233 2035 4295 et
2080 4230 2411 4313 prudentes
2450 4230 2611 4294 viros
2675 4230 2958 4294 dominos
3020 4228 3201 4293 Octo-

487 4321 714 4383 bonum
762 4321 834 4384 de
881 4320 1110 4385 Ceneta
1155 4319 1451 4384 decanum
1500 4319 1827 4401 collegiata
1872 4320 2127 4384 ecclesie
2175 4320 2387 4383 sancte
2434 4318 2630 4383 Μαι-16
2677 4318 2753 4382 (16
2786 4317 2975 4383 Utino
3008 4315 3198 4398 Aqui·
3304 4352 3325 4370 ·

484 4407 774 4488 legiensis
819 4407 1096 4490 dyocesis
1165 4410 1228 4472 et
1271 4407 1593 4473 Nicolaum
1653 4407 1898 4472 Zerbini
1963 4408 2036 4472 de
2101 4405 2294 4470 Utino
2365 4407 2764 4471 secretarium
2833 4406 2980 4471 olim
3051 4404 3202 4469 bone

487 4496 777 4560 memorie
824 4495 1318 4561 reverendissimi
1363 4496 1560 4578 patris
1630 4495 1865 4559 domini
1928 4494 2282 4577 Marquardi
2346 4494 2689 4577 patriarche
2749 4492 3203 4577 Aquilegiensis

487 4584 772 4647 absentes
836 4586 1127 4666 tanquam
1195 4586 1509 4665 presentes
1570 4587 1634 4648 et
1692 4584 2034 4667 quemlibet
2096 4585 2366 4665 ipsorum
2431 4583 2492 4646 in
2550 4581 2815 4648 solidum
2881 4584 2990 4658 ita,
3048 4579 3200 4664 quod

488 4671 842 4753 occupantis
886 4671 1155 4736 conditio
1224 4672 1419 4754 potior
1487 4691 1599 4736 non
1664 4673 1912 4750 existat,
1977 4671 2082 4737 sed
2146 4670 2305 4753 quod
2371 4689 2527 4736 unus
2585 4672 2860 4754 ipsorum
2907 4669 3203 4751 inceperit

495 4758 652 4826 alius
704 4778 808 4824 seu
855 4757 963 4823 alii
1011 4759 1280 4824 mediare
1346 4760 1612 4838 valeant,
1676 4760 1960 4843 prosequi
2023 4761 2088 4825 et
2148 4758 2341 4838 finire,
2405 4778 2545 4826 suos
2614 4763 2678 4825 et
2745 4759 2905 4824 dicte
2951 4755 3205 4840 Aquile-
