3620 5282
3023 359 3153 434 229

420 538 802 621 buscumque
845 538 1148 616 articuliS,
1177 539 1705 621 promissionibuS,
1755 540 1954 603 modis
1981 539 2044 602 et
2068 537 2545 614 conditionibuS,
2572 556 2690 619 que
2717 537 2880 601 dicto
2909 537 3143 602 sindico

419 626 814 700 videbuntur,
866 629 1067 691 cartas
1104 632 1167 691 et
1199 628 1616 692 instrumenta
1662 627 2023 710 rogandum,
2060 626 2414 690 faciendum
2449 628 2512 690 et
2545 625 2962 706 recipiendum
3000 645 3143 712 cum

422 715 951 796 stipulationibus
1004 715 1493 797 obligationibus
1536 717 1694 780 etc.“
1746 715 1980 779 Actum
2029 715 2307 779 Venetiis
2356 715 2419 779 in
2462 713 2664 779 ducali
2715 713 2946 794 palatio
2979 731 3139 778 anno
3209 775 3218 784 ,

424 802 612 879 1386,
660 803 996 867 indictione
1060 822 1234 874 nona,
1297 804 1395 866 die
1444 803 1684 868 veneris
1731 804 2273 885 decimoseptimo
2342 804 2575 867 mensis
2623 802 2895 884 augusti.
2943 801 3144 866 Nota-

400 891 585 954 rius:
635 891 989 955 Leonardus
1037 893 1109 956 de
1157 891 1519 956 AnzolelliS.

511 998 1060 1059 Commemoralium
1113 1000 1283 1059 VIII
1331 1001 1476 1069 115,
1525 1016 1566 1058 u
1610 1000 1764 1062 mlet.
1815 1000 2049 1060 arkivu.

662 1206 1144 1289 CCCXXX.
1201 1206 1405 1290 God.
1463 1206 1686 1290 1386.
1742 1207 1840 1288 18
1890 1206 2337 1304 kolovoza,
2390 1228 2450 1287 u
2504 1205 2901 1288 Mletcih.

435 1351 667 1427 Uyovor
713 1350 1005 1422 sklopzjen
1072 1350 1270 1423 medju
1334 1350 1720 1495 Ρουίενεηὶοξῃ
1748 1345 2033 1408 ηοὶείαὲΙσε
2093 1349 2264 1408 vlade
2308 1350 2333 1407 i
2376 1349 2565 1408 knew
2609 1349 2891 1420 Albanije
2947 1351 3150 1410 Karla

1717 1456 1892 1510 opzye.

631 1559 753 1623 Pro
800 1559 1045 1623 domino
1099 1557 1328 1623 Karolo
1374 1557 1586 1637 Topia.
1638 1559 1705 1621 In
1755 1556 1974 1620 christi
2025 1558 2272 1620 nomine
2319 1575 2518 1620 amen.
2566 1555 2744 1620 Anno
2792 1556 3140 1622 nativitatis

419 1646 694 1730 ejusdem
747 1646 1296 1712 MCCCLXXXVI
1343 1649 1533 1709 sexto.
1586 1644 1916 1709 indictione
1965 1663 2140 1722 nona,
2170 1643 2268 1707 die
2317 1644 2562 1708 sabbati
2608 1643 2843 1708 decimo
2903 1648 3137 1722 octavo,

417 1735 647 1798 mensis
694 1735 963 1811 augusti.
1016 1734 1258 1798 Nobilis
1305 1739 1367 1797 et
1415 1733 1656 1815 sapiens
1706 1734 1796 1798 vir
1845 1732 2125 1797 dominus
2176 1732 2465 1796 Nicolaus
2515 1734 2767 1797 Fuscari
2811 1733 3144 1797 honorabi-

418 1823 496 1885 lis
545 1823 695 1886 civis
744 1823 1168 1897 'Venetiarurm
1232 1822 1520 1905 syndicus
1568 1823 1631 1884 et
1678 1822 2039 1903 procurator
2096 1820 2477 1885 serenissimi
2525 1821 2589 1884 et
2635 1820 3140 1885 excellentissimi

417 1911 650 1974 domini
717 1912 947 1974 domini
1014 1910 1310 1974 Anthonii
1365 1910 1622 1973 Venerio
1674 1911 1771 1973 dei
1835 1911 2038 1992 gratia
2096 1909 2357 1972 illustris
2405 1908 2575 1971 ducis
2627 1909 3028 1972 Venetiarum
3078 1912 3141 1972 et

418 2000 535 2062 cet.
586 2017 655 2061 ac
702 1999 1048 2062 communis
1098 1999 1494 2061 Venetiarum
1544 1997 1619 2059 ad
1682 1996 2077 2078 infrascripta
2125 1999 2189 2060 et
2234 1997 2358 2060 alia
2405 1997 2737 2060 exercenda
2786 1995 3139 2078 specialiter

417 2088 814 2161 constitutuS,
866 2090 934 2148 ut
983 2082 1227 2149 constat
1275 2086 1519 2167 publico
1566 2085 1978 2148 instrumento
2025 2084 2366 2149 sindicatus
2412 2085 2640 2166 scripto
2689 2104 2797 2166 per
2842 2105 2938 2148 me
2983 2086 3139 2149 Leo-

422 2175 682 2238 nardum
730 2174 805 2237 de
854 2173 1214 2244 Anzolellis,
1267 2174 1584 2252 publicum
1636 2172 1940 2253 imperiali
1990 2174 2358 2235 auctoritate
2407 2172 2710 2236 notarium
2763 2177 2824 2236 et
2875 2175 3131 2237 ducatus

419 2261 823 2325 Venetiarum
871 2262 1153 2335 scribam,
1206 2262 1643 2342 suprascriptis
1686 2280 1842 2324 anno
1889 2262 1951 2324 et
1997 2259 2354 2334 indictione,
2418 2261 2514 2324 die
2567 2279 2703 2324 vero
2743 2260 2980 2324 veneris
3029 2260 3135 2324 de-

419 2350 579 2411 cimo
627 2350 888 2430 septimo
951 2350 1251 2430 presentis
1315 2349 1545 2412 mensis
1615 2350 1884 2431 augusti,
1934 2350 2263 2412 sindicario
2312 2351 2372 2410 et
2419 2349 2835 2431 procuratorio
2885 2349 3133 2413 nomine

419 2436 644 2518 prefati
707 2436 938 2500 domini
1001 2437 1176 2501 ducis
1223 2439 1285 2500 et
1330 2438 1672 2500 communis
1713 2437 2109 2501 venetiarum
2156 2437 2442 2501 omnibus
2490 2437 2708 2505 modis,
2740 2436 2897 2520 jure,
2935 2435 3134 2502 forma

418 2528 483 2587 et
529 2542 734 2600 causa,
783 2526 1004 2606 quibus
1054 2525 1278 2589 melius
1330 2525 1552 2605 poterit
1584 2545 1655 2587 ex
1689 2543 1806 2588 una
1859 2529 2053 2606 parte,
2103 2526 2167 2587 et
2210 2524 2577 2589 reverendus
2625 2526 2803 2605 pater
2845 2524 3133 2589 dominus

417 2611 734 2678 Johannes
759 2612 853 2676 dei
886 2613 1087 2694 gratia
1134 2612 1546 2693 Verganensis
1598 2614 1918 2695 episcopus
1967 2613 2370 2687 ambaxiator,
2427 2616 2789 2695 procurator
2838 2617 2903 2675 et
2952 2630 3137 2696 nego-

421 2703 654 2765 ciorum
703 2705 913 2782 gestor
961 2701 1471 2765 excellentissimi
1519 2702 1810 2783 principis
1860 2707 1921 2763 et
1967 2700 2196 2764 domini
2246 2702 2480 2765 domini
2531 2701 2746 2765 Karoli
2795 2701 2987 2783 Topie
3021 2701 3134 2767 Al-

416 2789 599 2853 banie
626 2788 919 2871 principis
945 2793 1008 2852 et
1035 2790 1323 2853 Duracbii
1353 2789 1584 2852 domini
1612 2793 1675 2852 et
1707 2792 1824 2852 cet.
1851 2789 1928 2851 ad
1957 2788 2349 2871 infrascripta
2375 2792 2437 2851 et
2462 2789 2586 2852 alia
2611 2792 2945 2853 exercenda
2993 2809 3132 2872 spe-

414 2877 658 2941 cialiter
684 2879 1079 2953 constitutuS,
1126 2880 1195 2939 ut
1219 2880 1460 2940 constat
1498 2877 1912 2941 instrumento
1946 2877 2190 2958 publico
2231 2878 2462 2957 scripto
2499 2896 2683 2940 manu
2715 2877 3022 2941 Liberalis
3058 2880 3131 2943 de

414 2965 706 3030 Bacbinis
748 2965 823 3027 de
878 2966 1159 3029 Ferraria
1188 2964 1416 3046 publici
1466 2964 1767 3045 imperiali
1803 2966 2172 3028 auctoritate
2200 2964 2419 3029 notarii
2456 2984 2643 3046 supra
2670 2966 2920 3045 scriptis
2970 2984 3129 3032 anno

414 3058 477 3117 et
510 3054 832 3129 indicione,
861 3054 957 3117 die
992 3071 1134 3117 vero
1164 3054 1359 3135 primo
1387 3053 1618 3116 mensis
1644 3053 1799 3127 iulii,
1829 3072 1860 3116 a
1893 3071 1989 3116 me
2017 3054 2254 3117 notario
2285 3053 2673 3134 infrascripto
2699 3053 2826 3116 viso
2853 3056 2915 3116 et
2947 3053 3130 3132 lecto,

413 3142 827 3222 procuratorio
862 3142 1107 3205 nomine
1155 3141 1380 3224 prefati
1428 3140 1663 3204 domini
1716 3140 1948 3216 Karoli,
1985 3144 2046 3203 et
2079 3141 2367 3204 omnibus
2405 3140 2621 3213 modis
2648 3140 2809 3223 jure,
2844 3140 3044 3206 forma
3069 3144 3132 3207 et

412 3247 615 3306 causa,
665 3229 885 3311 quibus
931 3228 1156 3293 melius
1203 3231 1425 3312 potuit,
1475 3248 1545 3291 ex
1589 3230 1760 3310 parte
1809 3228 2009 3292 altera
2053 3228 2130 3292 ad
2179 3228 2577 3309 infrascripta
2614 3234 2815 3311 pacta,
2865 3248 3132 3296 conven-

415 3317 633 3392 tiones,
683 3317 1119 3398 promissiones
1166 3321 1229 3380 et
1275 3318 1680 3400 obligationes
1729 3317 2115 3381 concorditer
2161 3317 2557 3392 devenerunt,
2609 3315 2939 3382 videlicet:

625 3420 868 3485 Primo:
922 3423 1083 3485 idem
1130 3422 1489 3485 ambaxator
1529 3423 1593 3484 et
1657 3426 2019 3503 procurator
2083 3422 2233 3486 dicti
2282 3421 2516 3485 domini
2564 3420 2787 3486 Karoli
2823 3423 2985 3487 dicto
3021 3441 3130 3488 no-

414 3508 579 3572 mine
626 3512 838 3590 sponte
887 3508 1134 3585 obtulit,
1184 3509 1468 3591 promisit
1504 3512 1567 3572 et
1597 3508 1903 3591 obligavit
1934 3510 2216 3573 eumdem
2245 3511 2559 3575 dominum
2609 3510 2933 3586 Karolum,
2971 3512 3129 3593 quod

412 3597 541 3678 ipse
590 3597 873 3660 dominus
922 3597 1192 3661 Karolus
1240 3598 1432 3661 solvet
1480 3596 1717 3679 prefato
1778 3598 2026 3662 domino
2073 3597 2214 3662 duci
2261 3600 2324 3663 et
2368 3596 2680 3664 communi
2730 3599 3129 3665 Venetiarum

411 3684 687 3766 quolibet
745 3703 903 3748 anno
964 3685 1219 3749 ducatos
1289 3687 1602 3749 sexcentos
1663 3687 1794 3749 auri
1864 3705 1969 3763 pro
2018 3686 2298 3768 qualibet
2345 3704 2564 3768 guerra
2609 3686 2886 3768 generali
2932 3687 3129 3769 ipsius

411 3771 641 3837 domini
686 3774 859 3836 ducis
905 3777 967 3837 et
1012 3774 1356 3837 communis
1400 3771 1798 3837 venetiarum
1847 3775 2107 3839 durante
2155 3774 2289 3856 ipsa
2336 3793 2576 3856 guerra.

624 3876 929 3941 Secundo:
980 3878 1211 3942 obtulit
1256 3881 1318 3940 et
1365 3878 1654 3960 promisit
1699 3880 1864 3942 dicto
1914 3880 2179 3955 nomine,
2229 3881 2386 3961 quod
2432 3880 2484 3943 si
2530 3879 2746 3943 ducale
2787 3879 3123 3943 dominium

412 3967 474 4027 et
518 3982 847 4029 commune
892 3966 1286 4030 Venetiarum
1340 3964 1505 4030 volet
1552 3966 1777 4029 habere
1827 3970 2093 4031 tractam
2119 3967 2416 4031 frumenti
2445 3969 2502 4030 in
2531 3966 2798 4031 dominio
2845 3965 3122 4048 ejusdem

409 4052 640 4116 domini
691 4052 928 4130 Karoli,
980 4054 1109 4134 ipse
1156 4053 1443 4117 dominus
1490 4053 1758 4118 Karolus
1804 4053 2098 4119 concedet
2143 4053 2351 4119 ducali
2399 4053 2669 4118 dominio
2716 4053 2915 4135 ipsam
2959 4055 3124 4119 trac-

412 4140 562 4218 tam,
613 4143 676 4204 et
724 4159 844 4205 non
883 4142 1225 4223 permittet,
1275 4141 1434 4224 quod
1482 4141 1695 4224 aliqua
1742 4142 1868 4207 alia
1915 4160 2175 4224 persona
2221 4143 2446 4207 habeat
2491 4144 2691 4224 ipsam
2744 4143 3030 4207 tractam.

617 4230 862 4293 Tertio:
912 4229 1141 4293 obtulit
1187 4233 1247 4293 et
1291 4229 1578 4312 promisit
1626 4230 1788 4294 dicto
1836 4230 2101 4308 nomine,
2150 4231 2310 4312 quod
2342 4229 2552 4295 nullus
2586 4232 2890 4295 mercator
2924 4232 3121 4312 possit

407 4318 574 4381 stare
624 4335 736 4380 nec
783 4318 1064 4382 traficare
1096 4316 1158 4381 in
1207 4318 1474 4381 dominio
1520 4317 1671 4381 dicti
1718 4317 1952 4381 domini
1999 4318 2217 4383 Karoli
2266 4320 2470 4399 preter
2516 4319 2804 4382 Venetos.

612 4401 778 4482 Quas
817 4404 1063 4487 quidem
1127 4405 1533 4488 obligationes
1574 4405 1702 4487 ipse
1750 4405 2034 4470 dominus
2081 4406 2200 4470 dux
2247 4409 2311 4471 et
2358 4406 2629 4470 sindicus
2675 4406 2988 4488 predictus
3020 4424 3123 4470 ac-

410 4495 838 4576 ceptaverunt,
885 4494 1292 4576 regratiantes
1335 4494 1514 4557 valde
1562 4494 1635 4557 de
1678 4494 1827 4575 ipsis
1877 4493 2330 4577 magnificentie
2392 4494 2625 4559 domini
2677 4493 2894 4558 Karoli
2937 4492 3122 4575 preli·

404 4581 554 4655 bati,
617 4583 1091 4663 congnoscentes
1128 4582 1269 4646 illas
1339 4583 1660 4664 procedere
1708 4601 1745 4645 a
1792 4599 2019 4665 magna
2081 4583 2406 4646 dilectione
2453 4584 2517 4648 et
2562 4602 2769 4647 amore
2832 4582 3122 4664 perfect0‚

410 4687 483 4732 ac
531 4668 796 4732 firmiter
842 4670 1145 4747 tenentes,
1216 4670 1376 4752 quod
1450 4672 1652 4753 ipsum
1724 4670 2038 4734 dominum
2110 4670 2413 4734 Karolum
2484 4671 2832 4736 invenirent
2877 4687 3120 4750 semper

406 4756 690 4837 prompte
737 4755 1109 4839 dispositum
1149 4758 1224 4822 ad
1272 4758 1546 4841 quelibet
1594 4758 1980 4843 beneplacita
2023 4759 2086 4823 et
2130 4758 2391 4824 honores
2440 4758 2679 4829 ducalis
2711 4757 2970 4829 dominii
2995 4757 3123 4827 ,Vez
