3620 5282
3049 380 3136 449 45

400 556 499 620 tos
543 572 791 639 grossos
836 572 1024 621 novos
1071 555 1337 622 refutare
1396 575 1506 639 pro
1566 558 1834 641 quatuor
1890 557 2086 622 soldis
2148 557 2211 621 in
2276 555 2543 623 monetis
2604 557 2720 621 sub
2776 575 2931 640 pena
2989 557 3140 624 soli-

400 644 619 707 dorum
668 642 821 707 XXI
870 661 976 725 pro
1019 644 1297 725 quolibet
1340 662 1572 727 grosso,
1620 664 1736 727 que
1782 664 1941 728 pene
1982 645 2311 727 exigantur
2359 665 2468 727 per
2538 643 2833 710 officiales
2896 647 3137 729 argenti

401 734 468 795 et
511 730 668 810 auri,
716 731 939 814 quibus
1000 731 1115 797 hec
1176 733 1328 797 sunt
1381 732 1664 813 comisse‚
1732 733 2010 798 habendo
2076 735 2310 815 partem
2356 736 2425 797 ut
2467 733 2543 797 de
2590 732 2729 797 aliis
2775 733 2870 796 sui
2935 732 3141 800 officii.

403 818 635 883 Verum
689 818 1119 885 committatur
1186 821 1527 884 camerario
1589 822 1957 893 communis
2022 820 2181 903 quod
2246 820 2444 885 solum
2509 821 2584 884 de
2647 820 2891 886 ducatis
2955 821 3147 886 saciat

403 907 685 1007 deposita
743 925 854 973 sua
915 908 1042 972 tam
1107 926 1214 990 pro
1277 907 1647 992 capitalibus
1710 927 1898 1040 quam
1962 910 2149 991 prode
2211 908 2726 993 imprestitorum.
2808 908 2900 974 De
2968 912 3145 997 parte

404 995 694 1078 quinque.

492 1103 675 1164 Misti
725 1102 922 1162 XXX
957 1098 1061 1175 51,
1106 1122 1151 1165 u
1194 1104 1347 1166 mlet.
1396 1106 1629 1165 mkivu.

788 1312 1110 1395 Lxxx.
1166 1311 1374 1394 God.
1428 1310 1659 1396 1362.
1713 1312 1808 1395 31
1863 1312 2203 1415 omits,
2259 1334 2317 1394 u
2370 1312 2758 1396 Mletcih.

416 1453 778 1531 Odpravh'en
821 1458 1101 1530 poslanik
1147 1458 1309 1517 barm
1351 1475 1394 1517 u
1433 1458 1611 1530 postu
1655 1459 1885 1518 banova
1931 1458 2118 1517 breda
2162 1456 2466 1531 uzapcena
2500 1459 2526 1517 i
2558 1459 2833 1532 prodam
2873 1461 3023 1530 zato,
3070 1458 3149 1517 da

412 1561 475 1604 se
518 1545 743 1605 namin·
788 1546 975 1605 §koda
1018 1546 1324 1607 nonagena
1367 1547 1698 1606 mlelackim
1733 1547 2101 1619 podanikom
2148 1546 2224 1605 od
2265 1551 2470 1606 strane
2515 1547 2769 1605 hanovih
2806 1546 3149 1619 podanika5

413 1636 469 1693 te
516 1650 617 1693 mu
661 1649 724 1693 se
767 1633 980 1694 natale
1021 1634 1186 1707 joste,
1227 1635 1308 1694 da
1351 1651 1414 1695 se
1447 1636 1557 1708 pri
1603 1636 1763 1695 bana
1806 1651 2048 1695 zauzmc
2092 1634 2116 1693 i
2163 1650 2237 1694 za
2285 1634 2469 1708 druye
2510 1633 2811 1694 Mletd‘ane
2870 1633 3145 1694 οὲίεόεηε.
3232 1676 3241 1685 x

633 1751 800 1817 1362
845 1752 1178 1818 indictione
1224 1753 1361 1833 XV,
1408 1752 1507 1819 die
1552 1754 1776 1819 ultimo
1839 1754 2067 1821 martii.
2135 1752 2458 1831 Dominu8‚
2524 1751 2861 1818 consiliarii
2922 1753 2987 1817 et
3050 1770 3151 1817 ca-

414 1839 568 1924 pita.
618 1838 848 1922 Capta:
898 1839 1060 1924 quod
1107 1860 1217 1924 pro
1264 1842 1685 1924 respondendo
1755 1842 1955 1906 banno
2003 1840 2323 1907 Sclavonie
2391 1840 2468 1905 ad
2529 1840 2863 1925 quamdam
2935 1839 3151 1906 amba-

416 1931 648 2005 xatam‚
696 1946 884 2011 quam
934 1930 1063 2011 ipse
1110 1928 1284 1993 misit
1329 1948 1439 2011 pro
1486 1931 1749 2012 quodam
1799 1948 1909 1995 suo
1942 1929 2260 1994 barchosio
2293 1929 2455 1993 casei
2504 1929 2854 1993 intromisso
2899 1930 2964 1994 et
3005 1947 3152 1993 ven-

418 2016 549 2081 dito
592 2016 695 2080 hic
737 2018 813 2081 ad
860 2017 1219 2099 petitionem
1270 2016 1616 2100 aliquorum
1665 2019 2010 2084 nostrorum
2059 2016 2336 2082 fidelium
2401 2019 2474 2081 de
2522 2015 2809 2098 Caprulis
2871 2015 3152 2098 dampni-

422 2105 748 2169 ficatorum
795 2124 905 2188 per
952 2106 1170 2188 gentes
1215 2104 1359 2169 dicti
1409 2104 1596 2170 banni
1658 2106 1856 2188 possit
1899 2105 2066 2170 mitti
2116 2125 2269 2183 unus
2319 2104 2600 2170 notarius
2648 2104 2816 2169 curie
2878 2103 2957 2167 ad
2996 2104 3153 2168 alle-

421 2192 693 2274 gandum
745 2192 879 2258 iura
924 2194 989 2257 et
1027 2192 1318 2271 rationes,
1367 2212 1484 2276 que
1531 2212 1639 2258 nos
1685 2195 2139 2270 moverunthet
2182 2192 2635 2276 procurandum
2675 2191 2966 2274 quicquid
3017 2192 3149 2256 fieri

421 2279 649 2361 poterit
693 2298 801 2362 pro
847 2280 1004 2345 bono
1052 2279 1360 2345 dictorum
1407 2283 1759 2346 nostrorum
1801 2279 2116 2357 fidelium3
2160 2282 2266 2364 qui
2312 2281 2502 2344 etiam
2550 2280 2827 2345 notarius
2869 2280 2928 2344 in
2964 2279 3147 2344 factis

421 2371 483 2432 et
545 2368 814 2451 querelis
874 2387 975 2433 ser
1021 2367 1248 2432 Marini
1321 2368 1396 2433 de
1461 2367 1769 2435 Canaruto
1829 2371 1894 2432 et
1952 2367 2214 2433 aliorum
2278 2370 2649 2445 nostrorum,
2715 2368 3148 2432 informatione

421 2457 686 2537 recepta,
734 2457 1025 2538 procuret
1064 2455 1228 2538 apud
1276 2455 1479 2540 ipsum
1514 2458 1782 2521 bannum
1817 2459 1881 2520 et
1912 2454 2102 2521 faciat
2148 2456 2432 2539 quicquid
2466 2455 2608 2521 boni
2641 2456 2906 2538 poterit;
2954 2456 3020 2520 et
3063 2455 3147 2533 id,

422 2543 584 2626 quod
632 2543 920 2609 habuerit
960 2545 1024 2608 et
1066 2544 1301 2623 fecerit,
1351 2544 1653 2609 rescribat
1697 2547 1760 2610 et
1810 2545 2112 2627 expectet.

508 2652 691 2713 Misco·
739 2651 936 2711 XXX
976 2649 1079 2723 67,
1124 2669 1168 2712 u
1212 2653 1364 2713 mlet.
1408 2640 1641 2713 arkivu.

766 2861 1135 2943 mxxxi.
1190 2860 1397 2944 God.
1453 2860 1679 2945 1362.
1735 2811 1830 2942 12
1883 2862 2257 2962 mensa,
2311 2883 2369 2943 u
2423 2861 2813 2945 motem.

423 3004 654 3065 Nalaie
698 3021 760 3065 se
794 3006 1196 3066 namiestniku
1240 3007 1541 3079 kapetana
1575 3007 1985 3080 pomorslcoya,
2032 3006 2186 3065 nelca
2224 3005 2409 3078 pruzi
2448 3005 2651 3078 pomaec
2689 3005 3016 3064 mlelaclcim
3044 3023 3155 3079 po-

424 3093 706 3153 danikom
764 3093 1087 3155 nalazecic‘m
1145 3110 1208 3153 se
1266 3112 1308 3152 u
1355 3094 1582 3164 Drat‘u,
1645 3095 1744 3168 koj
1801 3111 1865 3153 se
1907 3094 2145 3153 nalazio
2189 3110 2220 3153 s
2258 3095 2456 3166 kopna
2500 3095 2526 3152 i
2568 3109 2598 3153 s
2642 3111 2809 3153 mora
2853 3093 3154 3154 obsednut.

644 3231 808 3296 1362
856 3233 1186 3298 indictione
1229 3233 1367 3310 XV,
1427 3233 1526 3298 die
1568 3233 1690 3298 XII
1737 3233 1904 3297 maii.
1968 3231 2201 3314 Capta:
2268 3231 2427 3314 quod
2490 3230 2800 3296 scribatur
2853 3232 3157 3315 vicecapi-

428 3321 624 3385 taneis
669 3319 814 3385 culfi
860 3321 923 3384 in
979 3320 1096 3385 hac
1142 3319 1373 3386 forma·
1434 3321 1870 3400 intelleximus,
1935 3322 2094 3403 quod
2156 3320 2375 3384 civitas
2422 3319 2717 3383 Duracbii
2768 3321 2862 3384 est
2908 3319 3158 3385 obsessa

426 3427 539 3492 per
585 3410 821 3473 terram
868 3410 932 3472 et
972 3427 1079 3489 per
1128 3427 1317 3486 mare,
1361 3412 1609 3491 propter
1656 3408 1819 3493 quod
1866 3408 2240 3484 dubitantes,
2291 3426 2365 3473 ne
2411 3409 2781 3472 mercatores
2829 3410 2894 3472 et
2946 3408 3157 3474 fideles

426 3497 641 3573 nostri,
690 3495 795 3582 qui
844 3487 990 3559 sunt
1032 3494 1140 3573 ibi,
1167 3514 1305 3560 cum
1358 3496 1530 3561 bonis
1577 3498 1705 3561 suis
1747 3496 2106 3561 subiaceant
2152 3494 2442 3576 pericu10‚
2490 3494 2781 3559 fidelitati
2815 3498 3018 3560 vestre
3047 3515 3157 3579 per

429 3602 537 3649 nos
590 3586 655 3649 et
711 3584 925 3648 nostra
987 3583 1244 3648 consilia
1304 3585 1530 3662 minus,
1587 3588 1941 3668 rogatorum
1989 3586 2053 3648 et
2097 3583 2206 3647 XL
2252 3582 2581 3647 scribimus
2644 3576 2709 3646 et
2771 3584 3155 3660 mandamus,

430 3668 751 3773 quatenus,
822 3670 876 3735 si
924 3671 1259 3748 senseritiS‚
1338 3670 1523 3736 dictis
1569 3672 2015 3737 mercatoribus
2078 3673 2142 3735 et
2202 3669 2486 3736 fidelibus
2535 3668 2764 3735 nostris
2811 3670 3155 3752 periculum

429 3759 676 3843 aliquod
722 3759 1068 3838 imminere,
1116 3758 1304 3840 ipsos,
1353 3759 1404 3823 si
1454 3758 1781 3838 voluerint,
1824 3760 2029 3824 levare
2075 3758 2353 3823 debeatis
2401 3777 2542 3823 cum
2590 3775 2698 3822 suo
2744 3757 2967 3820 havere
3012 3758 3159 3821 sub-

431 3848 551 3924 tili,
616 3849 681 3913 et
740 3847 907 3929 ipsos
953 3846 1254 3928 deponere
1317 3843 1415 3912 vel
1461 3846 1526 3911 in
1567 3847 1848 3912 Avalona
1909 3846 2007 3911 vel
2054 3847 2115 3911 in
2163 3846 2435 3930 Ragusio
2481 3844 2579 3909 vel
2644 3845 2732 3910 ibi
2795 3844 2981 3919 circa,
3043 3843 3151 3908 ubi

428 3935 604 4086 vapis
675 3933 896 4000 melius
964 3934 1295 4015 videbitur,
1366 3934 1458 3999 ita
1527 3934 1687 4018 quod
1757 3934 2081 4000 sinistrum
2151 3933 2241 3999 eis
2290 3935 2554 4017 nequeat
2624 3931 2886 3999 evenire.
2956 3933 3149 3997 Facta

457 4035 506 4087 lt
540 4041 663 4089 era.

519 4131 698 4191 Misti
748 4129 940 4210 XXX
987 4133 1087 4201 76,
1137 4148 1175 4191 u
1221 4131 1374 4192 mlet.
1420 4131 1653 4191 arkivu.

749 4340 1168 4424 Lxxxn.
1226 4339 1432 4422 God.
1486 4337 1711 4423 1362.
1767 4337 1863 4420 12
1916 4337 2283 4438 svibnja‚
2338 4357 2396 4417 u
2450 4336 2842 4419 Mleteiu.

431 4486 534 4546 Na
577 4485 810 4558 zalctjev
856 4484 1045 4543 banov
1093 4482 1394 4557 povracen
1437 4499 1539 4542 mu
1573 4483 1640 4556 je
1685 4482 1832 4583 brod
1886 4484 1911 4540 i
1959 4482 2125 4630 ignes
2169 4480 2572 4554 razprodanih
2612 4480 2860 4550 stvarc'k,
2915 4481 3047 4554 hoie
3092 4498 3164 4542 su

1512 4587 1575 4630 se
1619 4588 1661 4630 u
1704 4587 1860 4645 mem
1901 4587 1980 4630 na
2038 4586 2088 4630 e.

648 4693 818 4759 1362
860 4692 1195 4759 indictione
1240 4693 1378 4772 XV,
1423 4690 1524 4756 die
1569 4691 1685 4756 Xll
1726 4690 1959 4756 mensis
2008 4689 2178 4754 maii.
2241 4687 2562 4766 Dominus,
2633 4686 2995 4766 consiliarii,
3060 4706 3165 4751 ca-

431 4783 566 4869 pita
604 4786 670 4849 et
712 4782 1045 4866 sapientes.
1095 4779 1329 4864 Capta:
1376 4780 1539 4864 quod
1585 4779 1912 4863 postquam
1981 4777 2218 4843 bannus
2263 4775 2584 4844 Sclavonie
2645 4775 2890 4843 videtur
2949 4793 3164 4859 perse·
