3620 5282
515 307 641 375 164

507 486 572 550 et
613 480 928 550 communi
973 480 1369 547 Veneciarum
1421 480 1602 546 finem
1649 482 1713 546 et
1758 482 2185 546 remissionem
2253 482 2329 548 de
2393 482 2597 547 castro
2641 478 2889 546 cathari
2953 485 3017 544 et
3076 479 3224 545 civi-

507 575 655 651 tate,
702 571 754 637 si
803 589 938 637 eam
985 573 1280 649 tenerent,
1328 569 1480 653 ipsis
1527 569 1858 649 restitutis,
1908 571 1973 635 et
2017 570 2093 634 de
2139 569 2425 636 solvendo
2472 570 2895 648 munitionem,
2959 587 3074 651 que
3130 586 3228 632 re-

509 662 814 726 tineretur
853 659 917 723 in
963 660 1185 723 castro,

717 746 898 812 Anno
942 766 980 812 a
1026 746 1353 812 nativitate
1399 744 1628 809 domini
1675 745 2009 811 millesimo
2053 747 2482 812 trecentesimo
2528 745 2945 831 octuagesimo
3003 746 3222 830 primo,

510 836 814 902 indicione
863 837 1099 918 quarta,
1153 834 1251 898 die
1295 834 1533 897 decima
1587 835 1761 897 sexta
1809 835 2040 899 mensis
2101 835 2369 919 augusti,
2431 852 2541 916 per
2601 853 2849 916 presens
2909 834 3229 918 publicum

510 925 991 990 instrumentum
1038 923 1273 987 cunctis
1319 923 1609 1004 appareat
1648 921 1982 1000 evidenter,
2030 923 2192 1005 quod
2239 941 2380 986 cum
2427 922 2489 985 in
2539 923 2809 987 tractatu
2855 923 3022 1004 pacis
3067 923 3232 987 inter

512 1012 974 1077 serenissimum
1023 1016 1085 1076 et
1126 1010 1710 1076 excellentissimum
1756 1012 2096 1094 principem
2143 1014 2205 1076 et
2250 1010 2570 1075 dominum
2629 1010 2948 1075 dominum
3017 1029 3230 1094 regem

510 1101 828 1184 Hungarie
876 1119 982 1164 seu
1031 1100 1392 1163 reuerendos
1440 1098 1504 1162 in
1551 1097 1780 1163 christo
1827 1102 2033 1182 patres
2080 1101 2143 1163 et
2187 1099 2467 1163 dominos
2514 1098 2793 1163 dominos
2831 1099 3231 1164 Valentinum

517 1187 799 1272 Quinque
851 1187 1237 1252 ecclesiensis
1301 1188 1684 1252 decretorum
1748 1188 2054 1252 doctorem
2115 1191 2178 1251 et
2239 1188 2502 1252 Paulum
2565 1186 3036 1271 Zagrabiensem
3099 1185 3233 1269 epi-

467 1328 482 1344 .
514 1295 750 1360 scopoS‚
775 1275 999 1359 prefati
1062 1275 1435 1340 serenissimi
1500 1273 1730 1338 domini
1792 1278 1958 1359 regis
2026 1277 2473 1359 procuratores,
2542 1278 2800 1350 actores,
2869 1276 3109 1359 legatos
3169 1276 3239 1338 et

512 1365 765 1429 nuncios
812 1363 1127 1447 specialeS‚
1178 1366 1248 1428 ut
1288 1366 1458 1445 patet
1517 1363 1908 1445 presentibus
1965 1364 2197 1430 litteris
2238 1363 2592 1446 patentibus
2637 1363 2827 1448 regiis
2883 1381 3106 1448 magno
3150 1362 3239 1426 si-

516 1453 668 1535 gillo
716 1454 881 1535 regie
932 1453 1273 1517 maiestatis
1320 1452 1383 1515 in
1432 1450 1719 1532 pendenti
1768 1451 2083 1533 sigillatis,
2153 1453 2317 1516 datis
2387 1451 2559 1516 Bude
2618 1452 2681 1515 in
2744 1452 2983 1534 palacio
3040 1450 3239 1534 regali

515 1541 755 1606 decima
801 1540 992 1605 tercia
1037 1539 1329 1604 februarii
1376 1537 1595 1604 MCCC
1643 1542 2064 1623 octuagesimo
2126 1541 2346 1624 primo,
2409 1542 2823 1622 procuratorio
2884 1541 2946 1604 et
3004 1540 3239 1605 actorio

516 1632 764 1695 nomine
826 1628 1180 1711 supradicto
1244 1647 1315 1693 ex
1378 1646 1498 1691 una
1561 1629 1769 1709 parte;
1843 1630 1906 1692 et
1966 1628 2271 1693 illustrem
2343 1631 2405 1693 et
2466 1627 2860 1711 magnificum
2922 1629 3239 1692 dominnm

515 1718 837 1782 dominum
883 1718 1102 1781 ducem
1151 1717 1215 1781 et
1282 1733 1670 1780 communem
1734 1715 2155 1791 venetiarum,
2219 1735 2327 1781 seu
2391 1718 2666 1799 egregios
2728 1718 2794 1781 et
2849 1716 3241 1781 honorabiles

518 1806 681 1870 viros
757 1805 1034 1869 dominos
1102 1803 1460 1870 Zachariam
1527 1805 1887 1882 Centaren0‚
1959 1803 2306 1870 Johannem
2352 1804 2685 1869 Tradonico
2747 1809 2810 1869 et
2871 1804 3241 1869 Michaelem

522 1893 892 1958 Mauroceno
937 1893 1398 1975 procuratorem
1466 1890 1721 1956 ecclesie
1781 1893 1980 1957 sancti
2044 1892 2240 1957 Marci
2294 1893 2766 1972 ambariatores,
2829 1893 3114 1976 syndicos
3176 1894 3243 1956 et

520 1982 971 2066 procuratores,
1019 1983 1255 2046 actores
1303 1982 1367 2045 et
1412 1979 1655 2044 nuntios
1701 1980 1998 2062 speciales
2047 1980 2304 2062 predicti
2352 1980 2618 2045 illustris
2663 1980 2895 2047 domini
2959 1980 3133 2045 ducis
3178 1982 3246 2045 et

520 2069 868 2137 communis
913 2068 1321 2134 veneciarum
1367 2086 1437 2132 ex
1485 2068 1681 2132 altera
1727 2071 1923 2150 parte,
1992 2067 2152 2134 facte
2199 2072 2264 2133 et
2321 2068 2650 2144 celebrate,
2718 2069 2963 2133 firmate
3024 2073 3086 2133 et
3146 2070 3243 2134 in-

517 2161 649 2225 rate
695 2157 811 2223 hoc
850 2158 1122 2240 presenti
1168 2175 1345 2234 anne,
1380 2155 1700 2231 indicione,
1771 2175 2001 2237 mense,
2070 2157 2168 2222 die
2209 2158 2373 2238 j0vis
2438 2159 2652 2222 octavo
2715 2158 3012 2236 eiusdem,
3078 2160 3249 2221 inter

519 2251 727 2312 cetera
772 2248 983 2310 actum
1028 2243 1215 2309 fuerit
1260 2243 1611 2326 specialiter
1657 2247 1720 2309 et
1766 2246 2141 2310 conventum
2172 2245 2334 2310 inter
2380 2245 2579 2310 dictas
2611 2247 2834 2327 partes,
2883 2245 3046 2329 quod
3077 2245 3247 2310 dicto

519 2334 769 2400 domino
817 2332 949 2415 regi
995 2332 1407 2397 restituantur
1453 2349 1664 2396 omnes
1711 2334 1893 2410 terre,
1942 2333 2074 2398 loca
2120 2335 2187 2398 et
2229 2336 2449 2412 castra,
2513 2353 2628 2416 que
2684 2353 2795 2417 per
2852 2352 3248 2399 communem

523 2422 928 2488 veneciarum
979 2422 1286 2498 tenentur,
1334 2440 1452 2503 que
1503 2420 1666 2485 dicto
1714 2420 1962 2485 domino
2009 2422 2141 2503 regi
2207 2421 2416 2487 ablata
2480 2420 2746 2486 fuissent
2805 2441 2915 2505 per
2977 2422 3249 2488 Venetos

520 2513 800 2593 tempore
845 2509 1149 2591 presentis
1196 2527 1434 2591 guerre,
1481 2514 1544 2571 et
1589 2508 1943 2590 specialiter
1981 2509 2200 2574 civitas
2246 2512 2309 2574 et
2354 2515 2623 2574 castrum
2672 2508 2921 2574 Cathari
2966 2513 3105 2590 etc„
3177 2519 3251 2575 ut

520 2599 583 2664 in
631 2599 767 2682 ipso
814 2596 1088 2681 capitulo
1135 2597 1518 2669 continetur:
1566 2600 1630 2660 et
1674 2599 1814 2680 qnia
1861 2597 2085 2681 prefati
2132 2598 2586 2664 ambaxiatores
2633 2600 2699 2664 et
2762 2599 2967 2664 nuncii
3028 2617 3249 2683 supra-

523 2688 673 2753 dicti
721 2686 956 2751 domini
1004 2686 1169 2769 regis
1217 2685 1614 2768 personaliter
1661 2686 1947 2751 accedere
1994 2689 2369 2771 nequeuntes
2416 2687 2671 2752 mittant
2719 2688 3031 2770 egregium
3080 2687 3251 2751 mili-

523 2779 650 2841 tem
700 2774 1016 2839 dominum
1063 2773 1326 2838 Paulum
1391 2772 1466 2838 de
1519 2772 1799 2857 Georgiis
1858 2775 1931 2839 de
1981 2773 2176 2840 Jadra
2233 2775 2299 2840 in
2344 2792 2555 2839 eorum
2627 2777 2912 2840 nuncium
2961 2776 3040 2839 ad
3087 2776 3251 2840 acci—

523 2862 818 2948 piendum
867 2865 930 2928 et
977 2862 1338 2944 capiendum
1387 2863 1631 2926 nomine
1702 2862 1931 2927 domini
1996 2864 2161 2947 regis
2224 2862 2485 2945 predicti
2545 2864 2824 2928 tenutam
2882 2864 3071 2927 castri
3133 2862 3253 2930 Ca-

524 2952 689 3017 thari
738 2952 802 3016 et
842 2953 1033 3016 etiam
1078 2950 1373 3025 civitatis,
1419 2949 1472 3014 si
1520 2949 1671 3014 dicti
1720 2949 1941 3015 Veneti
1988 2953 2287 3031 tenerent,
2331 2950 2487 3035 quod
2556 2951 2709 3016 dicti
2753 2951 2979 3016 Veneti
3038 2955 3254 3017 tenent

525 3044 587 3105 et
635 3039 866 3105 habent
913 3039 975 3104 in
1023 3038 1151 3103 suis
1198 3040 1480 3103 manibus
1528 3040 1591 3103 et
1631 3037 1930 3114 custodia,
1979 3042 2042 3103 et
2072 3039 2229 3103 illud
2265 3039 2734 3105 custodiendum
2780 3041 2844 3104 et
2880 3041 3249 3105 servandum

527 3127 774 3194 nomine
819 3146 936 3211 quo
983 3145 1184 3209 supra,
1234 3125 1394 3209 quod
1443 3128 1716 3190 castrum
1765 3128 1829 3190 et
1874 3125 2213 3204 civitatem,
2260 3128 2314 3193 si
2375 3131 2656 3192 tenerent
2716 3128 2977 3211 predicti
3043 3127 3253 3193 nuncii

526 3219 593 3281 et
638 3215 1090 3279 ambaxiatores
1129 3214 1392 3279 illustris
1440 3213 1672 3278 domini
1719 3212 1893 3279 ducis
1940 3217 2004 3280 et
2047 3215 2388 3280 communis
2430 3215 2855 3294 Veneciarum‚
2927 3215 3003 3280 ad
3050 3217 3255 3299 requi-

528 3305 815 3369 sitionem
864 3303 1167 3367 dictorum
1218 3300 1605 3367 dominorum
1652 3302 2120 3367 ambaxatorum
2168 3306 2232 3369 et
2278 3306 2743 3386 procuratorum
2802 3304 3028 3387 prefati
3089 3324 3255 3369 sere-

531 3390 777 3456 nissimi
826 3389 1057 3455 domini
1103 3391 1268 3472 regis
1317 3389 1563 3454 fuerunt
1608 3392 1672 3454 et
1716 3393 1863 3455 sunt
1906 3392 2176 3456 contenti
2222 3395 2287 3456 et
2333 3393 2705 3474 promittunt
2753 3391 3090 3457 solenniter
3156 3411 3255 3457 se-

535 3479 807 3544 cundum
852 3478 1116 3542 formam
1165 3480 1227 3542 et
1274 3481 1546 3542 tenorem
1598 3479 1867 3560 predicte
1913 3479 2083 3562 pacis
2132 3481 2196 3544 et
2261 3479 2515 3563 capituli
2579 3480 2839 3562 predicti
2899 3480 3253 3546 nominibus

533 3567 755 3649 quibus
802 3581 998 3648 supra
1032 3565 1229 3631 eidem
1279 3568 1521 3631 domino
1569 3566 1763 3631 Paulo
1832 3566 2022 3631 militi
2083 3568 2245 3631 tradi
2308 3570 2371 3631 et
2428 3568 2622 3632 libere
2684 3567 2991 3651 designari
3051 3566 3252 3633 facere

531 3655 779 3719 nomine
829 3653 1061 3719 domini
1108 3653 1277 3737 regis
1325 3652 1549 3737 prefati
1597 3656 1660 3719 et
1704 3654 2011 3719 dictorum
2060 3654 2444 3720 dominorum
2479 3657 2945 3721 ambaxatorum
2980 3674 3251 3736 suornm,

533 3744 858 3808 dummodo
907 3742 994 3806 eis
1041 3742 1151 3807 fiat
1197 3743 1520 3823 promissio
1583 3746 1645 3806 et
1704 3742 2006 3825 obligatio
2067 3762 2175 3826 per
2236 3743 2428 3808 dictos
2489 3743 2769 3808 dominos
2831 3744 3254 3810 ambaxateres

532 3832 753 3914 regios,
802 3831 984 3913 quod,
1034 3830 1259 3895 tradito
1306 3830 1467 3894 dicto
1506 3832 1703 3895 castro
1749 3829 2006 3895 Cathari
2052 3850 2158 3895 seu
2204 3831 2583 3914 possessione
2614 3833 2812 3914 ipsius
2850 3834 2914 3896 et
2958 3833 3250 3911 civitatis,

529 3921 581 3985 si
631 3922 929 3987 tenerent,
977 3919 1039 3983 in
1087 3918 1372 3983 manibus
1422 3918 1643 4000 prefati
1684 3919 1917 3982 domini
1966 3919 2165 3997 Pauli,
2229 3919 2503 4002 prefatus
2561 3920 2843 3984 dominus
2903 3938 3009 3984 rex
3069 3922 3253 3987 solle-

530 4010 692 4073 niter
736 4007 1047 4084 liberabit,
1109 4006 1385 4071 absolvet
1446 4010 1509 4070 et
1573 4005 1875 4089 quietabit
1936 4007 2242 4089 prefatum
2301 4006 2617 4072 dominnm
2682 4006 2898 4073 ducem
2963 4010 3028 4073 et
3088 4028 3257 4075 com·

533 4116 715 4161 mune
763 4096 1158 4160 Venetiarum
1207 4094 1284 4159 ab
1331 4095 1495 4159 omni
1543 4094 1932 4160 restitutione
1979 4094 2251 4177 predicte
2296 4096 2567 4160 civitatis
2636 4098 2700 4159 et
2744 4097 2932 4161 castri
2979 4096 3253 4178 Cathari‚

534 4186 610 4249 ad
659 4201 845 4267 quam
892 4182 1167 4266 prefatus
1208 4182 1493 4247 dominus
1539 4184 1658 4248 dux
1701 4184 1764 4246 et
1831 4201 2151 4249 commune
2201 4183 2605 4249 Veneciarum
2667 4185 2911 4249 tenetur
2972 4187 3037 4250 et
3097 4186 3258 4250 obli-

536 4274 663 4354 gati
713 4274 858 4336 sunt
905 4270 1178 4353 predicto
1225 4271 1620 4336 serenissimo
1662 4270 1905 4335 domino
1951 4270 2081 4353 regi
2129 4271 2335 4355 vigore
2380 4271 2613 4354 prefate
2658 4270 2825 4354 pacis
2887 4275 2951 4337 et
2995 4274 3256 4356 capituli

539 4360 891 4440 supradicti.
939 4360 1170 4423 Idcirco
1218 4360 1552 4441 supradicti
1600 4358 1913 4424 reverendi
1960 4360 2021 4422 in
2068 4358 2302 4425 christo
2344 4362 2551 4442 patres
2616 4362 2678 4424 et
2728 4359 2960 4425 domini
3020 4360 3257 4427 domini

534 4445 904 4510 Valentinus
967 4446 1244 4526 Quinque
1303 4447 1688 4512 ecclesiensis
1738 4450 1801 4510 et
1848 4447 2077 4511 Paulus
2138 4446 2568 4529 Zagabriensis
2627 4448 2894 4532 episcopi
2966 4467 3258 4531 procura-

536 4535 717 4608 toros,
766 4537 1001 4598 actores
1049 4541 1111 4600 et
1158 4536 1362 4600 nuncii
1417 4535 1754 4617 supradicti
1799 4534 2033 4600 domini
2082 4537 2244 4617 regis
2290 4538 2707 4618 procuratorio
2751 4537 2817 4601 et
2861 4537 3097 4601 actorio
3144 4555 3254 4603 no-

535 4622 699 4684 mino.
749 4622 1094 4702 supradicto
1140 4623 1519 4688 solemnibus
1564 4621 2065 4704 stipulationibus
2113 4624 2663 4689 intervenientibus
2709 4623 3021 4689 hincinde
3053 4626 3257 4690 solen-

536 4707 695 4773 niter
740 4711 1150 4795 promiserunt
1193 4711 1447 4795 prefatis
1493 4711 1758 4776 dominis
1802 4711 2302 4777 ambaxatoribus
2349 4713 2413 4778 et
2454 4711 2724 4796 syndicis
2765 4711 2988 4795 prefati
3021 4714 3257 4780 domini
