3620 5282
464 316 588 382 120

456 491 575 557 ibit
619 490 683 555 in
733 487 1348 572 Constantinopolim,
1396 487 1623 553 habeat
1666 488 1859 553 libras
1881 484 2031 553 CCC
2055 489 2118 552 in
2169 489 2296 553 tres
2323 507 2562 553 menses
2608 489 2672 552 et
2711 487 2853 552 inde
2891 486 2957 552 in
2987 489 3170 552 antea

455 579 646 645 libras
690 578 742 642 L
787 576 852 641 in
895 595 1123 652 mense,
1174 577 1336 641 sicut
1379 575 1575 658 pridie
1623 577 1874 658 captum
1936 576 2076 640 fuit.
2144 575 2212 641 Si
2257 594 2398 641 vero
2450 576 2568 640 ibit
2622 575 2685 639 in
2735 574 3173 641 Constantino-

457 665 672 750 polim,
714 665 939 729 habere
985 662 1210 728 debeat
1252 663 1443 727 libras
1489 663 1545 728 V
1590 665 1836 727 centum
1882 663 1945 727 in
1993 664 2082 728 IV
2107 681 2350 728 menses
2396 665 2461 728 et
2505 662 2645 727 inde
2674 664 2737 727 in
2767 665 2952 728 antea
2985 662 3178 728 libras

454 753 505 819 L
551 753 616 818 in
657 770 887 817 mense.
935 751 1028 815 De
1071 769 1191 815 non
1239 751 1300 829 3,
1348 768 1468 814 non
1510 750 1734 815 sinceri
1782 750 1846 815 3.

545 840 721 905 Misti
768 841 971 902 XXV.
1021 844 1121 912 10,
1163 859 1207 900 u
1252 841 1468 900 arkivu
1510 841 1868 901 mletackom.

756 1028 1253 1111 chxxv.
1302 1028 1509 1110 eoo.
1564 1027 1799 1111 1349.
1854 1030 1905 1111 c
1947 1029 2326 1129 navum,
2379 1050 2439 1109 u
2494 992 2886 1111 metam.

756 1155 970 1215 Maost
997 1154 1344 1228 podiezjena
1376 1155 1663 1227 jednomu
1707 1155 2090 1229 proqnamku
2133 1154 2494 1214 Zadraninu
2532 1172 2575 1213 u
2619 1154 2884 1214 Mletcih.

671 1273 858 1339 1349.
906 1272 1006 1338 die
1051 1272 1142 1336 VI
1186 1272 1420 1354 aprilis,
1470 1277 1689 1356 capta.
1758 1274 1919 1356 quod
1983 1271 2308 1338 Saladinus
2372 1273 2444 1337 de
2494 1270 2781 1337 Saladino
2827 1274 2899 1337 de
2965 1273 3178 1353 Jadra,

455 1362 561 1447 qui
605 1362 707 1427 hic
748 1362 960 1426 manet
1013 1360 1076 1424 in
1122 1361 1462 1426 confinibus
1529 1363 1603 1426 ad
1668 1363 1880 1426 nostra
1934 1359 2260 1437 mandata,
2322 1365 2385 1424 et
2446 1363 2695 1443 propter
2742 1360 3185 1426 desolationem

457 1450 837 1535 agendorum
880 1466 1131 1513 suorum
1180 1446 1312 1532 ipse
1360 1466 1477 1513 non
1525 1449 1714 1513 habet
1763 1449 1921 1513 unde
1969 1449 2170 1512 vivere
2217 1451 2281 1512 et
2328 1448 2657 1512 subuenire
2703 1449 2864 1530 patri
2905 1467 3016 1513 suo
3057 1448 3187 1513 seni

458 1540 524 1603 et
568 1535 921 1621 impotenti,
970 1535 1194 1600 habere
1233 1534 1459 1599 debeat
1503 1538 1577 1600 de
1615 1537 1819 1619 gratia
1864 1535 2115 1618 speciali
2162 1536 2412 1619 intuytu
2459 1535 2744 1618 pietatiS,
2795 1538 2859 1600 et
2904 1536 3049 1620 quia
3094 1536 3187 1602 vi-

460 1626 640 1690 detur
687 1624 1022 1706 dispositus
1069 1618 1145 1686 ad
1194 1622 1561 1688 fidelitatem
1609 1624 1673 1687 et
1712 1625 1965 1699 bonum,
2011 1624 2161 1687 duas
2208 1625 2418 1705 postas
2466 1624 2781 1705 equestres
2822 1624 2887 1687 in
2911 1624 3188 1688 Tarvisio

458 1711 522 1776 in
569 1710 866 1777 banderia
909 1710 1294 1787 Italicorum,
1343 1728 1463 1774 non
1510 1713 1785 1794 augendo
1831 1730 2155 1776 numerum
2204 1711 2584 1775 soldatorum
2630 1710 2704 1774 de
2764 1710 2939 1789 inde,
3009 1714 3073 1776 et
3117 1730 3189 1775 ex

466 1818 627 1865 nnnc
671 1817 783 1882 pro
828 1798 1143 1863 forniendo
1187 1797 1355 1880 ipsas
1403 1800 1611 1880 portas
1658 1798 1855 1880 possit
1899 1798 1989 1861 ire
2036 1798 2409 1862 Tarvisium.
2465 1798 2545 1862 Et
2586 1798 2650 1861 in
2696 1798 3021 1862 consilinm
3072 1801 3187 1862 etc.

669 1887 750 1950 Et
795 1888 891 1950 est
936 1887 1120 1968 capta
1165 1903 1274 1967 per
1320 1883 1411 1948 VI
1454 1885 1860 1964 consiliarioS,
1911 1885 2005 1950 III
2054 1886 2260 1969 capita
2306 1886 2371 1949 et
2402 1886 2531 1949 tres
2565 1888 2774 1968 partes
2807 1889 3185 1969 rogatorum,

459 1975 523 2040 et
567 1974 679 2040 XL
725 1973 1121 2057 congregatis
1168 1971 1403 2036 LXXX
1449 1974 1514 2037 et
1559 1991 1765 2056 supra.

668 2062 761 2126 De
809 2063 986 2144 parte
1033 2058 1140 2138 60,
1189 2059 1308 2133 68;
1357 2062 1430 2124 de
1477 2077 1597 2124 non
1645 2060 1705 2139 8,
1760 2060 1861 2138 14,
1910 2078 2028 2126 non
2073 2060 2296 2126 sinceri
2344 2060 2407 2139 9,
2457 2059 2518 2126 6.

538 2151 719 2212 Misti
768 2150 899 2210 XX
908 2150 970 2211 V.
1023 2153 1124 2221 10,
1168 2168 1212 2209 u
1255 2149 1596 2210 mletaekom
1643 2151 1879 2212 arkivu.

715 2337 1257 2421 CLXXXVI.
1313 2337 1520 2420 God.
1577 2339 1810 2422 1349.
1870 2338 1921 2419 6
1975 2340 2356 2440 travnja,
2413 2362 2473 2421 u
2528 2339 2917 2422 Mleteih.

462 2466 693 2527 Nalaie
736 2482 799 2525 se
841 2466 1144 2538 kapetanu
1188 2482 1231 2523 u
1263 2466 1662 2538 jadranskom
1706 2483 1893 2536 meru,
1958 2466 2038 2524 da
2066 2465 2347 2538 prebrodi
2414 2464 2567 2525 iente
2610 2466 2800 2525 kneza
2843 2466 3038 2525 Pavla
3081 2467 3193 2526 kli-

873 2553 1055 2627 skoqa
1086 2552 1414 2622 Κατανίηιι,
1459 2553 1712 2626 rodjenu
1743 2553 2045 2622 Danduzo,
2091 2554 2149 2612 iz
2191 2552 2402 2611 Zadru
2445 2569 2489 2610 u
2541 2552 2765 2626 Troyir.

671 2672 861 2739 1349.
911 2672 1010 2738 die
1056 2672 1145 2736 VI
1189 2674 1423 2755 aprilis,
1473 2676 1689 2757 capta:
1737 2674 1897 2756 quod
1949 2674 2024 2738 ad
2062 2673 2368 2737 instantes
2421 2691 2634 2756 preces
2680 2672 2930 2739 comitis
2979 2675 3178 2751 Pauli,

451 2761 663 2828 fratris
709 2762 970 2826 condam
1014 2761 1261 2826 comitis
1315 2761 1617 2839 Mladeni,
1659 2761 1984 2826 mandetur
2034 2762 2355 2842 capitaneo
2405 2764 2613 2825 nostro
2661 2761 2823 2840 culfi,
2873 2763 3034 2844 quod
3068 2769 3177 2827 no-

453 2851 647 2915 bilem
694 2849 1007 2914 dominam
1067 2847 1426 2914 Catarinam
1486 2848 1772 2913 Dandulo
1838 2849 2099 2913 condam
2164 2855 2277 2913 ser'
2324 2848 2664 2926 Johannis,
2728 2868 2980 2915 uxorem
3039 2851 3190 2916 dicti

455 2935 703 3003 comitis
752 2936 952 3012 Pauli,
994 2954 1110 3018 que
1154 2936 1242 3001 ire
1287 2936 1474 3001 debet
1519 2955 1662 3001 cum
1703 2935 1902 3020 galeis
1950 2936 2250 3001 Romanie
2299 2956 2491 3020 usque
2537 2936 2820 3015 Jadram,
2878 2938 2930 3002 si
2980 2937 3183 3003 dictus

462 3025 823 3108 capitaneus
869 3023 1015 3088 culfi
1064 3025 1360 3106 repererit
1405 3043 1470 3089 se
1526 3024 1684 3089 citra
1728 3023 2142 3107 Tragurium,
2188 3025 2392 3089 levare
2452 3025 2672 3088 debeat
2717 3025 2949 3091 dictam
2995 3027 3193 3090 domi-

460 3131 602 3177 nam
650 3130 831 3193 super
879 3128 1001 3174 una
1047 3130 1119 3175 ex
1164 3110 1357 3194 galeis
1406 3112 1650 3190 nostris,
1700 3114 1763 3174 et
1809 3111 2009 3192 ipsam
2058 3130 2197 3175 cnm
2245 3112 2483 3196 familia
2530 3115 2596 3176 et
2636 3112 2767 3178 eius
2820 3113 3057 3177 arnesis
3103 3113 3193 3177 le-

457 3198 638 3352 ¹{ibus
682 3197 937 3350 οοὲιᾶιιοὶ
979 3198 1178 3264 facere
1223 3198 1617 3282 Tragurium,
1667 3218 1783 3264 non
1833 3198 2208 3264 sinistrando
2256 3201 2471 3264 tamen
2519 3201 2773 3283 negocia
2817 3218 2924 3264 nec
2987 3218 3189 3263 arma-

527 3305 592 3352 m
637 3304 748 3351 nos
782 3303 935 3350 ram.

542 3376 723 3436 Misti
773 3374 965 3434 XXV
1006 3377 1106 3446 10,
1152 3394 1195 3436 u
1240 3377 1456 3435 arkivu
1499 3376 1857 3436 mktackm.

672 3563 1265 3647 CLXXXVII.
1342 3563 1548 3646 God.
1605 3564 1836 3647 1349.
1892 3568 1990 3647 18
2043 3566 2420 3666 Πανιηᾶ,
2475 3586 2534 3645 u
2587 3563 2981 3646 Mleteih.

461 3692 634 3751 Neka
676 3690 888 3759 odbor‚
948 3690 1275 3763 sastavb'en
1339 3690 1415 3749 od
1462 3690 1855 3765 rnjeydasnjih
1916 3693 2173 3751 knezova
2218 3708 2261 3749 u
2307 3690 2642 3763 Dalmacaegji
2661 3734 2675 3759 ‚
2725 3689 2987 3763 podnese
3031 3692 3190 3764 svojc

459 3779 715 3853 mniem’e
759 3795 792 3837 o
833 3793 1064 3846 samu,
1106 3778 1205 3850 koj
1236 3794 1310 3835 su
1354 3778 1520 3851 hejeli
1559 3779 1801 3851 sklopiti
1845 3780 2044 3851 medy‘u
2075 3779 2269 3838 sobom
2313 3779 2416 3836 isti
2454 3778 2723 3851 ρναάουί,
2770 3794 2802 3836 o
2846 3778 3196 3851 poslanstvu

1180 3866 1367 3925 kneza
1409 3866 1602 3925 Pavla
1646 3866 1670 3923 i
1716 3867 1860 3925 lietu
1907 3867 2270 3940 bosanskoya
2303 3867 2479 3926 bana.

681 3983 871 4048 1349.
915 3939 1015 4048 die
1058 3982 1271 4047 XVIII
1315 3983 1549 4066 apriliS,
1593 3988 1809 4068 capta:
1859 4004 2001 4049 cum
2049 3984 2178 4049 sint
2236 3985 2336 4049 hic
2384 3957 2837 4050 ambaxiatores
2885 3982 3193 4069 Sybenici,

469 4072 757 4157 Tragurii
803 4073 869 4137 et
913 4068 1171 4154 Spaleti,
1221 4072 1395 4136 missi
1442 4091 1551 4155 pro
1598 4071 1762 4137 facto
1808 4072 2116 4137 tractandi
2172 4072 2461 4137 unionem
2522 4072 2686 4137 inter
2731 4072 2932 4137 dictas
2951 4075 3191 4151 terrae,

469 4179 606 4244 qne,
654 4161 726 4225 ut
769 4159 1015 4237 dicitur,
1060 4161 1224 4223 esset
1267 4159 1443 4223 utilis
1506 4161 1814 4237 multum,
1864 4161 1926 4224 et
1974 4178 2080 4242 pro
2134 4160 2275 4225 aliis
2337 4159 2522 4225 factis
2585 4160 3006 4225 communium
3054 4179 3196 4225 suo-

470 4265 646 4314 rum.
695 4246 868 4311 vadit
912 4265 1074 4328 parS,
1125 4245 1281 4328 quod
1329 4247 1759 4312 committatur
1781 4248 2198 4329 intrascriptis
2225 4248 2554 4326 nobilibuS,
2603 4248 2705 4331 qui
2755 4247 2913 4312 alias
2947 4248 3196 4312 fuerunt

473 4337 739 4399 rectores
783 4332 849 4397 in
895 4332 1078 4398 terris
1124 4333 1435 4414 predictis,
1483 4336 1546 4399 et
1591 4336 1823 4399 habent
1870 4333 2112 4417 plenam
2149 4335 2649 4400 informationem
2697 4336 2768 4399 de
2815 4337 2986 4399 statu
3032 4336 3197 4418 ipsa-

472 4440 634 4499 rum,
676 4419 836 4503 quod
879 4419 1093 4485 audire
1138 4419 1404 4485 debeant
1448 4440 1541 4498 ea,
1589 4442 1705 4504 que
1751 4422 1899 4486 dicti
1948 4423 2370 4486 ambaxatores
2402 4423 2604 4487 dicere
2636 4413 2867 4500 volunt,
2917 4424 2980 4486 et
3014 4441 3196 4504 snper

470 4510 560 4573 eis
610 4507 957 4573 examinare
1004 4508 1070 4571 et
1108 4507 1256 4571 dare
1303 4508 1479 4573 nobis
1532 4529 1712 4573 suum
1754 4509 2080 4574 consilium
2132 4510 2194 4574 in
2242 4509 2514 4591 scriptia,
2564 4529 2705 4574 cum
2748 4528 2866 4592 quo
2914 4510 3195 4573 venietur

467 4597 608 4675 huc,
657 4595 723 4658 et
767 4595 895 4673 fiet,
940 4595 1101 4659 sicut
1145 4594 1475 4674 videbitur,
1522 4599 1587 4661 et
1626 4597 1891 4679 quilibet
1937 4596 2132 4678 possit
2180 4615 2401 4678 ponere
2450 4599 2731 4680 partem,
2793 4598 2858 4661 et
2903 4595 3193 4659 similiter

467 4700 610 4749 cum
654 4680 944 4748 libertate
989 4681 1268 4764 predicta
1334 4682 1484 4747 dent
1529 4684 1704 4749 nobis
1765 4702 1945 4748 snum
2006 4684 2334 4748 consilium
2363 4769 2368 4774 ἱ
2401 4702 2585 4768 super
2642 4683 3037 4749 ambaxatam
3092 4700 3196 4748 co-
