3620 5282
497 372 621 436 178

491 549 687 612 simus
729 547 993 625 astricti,
1042 546 1242 611 eidem
1291 547 1356 610 et
1400 546 1688 628 gentibus
1737 547 1866 610 suis
1917 564 2139 628 puram
2188 546 2253 611 et
2301 565 2507 610 veram
2552 563 2764 628 pacem
2818 561 3100 620 servare3
3142 544 3230 625 ,et

491 634 595 700 hic
643 655 674 700 e
725 653 1013 699 converso
1059 636 1232 698 nobis
1296 635 1594 698 astrictus
1655 637 1792 708 est;
1857 636 1922 699 et
1985 636 2304 716 propterea
2365 634 2427 697 id
2482 633 2681 697 facere
2735 652 2854 697 non
2901 648 3227 714 possumus

493 723 628 787 sine
675 723 1041 805 gravissima
1087 722 1186 785 dei
1231 722 1460 786 offensa
1506 726 1569 785 et
1620 721 1952 786 violatione
2010 722 2384 786 sacramenti
2449 721 2645 785 nostri
2709 722 2774 784 et
2836 718 3230 801 derogatione

493 810 741 875 honoris
789 813 854 875 et
898 809 1064 873 fame
1110 811 1337 874 nostre.
1385 807 1588 888 Quare
1634 811 1844 893 potest
1883 828 1995 874 nos
2043 809 2342 874 serenitas
2390 809 2733 892 imperialis
2774 808 3002 872 habere
3045 825 3081 871 a
3127 825 3232 888 pe·

492 899 718 963 ticione
762 897 1066 980 premissa
1111 898 1333 962 merito
1379 900 1719 962 excusatos

703 985 802 1050 Ad
850 986 1184 1068 septimum
1230 987 1588 1068 capitulum,
1640 995 1751 1068 per
1782 986 1945 1067 quod
1977 985 2233 1067 petitur,
2285 985 2444 1067 quod
2481 984 2532 1048 si
2567 985 2853 1049 dominus
2887 984 3225 1066 imperator

492 1074 594 1140 vel
638 1074 805 1139 filius
852 1075 962 1137 aut
1008 1074 1365 1155 imperatrix
1412 1092 1519 1137 seu
1565 1072 1723 1137 alius
1773 1091 1881 1155 pro
1929 1074 2017 1137 eis
2069 1072 2163 1137 vel
2215 1072 2439 1155 aliquis
2492 1074 2565 1137 de
2609 1072 2899 1135 fidelibus
2962 1071 3092 1135 suis
3139 1069 3230 1133 fa-

492 1164 659 1228 ciens
707 1160 1108 1225 mercationes
1157 1161 1220 1224 in
1268 1161 1543 1225 Venetiis
1595 1164 1735 1237 etc.,
1785 1161 1945 1243 quod
1989 1161 2078 1224 eis
2126 1161 2317 1225 libere
2357 1160 2560 1225 facere
2607 1161 2856 1224 valeant
2916 1158 2980 1222 in
3028 1158 3229 1223 Vene-

490 1250 603 1315 ciis
650 1252 714 1314 et
758 1250 896 1313 aliis
945 1250 1126 1313 terris
1173 1250 1401 1313 nostris
1449 1252 1587 1327 etc.,
1636 1249 2056 1330 respondetur,
2103 1248 2263 1331 quod
2313 1249 2547 1313 dictum
2597 1247 2918 1312 dominum
2957 1247 3230 1327 impera-

494 1341 696 1401 torem
744 1341 807 1400 et
854 1341 1198 1401 consortem
1245 1355 1315 1400 ac
1362 1337 1560 1400 filium
1613 1356 1816 1414 suum,
1865 1341 1937 1399 ut
1985 1338 2081 1400 est
2131 1336 2386 1415 dictum,
2437 1336 2655 1400 ducale
2679 1335 3024 1400 dominium
3061 1352 3226 1398 sem-

491 1443 601 1508 per
646 1424 913 1489 intendit
957 1425 1278 1489 caritative
1326 1426 1390 1488 et
1451 1424 1893 1489 honorabiliter
1954 1425 2018 1487 in
2081 1423 2210 1488 suis
2272 1424 2458 1488 terris
2521 1426 2791 1488 tractare
2838 1426 2902 1487 et
2964 1421 3222 1486 tractari

499 1512 720 1591 facere,
767 1513 831 1576 et
876 1512 1035 1594 quod
1084 1513 1324 1594 possint
1370 1514 1429 1576 in
1475 1531 1547 1575 ea
1592 1513 1793 1577 facere
1842 1513 1905 1576 et
1951 1513 2083 1576 fieri
2138 1512 2359 1589 facere,
2429 1512 2595 1576 sicut
2641 1512 2903 1593 quilibet
2963 1510 3228 1573 honora-

499 1600 659 1665 biles
701 1604 764 1664 et
810 1600 1116 1664 carissimi
1165 1601 1331 1665 cives
1378 1601 1474 1663 sui
1517 1599 1728 1664 fideles
1775 1601 1960 1664 etiam
2018 1600 2357 1683 imperialis
2405 1601 2753 1664 maiestatis
2819 1600 2880 1662 in
2943 1598 3227 1662 omnibus

494 1689 621 1753 suis
669 1688 944 1752 comodis
1006 1691 1274 1752 tractare
1345 1691 1409 1751 et
1469 1668 1729 1751 tractassi
1774 1687 1976 1752 facere
2025 1689 2312 1771 proponit
2376 1689 2436 1751 in
2502 1688 2688 1752 terris
2752 1684 2879 1751 suis
2925 1685 3227 1750 favorabi-

497 1775 643 1840 liter
689 1777 753 1840 et
798 1776 1078 1855 benigne,
1124 1776 1274 1840 licet
1306 1775 1380 1838 de
1427 1776 1821 1840 libertatibus
1870 1778 1933 1839 et
1977 1775 2368 1853 franchisiiS,
2419 1795 2534 1858 que
2605 1777 2895 1858 petuntur
2959 1792 3066 1855 pro
3116 1773 3224 1844 eis,

493 1882 611 1929 non
659 1864 851 1945 possit
897 1863 1304 1927 effectualiter
1365 1864 1768 1945 complaceri,
1835 1882 1973 1927 cum
2038 1864 2367 1928 nostrimet
2429 1863 2645 1928 fideles
2711 1864 2776 1927 et
2831 1861 3064 1926 subditi
3108 1878 3224 1923 non

493 1952 619 2015 sint
664 1953 739 2015 ab
787 1951 1075 2015 oneribus
1123 1950 1474 2014 huiusmodi
1523 1950 1827 2027 absoluti,
1897 1951 2003 2014 sed
2052 1952 2127 2016 ob
2177 1970 2451 2015 amorem
2521 1950 2869 2034 imperialis
2936 1948 3223 2013 culminis

493 2058 601 2122 pro
647 2038 800 2121 ipsis
842 2039 950 2102 fiet
980 2039 1141 2102 sicut
1182 2039 1444 2103 subditis
1491 2040 1557 2102 et
1600 2039 1887 2103 fidelibus
1914 2038 2247 2103 cuiuslibet
2270 2040 2565 2121 principis
2602 2045 2666 2103 et
2699 2038 3004 2102 carissimi
3039 2035 3224 2099 amici

493 2128 706 2206 nostri,
757 2145 938 2209 quem
986 2127 1282 2190 habemus
1331 2128 1394 2190 et
1441 2130 1801 2207 reputamus
1848 2126 2168 2191 dominum
2220 2128 2650 2209 imperatorem
2701 2125 3091 2210 premissum.

705 2214 803 2277 Ad
848 2216 1135 2277 octavum
1182 2213 1542 2296 capitulum,
1594 2235 1701 2297 per
1748 2217 1906 2296 quod
1955 2215 2210 2297 petitur,
2261 2217 2422 2298 quod
2467 2214 2685 2280 ducale
2729 2214 3070 2278 dominium
3105 2230 3222 2276 non

492 2300 699 2366 faveat
744 2301 1004 2384 principi
1052 2300 1236 2365 alicui
1284 2303 1381 2365 vel
1427 2301 1717 2378 dominio,
1785 2303 2015 2367 volenti
2077 2320 2323 2369 movere
2386 2304 2726 2367 novitatem
2790 2300 2885 2366 vel
2934 2318 3221 2385 guerram

493 2389 617 2472 ipsi
663 2388 910 2453 domino
959 2388 1335 2470 imperatori,
1385 2391 1807 2471 respondetur,
1853 2391 2013 2472 quod
2062 2390 2137 2454 de
2184 2393 2296 2456 hoc
2344 2410 2462 2455 non
2500 2389 2731 2455 habeat
2777 2391 3075 2453 maiestas
3107 2389 3225 2450 im-

492 2475 746 2560 perialis
796 2478 1187 2557 aliquatenus
1233 2477 1535 2556 dubitare,
1584 2496 1727 2561 ymo
1777 2482 1989 2542 teneat
2033 2497 2140 2560 pro
2189 2479 2524 2556 constanti,
2577 2477 2735 2560 quod
2764 2478 2978 2541 ducale
3026 2475 3227 2540 domi-

492 2564 663 2628 nium
710 2564 789 2627 ad
834 2564 1035 2645 ipsum
1080 2584 1325 2648 semper
1371 2565 1597 2630 habere
1649 2567 1968 2650 proposuit
2030 2586 2243 2631 verum
2312 2585 2587 2631 amorem
2639 2567 2705 2629 et
2746 2564 3224 2630 benivolentiam

493 2654 843 2737 specialem.

703 2741 803 2806 Ad
849 2759 1074 2805 nonum
1120 2741 1463 2825 capitulum
1503 2742 1578 2806 de
1628 2744 1783 2806 bano
1843 2743 2105 2806 Bossine
2170 2745 2287 2806 etc.
2337 2743 2824 2824 respondeatur,
2873 2739 3033 2823 quod
3080 2757 3224 2804 cum

494 2827 731 2893 ducalis
778 2829 1114 2893 dominatio
1173 2831 1504 2912 specialem
1569 2848 1847 2893 amorem
1909 2830 2140 2894 habeat
2195 2834 2324 2893 tam
2385 2830 2462 2893 ad
2522 2831 2758 2914 regiam
2827 2829 3222 2892 maiestatem

496 2935 684 2999 quam
733 2918 922 2980 etiam
962 2915 1039 2980 ad
1087 2917 1408 2982 dominum
1457 2917 1685 2981 banum
1735 2917 2016 2996 Bossine,
2065 2918 2201 2982 ideo
2250 2919 2493 3000 optavit
2527 2920 2592 2982 et
2623 2919 2818 3000 optat,
2868 2915 3030 2998 quod
3064 2917 3226 2980 inter

496 3007 705 3087 partes
750 3004 920 3086 ipsas
968 3004 1053 3068 sit
1097 3005 1268 3088 quies
1316 3009 1379 3069 et
1425 3006 1789 3084 concordia,
1839 3007 1902 3069 et
1948 3006 2109 3088 quod
2165 3009 2441 3088 sopiatur
2501 3006 2701 3070 omnis
2770 3006 3034 3069 materia
3081 3021 3226 3085 que-

498 3091 740 3169 stionis,
789 3110 906 3174 que
953 3091 1252 3156 damnosa
1298 3095 1495 3175 possit
1541 3093 1725 3158 affere
1767 3093 2126 3157 discrimina
2172 3094 2438 3158 subditis
2487 3093 2859 3169 earundem;
2931 3095 2996 3156 et
3042 3109 3225 3173 prop·

494 3180 666 3244 terea
713 3179 954 3261 rogavit
999 3181 1064 3244 et
1106 3182 1288 3263 rogat
1330 3182 1570 3263 regiam
1631 3181 2063 3259 maiestatem,
2119 3181 2276 3263 quod
2325 3201 2395 3245 ex
2453 3184 2629 3264 parte
2693 3199 2805 3245 sua
2868 3181 3227 3262 disponatur

496 3284 757 3344 servare,
803 3268 963 3348 quod
985 3267 1219 3332 dictum
1266 3271 1396 3348 est3
1444 3272 1508 3332 et
1553 3270 1697 3350 qnia
1722 3270 1948 3333 dicitur
1972 3268 2047 3332 de
2095 3270 2366 3333 novitate
2402 3269 2570 3334 sacta
2612 3289 2721 3351 per
2759 3269 2985 3332 banum
3020 3267 3223 3347 ipsum

493 3355 705 3418 contra
750 3354 1028 3420 subditos
1075 3355 1270 3438 ipsius
1318 3356 1551 3419 domini
1597 3355 2007 3437 imperatoris,
2058 3357 2207 3420 dicit
2255 3357 2469 3421 ducale
2524 3356 2890 3433 dominium,
2940 3353 3096 3438 quod
3146 3351 3221 3415 de

495 3441 628 3519 hoc,
674 3443 726 3506 si
770 3441 861 3506 ita
907 3446 1021 3520 est,
1070 3444 1239 3506 dolet
1283 3448 1345 3507 et
1394 3444 1656 3507 intendit
1717 3444 2051 3508 efficaciter
2097 3444 2364 3508 scribere
2427 3444 2596 3509 dicto
2667 3445 2826 3509 bano
2892 3439 3221 3522 superinde

494 3530 741 3595 litteras
790 3531 1108 3612 specialeS,
1159 3534 1221 3594 et
1267 3534 1473 3612 sperat
1518 3531 1786 3606 indubie,
1837 3531 1997 3613 quod
2061 3531 2457 3610 reformabit,
2525 3551 2886 3614 quecunque
2952 3527 3223 3591 indebite

494 3617 660 3682 facta
705 3617 937 3706 forent,
970 3620 1032 3683 et
1078 3619 1236 3701 quod
1283 3620 1412 3700 ipse
1460 3618 1650 3682 etiam
1698 3637 1770 3683 ex
1813 3621 1988 3701 parte
2036 3638 2146 3683 sua
2188 3619 2546 3702 disponetur
2589 3639 2727 3684 cum
2777 3621 2910 3700 ipso
2957 3617 3225 3699 impera-

497 3709 629 3771 tore
675 3709 880 3771 vivere
926 3706 1338 3770 amicabiliter
1383 3709 1447 3770 et
1493 3707 1717 3788 quiete.

704 3794 803 3858 Ad
849 3795 908 3857 X
954 3793 1298 3876 capitulum
1345 3793 1419 3857 de
1466 3797 1688 3859 damno
1738 3794 1914 3858 illato
1963 3794 2196 3858 Veneto
2243 3798 2454 3859 nostro
2500 3794 2563 3858 in
2612 3793 2895 3877 partibus
2930 3791 3224 3868 Avalone,

496 3883 954 3965 respondeatur,
1003 3881 1166 3964 quod
1208 3881 1446 3945 ducalis
1495 3883 1832 3945 dominatio
1887 3884 2266 3964 regratiatur
2332 3882 2722 3965 imperatorie
2787 3881 3102 3946 maiestati
3149 3879 3226 3943 de

496 3970 658 4034 bona
705 3971 1043 4046 voluntate,
1093 3988 1279 4051 quam
1322 3969 1593 4033 ostendit
1629 3988 1777 4052 erga
1822 3971 2283 4034 ambaxatorem
2323 3989 2504 4034 sunm
2532 3974 2663 4034 tam
2709 3970 2771 4033 in
2805 3969 3226 4033 satisfactione

471 4060 856 4128 ,damnorum
905 4058 1131 4122 civium
1178 4076 1448 4135 suorum,
1497 4077 1680 4139 quam
1729 4057 1871 4120 aliis
1935 4076 2043 4140 per
2103 4057 2340 4121 dictum
2388 4059 2849 4121 ambaxatorem
2914 4054 3223 4138 expositiS,

498 4150 562 4210 et
608 4144 960 4227 specialiter
1006 4144 1081 4207 de
1129 4164 1219 4223 eo,
1269 4146 1439 4228 quod
1478 4165 1639 4210 nunc
1686 4145 1867 4209 offert
1913 4145 1978 4207 in
2042 4145 2469 4209 satisfactione
2536 4145 2747 4208 damni
2810 4144 3107 4227 predicti,
3173 4141 3227 4205 si

499 4231 842 4315 reperiatur
888 4233 1123 4297 Veneto
1165 4233 1352 4297 fuisse
1400 4233 1669 4296 illatum.
1735 4233 1819 4296 Et
1865 4232 2008 4314 quia
2075 4234 2207 4315 ipsa
2254 4232 2489 4296 ducalis
2537 4232 2878 4297 dominatio
2940 4229 3232 4313 diligenti

499 4318 896 4400 inquisitione
943 4320 1175 4398 habita,
1229 4322 1459 4403 reperit
1505 4322 1849 4399 manifeste,
1900 4320 2062 4402 quod
2110 4322 2283 4396 bona,
2334 4322 2407 4384 de
2455 4321 2677 4402 quibus
2724 4321 2929 4403 agitur
2967 4318 3218 4393 menci0,

499 4405 751 4470 fuerunt
795 4406 1035 4484 Veneti,
1085 4407 1220 4471 ideo
1267 4413 1449 4490 rogat
1493 4413 1557 4472 et
1602 4408 1865 4490 requirit
1926 4409 2231 4471 instanter
2291 4408 2530 4489 regiam
2596 4408 3024 4484 maiestatem,
3074 4423 3225 4488 qua-

503 4496 685 4557 tenus
733 4492 981 4576 placeat
1025 4495 1145 4558 sibi
1190 4494 1265 4559 de
1313 4495 1733 4560 satisfactione
1781 4495 1929 4559 dicti
1978 4496 2185 4559 damni
2232 4493 2449 4569 facere,
2513 4496 2678 4560 sicut
2722 4497 2933 4578 sperat
2976 4494 3227 4558 effectu·

501 4580 685 4645 aliter
730 4581 1056 4662 provideri.
1108 4587 1135 4663 s

712 4668 812 4732 Ad
848 4669 939 4732 XI
984 4669 1325 4750 capitulum
1372 4671 1445 4734 de
1491 4671 1749 4753 pignora
1796 4672 1945 4734 data
1989 4672 2202 4734 contra
2251 4669 2531 4734 homines
2578 4671 2792 4751 Raxie,
2849 4672 2925 4734 ad
2969 4669 3225 4752 peticio-

501 4773 643 4821 nem
689 4775 789 4821 ser
832 4756 1054 4822 Jacobi
1099 4756 1335 4838 Bolani,
1381 4758 1840 4841 respondeatur,
1888 4758 2050 4839 quod
2105 4757 2327 4822 ducale
2373 4758 2737 4839 dominium,
2786 4759 3037 4841 cupiens
3083 4756 3229 4821 sub-
