3620 5282
2955 390 3079 457 461

377 582 556 632 suam
602 565 668 631 et
710 562 1083 649 generaliter
1126 582 1335 630 omnes
1382 563 1757 629 mercatores
1828 564 1893 630 et
1962 564 2241 631 subditos
2288 582 2461 643 suos;
2541 568 2606 631 et
2646 566 2698 631 si
2750 567 3084 650 cognoscit,

385 655 545 739 quod
589 654 971 719 constructio
1017 652 1168 719 dicti
1214 653 1331 719 loci
1376 653 1574 736 possit
1613 671 1743 717 esse
1788 652 1964 717 utilis
2017 655 2080 718 et
2125 655 2447 719 commoda
2496 654 2650 737 ipsis
2720 656 2983 720 subditis
3022 657 3085 722 et

383 760 574 827 regno
621 762 752 824 suo,
802 742 962 825 quod
1009 743 1216 825 potest
1261 740 1464 807 facere
1510 743 1575 806 et
1620 740 1981 818 deliberare,
2056 741 2219 807 sicut
2280 740 2596 808 maiestati
2665 762 2773 807 sue
2833 744 3081 809 videtur

386 831 451 897 et
494 833 717 915 placet,
767 832 911 914 quia
952 830 1151 897 omnis
1196 829 1565 896 deliberatio
1613 847 1726 895 sua
1770 829 2044 911 placebit
2087 830 2280 907 nobiS,
2331 849 2448 896 non
2497 830 2871 910 dubitante8‚
2921 833 3080 915 quod

379 919 444 985 in
489 921 621 998 illo,
664 921 717 984 si
758 922 1137 1000 contruetur,
1183 921 1250 984 et
1293 918 1356 983 in
1418 918 1705 984 omnibus
1775 918 1919 983 aliis
1990 919 2136 997 suis,
2205 918 2365 983 sicut
2433 937 2499 984 se
2569 919 2766 997 offert,
2805 938 3083 1003 -semper

378 1009 679 1074 tractaret
723 1009 1097 1073 mercatores
1147 1008 1211 1072 et
1252 1005 1535 1072 subditos
1578 1008 1820 1073 nostros
1866 1006 2295 1073 favorabiliter
2337 1009 2399 1071 et
2433 1008 2713 1091 benigne,
2752 1011 2817 1072 et
2859 1009 2933 1072 de
2966 1009 3083 1073 hoc
3168 1076 3174 1082 ,

381 1096 502 1162 sibi
527 1095 962 1180 regratiamur,
1012 1097 1311 1180 quantum
1358 1102 1706 1179 possumus.
1758 1097 1992 1162 Verum
2040 1095 2182 1179 qnia
2224 1095 2402 1177 petit,
2450 1095 2609 1160 velle
2648 1096 2878 1160 habere
2917 1096 3084 1162 favo·

379 1205 512 1250 rem
559 1187 863 1265 nostrum,
911 1185 975 1250 iu
1021 1203 1171 1250 casu
1213 1202 1335 1269 quo
1372 1184 1567 1270 aliqui
1612 1186 1851 1253 vellent
1895 1185 2144 1250 obstare
2183 1185 2323 1262 sibi,
2358 1183 2518 1268 quod
2551 1201 2674 1249 non
2703 1186 3086 1250 construeret

380 1272 617 1347 dictum
664 1273 888 1353 locum,
936 1272 1015 1339 ad
1060 1275 1232 1339 istud
1276 1272 1519 1341 dicatur
1556 1273 1696 1355 sibi,
1744 1274 1909 1358 quod
1954 1290 2064 1337 nos
2110 1271 2440 1350 credimus,
2488 1272 2648 1355 quod
2695 1272 2757 1337 in
2782 1272 2930 1337 locis
2960 1274 3088 1338 suis

379 1361 578 1465 possit
613 1360 814 1428 facere
860 1360 939 1427 ad
982 1361 1438 1447 beneplacitum
1484 1380 1684 1440 suum,
1733 1366 1799 1428 et
1843 1361 2176 1439 nescimuS,
2225 1361 2330 1444 qui
2376 1361 2741 1437 obstarent;
2798 1364 2862 1425 et
2885 1362 2939 1425 si
2972 1363 3087 1426 ali-

380 1450 486 1534 qui
532 1449 871 1525 obstarent,
917 1453 1171 1534 possent
1201 1454 1338 1534 esse
1376 1470 1655 1535 persone,
1699 1468 1841 1515 cum
1874 1451 2094 1532 quibus
2125 1466 2405 1513 essemus
2437 1450 2498 1512 in
2531 1467 2699 1550 pace,
2734 1452 2797 1513 et
2829 1452 3083 1515 essendo

380 1540 446 1604 in
490 1557 640 1623 pace
681 1556 914 1617 secum,
961 1525 1267 1620 nollemus
1314 1540 1546 1605 intrare
1592 1557 1734 1604 cum
1781 1538 2027 1622 aliquo
2011 1555 2077 1602 ιιι
2119 1555 2427 1621 guerram,
2460 1538 2604 1667 quia
2648 1537 2763 1603 hoc
2802 1556 2946 1602 cum
2978 1538 3085 1604 ho-

383 1645 529 1693 nore
575 1628 785 1694 nostro
830 1627 1034 1695 facere
1074 1647 1196 1715 ιιοιι
1241 1647 1579 1714 possemus.

467 1736 711 1800 Secreta
760 1735 1132 1818 Cous-1309.
1169 1738 1228 1802 1.
1278 1741 1380 1813 57,
1424 1757 1467 1800 ιι
1505 1740 1663 1802 mlet.
1710 1738 1947 1800 arkivu.

735 1851 1074 2031 ιιοΧΧ.
1130 1947 1336 2032 eon.
1392 1946 1623 2031 1402.
1677 1946 1775 2030 lc
1828 1942 2194 2050 travnja,
2249 1968 2310 2029 u
2361 1945 2751 2030 anetem

592 2084 657 2156 Si
660 2066 1032 2179 gisnrundus
1076 2110 1181 2158 rex
1223 2090 1579 2175 Hungariae
1627 2090 1784 2155 redit
1830 2088 2148 2174 gratiasv
2112 2090 2327 2155 veneto
2392 2087 2666 2155 dominio
2724 2105 2832 2171 pro
2895 2087 3089 2172 signi-

382 2106 724 2243 ficationeg¹
717 2181 1046 2247 contentus
1094 2180 1150 2246 ei
1196 2179 1362 2245 facta
1402 2180 1649 2245 nomine
1696 2177 2070 2262 reipublicae
2145 2196 2184 2243 a
2254 2179 2468 2244 veneto
2539 2195 2782 2243 cursore
2859 2174 3084 2242 Geralo

384 2268 633 2349 propter
678 2254 1059 2347 libertatem,
1101 2286 1287 2353 quam
1331 2286 1526 2351 nuper
1571 2269 1984 2352 consequutus
2053 2266 2167 2347 est,
2239 2269 2302 2331 et
2366 2263 2616 2352 gaudet,
2663 2264 2822 2349 quod
2866 2265 2956 2331 ita
3000 2266 3086 2330 sit

383 2356 590 2421 certus
635 2353 743 2419 de
760 2356 1039 2425 amicitia
1082 2357 1477 2437 Venetorum,
1527 2372 1670 2422 cum
1718 2354 1889 2421 fama
1929 2354 2113 2421 aliter
2159 2355 2412 2421 diceret.

471 2461 1045 2561 Commemorialiunp
1086 2462 1211 2528 IX.
1263 2468 1411 2544 131,
1458 2482 1502 2527 ιι
1546 2467 1704 2529 mzet.
1750 2465 1985 2527 arkivu.

739 2674 1120 2759 ncxxl.
1171 2676 1378 2761 eon.
1432 2674 1664 2759 1402.
1718 2678 1763 2758 1
1817 2674 2182 2779 svrbnja,
2233 2695 2294 2758 u
2347 2672 2738 2760 metam.

568 2813 1045 2886 Ambasciatori
1088 2818 1255 2904 regis
1303 2819 1586 2898 Bosinae,
1636 2816 1744 2901 qui
1788 2817 2022 2884 detulit
2065 2817 2442 2901 reipublicae
2490 2836 2596 2902 pro
2641 2819 2817 2902 parte
2853 2818 3087 2885 domini

379 2905 477 2970 sui
520 2910 690 2993 tegis
734 2927 928 2974 unum
974 2925 1307 2973 roncenum
1355 2908 1592 2991 (equm)
1632 2909 1696 2972 et
1738 2926 1929 2972 unum
1968 2912 2304 2987 austurem,
2355 2906 2664 2974 donantur
2698 2904 2825 2972 150
2853 2907 3085 2975 ducati.

380 2993 713 3063 Roucsnus
760 2998 826 3063 et
862 2998 1080 3062 austur
1119 2995 1327 3062 donati
1370 2994 1715 3061 marchioni
1761 2989 2167 3062 Ferrariensi.

467 3103 684 3168 Maius
730 3104 1058 3168 Consilium
1096 3105 1327 3167 Leone.
1371 3105 1554 3165 Misti
1601 3104 1723 3164 XL
1736 3104 1845 3166 1⁷1.
1893 3106 1995 3183 60,
2037 3123 2080 3164 ιι
2117 3105 2275 3168 mlet.
2323 3106 2559 3166 arkivu.

752 3314 1188 3400 DCXXII.
1240 3312 1446 3399 God.
1501 3313 1736 3397 1402.
1786 3312 1884 3397 13
1938 3312 2300 3415 svibnja.
2353 3333 2414 3396 u
2462 3312 2739 3417 Slnju.

382 3427 621 3535 Hrvoja
661 3462 909 3535 vojvoda
954 3458 1234 3523 bosan-sko·
1274 3463 1302 3520 i
1343 3459 1504 3520 Ivan
1548 3461 1695 3520 lmen
1738 3460 2048 3529 cenwald,
2091 3460 2455 3533 povierenici
2513 3459 2769 3535 raskoqa
2811 3461 2837 3520 i
2879 3461 3088 3521 bosan·

381 3551 567 3625 skoqa
613 3550 816 3624 kraha
862 3547 1075 3630 Ostoje,
1112 3550 1451 3625 podieb'nju
1496 3535 1905 3610 Sibenicanom
1950 3549 2121 3623 njelce
2163 3548 2364 3621 zemb'e
2407 3549 2432 3607 i
2474 3548 2843 3628 szobodstina
2878 3554 2932 3609 te
2976 3551 3082 3621 iim

1290 3640 1316 3697 i
1358 3643 1520 3699 stare
1551 3637 1800 3712 pravice
1836 3637 2212 3712 potvrdjuju.

445 3821 449 3826 .
594 3757 724 3826 Nos
769 3758 1061 3844 Hervoije
1107 3775 1438 3844 regnorum
1485 3758 1671 3824 Rasie
1718 3760 1784 3823 et
1821 3758 2023 3824 Bosne
2069 3757 2350 3823 dominus
2418 3757 2722 3843 voijvoda‚
2795 3778 2904 3824 nec
2973 3777 3093 3826 non

384 3833 665 3918 Jbannes
708 3848 872 3912 inter
918 3850 1033 3914 cet.
1083 3843 1298 3913 Cetine
1343 3849 1528 3932 atque
1575 3845 1763 3913 Clisie
1810 3866 2015 3912 comes
2079 3865 2183 3929 per
2228 3845 2695 3913 serenissimum
2748 3846 3088 3930 principem

381 3929 707 4008 dominum
754 3934 1038 4020 Ostojam
1086 3936 1184 4002 dei
1224 3937 1428 4019 gratia
1491 3934 1802 4001 illustrem
1874 3934 2218 4018 principem
2284 3934 2700 4018 predictarum
2771 3935 2958 4001 Rasie
3025 3937 3088 4001 et

362 4019 589 4198 ffosne
634 4042 843 4109 regem
891 4025 967 4090 ad
1016 4027 1224 4109 partes
1264 4024 1581 4089 Dalmatie
1628 4029 1691 4089 et
1722 4021 1975 4090 Croacie
2009 4043 2115 4107 pro
2145 4025 2551 4089 reformandis
2588 4023 2774 4088 certis
2813 4025 3085 4108 negociis

428 4113 686 4197 eputati,
736 4113 1032 4179 memorie
1080 4112 1587 4179 commendantes
1633 4115 1845 4179 tenore
1910 4112 2289 4196 presentium
2361 4112 2787 4196 significamus
2861 4112 3080 4196 quibus

386 4202 635 4286 expedit
680 4202 1004 4282 universiS,
1053 4204 1217 4286 quod
1262 4219 1403 4267 cum
1448 4202 1720 4268 universi
1766 4201 2024 4280 nobiles,
2075 4202 2237 4267 cives
2285 4203 2345 4264 et
2392 4200 2808 4266 communitas
2869 4199 3089 4266 civita-

387 4292 470 4356 tis
519 4290 934 4358 Sibenicensis
978 4309 1088 4374 per
1135 4288 1373 4356 nobiles
1420 4291 1582 4355 viros
1629 4289 1936 4356 Joannem
1965 4250 2270 4367 T‘avilich‚
2313 4287 2694 4370 Stephanum
2731 4287 2992 4373 Maphei
3025 4294 3089 4354 et

395 4379 690 4445 Ioannem
735 4378 915 4460 Mise‚
964 4381 1131 4444 cives
1180 4379 1451 4444 eiusdem
1499 4378 1790 4459 civitatis,
1861 4376 2340 4443 ambassiatores
2412 4379 2474 4442 et
2546 4377 2753 4444 nuncii
2816 4379 3089 4460 ipsorum

415 4467 699 4551 peciales,
742 4466 957 4534 habita
1003 4468 1397 4534 conversione
1442 4467 1518 4532 ad
1567 4466 1884 4532 dominum
1934 4468 2214 4531 nostrum
2261 4484 2468 4550 regem
2519 4465 2856 4548 predictum
2904 4466 3093 4531 liber-

419 4561 565 4634 ates,
612 4555 750 4621 iura
795 4558 860 4622 et
904 4557 1157 4640 gratias,
1208 4555 1559 4621 donationes
1606 4558 1670 4620 et
1714 4556 2182 4621 consuetudines
2228 4572 2265 4619 a
2309 4554 2487 4619 nobis
2534 4555 2879 4637 antiquitus
2911 4556 2975 4619 et
3006 4555 3080 4620 de

427 4643 673 4711 roderno
723 4643 840 4709 sibi
887 4646 1035 4729 ipsis
1084 4645 1234 4710 dare
1277 4645 1713 4725 postulassent,
1761 4662 1837 4710 ac
1867 4661 1978 4726 pro
2023 4644 2122 4708 his
2168 4644 2233 4708 et
2279 4642 2500 4708 ceteris
2546 4645 2769 4725 gratiis
2813 4641 3072 4728 inferius

427 4731 767 4800 eclarandis
811 4733 1034 4816 prefati
1079 4732 1316 4800 domini
1360 4733 1558 4797 nostri
1597 4732 1761 4817 regis
1809 4731 2033 4798 vexilla
2078 4732 2391 4815 imponere
2438 4748 2650 4796 eorum
2724 4731 2963 4797 civitati
3011 4733 3076 4796 et

427 4823 692 4920 pagium
742 4823 805 4887 et
848 4822 1265 4888 iuramentum
1309 4820 1631 4889 fidelitatis
1676 4821 2122 4888 observandum
2168 4820 2671 4908 assumpsissent,
2708 4822 2772 4886 et
2801 4838 3092 4915 quocum-
