3620 5282
446 418 577 485 294

556 590 1263 675 ccccxxxvn.
1342 588 1549 672 ooo.
1604 586 1828 670 1355.
1884 587 1973 668 17
2029 585 2461 687 prosrnoa,
2513 606 2572 665 u
2629 562 3076 665 sibonum.

452 720 621 778 Knez
667 717 949 776 §ibenicki
994 718 1017 773 i
1046 716 1237 788 jedan
1268 715 1565 789 providur
1606 714 1765 785 §aljar
1812 730 1990 786 svoya
2023 713 2347 785 poslanikoe
2401 730 2439 769 u
2490 712 2734 787 Mletke,
2783 712 2862 768 da
2915 713 3177 767 ustmeno

453 807 680 866 izviesti
725 804 905 863 vladu
952 821 983 862 o
1030 803 1364 876 ondjesnjih
1411 801 1775 876 doyadybjih‚
1817 804 1869 859 te
1911 801 2075 868 mole,
2130 800 2210 858 da
2241 801 2358 872 jim
2405 816 2466 858 se
2501 800 2733 873 po5alje
2778 797 2964 871 njesto
3012 797 3179 869 bojaeze

1465 907 1677 962 sprave
1721 906 1795 947 za
1841 887 2124 947 Skradin.

663 1027 904 1092 Illustri
950 1045 1020 1091 ac
1060 1026 1294 1090 excelso
1328 1026 1573 1089 domino
1620 1043 1745 1101 suo,
1795 1025 2044 1089 domino
2068 1024 2339 1090 ,Iohanni
2373 1024 2778 1100 Gradonicho,
2829 1023 2926 1087 dei
2971 1020 3176 1103 gratia

454 1116 878 1190 Venetiamm,
923 1114 1238 1178 Dalmatie
1286 1116 1471 1196 atque
1520 1112 1766 1177 Croatie
1815 1114 1971 1189 duci,
2022 1131 2131 1176 nec
2177 1130 2294 1175 non
2343 1112 2588 1175 domino
2623 1113 2840 1194 quarte
2889 1110 3083 1191 partis
3115 1110 3180 1172 et

457 1202 710 1266 dimidie
759 1203 957 1266 tocius
1000 1200 1246 1284 imperii
1295 1200 1617 1264 Romanie.
1676 1199 2080 1264 Serenissime
2128 1199 2370 1264 domine
2418 1202 2644 1263 noster.
2692 1197 3177 1262 Transmitimus

459 1289 535 1354 ad
584 1289 986 1354 excelentiam
1036 1292 1305 1353 vestram
1355 1288 1687 1352 discretum
1735 1290 1933 1351 virum
1987 1288 2353 1370 magistrum
2413 1287 2733 1350 Matheum
2783 1288 2855 1349 de
2904 1284 3175 1360 Perusio,

460 1377 536 1440 de
580 1380 789 1441 vestra
837 1376 1273 1453 iurisdictione,
1339 1376 1612 1459 plenarie
1661 1375 2057 1438 informatum
2122 1378 2249 1438 tam
2317 1375 2391 1437 de
2453 1374 2616 1441 facto
2664 1372 3070 1438 Scardonensi
3117 1375 3180 1435 et

464 1463 641 1529 Clisii
691 1483 872 1547 quam
921 1464 996 1527 de
1044 1465 1185 1527 aliis
1239 1462 1702 1528 occurrentibus
1752 1465 1813 1526 in
1861 1463 2012 1545 ipsis
2061 1463 2376 1545 partibus,
2444 1463 2539 1526 cui
2600 1463 2891 1545 dignetur
2941 1460 3179 1524 ducalis

461 1551 794 1616 dominatio
848 1554 1051 1615 vestra
1100 1553 1342 1615 credere
1390 1569 1497 1626 ea,
1564 1570 1684 1633 que
1729 1569 1799 1613 ex
1851 1551 2042 1615 nostri
2091 1552 2264 1633 parte
2326 1550 2663 1614 oxcelentie
2723 1551 2925 1613 vestre
2999 1565 3180 1629 expo·

458 1640 685 1716 suerit,
764 1643 1083 1721 tamquam
1147 1640 1353 1711 nobisz
1420 1639 1665 1701 litteras
1736 1656 1876 1701 vero
1943 1638 2119 1702 nobis
2200 1639 2422 1702 missas
2487 1657 2594 1720 per
2668 1636 2986 1700 dominum
3063 1636 3181 1700 Pe-

461 1727 626 1790 trum
677 1723 1061 1792 Gradonicho
1111 1745 1290 1807 super
1329 1725 1489 1790 sacto
1536 1723 1711 1789 Clisii
1756 1726 2141 1805 presentibus
2189 1726 2469 1789 mitimus
2520 1725 2906 1789 interclusas.
2978 1722 3179 1786 Infra-

459 1814 689 1897 scripta
734 1833 876 1879 vero
924 1816 1071 1878 sunt
1116 1814 1459 1878 necessaria
1507 1813 1812 1875 mittenda
1860 1831 1967 1895 per
2013 1813 2489 1876 dominationem
2543 1815 2832 1887 vestram,
2882 1812 3012 1875 sine
3046 1811 3180 1893 qui-

463 1902 577 1965 bus
626 1921 758 1966 esse
807 1920 925 1966 non
970 1919 1333 1984 possumuS,
1406 1917 1513 1981 pro
1563 1901 1724 1964 facto
1774 1901 2120 1976 Scardone;
2192 1901 2391 1981 primo
2457 1900 2744 1964 videlicet
2790 1898 3045 1963 tabullis
3104 1898 3179 1961 de

461 1989 692 2073 tayella
738 1989 931 2065 mille,
982 1988 1380 2052 trabescellos
1423 1984 1541 2061 CC,
1590 1990 1795 2051 traves
1844 2007 2090 2051 mezano
2137 1987 2336 2064 XXX,
2387 1988 2643 2051 batille-a
2695 1988 2790 2051 111
2833 1987 2909 2050 de
2956 1985 3175 2061 acutiS,

455 2077 518 2141 II
570 2076 644 2139 de
715 2076 1120 2159 supracentiS,
1170 2076 1233 2138 et
1277 2076 1307 2139 I
1353 2075 1429 2138 de
1476 2093 1732 2152 sexana,
1804 2076 2024 2139 baliste
2091 2076 2209 2140 duo
2274 2093 2500 2139 acueno
2563 2095 2702 2140 cum
2769 2075 3178 2149 veretonibuS,

459 2164 682 2228 baliste
729 2165 787 2228 X
832 2164 910 2227 ab
958 2181 1076 2227 uno
1124 2164 1294 2245 pede,
1344 2163 1538 2226 cassio
1589 2163 1675 2225 lV
1730 2164 2108 2240 veretonum,
2159 2163 2393 2245 pavesii
2429 2163 2566 2240 XX,
2617 2164 2747 2228 sine
2795 2163 3014 2245 quibus
3051 2180 3182 2224 om-

462 2252 641 2316 nibus
689 2271 805 2316 non
850 2252 1051 2333 potest
1096 2250 1245 2313 stari
1295 2270 1367 2313 ex
1415 2252 1799 2314 necessitate.

673 2340 804 2422 Ego
853 2356 993 2402 vero
1042 2336 1347 2419 Mapheus
1396 2338 1824 2421 infrascriptus
1891 2338 2124 2419 suplico
2187 2338 2526 2403 excelencie
2588 2340 2824 2415 vestre,
2891 2337 2944 2401 si
3008 2336 3182 2400 vobis

463 2427 672 2507 placet
717 2445 827 2490 nos
875 2426 1217 2509 provisores
1282 2427 1341 2487 in
1393 2425 1530 2488 istis
1596 2426 1871 2506 partibus
1933 2426 2201 2507 amplius
2260 2445 2655 2509 permanere,
2723 2429 2795 2490 ut
2839 2425 3180 2508 dignemini

461 2514 638 2577 nobis
689 2512 1107 2597 provisoribus
1156 2513 1374 2577 mitere
1420 2531 1528 2593 per
1574 2515 2059 2596 suprascriptum
2109 2533 2207 2577 ser
2248 2513 2580 2594 Mapheum
2629 2519 2765 2590 (sic)
2815 2513 3037 2577 saltem
3069 2512 3182 2576 du—

460 2606 632 2666 catos
682 2600 800 2680 CC,
851 2601 993 2684 quia
1038 2602 1285 2665 omnino
1334 2620 1452 2665 non
1490 2600 1809 2677 habemus,
1862 2619 1971 2665 nec
2007 2602 2107 2666 hic
2139 2620 2500 2685 recuperare
2541 2620 2889 2684 possumuS,
2939 2603 3002 2665 et
3035 2619 3184 2684 gen-

459 2691 552 2754 tes
604 2691 733 2754 sine
783 2690 1004 2773 quibus
1052 2688 1252 2754 facere
1300 2709 1416 2752 non
1460 2706 1806 2771 possumus.

670 2779 922 2843 Marcus
967 2776 1363 2842 Justinianus
1410 2776 1486 2840 de
1534 2795 1642 2841 suo
1700 2778 1991 2843 mandato
2054 2797 2259 2842 comes
2325 2776 2611 2841 Sibenici.
2679 2777 2978 2860 Mapheus
3026 2776 3182 2842 Con-

457 2867 709 3016 ‘tiarenuks'
750 2869 830 2965 ‘de
879 2883 989 2929 suo
1041 2866 1327 2929 mandato
1374 2865 1647 2946 provisor
1693 2865 1767 2928 ad
1819 2867 2023 2946 partes
2051 2865 2393 2930 Sclavonie.
2446 2866 2680 2929 Datum
2710 2865 2976 2930 Sibenici
3002 2864 3182 2928 XVII

497 2971 661 3016 ecem
714 2972 815 3017 ris.

548 3044 826 3102 Izvornik
870 3061 953 3100 na
984 3045 1214 3116 papiru
1262 3062 1302 3101 u
1347 3045 1684 3103 mletackom
1735 3045 1967 3102 arkivu.

566 3228 1293 3315 CCCCXXXVlll.
1368 3232 1573 3314 God.
1631 3231 1854 3316 1355.
1904 3234 1991 3313 17
2045 3233 2480 3332 prosince,
2533 3254 2592 3314 ιι
2641 3232 3029 3314 Mletcih.

462 3357 675 3414 Prima
721 3374 798 3432 se,
850 3358 931 3414 da
975 3374 1035 3416 se
1080 3360 1321 3420 izaberu
1368 3362 1447 3416 tri
1490 3361 1876 3431 proveditura
1915 3377 1988 3415 .οα
2024 3359 2334 3416 Hrvatslcu·
2383 3376 2454 3416 sa
2496 3359 2942 3432 necyranicnom
2991 3360 3185 3424 vlasti,

637 3448 689 3502 te
733 3461 794 3503 se
841 3445 1203 3516 odobramjn
1252 3448 1411 3517 njcki
1446 3435 1714 3518 predlozi
1762 3446 1938 3504 η’ἔιιόι·
1983 3462 2044 3503 se
2082 3447 2301 3504 obrane
2346 3447 2682 3520 ondjesnjih
2726 3448 3007 3520 yradova.

687 3564 868 3629 1355.
918 3564 1250 3630 indictione
1299 3567 1405 3642 IX,
1455 3567 1549 3630 die
1598 3566 1779 3630 XVII
1836 3566 2197 3631 decembris,
2265 3567 2375 3631 Ser
2436 3566 2707 3632 Jacobus
2754 3567 2829 3631 de
2877 3567 3046 3649 Lege
3085 3584 3184 3629 ca-

466 3654 578 3737 put
620 3653 693 3717 de
739 3652 847 3716 XL
893 3653 1025 3716 loco
1073 3653 1285 3717 consil.
1343 3652 1497 3718 Cum
1568 3656 1819 3736 negocia
1883 3652 2203 3717 Sclavonie
2267 3674 2375 3736 per
2436 3674 2622 3730 nova,
2682 3675 2798 3736 que
2863 3655 3181 3724 habemus,

465 3741 592 3805 sint
640 3741 699 3804 in
749 3741 1018 3805 maximo
1066 3743 1258 3818 motu,
1309 3742 1374 3804 et
1419 3741 1601 3804 multi
1650 3761 1826 3805 casus
1875 3745 2163 3824 poterunt
2230 3742 2456 3806 cotidie
2524 3743 2606 3806 ibi
2660 3760 3016 3817 occurrere,
3082 3740 3184 3821 qui

459 3847 578 3892 non
628 3829 878 3910 possent
922 3828 1225 3911 previderi
1275 3848 1378 3909 per
1428 3847 1555 3904 nos,
1609 3829 1695 3890 ita
1743 3830 1899 3910 quod
1950 3830 2209 3910 expedit,
2261 3829 2421 3912 quod
2454 3829 2581 3894 sint
2627 3830 2710 3893 ibi
2740 3848 3014 3911 persone,
3064 3846 3182 3909 que

462 3916 729 3980 habeant
775 3935 884 3998 pro
934 3916 1108 3980 nobis
1156 3917 1405 3999 plenum
1456 3916 1786 3979 arbitrium
1838 3916 1900 3979 et
1945 3919 2346 3998 potestatem,
2398 3920 2607 3999 etque
2640 3917 2845 3999 presto
2872 3916 3185 3997 providere

459 4003 697 4085 possint
744 4004 1009 4079 casibuS,
1062 4005 1163 4086 qui
1212 4006 1572 4068 occurrent:
1625 4003 1795 4066 vadit
1839 4022 2005 4084 pam,
2056 4004 2222 4085 quod
2268 4007 2328 4068 in
2379 4007 2624 4068 nomine
2672 4004 2904 4068 domini
2935 4003 3188 4066 mittan-

458 4092 562 4154 tur
610 4090 757 4154 illuc
806 4094 932 4155 tres
979 4092 1327 4172 solempnes
1390 4090 1769 4172 provisoreS,
1822 4091 1926 4171 qui
1993 4092 2302 4174 eligantur
2366 4111 2476 4174 per
2537 4093 2902 4156 scrutinium
2955 4091 3016 4154 in
3067 4090 3186 4152 isto

458 4177 735 4254 consili0,
786 4181 849 4241 et
894 4178 1169 4242 habeant
1214 4178 1404 4242 libras
1455 4180 1703 4242 centum
1754 4196 1863 4260 pro
1903 4178 2178 4258 quolibet
2224 4179 2286 4243 in
2336 4199 2555 4242 mense
2619 4181 2691 4243 de
2754 4177 3018 4251 salari03
3084 4176 3185 4259 qui

459 4264 673 4327 euntes
720 4267 793 4328 ad
842 4265 1040 4329 dictas
1083 4268 1286 4346 partes
1336 4268 1465 4329 tam
1515 4266 1577 4328 in
1633 4266 1795 4329 sacto
1862 4266 2164 4330 tractandi
2230 4266 2304 4330 do
2383 4268 2661 4331 habendo
2726 4269 2930 4330 castra
2979 4263 3186 4328 Clissii

460 4351 524 4411 et
562 4347 865 4414 Scardone
913 4355 977 4415 et
1022 4353 1335 4434 quodlibet
1380 4372 1591 4416 eorum
1639 4372 1780 4417 cum
1845 4352 1954 4416 illa
2017 4354 2308 4418 libertate
2384 4354 2796 4436 expendendi,
2861 4371 2977 4435 que
3044 4353 3188 4414 data

460 4438 556 4498 est
601 4438 1036 4517 provisoribuS,
1078 4459 1262 4522 quam
1312 4441 1371 4503 in
1420 4440 1582 4503 sacto
1631 4459 1915 4504 succurre
1934 4442 2035 4504 ndi
2088 4442 2195 4518 eis,
2263 4445 2324 4504 et
2389 4443 2447 4504 in
2511 4441 2796 4505 omnibus
2843 4440 2984 4506 aliis
3023 4440 3184 4503 trac-

458 4521 692 4586 tatibus
717 4524 780 4586 et
803 4527 1093 4606 negociiS,
1144 4546 1261 4608 que
1309 4527 1880 4610 quomodocumque
1938 4530 2293 4609 spectarent
2325 4529 2421 4592 vel
2451 4533 2729 4610 spectare
2783 4529 3032 4611 possent
3081 4544 3185 4606 pro

459 4608 686 4673 honore
731 4611 794 4674 et
840 4615 1009 4676 statu
1056 4617 1265 4678 nostro
1311 4615 1373 4677 in
1408 4615 1537 4678 illis
1584 4614 1885 4697 partibuS,
1943 4614 2213 4679 habeant
2260 4617 2501 4698 plenam
2538 4617 2893 4680 libertatem
2941 4618 3004 4678 et
3047 4632 3190 4678 auc-

459 4695 776 4760 toritatem
827 4700 889 4761 et
935 4698 1209 4782 bayliam
1259 4700 1633 4781 providendi,
1691 4702 1982 4778 faciendi,
2033 4703 2399 4786 disponendi
2447 4704 2511 4767 et
2556 4701 2877 4766 ordinandi
2924 4719 3193 4783 quecun·

457 4801 572 4864 que
619 4782 706 4847 eis
755 4785 854 4848 vel
894 4785 1113 4848 maiori
1164 4787 1325 4869 parti
1377 4788 1749 4852 videbuntur
1803 4808 1940 4853 cum
1997 4790 2102 4852 illo
2153 4791 2334 4873 pleno
2390 4790 2680 4868 arbitrio,
2731 4788 2891 4871 quod
2939 4787 3197 4852 haberet
