3620 5282
476 346 604 411 366

475 523 665 597 stanS,
715 519 872 601 quod
921 516 1108 582 nichil
1155 516 1327 581 aliud
1377 516 1647 581 habebat
1705 518 1770 581 in
1835 516 2148 581 mandatis
2208 535 2394 581 causa
2456 516 2730 598 predicta
2767 516 3092 581 'referendi
3140 518 3204 582 et

472 607 777 682 audiendi,
827 603 1135 669 formandi
1185 604 1420 687 aliquid
1467 605 1541 669 de
1606 606 1924 681 tractatu,
1992 604 2391 668 conveniendi
2453 622 2640 687 supra
2700 604 3043 669 diferentiis
3090 603 3209 668 ali·

474 695 697 778 quibus
746 696 808 756 et
854 691 1254 757 concludendi
1302 693 1366 756 in
1413 691 1620 773 aliquo
1666 693 2043 775 potestatem
2092 692 2214 755 sibi
2260 692 2405 768 fore,
2456 710 2739 756 asserens
2789 691 3071 756 totaliter
3117 693 3213 755 in-

473 783 839 855 terdictam3
887 779 1046 862 quod
1094 780 1382 844 dominus
1416 779 1625 843 Padue
1672 779 2198 847 ambaxiatoribus
2247 779 2479 843 domini
2529 779 2697 862 regis
2745 779 3003 843 minime
3051 779 3212 844 noti-

474 870 656 934 ficare
702 868 964 944 curavit,
1016 868 1163 948 quia
1208 866 1325 946 ipsi
1374 866 1781 931 credidissent
1832 886 1897 930 se
1943 867 2205 932 delusos.
2286 866 2483 930 Erant
2544 867 2709 931 enim
2758 867 3213 932 ambaxiatores
3316 861 3330 871 ’

475 957 704 1021 domini
754 954 921 1037 regis
961 957 1109 1018 tunc
1157 955 1389 1036 optime
1438 954 1723 1037 dispositi
1774 954 1850 1018 ad
1897 973 2119 1036 pacem
2172 954 2580 1032 firmandam,
2631 954 2775 1036 quia
2824 973 2924 1019 eos
2976 954 3214 1036 penite-

476 1045 605 1122 bat,
656 1044 812 1126 quod
854 1042 916 1105 in
960 1042 1237 1106 Venetiis
1290 1040 1485 1105 alium
1548 1041 1798 1105 modum
1855 1061 1974 1106 non
2043 1043 2443 1106 servaverant
2506 1041 2570 1104 in
2635 1061 2845 1106 eorum
2910 1042 3208 1121 tractatu,

476 1132 619 1214 quia
665 1129 995 1194 videbatur
1043 1129 1130 1193 eis
1178 1147 1453 1207 errasse,
1516 1130 1674 1211 quod
1744 1129 2104 1193 indiscussis
2167 1128 2446 1193 totaliter
2493 1129 2758 1212 negotiis
2818 1132 3070 1212 propter
3116 1129 3212 1193 di-

478 1219 784 1283 scordiam
834 1216 1220 1299 negotiorum
1268 1215 1663 1281 Jadrensium
1707 1217 1779 1280 de
1830 1217 2109 1281 Venetiis
2157 1217 2596 1295 recessissent,
2647 1218 2710 1281 et
2755 1218 2880 1281 imo
2929 1217 3217 1282 dicebant

478 1324 760 1389 expresse
808 1303 1264 1368 ambaxiatores
1330 1303 1563 1368 domini
1626 1305 1827 1385 regis,
1892 1303 2052 1386 quod
2115 1304 2219 1369 ubi
2289 1303 2654 1368 concordare
2726 1307 2976 1387 possent
3022 1324 3211 1387 supra

482 1392 928 1476 principalibus
1000 1391 1265 1474 negotiis
1330 1392 1731 1474 tangentibus
1794 1391 2114 1455 dominum
2176 1410 2423 1474 regem,
2498 1392 2739 1456 scilicet
2800 1410 2985 1474 supra
3052 1391 3214 1457 facto

484 1480 820 1555 Dalmacie,
866 1498 1051 1561 quam
1098 1479 1341 1562 partem
1389 1478 1679 1542 videlicet
1726 1478 2010 1543 dominus
2055 1497 2159 1543 rex
2204 1478 2458 1543 deberet
2518 1480 2741 1543 habere
2787 1481 2854 1544 et
2900 1498 3018 1561 que
3070 1499 3214 1562 pars

483 1568 832 1634 remaneret
876 1567 1139 1632 dominis
1186 1566 1441 1630 Venetis
1489 1570 1551 1630 et
1596 1566 1712 1630 sub
1760 1584 1880 1647 qua
1928 1565 2325 1644 condictione,
2376 1567 2522 1649 quia
2567 1569 2816 1650 propter
2872 1568 2987 1632 hoc
3037 1568 3216 1650 prin-

481 1656 766 1739 cipaliter
816 1657 951 1719 orta
998 1657 1092 1718 est
1137 1672 1388 1738 guerra,
1437 1654 1891 1717 ambaxiatores
1938 1654 2169 1717 domini
2215 1653 2379 1736 regis
2447 1655 2702 1735 pres-ati,
2768 1654 2821 1718 si
2868 1674 3054 1737 super
3097 1656 3212 1720 hoc

481 1744 853 1809 concordare
900 1745 1171 1824 possent,
1220 1759 1404 1821 supra
1450 1740 1593 1805 aliis
1640 1740 2022 1820 accessoriis,
2072 1742 2125 1805 si
2173 1741 2558 1806 concordiam
2609 1742 2833 1806 habere
2878 1760 2997 1806 non
3046 1741 3216 1807 vale-

484 1833 646 1909 rent,
696 1832 874 1895 erant
913 1830 1110 1912 parati
1154 1831 1481 1909 treuguam
1531 1845 1858 1910 prorogare
1921 1846 2027 1910 per
2072 1848 2389 1907 mensem,
2459 1832 2523 1893 et
2562 1848 2718 1893 unus
2765 1849 2837 1894 ex
2885 1829 3037 1913 ipsis
3085 1849 3220 1895 am-

480 1918 908 1983 baxiatoribus
956 1917 1205 1981 mittere
1248 1916 1324 1979 ad
1373 1915 1693 1979 dominum
1740 1933 1948 1999 regem
2011 1916 2132 1980 alio
2197 1915 2298 1979 hic
2345 1918 2737 1997 expectante,
2811 1920 2879 1980 ut
2924 1917 3211 1982 dominus

480 2025 585 2070 rex
642 2007 729 2070 eis
775 2004 1096 2069 licentiam
1137 2004 1310 2067 daret
1356 2002 1758 2067 concordandi
1803 2021 1989 2084 supra
2034 2002 2396 2068 accessoriis
2443 2005 2794 2069 antedictis.

699 2134 818 2199 Sed
864 2134 1172 2213 Jadrensi,
1221 2136 1328 2218 qui
1373 2136 1549 2199 erant
1590 2135 1652 2198 in
1685 2134 2062 2212 ambaxiata,
2111 2134 2210 2199 hic
2256 2133 2351 2199 usi
2400 2135 2646 2199 fuerunt
2670 2153 2896 2218 magna
2943 2136 3218 2201 cautella

490 2224 698 2289 conati
748 2223 1021 2287 omnium
1070 2224 1319 2287 fuerunt
1366 2225 1425 2286 in
1476 2222 1770 2299 Venetiis,
1823 2223 2109 2287 obmissis
2152 2222 2415 2305 negotiis
2463 2224 2907 2306 principalibus
2954 2226 3222 2307 tangen-

490 2312 658 2377 tibus
697 2310 1038 2389 dominum,
1085 2310 1335 2394 negotia
1380 2309 1545 2391 ipsos
1583 2309 1918 2375 Jadreuses
1966 2310 2288 2392 tangentia
2326 2308 2527 2375 facere
2568 2330 2761 2393 usque
2799 2311 2876 2374 ad
2925 2311 3220 2377 ultimam

489 2393 709 2464 limam
760 2397 1079 2462 ruminari.
1126 2398 1209 2462 Et
1254 2399 1312 2461 in
1363 2400 1630 2476 tantum,
1679 2399 1837 2480 quod
1864 2396 2048 2480 supra
2071 2397 2254 2462 factis
2297 2415 2529 2476 eorum,
2578 2400 2651 2462 ut
2695 2399 3050 2481 predictum
3098 2401 3219 2477 est,

488 2486 764 2570 negotiis
804 2486 991 2569 regiis
1040 2485 1419 2562 indiscussiS,
1468 2486 1916 2549 ambaxiatores
1964 2486 2037 2550 de
2085 2484 2363 2549 Venetiis
2407 2488 2806 2564 recesserant,
2874 2487 3033 2550 unde
3078 2505 3220 2568 per-

488 2575 843 2659 pendebant
884 2573 998 2636 hoc
1045 2572 1210 2655 ipsos
1258 2573 1712 2637 ambaxiatores
1755 2572 1914 2637 ferre
1963 2573 2260 2651 moleste,
2307 2574 2372 2637 et
2418 2573 2742 2650 videbant,
2813 2572 2974 2656 quod
3026 2592 3062 2637 a
3111 2575 3219 2638 do-

490 2664 678 2727 minis
719 2661 971 2725 Venetis
1017 2661 1240 2725 habere
1286 2680 1403 2724 non
1437 2662 1724 2742 poterant
1770 2660 1889 2744 ipsi
1934 2660 2221 2726 Jadrensi
2268 2661 2427 2746 quod
2454 2663 2771 2744 optabant,
2821 2666 2885 2726 et
2929 2662 3244 2727 videbant‘

489 2750 772 2814 dominos
818 2748 1148 2831 Hungaros
1201 2748 1533 2831 dispositos
1595 2749 1671 2812 ad
1714 2767 1953 2830 pacem,
2002 2749 2055 2812 si
2103 2748 2467 2813 concordare
2534 2752 2786 2831 possent
2831 2768 3017 2832 supra
3063 2749 3219 2813 arti-

490 2838 646 2903 culis
696 2838 1099 2919 tangentibus
1147 2837 1463 2903 dominum
1513 2855 1743 2919 regem,
1791 2837 1857 2900 et
1901 2837 2035 2900 ideo
2080 2835 2405 2913 Jadrensi,
2474 2838 2618 2919 quia
2680 2836 2742 2899 in
2809 2856 3016 2901 eorum
3064 2838 3218 2901 arti-

487 2925 644 2990 culis
687 2925 1038 2989 nullatenus
1085 2925 1311 2989 habere
1358 2927 1641 3006 poterant
1701 2924 1865 3006 quod
1915 2924 2235 3002 volebant,
2280 2941 2494 3006 pacem
2559 2925 2885 3003 nolebant,
2931 2928 2996 2988 et
3041 2925 3218 2988 dole-

490 3013 664 3091 bant,
715 3011 874 3094 quod
924 3012 1241 3094 negotium
1308 3016 1654 3076 remaneret
1714 3013 1777 3075 in
1840 3011 1952 3075 tali
2017 3012 2222 3087 statu,
2289 3010 2448 3092 quod
2515 3011 2832 3094 propabile
2895 3013 3218 3093 appareret

444 3174 449 3177 g
490 3100 874 3165 concordiam
922 3099 1293 3163 remansisse
1340 3102 1590 3181 propter
1635 3098 2032 3164 Jadrensium
2081 3098 2349 3182 negotia.
2417 3099 2501 3162 Et
2548 3100 2670 3162 imo
2719 3100 2928 3163 audito
2977 3099 3222 3163 cancel-

489 3186 630 3251 larii
677 3186 1063 3250 dominorum
1113 3186 1489 3250 Venetorum
1537 3187 1823 3258 adventu,
1873 3185 2210 3250 cautelloxe
2256 3188 2743 3268 subgesserunt,
2811 3189 2879 3250 ut
2922 3187 3211 3251 articulis

492 3273 770 3355 ipsorum
840 3291 956 3337 non
1018 3272 1317 3349 firmatiS‚
1387 3274 1817 3353 procederetur
1885 3274 1961 3337 ad
2009 3273 2485 3338 examinandum
2543 3274 2837 3338 articulos
2892 3276 3221 3356 tangentes

492 3359 923 3444 principaliter
968 3359 1286 3424 dominum
1334 3378 1566 3443 regem.

704 3491 1223 3557 Convenientibus
1268 3493 1476 3557 autem
1524 3510 1732 3557 coram
1779 3492 2027 3556 domino
2091 3490 2365 3557 civitatis
2416 3493 2624 3557 Padue
2689 3492 3218 3559 ambaxiatoribus

497 3580 729 3648 domini
775 3579 937 3661 regis
984 3580 1048 3643 et
1084 3580 1448 3645 cancellario
1494 3580 1887 3644 dominorum
1937 3581 2308 3644 Venetorum
2356 3581 2744 3662 presentibus
2803 3582 3043 3647 domiuo
3095 3581 3216 3644 Pa-

495 3672 739 3735 retense
788 3669 851 3732 et
897 3667 1185 3731 Firmano
1233 3668 1553 3750 episcopiS,
1593 3667 1799 3732 volens
1847 3667 2130 3731 domiuus
2178 3668 2385 3732 Padue
2444 3670 2807 3733 concordare
2854 3668 3217 3733 diserencias

497 3758 863 3833 antedictae,
914 3774 1098 3837 snpra
1142 3756 1363 3837 quibus
1406 3762 1835 3819 remanserant
1896 3755 2207 3819 discordes
2253 3756 2316 3818 in
2365 3754 2682 3834 Venetiis,
2743 3759 2951 3838 partes
2998 3773 3219 3838 posue-

496 3848 644 3911 runt
690 3864 753 3910 se
800 3843 1048 3926 propter
1096 3843 1426 3907 cautellam
1476 3843 1890 3925 supradictam
1940 3842 2016 3907 ad
2057 3843 2530 3907 examinandum
2569 3843 2842 3925 primum
2887 3843 3217 3908 articulum

496 3932 856 4016 principale,
908 3931 1198 3997 videlicet
1238 3930 1313 3994 de
1361 3931 1727 3996 relasatione
1755 3929 2004 3993 illarum
2053 3931 2315 4012 quatuor
2339 3930 2663 3996 civitatum
2710 3931 2911 3996 fienda
2959 3931 3218 3996 domino

494 4021 645 4104 regi,
697 4024 760 4085 et
806 4019 880 4083 de
928 4018 1320 4083 restitutione
1367 4018 1616 4082 illorum
1676 4019 2056 4097 castrorum,
2121 4037 2236 4100 que
2297 4019 2689 4100 detipnentur
2733 4038 2844 4101 per
2889 4019 3210 4083 dominum

496 4126 705 4191 regem
752 4107 950 4173 fienda
990 4105 1234 4171 domino
1281 4105 1442 4182 duci,
1491 4107 1555 4168 et
1601 4123 1787 4186 supra
1832 4104 1941 4168 illo
2002 4106 2265 4170 articulo
2324 4105 2688 4170 concordare
2755 4125 2874 4171 non
2939 4107 3215 4171 volentes

495 4215 568 4259 ex
614 4196 816 4259 causis
861 4193 1139 4276 superius
1183 4193 1506 4275 descriptis
1554 4193 1758 4275 sepius
1804 4196 2189 4257 recesserunt
2249 4193 2313 4257 in
2374 4192 2710 4273 discordia,
2767 4194 2927 4258 unde
2981 4193 3215 4259 domini

494 4282 939 4346 ambaxiatores
988 4282 1227 4345 iverunt
1272 4299 1482 4344 versus
1527 4279 1914 4362 Hungariam
1961 4281 2039 4344 ad
2079 4281 2297 4357 castra,
2348 4299 2463 4362 que
2507 4280 2904 4364 detipnentur
2947 4300 3057 4363 per
3107 4282 3208 4345 do·

494 4367 733 4431 minum
784 4387 989 4449 regem
1039 4368 1101 4431 in
1148 4367 1448 4432 comitatu
1495 4367 1833 4443 TarvisinO,
1879 4369 1943 4431 et
1986 4366 2389 4432 cancellarius
2430 4369 2818 4434 dominorum
2845 4369 3217 4433 Venetorum

496 4452 613 4518 ivit
656 4454 971 4532 Venetias,
1021 4457 1083 4519 et
1129 4455 1496 4519 reverendus
1545 4456 1719 4536 pater
1779 4456 2064 4519 dominus
2127 4457 2484 4520 Paretensis
2549 4456 2867 4539 episcopus
2922 4456 3215 4521 Venetias

495 4539 619 4603 fuit
663 4558 959 4619 reversus,
1010 4541 1115 4607 ubi
1162 4541 1401 4606 invenit
1443 4541 1696 4606 cocham
1744 4555 1853 4607 seu
1899 4542 2126 4619 navim,
2185 4560 2322 4606 cum
2375 4561 2495 4626 qua
2544 4543 2702 4608 alias
2745 4545 2811 4608 in
2858 4542 3214 4609 Constanti-

496 4626 700 4707 nopoli
748 4627 1029 4692 voluerat
1074 4629 1179 4705 ire,
1229 4628 1573 4704 recessisse.
1622 4629 1824 4712 Igitur
1853 4630 2132 4712 expensis
2179 4629 2305 4696 suis
2352 4631 2688 4713 apreciavit
2735 4651 2926 4696 unum
2972 4631 3212 4715 lignum

499 4730 685 4781 causa
729 4714 910 4778 eundi
956 4715 1019 4778 in
1066 4713 1683 4799 Constantinopolim.
