3620 5282
494 323 621 388 130

699 497 780 560 Et
826 496 1126 561 medietas
1173 496 1444 577 ipsorum
1494 498 1939 579 quinquagima
2004 497 2278 578 equitum
2343 499 2427 561 sit
2472 498 2545 560 de
2610 497 2898 579 gentibus
2969 494 3215 559 illarum

490 585 769 669 parcium
817 585 893 647 ad
940 585 1391 666 beneplacitum
1442 584 1788 666 capitanei,
1840 587 1902 648 et
1948 584 2074 648 alia
2120 585 2420 649 medietas
2485 586 2569 649 sit
2609 585 2681 648 de
2730 583 3090 659 forinseci8‚
3140 583 3213 647 de

492 672 621 737 illis
666 671 972 749 videlicet,
1022 673 1123 753 qui
1167 674 1427 754 possunt
1470 671 1695 735 habere
1737 672 1981 736 soldum
2033 674 2090 736 in
2139 673 2355 738 Jadra.
2405 674 2498 737 De
2544 676 2722 755 parte
2780 672 2873 735 18.

708 758 937 841 Capta:
986 760 1108 822 alia
1155 778 1296 840 pars
1343 759 1479 836 fuit,
1530 761 1687 841 quod
1735 760 1882 823 dieti
1934 762 2167 842 equites
2201 761 2646 844 quinquaginta
2695 760 2823 823 sint
2867 778 3080 824 omnes
3129 760 3246 845 sog

490 848 733 925 rinseci‚
782 846 857 910 de
903 845 1031 910 illis
1080 847 1385 923 videlicet,
1436 847 1540 928 qui
1587 851 1852 931 possunt
1917 848 2146 912 habere
2205 849 2445 913 soldum
2497 850 2557 912 in
2622 848 2832 913 Jadra.
2909 848 3001 911 De
3049 852 3222 931 parte

488 935 596 1013 57,
638 935 714 999 de
762 952 885 997 non
933 934 993 1011 3,
1042 953 1161 998 non
1209 934 1428 998 sinceri
1478 936 1536 998 2.

703 1021 941 1104 Capta:
993 1022 1145 1085 item
1194 1022 1555 1098 consulunt,
1624 1025 1782 1104 quod
1844 1024 2176 1106 iungantur
2239 1024 2502 1106 predicti
2557 1018 2913 1106 ¹quindecim
2963 1021 3221 1104 equiteS,

498 1110 603 1194 qui
649 1108 976 1174 restabunt
1021 1110 1098 1173 ab
1147 1109 1276 1173 illis
1319 1110 1830 1193 vigintiquinque
1879 1111 2199 1176 soldizatis
2246 1132 2354 1194 per
2402 1114 2682 1176 nostrum
2712 1131 3031 1175 commune
3080 1129 3216 1173 cum

494 1199 623 1262 illis
671 1197 1117 1280 quinquaginta
1164 1197 1382 1280 positis
1431 1218 1538 1280 per
1595 1200 2073 1263 communitates
2137 1201 2630 1282 prenominataS,
2699 1204 2761 1263 et
2806 1199 2881 1262 de
2927 1200 3015 1263 eis
3066 1198 3219 1261 fiant

492 1287 618 1350 tres
666 1285 980 1362 banderie‚
1030 1284 1249 1367 quibus
1298 1286 1449 1349 fiant
1495 1290 1558 1349 et
1598 1286 1822 1350 dentur
1881 1289 2005 1351 tres
2070 1288 2211 1351 boni
2261 1292 2323 1352 et
2370 1288 2746 1351 sufficientes
2794 1286 3217 1361 conistabileS,

496 1378 559 1438 et
606 1374 934 1437 teneantur
984 1391 1195 1436 omnes
1243 1374 1479 1454 equites
1541 1374 1878 1457 supradicti
1929 1381 1989 1438 et
2033 1377 2408 1457 equitatores
2472 1378 2662 1439 eciam
2715 1395 2847 1438 esse
2913 1375 3026 1438 sub
3075 1374 3217 1436 obe-

496 1461 735 1525 diencia
783 1462 1085 1543 capitanei
1138 1462 1202 1524 et
1249 1461 1378 1523 eius
1428 1463 1750 1537 mandatiS,
1801 1466 1864 1525 et
1910 1464 2186 1545 equitare
2235 1467 2297 1528 et
2342 1464 2575 1540 facere,
2629 1466 2790 1527 sicut
2830 1464 2992 1526 idem
3038 1463 3206 1543 capi-

491 1551 711 1614 taneus
759 1550 846 1612 eis
893 1548 1252 1631 ingiungere
1299 1547 1562 1612 voluerit
1598 1552 1661 1613 et
1702 1551 2011 1619 mandare.
2063 1553 2126 1615 et
2171 1553 2484 1634 equitatus
2521 1553 2651 1616 eius
2694 1550 2926 1615 faciant
2951 1550 3214 1627 vardias‚

500 1637 660 1701 sicut
708 1636 943 1699 faciunt
988 1635 1083 1698 illi
1128 1635 1541 1718 Justinopolis
1590 1640 1934 1718 potestatis,

707 1722 939 1805 Capta:
1000 1725 1158 1805 quod
1224 1722 1491 1806 eligatur
1547 1729 1610 1788 et
1670 1726 1781 1789 fiat
1827 1725 2030 1789 dictus
2094 1729 2454 1810 capitaneus
2517 1748 2625 1811 per
2685 1730 2948 1809 quatuor
2998 1743 3215 1790 manus

492 1813 864 1877 electionum
912 1812 972 1874 in
1023 1811 1241 1875 maiori
1287 1811 1540 1875 consilio
1590 1832 1698 1895 pro
1747 1814 1872 1877 ista
1918 1816 2120 1896 prima
2168 1816 2318 1893 vice,
2367 1816 2745 1898 procedendo
2796 1816 2854 1878 in
2905 1815 3038 1895 ipsa
3094 1813 3215 1877 ele-

490 1900 690 1965 ctione
734 1918 841 1980 per
887 1898 1128 1963 ordines
1176 1900 1357 1975 terre,
1423 1900 1486 1962 et
1532 1900 1607 1963 ab
1656 1901 1794 1964 inde
1846 1902 1905 1965 in
1951 1904 2123 1966 antea
2191 1904 2340 1978 fiat,
2388 1904 2549 1968 sicut
2593 1902 3000 1967 dominationi
3051 1900 3216 1964 vide-

489 1987 676 2063 bitur,
727 1990 790 2050 et
836 1986 921 2050 sit
966 1986 1040 2050 ad
1089 1988 1498 2050 conditionem
1551 1988 1873 2052 duodecim
1923 1990 2319 2072 regiminum.
2369 1992 2459 2055 De
2507 1993 2677 2074 parte
2712 1991 2812 2067 70,
2862 1990 2936 2053 de
2985 2008 3100 2052 non
3150 1988 3211 2064 6,

482 2093 605 2138 non
651 2074 870 2138 sinceri
905 2075 966 2138 4.

694 2160 925 2244 Capta:
975 2161 1202 2226 habeat
1246 2180 1482 2244 quoque
1529 2162 1730 2226 dictus
1756 2163 2114 2247 capitaneus
2162 2167 2235 2230 de
2281 2167 2504 2232 salario
2548 2168 2610 2231 in
2656 2186 2811 2230 anno
2838 2166 3030 2229 libras
3061 2183 3214 2245 qua-

484 2249 768 2331 draginta
820 2267 1195 2331 grossorum,
1245 2252 1309 2313 et
1356 2252 1440 2312 sit
1483 2269 1591 2331 per
1635 2250 1786 2315 duos
1835 2271 2050 2331 annoS‚
2098 2257 2161 2317 et
2206 2255 2431 2318 habere
2480 2258 2543 2319 et
2592 2258 2799 2320 tenere
2846 2254 3067 2317 debeat
3118 2271 3213 2315 se-

487 2344 629 2402 cum
679 2338 739 2400 in
786 2336 919 2418 ipso
967 2337 1287 2419 regimine,
1339 2339 1489 2400 duos
1535 2339 1747 2415 socioS‚
1812 2359 2071 2421 quorum
2138 2342 2396 2406 cuilibet
2441 2343 2547 2406 det
2594 2343 2782 2406 libras
2850 2345 3099 2408 centum
3151 2341 3210 2403 in

487 2443 664 2501 ann0‚
716 2426 780 2487 et
823 2443 1012 2488 unum
1061 2425 1390 2500 notarium,
1439 2426 1536 2488 cui
1587 2428 1690 2489 det
1753 2426 1942 2492 libras
2004 2428 2447 2512 quinquaginta
2509 2449 2835 2512 parvorum
2903 2430 2965 2492 in
3031 2446 3209 2505 aun0‚

486 2511 772 2577 habendo
820 2513 1056 2575 ceteras
1103 2512 1410 2576 utilitates
1459 2514 1550 2575 sui
1601 2514 1806 2591 officii,
1858 2519 1923 2579 et
1966 2535 2156 2580 unum
2207 2517 2487 2593 cochum,
2542 2521 2605 2581 et
2655 2520 2941 2581 teneatur
2984 2516 3208 2580 vestire

485 2602 679 2666 socios
727 2618 847 2664 una
895 2600 1025 2665 vice
1073 2602 1351 2682 tempore
1399 2600 1490 2664 sui
1538 2601 1860 2684 regiminis
1924 2606 1985 2666 et
2032 2605 2225 2667 totam
2289 2603 2475 2668 aliam
2541 2605 2838 2669 familiam
2885 2603 2980 2667 bis
3028 2622 3212 2684 super

482 2708 690 2753 eorum
743 2687 1007 2764 salariis,
1042 2691 1365 2771 propterea
1407 2688 1636 2753 habeat
1682 2693 1745 2754 et
1794 2692 2000 2754 teneat
2043 2709 2253 2755 secum
2301 2693 2364 2756 in
2412 2693 2546 2774 ipso
2595 2693 2894 2775 regimine
2942 2710 3049 2772 pro
3097 2709 3209 2754 sua

483 2795 744 2861 persona
794 2776 1160 2840 destrictum
1227 2795 1411 2840 unum
1479 2778 1665 2857 precii
1728 2777 2028 2842 librarum
2091 2799 2192 2843 sex
2256 2799 2607 2862 grossorum
2674 2783 2737 2843 et
2798 2778 2939 2842 inde
3003 2797 3206 2860 supra,

482 2882 669 2947 equos
716 2864 951 2940 decem,
1001 2863 1104 2945 qui
1152 2863 1279 2927 sint
1322 2862 1460 2927 boni
1510 2865 1573 2927 et
1619 2864 1993 2929 sufficientes
2057 2867 2133 2930 ab
2194 2869 2384 2931 armis
2444 2887 2554 2951 pro
2621 2869 2901 2932 contrata
2960 2868 3024 2930 et
3069 2884 3210 2949 par-

483 2952 653 3015 tibus
696 2951 840 3027 illis,
890 2951 992 3032 qui
1042 2950 1168 3015 sint
1212 2952 1402 3032 precii
1466 2952 1824 3016 ducatorum
1875 2953 1995 3017 XX
2039 2974 2148 3036 pro
2214 2956 2490 3037 quolibet
2549 2958 2614 3020 et
2680 2957 2818 3019 inde
2867 2973 3074 3036 supra,
3146 2956 3211 3017 et

480 3038 633 3103 duos
679 3040 960 3102 roncinos
1007 3043 1070 3101 et
1114 3042 1374 3122 quatuor
1420 3038 1683 3103 famulos
1728 3058 1763 3102 a
1806 3042 2009 3115 scala;
2076 3046 2138 3106 et
2183 3044 2406 3108 habeat
2471 3045 2674 3108 dictus
2737 3043 3098 3125 capitaneus
3147 3044 3210 3105 et

478 3127 736 3208 recipiat
775 3144 811 3189 a
858 3127 1066 3189 nostro
1114 3126 1423 3190 communi
1473 3126 1712 3190 soldum
1759 3126 1972 3192 decem
2020 3130 2336 3194 hominum
2401 3133 2674 3213 equitum
2727 3133 2798 3195 de
2847 3130 3002 3204 hiis,
3053 3148 3205 3211 quos

476 3212 806 3279 soldizabit
863 3217 1141 3276 nostrum
1208 3231 1530 3276 commune
1577 3214 1649 3277 ad
1700 3216 2005 3279 rationum
2056 3217 2420 3283 ducatorum
2462 3219 2725 3301 quinque
2772 3236 2882 3300 pro
2929 3217 3206 3298 quolibet

481 3302 544 3365 in
592 3319 823 3379 mense,
874 3304 937 3364 et
981 3301 1241 3382 recipiat
1289 3300 1528 3365 soldum
1580 3321 1786 3365 eorum
1840 3304 1911 3365 de
1975 3304 2178 3369 medio
2242 3325 2397 3370 anno
2455 3307 2707 3382 statim,
2756 3309 2827 3369 ut
2875 3305 3070 3386 possit
3128 3303 3205 3366 de

479 3389 620 3465 hiis,
671 3407 786 3470 que
834 3390 1014 3452 erunt
1056 3388 1419 3464 necessaria,
1472 3408 1537 3453 se
1584 3389 1837 3466 furnire,
1885 3390 2107 3472 quibus
2158 3393 2286 3474 ipse
2334 3395 2692 3476 capitaneus
2725 3394 2869 3455 dare
2919 3394 3201 3455 teneatur

482 3478 554 3541 de
602 3475 828 3540 salario
877 3494 1227 3559 grossorum
1277 3477 1536 3559 triginta
1581 3495 1688 3558 pro
1736 3477 2016 3559 quolibet
2062 3480 2122 3543 in
2172 3500 2380 3544 mense
2433 3480 2525 3544 vel
2571 3481 2707 3542 inde
2743 3497 2946 3561 supra,
2998 3480 3062 3541 et
3090 3479 3203 3542 ha·

478 3565 669 3629 beant
713 3562 790 3626 ab
838 3564 970 3647 ipso
1018 3564 1336 3645 capitaneo
1383 3583 1557 3628 arma
1603 3568 1666 3628 et
1705 3585 1893 3647 equos
1957 3568 2329 3631 sufficientes
2396 3571 2459 3632 et
2522 3569 2741 3644 bonoS‚
2790 3571 2853 3630 et
2904 3568 3071 3628 stent
3123 3567 3199 3628 ad

479 3652 609 3719 eius
656 3671 952 3734 expensas
996 3652 1267 3715 eiusdem
1319 3652 1642 3734 capitanei,
1677 3654 1741 3715 et
1773 3656 1918 3717 sunt
1953 3655 2081 3718 eius
2116 3655 2510 3737 equitatoreS‚
2559 3657 2623 3719 et
2670 3656 3018 3728 servitoreS‚
3055 3673 3202 3735 quos

479 3741 755 3821 accipere
803 3739 1025 3803 debeat
1067 3738 1196 3820 ipse
1245 3739 1597 3821 capitaneus
1645 3741 1721 3804 ad
1772 3742 2220 3824 beneplacitum
2251 3742 2706 3806 dominationis.
2759 3743 3020 3823 Recipat
3051 3761 3200 3822 quo-

440 3851 445 3856 ·
483 3827 778 3910 queipse
822 3827 1177 3908 capitaneus
1226 3827 1299 3891 de
1350 3828 1552 3890 medio
1600 3845 1756 3891 anno
1806 3848 1984 3892 snum
2035 3830 2326 3894 salarium
2375 3832 2627 3908 statim,
2678 3833 2742 3893 et
2787 3831 2871 3893 sit
2910 3829 3203 3894 astrictus

480 3919 691 3980 tenere
739 3934 924 3996 equos
972 3932 1114 3977 suos
1162 3915 1222 3977 iu
1272 3914 1532 3978 stabulis
1582 3917 1646 3978 et
1682 3934 1799 3980 non
1852 3916 2102 3980 mittere
2149 3936 2254 3982 eos
2300 3920 2372 3982 ad
2422 3918 2711 4001 paschua‚
2752 3918 2855 4000 qui
2903 3917 3044 4001 equi
3080 3919 3206 3985 sint

482 4021 695 4068 omnes
733 4003 805 4066 de
852 4003 1130 4084 tempore
1181 4001 1368 4065 trium
1408 4020 1707 4065 annorum
1753 4006 1817 4067 et
1863 4004 2002 4067 inde
2049 4024 2253 4087 supra.
2323 4006 2415 4070 De
2462 4010 2638 4089 parte
2690 4006 2792 4084 75,
2859 4006 2933 4069 de
2973 4026 3093 4071 non
3141 4010 3201 4087 2,

474 4109 594 4154 non
641 4089 861 4154 sinceri
919 4093 967 4153 1.

690 4174 917 4259 Capta:
968 4178 1033 4240 et
1077 4195 1185 4259 pro
1233 4177 1561 4240 securitate
1611 4176 1779 4240 illius
1828 4181 2107 4244 coutrate
2162 4183 2226 4244 et
2272 4184 2546 4264 parcium
2614 4184 3028 4265 predictarum
3079 4185 3201 4248 sol-

477 4264 757 4328 dizentur
802 4283 910 4346 per
955 4267 1238 4328 nostrum
1284 4283 1610 4328 commune
1649 4266 1928 4330 homines
1974 4268 2213 4350 equites
2264 4270 2482 4353 viginti
2525 4272 2809 4354 quinque,
2859 4274 2963 4355 qui
3008 4272 3199 4354 depu-

475 4353 685 4416 tentur
725 4350 800 4413 ad
853 4352 1050 4431 ipsum
1103 4353 1585 4433 paisanaticum‚
1651 4354 1714 4416 et
1772 4354 1860 4417 ibi
1924 4356 2210 4420 continue
2272 4361 2438 4422 stare
2490 4359 2750 4424 debeant
2791 4360 2872 4424 ad
2916 4362 3197 4424 nostrum

475 4437 805 4503 servicium
852 4443 915 4502 et
956 4439 1369 4502 obedientiam
1421 4440 1727 4521 capitanei
1777 4445 1841 4503 et
1887 4445 2267 4520 mandatum,
2317 4445 2391 4509 de
2437 4446 2658 4527 quibus
2708 4448 3199 4531 vigintiquinque

474 4524 784 4609 equitibus
835 4525 1044 4589 decem
1092 4529 1259 4590 stare
1304 4531 1369 4590 et
1413 4547 1546 4590 esse
1589 4527 1853 4592 debeant
1913 4532 1988 4593 ad
2038 4531 2333 4595 salarium
2394 4536 2458 4598 et
2526 4554 2820 4615 expensas
2867 4536 3193 4616 capitanei,

473 4619 547 4680 ut
593 4611 872 4693 superius
920 4614 1151 4676 dictum
1199 4618 1314 4689 est,
1360 4616 1432 4678 de
1480 4615 1702 4678 ceteris
1753 4634 1913 4694 vero,
1963 4617 2070 4699 qui
2117 4622 2393 4697 restant,
2442 4620 2573 4699 fiat,
2627 4627 2693 4686 ut
2738 4623 3055 4687 ordinatur
3102 4623 3194 4687 in-

469 4701 679 4767 ferius,
729 4700 822 4763 De
867 4703 1042 4782 parte
1093 4700 1195 4777 73,
1245 4703 1318 4764 de
1358 4720 1474 4765 non
1520 4702 1580 4778 3,
1632 4720 1747 4765 non
1796 4703 2015 4768 sinceri
2066 4704 2124 4770 3.

555 4792 752 4861 Misti,
799 4790 1001 4849 XXV.
1057 4792 1163 4860 24,
1193 4808 1236 4850 u
1279 4791 1620 4851 meetaaefkom
1666 4795 1898 4853 arkivu.
