3620 5282
530 308 660 377 266

529 486 782 554 fuerunt
826 503 934 571 pro
976 485 1441 553 evidentissimo
1480 487 1639 555 bono
1671 506 1779 554 suo
1815 492 1878 555 et
1918 489 2123 555 status
2171 488 2289 569 sui,
2324 489 2785 557 considerantes
2848 489 2914 554 et
2960 485 3243 554 videntes

530 576 774 642 labores
819 592 995 653 suos;
1041 575 1148 640 sed
1192 580 1513 660 postquam
1557 595 1677 642 non
1709 577 1844 644 vult
1888 578 2204 643 attendere
2250 578 2328 644 ad
2370 597 2461 658 ea,
2510 599 2625 662 que
2683 577 2973 657 diximuS,
3040 593 3247 641 rema-

534 667 677 729 neat
720 664 954 729 factum
1001 664 1334 729 secundum
1382 665 1763 732 voluntatem
1840 685 2037 731 suam.
2108 667 2191 731 Et
2263 669 2315 733 si
2383 668 2512 751 ipse
2559 669 2844 732 dominus
2890 665 3121 730 diceret
3163 663 3243 729 de

532 753 692 818 facto
735 753 1035 817 dictorum
1078 754 1434 818 ducatorum
1481 753 1600 818 VII
1647 755 1896 819 centum
1946 756 2102 839 quod
2150 756 2615 821 remitterentur
2681 755 2820 831 sibi,
2887 756 3032 819 tunc
3075 752 3248 817 dicat

532 841 830 924 provisor,
880 839 1039 923 quod
1087 840 1218 923 ipse
1278 860 1396 906 non
1451 842 1637 906 habet
1698 842 1867 907 aliud
1928 843 1992 906 in
2046 842 2353 909 mandatis
2417 863 2453 909 a
2512 843 2691 908 nobis
2754 844 2920 909 ultra
2985 860 3074 921 ea,
3124 858 3244 924 que

534 929 817 1012 superius
860 930 1230 994 continetur.
1285 929 1383 1009 14,
1432 949 1548 994 non
1596 931 1823 995 sinceri
1878 932 1972 1009 10,
2016 931 2091 996 de
2137 950 2259 997 non
2316 934 2368 995 1.

743 1015 968 1083 Omnes
1019 1017 1330 1100 sapientes
1377 1017 1679 1083 ordinum.
1730 1018 1963 1102 Capta:
2013 1018 2278 1104 insuper
2330 1021 2758 1085 committatur
2816 1018 2984 1084 dicto
3041 1015 3247 1101 provi-

532 1106 677 1184 sori,
725 1106 883 1189 qued
918 1106 971 1170 si
1022 1105 1508 1188 vicecapitaneus
1556 1109 1765 1172 noster
1810 1108 1955 1172 culfi
2016 1108 2292 1173 viderent
2354 1127 2463 1191 per
2523 1125 2615 1185 ea,
2678 1127 2794 1190 que
2835 1107 3133 1173 haberent
3177 1105 3245 1170 in

532 1194 864 1272 Durachi0,
912 1212 950 1258 a
995 1212 1093 1257 ser
1140 1192 1421 1273 Quadrea
1469 1193 1809 1260 contareno
1859 1196 1922 1259 et
1966 1214 2004 1261 a
2051 1197 2299 1262 consule
2340 1199 2548 1261 nostro
2594 1195 2815 1262 deinde
2859 1199 2926 1260 et
2970 1194 3047 1260 ab
3101 1193 3249 1259 aliis

533 1281 760 1347 nostris
804 1282 1041 1347 venetis
1090 1284 1153 1347 et
1198 1280 1504 1362 fidelibus,
1553 1302 1694 1349 cum
1740 1283 1961 1366 quibus
2006 1283 2271 1349 debeant
2309 1283 2599 1364 conferre,
2626 1284 2848 1350 melius
2888 1283 3035 1363 fore,
3083 1281 3248 1367 quod

532 1371 808 1453 predicta
857 1371 1037 1435 verba
1083 1371 1573 1454 exprimerentur
1621 1373 1782 1437 dicto
1832 1371 2075 1437 domino
2122 1391 2229 1456 per
2274 1372 2464 1438 aliam
2508 1391 2832 1455 personam
2878 1390 3087 1455 ¹quam
3133 1388 3247 1454 per

533 1459 736 1544 ipsum
786 1459 1159 1542 provisorem
1204 1461 1506 1538 nostrum,
1555 1460 1963 1543 relinquimus
2024 1461 2087 1524 in
2148 1460 2439 1526 libertate
2482 1479 2593 1526 sua
2637 1459 2823 1527 eundi
2879 1460 2956 1525 ad
2994 1477 3250 1544 presen-

531 1548 683 1612 tiam
732 1566 907 1612 suam
979 1545 1075 1611 vel
1122 1548 1412 1613 mittendi
1458 1548 1646 1613 aliam
1692 1566 2015 1630 personam
2078 1567 2221 1613 cum
2281 1548 2559 1634 predicta
2620 1549 2958 1615 intentione
3015 1548 3246 1625 nostra,

533 1636 696 1703 sicut
740 1636 829 1702 eis
879 1634 1188 1701 videbitur
1223 1653 1332 1719 pro
1378 1637 1535 1702 bono
1581 1637 1841 1701 istorum
1886 1636 2281 1720 agendorum,
2318 1636 2738 1721 intelligendO,
2781 1636 2942 1720 quod
2970 1635 3091 1720 ipsi
3128 1653 3247 1701 non

532 1725 776 1808 possint
820 1725 988 1790 stare
1032 1723 1097 1788 in
1146 1724 1456 1790 Durachio
1503 1726 1671 1790 ultra
1709 1724 1841 1791 dies
1888 1725 2155 1809 quinque
2202 1726 2264 1789 in
2311 1728 2537 1791 totum.
2628 1726 2710 1791 Et
2760 1727 2815 1791 si
2871 1725 3102 1790 nobilis
3146 1724 3248 1788 vir

535 1831 634 1878 ser
679 1813 997 1879 ,Iohannes
1044 1813 1117 1877 de
1165 1811 1400 1891 Canali,
1449 1812 1653 1878 iturus
1732 1812 2115 1879 ambaxiator
2161 1817 2368 1879 noster
2414 1815 2492 1878 ad
2535 1813 3002 1880 serenissimum
3048 1810 3246 1879 domi-

534 1921 680 1968 num
727 1920 936 1987 regem
977 1900 1167 1984 Cipri,
1215 1899 1372 1966 foret
1416 1900 1480 1965 in
1525 1901 1705 1985 galea
1750 1920 1895 1967 cum
1937 1901 2236 1985 predictis
2269 1901 2721 1986 vicecapitaneo
2782 1902 2848 1968 et
2916 1901 3249 1986 provisore,

536 1989 846 2070 volumuS,
896 1989 1056 2072 quod
1103 1989 1236 2072 ipse
1280 1989 1364 2054 sit
1402 1990 1632 2055 tercius
1678 1989 1840 2073 apud
1891 2008 1994 2057 eos
2047 1990 2113 2056 in
2156 1991 2590 2057 terminatione
2634 1990 2933 2075 predicta.

621 2098 803 2159 Misce
847 2097 984 2160 XL.
1039 2099 1183 2176 189,
1231 2114 1271 2157 u
1316 2098 1470 2158 mlet.
1516 2098 1750 2161 arkivu.

819 2285 1376 2372 CCCLXXX.
1431 2287 1638 2372 Gon.
1694 2287 1923 2373 1389.
1975 2288 2079 2372 28
2126 2286 2483 2391 venalia,
2537 2311 2595 2371 u
2653 2287 2989 2372 Valoni-

535 2433 869 2509 Republika
898 2435 1107 2507 prima
1143 2434 1267 2509 ped
1310 2434 1480 2508 svoju
1523 2434 1747 2495 nastitu
1791 2435 2101 2509 knjeqinju
2142 2434 2473 2493 avalonsku
2505 2434 2839 2512 Kommmu,
2887 2451 2928 2494 a
2966 2432 3259 2508 obdarw’e

1326 2523 1496 2596 m'eke
1538 2524 1696 2596 svoje
1725 2523 2107 2597 primianike
2151 2541 2193 2583 u
2231 2522 2458 2583 Dracu.

745 2625 951 2692 Litore
997 2625 1158 2691 facte
1215 2645 1324 2710 pro
1373 2626 1624 2692 domina
1670 2627 1945 2693 Avalone
1992 2625 2329 2692 secundum
2372 2625 2531 2710 quod
2577 2628 2829 2710 captum
2874 2628 2969 2693 est
3027 2625 3094 2691 in
3139 2645 3246 2692 ro-

534 2716 723 2801 gatis.
770 2715 882 2781 Ser
928 2715 1172 2781 Peratio
1217 2716 1555 2798 Maripetro
1600 2715 1903 2800 provisori
1951 2718 2015 2780 et
2058 2734 2156 2781 ser
2200 2715 2518 2780 Leonardo
2567 2715 2903 2781 Tervisano
2950 2714 3257 2799 vicecapi-

538 2807 720 2870 taneo
768 2803 931 2870 culfi.
1014 2803 1112 2868 Ad
1177 2803 1669 2870 informationem
1732 2804 2006 2870 vestram
2054 2803 2472 2880 notificamus
2522 2804 2684 2888 quod
2728 2804 2807 2870 ob
2851 2806 3052 2868 certas
3100 2804 3253 2869 sub-

537 2892 875 2970 ventiones,
927 2910 1079 2975 quas
1125 2891 1388 2958 fecimus
1437 2893 1678 2958 domine
1710 2892 1987 2957 Avalone
2032 2891 2097 2958 in
2145 2891 2492 2974 recipiendo
2538 2911 2675 2958 eam
2723 2891 2837 2957 sub
2867 2892 3253 2992 protectione

535 2982 731 3048 nostri
778 2980 1035 3046 dominii
1082 2982 1199 3046 etc.
1265 2980 1649 3046 ambaxiator
1694 2999 1845 3046 suus
1908 2979 2082 3045 nobis
2141 2980 2445 3065 promisit,
2496 2980 2661 3063 quod
2707 2979 2843 3063 ipsa
2884 2980 3136 3047 domina
3179 2979 3250 3044 in

536 3069 951 3154 recognitione
1015 3067 1138 3134 loci
1204 3059 1380 3135 Sasni
1446 3087 1484 3134 a
1530 3070 1740 3135 nostro
1802 3069 2073 3135 dominio
2142 3069 2320 3133 dabit
2388 3068 2654 3153 singulis
2701 3068 2876 3134 annis
2920 3069 3245 3152 capitaneo

539 3160 748 3224 nostro
797 3158 941 3223 culfi
989 3158 1116 3222 tres
1161 3157 1441 3223 homines
1486 3176 1523 3223 a
1568 3175 1738 3223 remo
1784 3159 1919 3223 suis
1965 3157 2245 3240 expensis
2289 3155 2366 3222 de
2409 3156 2601 3238 soldo,
2635 3157 2743 3242 qui
2773 3157 3029 3223 stabunt
3067 3176 3255 3240 super

540 3247 736 3331 galeis
778 3245 927 3311 culfi
976 3245 1167 3311 donec
1212 3247 1393 3311 erunt
1436 3246 1711 3311 rediture
1752 3245 2076 3324 VeneciaS,
2124 3247 2188 3311 et
2231 3245 2366 3329 ipsa
2406 3245 2655 3311 domina
2699 3244 2884 3311 debet
2928 3245 3107 3311 nobis
3152 3263 3256 3310 so-

538 3335 831 3400 lemniter
875 3335 986 3399 hoc
1053 3334 1412 3416 promittere
1475 3336 1539 3400 et
1584 3334 1932 3413 observare,
1980 3335 2301 3417 propterea
2349 3333 2609 3401 fecimus
2656 3332 2832 3398 vobis
2878 3332 3014 3399 dari
3074 3334 3254 3416 quat·

539 3425 679 3489 tuor
724 3423 941 3487 literas
1001 3424 1287 3504 patentes
1354 3441 1456 3504 pro
1503 3423 1640 3504 ipsa
1688 3421 1940 3488 domina
2001 3424 2066 3487 et
2135 3421 2399 3487 subditis
2445 3425 2512 3487 et
2571 3419 2858 3486 fidelibus
2905 3422 3054 3499 suiS,
3104 3439 3257 3506 quas

539 3510 660 3575 sibi
705 3510 851 3575 dare
899 3508 1197 3589 debeatis,
1246 3511 1308 3575 in
1357 3528 1502 3576 casu
1549 3529 1666 3594 quo
1714 3509 1905 3575 faciat
1951 3509 2124 3577 nobis
2170 3509 2637 3593 promissionem
2686 3508 3029 3593 predictam
3059 3509 3260 3575 dicto-

539 3618 679 3664 rum
726 3600 923 3664 trium
966 3596 1304 3676 hominum,
1365 3601 1429 3665 et
1474 3599 1630 3683 quod
1701 3598 1870 3664 istud
1939 3600 2235 3683 appareat
2300 3617 2411 3682 per
2458 3616 2598 3663 suas
2650 3595 2870 3662 literas
2917 3598 3257 3681 sigillatas.

542 3686 842 3754 Salutetis
890 3705 1130 3770 quoque
1177 3691 1240 3751 et
1285 3648 1574 3753 brtamini
1621 3705 1758 3752 eam
1816 3688 2129 3752 dominam
2178 3705 2252 3751 ex
2297 3689 2471 3770 parte
2539 3684 2734 3751 nostri
2798 3685 3075 3807 dominii.
3141 3686 3259 3752 Die

539 3775 760 3869 ultimo
806 3773 1118 3849 februarii,
1164 3772 1791 3842 MCCCLXXXVIII.

748 3862 956 3930 Litere
1003 3864 1286 3947 patentes
1332 3881 1442 3947 pro
1485 3863 1654 3928 dicta
1695 3881 1898 3929 causa.
1951 3899 2031 3910 —
2081 3862 2386 3927 Antonius
2436 3861 2696 3930 Venerio
2742 3862 2843 3929 dei
2888 3815 3094 3947 gratia
3134 3862 3257 3928 dux

540 3951 937 4018 Venetiarum
989 3954 1103 4016 etc.
1157 3950 1479 4017 Universis
1527 3954 1591 4015 et
1635 3951 1900 4053 singulis
1940 3952 2070 4016 tam
2117 3951 2337 4015 amicis
2380 3970 2564 4033 quam
2595 3950 2886 4017 fidelibus
2932 3954 3253 4035 presentes

540 4041 786 4107 litteras
832 4038 1200 4122 inspecturis
1245 4040 1517 4105 salutem
1562 4042 1626 4103 et
1672 4041 1908 4105 sincere
1955 4039 2306 4105 dilectionis
2350 4039 2660 4104 affectum.
2705 4039 2945 4105 Notum
2994 4038 3257 4111 facimus

539 4149 649 4214 per
695 4130 1033 4212 presenteS,
1082 4128 1240 4210 quod
1288 4129 1366 4194 ob
1433 4126 1813 4213 singularem
1883 4127 2221 4193 devotionis
2281 4126 2730 4204 sinceritatem,
2773 4145 2959 4212 quam
3022 4127 3099 4192 ad
3147 4143 3258 4192 nos

540 4218 940 4301 nostrumque
986 4233 1314 4282 commune
1358 4214 1557 4298 gessit
1599 4215 1974 4281 continuatis
2033 4215 2415 4299 temporibus
2476 4216 2729 4301 egregia
2786 4215 3036 4281 domina
3080 4200 3261 4280 Com-

534 4306 684 4369 nina
726 4304 970 4370 domina
1017 4304 1295 4370 Avalone
1341 4308 1458 4369 etc.
1504 4304 1758 4369 eandem
1806 4307 2129 4404 tamquam
2201 4304 2489 4369 devotam
2536 4307 2601 4371 et
2667 4304 2916 4370 fidelem
2978 4303 3260 4368 nostram

547 4391 845 4475 singulari
911 4391 1235 4457 affectione
1303 4393 1745 4475 prosequimur,
1816 4391 2139 4475 ipsamque
2201 4409 2272 4457 ac
2336 4391 2620 4458 subditos
2679 4395 2746 4458 et
2804 4393 2939 4458 loca
2982 4409 3097 4456 sua
3143 4391 3263 4457 sub

542 4479 792 4562 spetiali
860 4479 1235 4562 protectione
1296 4484 1509 4545 nostra
1573 4480 1885 4545 voluimus
1932 4480 2269 4545 clementer
2337 4498 2673 4546 assumere.
2741 4479 2979 4546 Idcirco
3027 4477 3261 4545 amicos

543 4571 787 4631 nostros
836 4586 1126 4650 rogamus
1171 4567 1496 4646 instanter,
1543 4567 1831 4634 fidelibus
1875 4568 2270 4652 precipiendo
2301 4568 2689 4649 mandantes,
2723 4569 3025 4653 qnatenus
3057 4567 3260 4650 ipsam

545 4655 859 4735 egregiam
904 4655 1219 4721 dominam
1267 4673 1342 4721 ac
1385 4656 1553 4721 filias
1597 4659 1662 4723 et
1700 4655 1925 4722 fratres
1976 4656 2109 4722 eius
2156 4674 2268 4721 nec
2311 4674 2435 4721 non
2481 4657 2777 4732 subditos,
2824 4656 2957 4722 loca
3002 4657 3066 4720 et
3095 4655 3262 4720 cete·

548 4756 647 4804 ros
690 4738 903 4807 fideles
949 4746 1013 4807 et
1055 4742 1218 4809 bona
1268 4761 1402 4823 sua,
1447 4744 1824 4829 ubicumque
1886 4763 2020 4811 esse
2066 4745 2445 4828 contingant,
2491 4744 2718 4813 habere
2762 4745 3005 4829 placeat
3050 4743 3261 4809 nostro
