3620 5282
3039 342 3167 409 357

445 520 620 586 iuxta
667 519 933 585 sormam
977 517 1547 584 ordinamentorum
1610 536 1881 584 suorum.
1955 517 2188 583 Verum
2250 517 2439 583 liceat
2498 515 2830 583 comitibus
2854 518 3171 602 deputare

438 606 681 674 socium
726 624 908 671 suum
955 605 1056 671 vel
1100 605 1297 671 alium
1345 605 1420 670 de
1468 603 1710 671 familia
1746 622 1878 683 sua,
1927 604 2094 670 sicut
2117 605 2426 671 videbitur
2471 605 2612 683 sibi,
2660 606 2764 687 qui
2810 607 3004 672 semel
3027 625 3168 672 cum

434 695 625 761 dictis
672 691 1036 759 iusticiariis
1082 694 1149 759 et
1192 692 1558 759 officialibus
1605 692 1747 758 aliis
1793 692 2062 758 debeant
2123 692 2396 759 officium
2458 709 2737 759 exercere
2794 692 2929 756 tam
2964 693 3030 758 in
3076 695 3172 759 iu-

436 781 654 849 stando
703 798 1039 860 mersuras,
1086 798 1275 863 quam
1318 780 1383 845 in
1427 779 1724 845 bullando
1768 780 2043 846 vaxellos
2068 778 2216 860 vini,
2265 779 2373 863 qui
2397 780 2733 846 vendeatur
2773 779 2853 843 ad
2899 781 3167 864 spinam,

436 872 501 935 et
542 870 671 935 alia
710 867 1009 947 faciendo,
1058 886 1174 952 que
1220 867 1299 932 ad
1325 866 1561 935 dictum
1586 866 1858 933 officium
1906 867 2339 950 pertinebunt;
2385 885 2509 932 non
2532 865 2953 950 permittendo
2985 886 3172 953 prop-

438 959 608 1023 terea
654 954 855 1039 accipi
899 973 1010 1039 per
1054 953 1363 1020 familiam
1409 972 1588 1020 suam
1636 973 1743 1020 seu
1773 954 1976 1033 illum,
2025 954 2132 1039 qui
2155 954 2560 1039 deputabitur
2604 956 2681 1021 ad
2725 954 2861 1032 hoc,
2910 955 3164 1038 aliquod

441 1045 609 1111 ultra
653 1043 739 1123 id,
789 1043 949 1127 quod
996 1043 1345 1109 continetur
1387 1041 1454 1106 in
1490 1042 1745 1107 statutis
1787 1043 1917 1109 sive
1972 1042 2288 1109 ordinibus
2349 1043 2744 1123 eorumdem;
2814 1045 3172 1109 remanente

440 1136 650 1198 tamen
696 1129 958 1197 arbitrio
1004 1130 1338 1197 comitibus
1381 1129 1458 1195 de
1502 1128 1783 1195 faciendo
1845 1129 2066 1195 circari
2127 1148 2448 1196 mensuras
2511 1132 2576 1195 et
2636 1128 2943 1213 pondera,
3006 1133 3072 1198 et
3116 1129 3170 1196 si

442 1219 689 1286 fraudes
738 1218 1133 1303 reperiretur,
1181 1219 1255 1284 de
1300 1216 1680 1302 procedendo
1722 1216 1787 1281 in
1838 1218 1949 1297 eis,
1999 1218 2164 1283 sicut
2201 1216 2516 1284 videbitur
2562 1216 2704 1282 sibi.

651 1322 825 1389 XIX.
872 1324 1037 1389 Item
1078 1321 1199 1388 fuit
1240 1324 1475 1402 rector,
1540 1321 1644 1405 qui
1688 1322 1967 1389 bannum
2031 1320 2219 1401 fecit,
2284 1323 2357 1387 ut
2400 1321 2737 1406 piscatores
2798 1321 2998 1406 pisces
3045 1340 3167 1388 non

438 1411 740 1479 auderent
784 1409 1046 1478 vendere
1090 1410 1225 1476 sine
1273 1409 1533 1476 licencia
1577 1409 1676 1475 sui
1716 1410 1868 1477 socii
1914 1409 2012 1475 vel
2060 1410 2159 1474 sui
2219 1408 2660 1488 seneschalchi,
2725 1409 2946 1476 stando
2977 1428 3171 1493 usque

439 1501 519 1565 ad
568 1500 786 1566 horam
830 1498 1022 1564 tercie
1067 1498 1424 1581 quandoque
1484 1498 1549 1562 in
1607 1498 1901 1563 damnum
1967 1497 2344 1581 piscatorum
2391 1501 2456 1563 et
2498 1497 2750 1577 civium,
2799 1496 2905 1581 qui
2967 1516 3172 1564 emere

452 1587 802 1672 expectant.
846 1586 983 1652 Hoc
1027 1584 1103 1651 fit
1144 1588 1357 1652 contra
1398 1585 1871 1651 consuetudines
1917 1589 2100 1651 terre.

666 1673 861 1757 Super
907 1673 1037 1738 isto
1075 1673 1348 1757 capitulo
1409 1672 1760 1752 ordinetur,
1804 1672 1991 1775 'quod
2056 1671 2313 1739 comites
2374 1671 2541 1738 nullo
2601 1670 2781 1737 modo
2837 1672 3175 1756 impediant

450 1760 789 1847 piscatores
835 1760 1096 1827 vendere
1141 1760 1342 1845 pisces
1380 1778 1547 1840 suos,
1595 1761 1759 1827 sicut
1801 1760 1866 1825 in
1912 1778 2125 1828 eorum
2188 1760 2618 1825 commissione
2677 1758 3027 1825 continetur
3070 1778 3176 1825 ex·

451 1868 684 1933 presse,
731 1848 840 1914 sed
887 1847 1261 1933 permittant
1302 1847 1446 1913 illos
1491 1847 1752 1914 vendere
1796 1848 1998 1931 pisces
2044 1866 2184 1913 suos
2229 1849 2296 1913 in
2341 1848 2494 1913 locis
2560 1846 2799 1926 solitis,
2861 1846 3024 1912 sicut
3067 1865 3174 1912 vo·

440 1937 600 2016 lunt,
648 1938 714 2003 et
757 1935 834 2002 ad
881 1935 1065 2003 horas
1110 1934 1351 2002 debitas
1397 1935 1632 2020 absque
1668 1935 2117 2019 impedimento
2163 1953 2573 2019 quocumque.

650 2041 790 2107 XX.
838 2039 1001 2107 Item
1046 2041 1122 2107 fit
1166 2040 1442 2106 bannum
1489 2059 1596 2124 per
1641 2042 1901 2107 comites
1945 2041 2010 2106 in
2055 2042 2245 2125 Pago,
2293 2040 2452 2125 quod
2509 2039 2716 2105 nullus
2760 2039 2986 2105 audeat
3030 2057 3174 2123 por-

444 2130 582 2195 tare
629 2129 953 2195 cultellum
999 2147 1193 2212 usque
1237 2128 1319 2192 ad
1364 2131 1603 2194 certam
1650 2146 2023 2209 mensuram,
2071 2130 2137 2194 et
2179 2130 2292 2195 hoc
2332 2129 2406 2193 de
2453 2129 2665 2207 nocte,
2714 2130 2829 2194 sub
2878 2146 3036 2212 pena
3082 2127 3167 2191 li-

443 2217 700 2282 brarum
744 2216 940 2296 XXV,
988 2218 1055 2282 et
1097 2217 1172 2281 de
1216 2215 1316 2280 die
1360 2216 1666 2282 librarum
1712 2217 1787 2293 V,
1832 2217 1993 2299 quod
2034 2217 2133 2282 est
2161 2218 2377 2282 contra
2407 2216 2765 2282 libertatem
2810 2217 2874 2281 et
2914 2234 3169 2281 consue-

439 2304 725 2370 tudinem
750 2305 1051 2383 nostram‚
1098 2305 1165 2369 et
1205 2304 1322 2369 hoc
1345 2302 1502 2382 ideo,
1546 2305 1620 2369 ut
1648 2303 1990 2370 utilitatem
2016 2321 2087 2369 ex
2107 2305 2223 2371 hoc
2246 2305 2761 2387 consequerentur
2785 2301 3020 2369 familie
3042 2321 3173 2370 sue.

650 2407 753 2473 Ad
799 2407 971 2473 istud
1014 2407 1364 2492 capitulum
1404 2407 1741 2488 ordinetur,
1790 2409 1951 2492 quod
1975 2409 2318 2491 Pagienses
2365 2408 2607 2492 possint
2630 2411 2873 2491 portare
2895 2407 3171 2492 quelibet

439 2513 617 2562 arma
663 2496 737 2561 de
783 2496 880 2560 die
929 2513 1123 2579 usque
1167 2495 1248 2560 ad
1293 2495 1553 2560 terciam
1617 2513 2019 2578 campanam,
2090 2496 2265 2561 salvo
2333 2496 2388 2561 si
2433 2499 2683 2580 propter
2744 2514 2998 2561 causam
3044 2496 3172 2560 rixe

440 2584 571 2651 sive
620 2582 791 2652 aliud
837 2582 1187 2668 periculum
1227 2585 1390 2649 terre
1436 2582 1751 2650 videretur
1794 2583 1980 2650 aliter
2023 2584 2242 2651 comiti
2285 2584 2484 2668 possit
2521 2584 2743 2664 facere,
2789 2584 2952 2650 sicut
3000 2582 3172 2650 vide-

440 2671 611 2738 bitur
657 2671 799 2738 sibi.
839 2672 1074 2738 Verum
1124 2671 1211 2737 sit
1253 2670 1320 2736 in
1364 2671 1622 2738 arbitrio
1666 2673 1969 2738 comitum
2015 2671 2461 2739 condemnandi
2508 2673 2824 2756 portantes
2870 2689 3046 2737 arma
3092 2672 3166 2737 de

440 2761 640 2840 nocte,
690 2757 853 2825 sicut
895 2758 1207 2825 videbitur
1251 2759 1329 2824 ei.
1390 2759 1497 2839 21,
1546 2758 1622 2824 de
1666 2778 1788 2825 non
1829 2762 1895 2824 et
1938 2759 2029 2825 sic
2071 2761 2171 2825 est
2208 2762 2461 2843 captum
2506 2760 2612 2838 21,
2665 2778 2784 2825 non
2830 2758 3058 2824 sinceri
3109 2761 3167 2824 1.

654 2863 828 2930 XXI.
871 2865 1035 2930 Item
1079 2882 1220 2931 cum
1266 2864 1593 2947 aliquando
1640 2867 1922 2931 occurrat
1967 2882 2167 2944 casus,
2215 2863 2376 2948 quod
2436 2882 2547 2948 pro
2616 2864 2965 2949 provisione
3024 2862 3172 2929 boni

440 2952 645 3019 status
690 2952 856 3017 terre
901 2953 987 3018 sit
1031 2954 1445 3036 opportunum
1488 2951 1621 3017 fieri
1668 2951 2019 3031 consilium,
2067 2952 2133 3018 et
2175 2953 2388 3035 aliqua
2423 2953 2690 3018 ordinari
2731 2953 2796 3017 et
2839 2951 3159 3017 reformari

442 3058 585 3106 cum
617 3039 848 3106 honore
882 3039 1173 3122 dominii,
1220 3038 1376 3106 velit
1402 3039 1754 3105 *dominatio
1800 3039 2119 3123 providere
2142 3089 2159 3120 ,
2225 3038 2387 3123 quod
2435 3040 2515 3105 ad
2562 3039 3029 3123 requisitionem
3077 3040 3172 3104 iu-

441 3127 651 3193 dicum
696 3129 765 3193 et
814 3126 1110 3193 bonorum
1155 3126 1478 3193 hominum
1523 3128 1687 3193 terre
1729 3128 2055 3194 consilium
2099 3127 2269 3193 omni
2314 3127 2447 3194 vice
2492 3127 2557 3193 in
2605 3126 2772 3193 omni
2818 3146 2884 3193 re
2946 3145 3167 3210 oppor-

446 3215 599 3281 tuna
641 3215 841 3298 possit
886 3232 1220 3281 convocare
1266 3217 1331 3279 et
1374 3214 1695 3297 providere
1738 3216 1814 3282 de
1858 3215 2147 3282 remediis
2211 3215 2595 3299 opportunis.
2665 3214 2752 3281 Et
2794 3213 2940 3298 quia
2999 3214 3174 3281 nulla

447 3302 713 3386 provisio
756 3302 958 3386 possit
998 3300 1135 3368 fieri
1179 3303 1405 3386 preter.
1432 3302 1782 3384 consilium,
1830 3304 1896 3369 et
1939 3305 2099 3386 quod
2140 3303 2417 3388 quelibet
2464 3302 2693 3388 peticio
2725 3302 2926 3369 audiri
2972 3303 3171 3386 possit

446 3391 511 3456 et
552 3389 778 3456 debeat
820 3389 886 3455 in
928 3389 1207 3457 consilio.

660 3477 860 3562 Super
903 3478 1026 3544 isto
1073 3477 1348 3562 capitulo
1394 3477 1706 3544 scribatur
1751 3477 2118 3559 comitibuS‚
2181 3479 2339 3563 quod
2392 3479 2459 3545 in
2504 3478 2772 3545 vocando
2838 3477 3171 3544 consilium

449 3564 530 3631 ad
573 3565 1045 3648 requisitionem
1090 3564 1383 3645 iudicum,
1431 3567 1497 3631 et
1541 3565 1842 3632 audiendo
1888 3566 2240 3650 petitiones,
2283 3568 2348 3633 et
2393 3566 2459 3631 in
2502 3565 2800 3633 servando
2825 3566 2980 3631 alias
3026 3583 3172 3631 con-

446 3652 802 3719 suetudines
848 3671 993 3719 suas
1037 3652 1102 3718 in
1150 3654 1451 3737 quantum
1498 3653 1838 3737 respiciant
1882 3654 2176 3721 honorem
2231 3655 2510 3720 nostrum
2554 3656 2619 3720 et
2662 3654 2896 3720 bonum
2959 3671 3169 3719 eorum

442 3739 708 3807 debeant
739 3739 1132 3894 ¹coraplgcere
1179 3740 1435 3821 eisdem,
1481 3741 1572 3806 ita
1618 3741 1779 3826 quod
1824 3742 2094 3809 habeant
2137 3761 2325 3827 super
2367 3743 2485 3808 hoc
2530 3743 2858 3808 materiam
2910 3742 2976 3807 et
3019 3758 3167 3806 cau-

442 3845 579 3894 sam
624 3846 736 3895 con
769 3847 844 3893 en
915 3848 955 3894 n
1000 3849 1019 3894 1

657 3915 864 3983 XXH.
910 3916 1074 3982 Item
1121 3917 1266 4001 quia
1307 3917 1387 3983 ad
1432 3934 1745 3982 cameram
1789 3916 1952 3983 dacii
1999 3917 2150 3984 salis
2196 3920 2345 3984 sunt
2387 3918 2591 3984 multa
2638 3915 3069 3981 ordinamenta
3102 3916 3167 3981 et

452 4002 724 4084 confusa,
772 4004 837 4070 et
880 4003 1167 4071 continue
1213 4003 1338 4071 alia
1372 4004 1887 4088 superaddantur,
1927 4008 1993 4072 et
2037 4004 2286 4089 proinde
2329 4023 2629 4090 pauperes
2659 4004 2940 4070 homines
2987 4001 3166 4069 dam·

442 4110 591 4157 num
621 4092 943 4158 incurrunt
980 4094 1045 4158 et
1088 4110 1442 4176 gravamen,
1485 4092 1726 4159 nullum
1762 4094 2082 4177 peccatum
2106 4093 2588 4166 committentes
2629 4092 2782 4159 velit
2804 4089 3164 4172 dominatio,

451 4178 613 4263 quod
656 4179 771 4245 illa
815 4178 1242 4246 ordinamenta
1283 4179 1468 4246 talier
1512 4180 1893 4261 ordinentur,
1941 4180 2104 4266 quod
2148 4180 2427 4247 homines
2482 4180 2721 4265 possint
2761 4179 3160 4264 pertransire.

654 4283 891 4351 XXIII.
940 4285 1106 4351 Item
1149 4303 1293 4368 cum
1334 4285 1421 4352 sit
1464 4285 1812 4370 postarolus
1854 4286 1933 4352 ad
1962 4286 2289 4352 cathenam
2336 4306 2442 4370 pro
2479 4285 2763 4352 custodia
2786 4282 2945 4350 dacii
2995 4285 3166 4365 salis,

451 4373 517 4437 et
559 4370 751 4438 faciat
794 4371 1103 4440 novitates
1150 4375 1217 4439 et
1260 4373 1576 4440 molestias
1620 4375 1857 4439 multas
1902 4374 2190 4440 omnibus
2251 4373 2610 4440 exeuntibus
2655 4375 2719 4439 et
2762 4372 3158 4452 intrantibus,

444 4459 594 4527 velit
640 4460 986 4527 dominatio
1033 4459 1334 4539 ordinare,
1379 4461 1540 4546 quod
1585 4461 1830 4527 nullum
1878 4481 2061 4545 super
2105 4461 2221 4528 hoc
2267 4464 2380 4527 fiat
2424 4479 2777 4546 gravamen.

657 4548 858 4632 Super
902 4547 1026 4613 hiis
1071 4548 1365 4633 capitulis
1409 4550 1835 4616 committatur
1880 4548 2240 4615 camerariis
2281 4550 2472 4633 Pagi,
2527 4549 2691 4632 quod
2737 4566 2858 4614 non
2904 4547 3171 4613 debeant
3295 4527 3311 4538 ’

443 4636 611 4704 ultra
653 4636 900 4703 ordines
949 4634 1136 4700 officii
1172 4635 1268 4702 sui
1310 4638 1552 4720 privare
1612 4636 1886 4720 aliquem
1951 4637 2050 4702 vel
2116 4635 2445 4702 molestare
2507 4634 2810 4713 indebite;
2880 4637 2947 4700 et
3006 4636 3166 4717 quod

443 4724 777 4811 deputetur
820 4723 900 4789 ad
948 4723 1274 4790 cathenam
1322 4742 1583 4808 persona
1623 4723 1936 4790 sufficiens
2007 4742 2116 4807 pro
2160 4722 2398 4788 iuribus
2448 4722 2793 4788 communis
2812 4770 2828 4801 ,
2877 4740 2995 4804 que
3047 4738 3165 4785 non
