3620 5282
539 343 671 409 4¹8

909 515 1351 598 DLXXII.
1410 516 1614 600 God.
1672 515 1902 600 1399.
1956 514 2005 597 2
2058 516 2390 618 oaujka,
2448 538 2507 597 u
2562 514 2967 597 Mletcih.

546 664 731 723 Lulca
772 662 982 721 Mikac
1028 663 1363 736 troqiranin
1420 661 1945 760 posriedovanjem·
1999 662 2302 734 republike
2356 661 2506 734 §aba
2567 661 2700 719 200
2746 659 2985 718 dulcata
3046 675 3098 715 u
3155 653 3357 730 istok,

968 751 1048 807 da
1093 752 1148 809 si
1194 754 1309 808 tom
1354 754 1577 809 svotom
1622 750 1846 822 odkupi
1884 747 2027 808 sina
2073 749 2148 808 od
2198 748 2448 809 Turaka
2490 746 2875 820 zasubm'ena.

769 869 954 933 1399.
1007 869 1106 933 die
1154 870 1193 932 2
1244 871 1480 953 marcii.
1531 867 1755 952 Capta:
1806 886 1949 933 cum
1996 868 2246 950 quidam
2286 884 2475 968 nepos
2523 885 2624 931 ser
2667 867 2835 931 Luce
2881 865 2961 928 de
3011 863 3360 928 Michazo

553 960 627 1023 de
673 957 971 1055 Tragurio
1018 957 1223 1021 devoti
1275 957 1465 1021 nostri
1512 957 1763 1021 dominii
1815 957 1900 1019 sit
1956 958 2239 1038 captivus
2316 955 2380 1018 in
2457 955 2745 1019 manibus
2808 953 3221 1028 Turcorum,
3281 953 3354 1014 et

551 1065 659 1129 pro
706 1047 838 1109 eius
883 1028 1306 1125 'redemptione
1354 1048 1699 1127 opporteat
1750 1048 1819 1107 ut
1866 1045 1946 1108 ad
1989 1046 2196 1125 partes
2242 1044 2387 1107 illas
2434 1044 2826 1106 transmittat
2868 1041 3166 1105 ducatos
3228 1041 3357 1101 du·

550 1134 760 1198 centos
808 1134 978 1207 auri;
1029 1134 1198 1196 vadit
1246 1152 1404 1213 parS,
1454 1131 1615 1215 quod
1663 1131 1894 1195 nobilis
1945 1134 2039 1195 vir
2087 1151 2183 1195 ser
2229 1130 2525 1195 Nicolaus
2573 1129 2813 1195 Victuri
2864 1128 3027 1192 civis
3100 1128 3358 1191 noster

549 1220 748 1304 possit
826 1222 1074 1283 mittere
1144 1222 1424 1284 contatos
1503 1218 1599 1283 vel
1679 1238 1784 1298 per
1861 1220 2195 1297 cambium,
2296 1222 2369 1282 ut
2434 1219 2553 1282 sibi
2658 1216 2995 1291 videbitur,
3096 1215 3350 1278 dictos

546 1310 809 1372 ducatos
851 1307 1149 1371 ducentos
1196 1326 1339 1371 cum
1390 1306 1645 1371 navibus
1708 1306 1893 1369 ituris
1940 1309 2014 1370 ad
2066 1307 2208 1370 illas
2259 1309 2467 1389 partes
2533 1305 2778 1369 nomine
2839 1303 3129 1386 predicti
3224 1321 3348 1366 ser

556 1396 718 1460 Luce
761 1396 837 1459 de
887 1395 1189 1471 Michazo,
1238 1392 1530 1459 solvendo
1578 1393 1882 1458 nabulum
1930 1397 2315 1459 consuetum

641 1504 822 1563 Misti
873 1503 1113 1562 XLIV.
1164 1505 1267 1579 90,
1313 1520 1356 1562 u
1401 1504 1559 1563 mlet.
1607 1502 1845 1561 arkivu.

979 1779 1467 1861 anxm.
1526 1778 1753 1862 1399.
1807 1779 1904 1862 21
1956 1779 2327 1881 travnja,
2382 1801 2441 1860 u
2486 1779 2883 1861 Mleterh.

559 1926 830 1994 Ruscino,
869 1924 949 1982 da
994 1940 1055 1982 se
1090 1929 1341 1995 povrate
1386 1930 1648 1983 sinovom
1704 1925 1846 1996 polo.
1922 1923 2092 1982 Vulva
2151 1922 2548 1987 Brankovica
2595 1924 2769 1996 nJeke
2829 1918 3326 1995 drayocienosti‚

554 2011 956 2087 pripadqjuee
1000 2013 1176 2070 sestri
1236 2012 1493 2084 Vukovoj
1539 2030 1578 2070 a
1620 2013 1753 2071 zeni
1801 2010 2053 2086 Gjoryja
2103 2010 2328 2084 Topije‚
2375 2012 2488 2070 ako
2529 2027 2592 2069 se
2637 2009 2873 2080 dokaie,
2923 2011 3008 2069 da
3053 2027 3143 2068 na
3176 2009 3333 2083 njih

1700 2100 1893 2172 imqju
1947 2116 2154 2172 pravo.

785 2202 966 2266 1399.
1042 2202 1141 2266 die
1213 2201 1367 2266 XXI
1438 2201 1668 2265 mensis
1714 2201 1952 2285 aprilis,
2019 2198 2132 2266 Ser
2177 2200 2401 2265 Petrus
2451 2196 2720 2265 Civrano
2768 2203 2831 2264 et
2878 2218 2980 2264 ser
3027 2200 3320 2267 Jacobus

542 2290 929 2366 -Tervisano,
975 2289 1337 2354 consiliarii.
1388 2287 1616 2372 Capta:
1662 2308 1801 2353 cum
1852 2289 2008 2353 alias
2056 2289 2475 2371 comparuerit
2520 2307 2725 2353 coram
2772 2293 2986 2352 nostro
3020 2287 3312 2353 dominio

564 2379 817 2460 quidam
865 2378 1118 2455 nuntius
1180 2376 1507 2459 ‘magnifici
1586 2377 1820 2440 domini
1867 2375 2086 2441 Volchi
2148 2375 2224 2440 de
2274 2375 2575 2457 Brancho,
2623 2395 2848 2459 rogans
2897 2394 3008 2440 nos
3058 2377 3307 2439 instan-

564 2467 830 2543 tissime,
877 2466 948 2528 ut
994 2465 1169 2527 nobis
1214 2464 1489 2546 placeret
1534 2464 1624 2527 eis
1676 2464 1875 2528 facere
1919 2462 2272 2547 consignari
2319 2483 2418 2528 res
2465 2466 2795 2528 existentes
2870 2464 2934 2527 in
3006 2464 3306 2528 manibus

569 2552 895 2618 castellani
941 2552 1133 2615 nostri
1183 2551 1497 2629 Durachii,
1548 2570 1667 2634 que
1713 2552 1962 2615 fuerant
2001 2550 2142 2615 date
2173 2551 2480 2634 quondam
2516 2550 2761 2615 domino
2794 2550 3063 2635 Georgio
3111 2551 3306 2633 Topie

568 2660 679 2725 pro
725 2641 864 2704 dote
914 2640 1142 2704 sororis
1167 2658 1294 2718 sue,
1337 2641 1401 2703 et
1445 2639 1750 2722 scriptum
1798 2638 1988 2704 fuerit
2013 2639 2219 2703 baiulo
2266 2654 2330 2703 et
2360 2640 2680 2722 capitaneo
2727 2640 2941 2704 nostro
2978 2639 3304 2714 Durachii,

572 2729 731 2811 quod
784 2745 1105 2809 procurare
1148 2726 1403 2792 deberet
1445 2745 1587 2791 cum
1633 2727 1801 2792 dicto
1875 2726 2122 2793 domino
2185 2727 2441 2806 Volch0,
2503 2730 2660 2809 quod
2725 2729 2892 2791 esset
2945 2730 3298 2801 contentu&

572 2815 736 2897 quod
784 2814 1008 2879 itinera
1058 2817 1379 2879 currerent
1420 2817 1485 2879 et
1530 2816 1772 2880 starent
1816 2815 2048 2897 aperta,
2097 2819 2161 2879 et
2208 2813 2367 2898 quod
2401 2815 2564 2878 cives
2594 2816 2659 2879 et
2690 2816 3072 2880 mercatores
3107 2814 3304 2878 nostri

576 2906 1004 2967 tractarentur
1051 2903 1110 2965 iu
1156 2902 1338 2966 terris
1386 2904 1450 2966 et
1523 2902 1674 2967 locis
1752 2905 1883 2967 suis
1933 2901 2197 2967 dulciter
2241 2904 2306 2966 et
2352 2903 2633 2985 benigne,
2693 2905 2756 2967 et
2802 2904 2854 2966 si
2901 2902 2994 2966 sio
3040 2901 3296 2976 faceret,

570 2990 824 3055 deberet
871 3007 1157 3054 coronam
1206 3007 1394 3054 unam
1438 2990 1570 3054 auri
1617 2992 1681 3054 et
1713 2990 1880 3071 paria
1926 2993 2189 3071 quatuor
2235 2990 2609 3054 zerzelorum
2655 2989 2991 3073 perlatum,
3026 2991 3299 3054 existen-

574 3078 731 3141 tium
782 3076 939 3158 apud
1006 3077 1418 3141 castellanum
1491 3076 1809 3156 Durachii,
1868 3078 2220 3160 consignari
2297 3076 2497 3143 facere
2563 3079 2656 3142 illi
2720 3096 2998 3159 persone,
3076 3077 3177 3140 cui
3229 3077 3305 3139 de

576 3167 708 3230 iure
755 3165 1104 3246 spectarent
1149 3167 1267 3228 etc.
1312 3164 1395 3228 Et
1444 3165 1623 3228 modo
1676 3184 1869 3248 nuper
1913 3168 2273 3246 compareat
2316 3165 2395 3229 ad
2420 3165 2794 3248 presentiam
2832 3167 3108 3229 nostram
3143 3183 3308 3227 unus

575 3253 931 3335 procurator
1004 3252 1272 3316 filiorum
1354 3251 1503 3315 dicti
1580 3254 1885 3335 quondam
1966 3252 2199 3317 domini
2252 3252 2472 3317 Volchi
2533 3272 2674 3316 oum
2725 3252 2953 3316 litteris
3001 3252 3151 3322 suis,
3198 3269 3310 3333 per

575 3358 727 3422 quae
752 3358 860 3403 nos
878 3339 1181 3403 instanter
1206 3341 1445 3420 rogant,
1464 3341 1533 3402 ut
1557 3340 1887 3422 dignemur
1911 3341 2140 3403 dicta-m
2163 3358 2449 3404 coronam
2474 3340 2609 3403 auri
2634 3340 2699 3402 et
2722 3340 3017 3404 zerzellos
3042 3339 3131 3402 eis
3163 3356 3306 3401 oon·

576 3426 822 3507 signare
847 3425 1087 3503 debere,
1116 3444 1255 3490 oum
1282 3426 1398 3489 sibi
1425 3428 1498 3490 de
1525 3427 1653 3491 iure
1678 3431 1980 3510 spectant,
2008 3429 2071 3490 et
2100 3427 2331 3491 iustum
2375 3428 2480 3503 sit,
2516 3429 2844 3509 postquam
2869 3426 3035 3491 dicte
3059 3445 3160 3490 res
3185 3444 3311 3489 non

583 3514 866 3595 spectant
908 3518 1112 3577 nostro
1147 3513 1433 3589 dominio,
1468 3513 1666 3578 facere
1703 3532 1807 3578 eas
1841 3514 2007 3592 dare,
2051 3514 2272 3596 quibus
2301 3516 2590 3597 spectant
2623 3515 2697 3578 de
2724 3515 2890 3589 iure;
2936 3513 3109 3577 vadit
3148 3532 3318 3594 parS,

578 3598 741 3680 quod
768 3600 1076 3664 scribatur
1122 3600 1326 3664 baiulo
1372 3601 1436 3664 et
1456 3601 1774 3682 capitaneo
1801 3604 2011 3666 nostro
2041 3602 2352 3678 Duraehii,
2381 3601 2648 3683 qualiter
2679 3602 3024 3682 comparuit
3055 3600 3133 3663 ad
3168 3618 3316 3664 nos-

578 3689 741 3750 tram
776 3688 1148 3769 presentiam
1180 3687 1434 3769 quidam
1469 3689 1720 3753 nuntius
1757 3690 2024 3753 filiorum
2060 3688 2364 3770 quondam
2390 3688 2624 3752 domini
2658 3688 2870 3752 Volchi
2897 3687 2972 3751 de
3001 3687 3313 3758 Brancho,

577 3792 799 3853 rogans
847 3794 978 3848 nos,
1026 3778 1097 3838 ut
1143 3775 1470 3856 dignemur
1517 3776 1605 3839 eis
1651 3777 2003 3860 consignari
2055 3775 2255 3840 facere
2303 3796 2586 3841 coronam
2637 3794 2822 3839 unam
2872 3774 3006 3838 auri
3042 3777 3108 3838 et
3138 3775 3321 3856 paria

579 3864 843 3942 quatuor
888 3862 1283 3926 zerzellorum
1336 3862 1666 3943 perlarum,
1716 3865 1781 3927 et
1828 3865 2154 3927 mandetur
2216 3866 2412 3928 eidem
2481 3863 2848 3927 auctoritate
2913 3862 3096 3925 istius
3166 3879 3318 3925 con-

579 3947 724 4028 silii,
773 3951 930 4032 quod
977 3950 1037 4012 iu
1086 3968 1231 4013 casu
1265 3968 1382 4030 quo
1429 3949 1503 4013 ad
1551 3953 1924 4032 presentiam
1989 3969 2168 4014 suam
2235 3951 2594 4033 compareat
2656 3948 2885 4031 aliquis
2951 3952 3320 4030 procurator

580 4035 845 4100 filiorum
896 4037 1299 4118 suprascripti
1347 4039 1646 4121 quondam
1714 4039 1942 4102 domini
2007 4038 2229 4101 Volchi
2290 4057 2434 4103 cum
2484 4035 2898 4117 procuratorio
2940 4036 3319 4107 sufficiente,

578 4122 801 4188 debeat
848 4125 1051 4186 videre
1097 4128 1159 4185 et
1211 4125 1562 4187 examinare
1609 4126 1940 4207 diligenter
1982 4126 2122 4187 iura
2168 4143 2299 4200 sua,
2352 4127 2413 4190 et
2451 4126 2505 4187 si
2553 4143 2662 4205 per
2709 4142 2805 4201 ea,
2853 4142 2968 4205 que
3033 4122 3320 4194 habebit,

583 4209 820 4277 videbit
864 4213 927 4273 et
970 4215 1318 4292 cognoscet,
1367 4212 1595 4275 dictam
1640 4230 1925 4276 coronam
1977 4214 2041 4277 et
2088 4212 2382 4277 zerzellos
2424 4212 2503 4275 de
2538 4212 2672 4275 iure
2719 4213 2807 4274 eis
2856 4213 3160 4291 spectare,
3212 4210 3320 4273 de-

581 4298 723 4360 beat
772 4297 945 4360 illam
995 4301 1059 4361 et
1104 4299 1246 4362 illas
1296 4298 1412 4361 sibi
1464 4299 1610 4362 dare
1658 4303 1721 4363 et
1763 4299 2154 4382 consignare,
2227 4301 2292 4362 et
2358 4302 2419 4363 in
2492 4300 2600 4363 hoc
2651 4316 2800 4362 casu
2848 4300 3140 4380 procuret
3188 4301 3325 4361 toto

582 4403 758 4466 posse
805 4404 934 4460 suo,
984 4385 1141 4467 quod
1192 4385 1352 4448 idem
1395 4385 1625 4449 domini
1677 4388 2007 4452 observent
2053 4386 2428 4452 franchisias
2478 4390 2544 4449 et
2586 4386 2919 4450 libertates
2967 4383 3189 4448 solitas
3236 4387 3329 4448 ci-

584 4473 762 4534 vibus
796 4475 860 4534 et
909 4473 1353 4536 mercatoribus
1402 4473 1625 4536 nostris
1674 4475 1733 4536 in
1786 4474 1967 4538 terris
2000 4475 2063 4537 et
2108 4474 2259 4539 locis
2308 4476 2441 4538 suis
2490 4474 2902 4538 existentibus
2940 4476 3005 4536 et
3049 4475 3322 4537 circum-

579 4559 925 4632 stantibus3
969 4579 1063 4639 qu
1053 4559 1207 4621 mdo
1256 4579 1396 4623 vero
1442 4561 1697 4624 haberet
1743 4565 1807 4624 et
1854 4565 2275 4644 cognosceret,
2327 4562 2649 4643 predictas
2703 4581 2799 4626 res
2847 4561 2940 4623 eis
2983 4579 3100 4624 non
3150 4578 3328 4642 spec-

580 4648 734 4794 tare,
743 4646 1017 4794 tdebeat
1050 4646 1192 4797 111166
1241 4648 1329 4710 sic
1372 4650 1718 4714 conservari
1764 4647 1985 4727 facere,
2063 4652 2133 4711 et
2213 4647 2404 4713 nobis
2456 4648 2750 4728 scribere,
2803 4648 2946 4729 quid
2989 4655 3325 4727 sequutum

612 4749 735 4795 ueri
814 4751 1062 4817 superm
1111 4754 1143 4796 6
