3620 5282
526 381 653 448 196

464 635 470 646 1
518 557 647 623 ista
691 558 912 631 verba;
959 557 1129 622 vadit
1153 574 1314 638 pars,
1342 555 1498 639 quod
1525 555 1894 619 comittatur
1940 554 2167 619 nostris
2213 553 2733 630 ambaxatoribuS‚
2781 552 2942 635 quod
2990 552 3252 617 debeant

518 647 720 711 solum
768 664 841 710 ex
882 647 1059 727 parte
1123 663 1252 719 sua,
1320 649 1384 708 et
1445 643 1864 718 monstrando,
1926 642 2086 724 quod
2150 642 2429 707 scribant
2471 661 2507 706 a
2554 659 2619 705 se
2666 640 2836 722 ipsis,
2886 641 3248 722 respondere

515 734 811 836 predictis
858 733 1108 797 domino
1154 733 1436 813 episcopo
1471 729 1714 815 Segnie‚
1758 750 1979 813 magno
2013 730 2224 795 comiti
2272 731 2336 794 et
2380 730 2657 806 voivode‚
2707 727 2868 812 quod
2923 728 3251 811 applicatis

514 822 667 904 ipsis
710 821 774 885 in
821 822 1140 898 Venecia8‚
1189 819 1438 885 fuerunt
1474 821 1554 883 ad
1578 824 1969 900 conspectum
2020 820 2212 884 nostri
2259 817 2611 882 dominiiet
2635 820 3043 898 exposuerunt
3074 815 3248 880 nobis

514 912 701 975 verba
747 910 1026 992 predicta
1070 910 1159 973 eis
1209 907 1375 973 dicta
1423 926 1529 989 per
1555 925 1678 978 eos
1730 910 1794 970 et
1837 909 1994 990 quod
2054 905 2393 970 dominatio
2455 908 2667 969 nostra
2713 924 2785 969 ea
2830 905 3069 969 audivit
3112 904 3252 986 pla-

509 997 780 1062 cibiliter
822 1000 886 1062 et
933 998 1216 1079 benigne,
1265 1000 1329 1060 et
1374 995 1534 1078 quod
1586 1014 1690 1076 per
1738 1014 1828 1068 ea,
1879 1014 1997 1077 que
2064 997 2326 1077 possunt
2386 992 2846 1075 comprendere.
2897 993 3109 1075 posset
3155 994 3251 1055 te-

509 1086 641 1151 neri
689 1086 926 1163 modus,
977 1085 1082 1168 qui
1135 1088 1300 1150 esset
1336 1101 1526 1149 causa
1574 1083 1730 1147 bone
1781 1082 2194 1147 fraternitatis
2245 1082 2409 1145 inter
2471 1082 2704 1164 partes,
2754 1080 2884 1144 Alii
2933 1081 3007 1145 de
3052 1081 3246 1168 parte,

513 1173 590 1238 de
636 1191 758 1239 non
808 1173 913 1251 24,
962 1191 1083 1238 non
1130 1172 1356 1237 sinceri
1410 1172 1506 1236 ll.

597 1281 779 1342 misti
828 1280 1217 1341 XXXVIII.
1266 1277 1371 1350 26,
1413 1298 1457 1339 u
1499 1279 1656 1341 mlet.
1705 1279 1942 1340 arkivu.

761 1486 1296 1571 cchxxlx.
1351 1485 1559 1570 Gon.
1614 1485 1839 1570 1383,
1899 1484 1999 1569 23
2053 1485 2424 1587 svibnja„
2478 1507 2538 1566 u
2591 1485 2988 1567 Mletclh.

500 1634 770 1695 Iaabrcm
804 1633 1109 1708 poslanile,
1153 1633 1235 1692 da
1268 1631 1451 1706 podo‘e
1494 1649 1538 1690 ιι
1590 1629 1869 1707 Uqarsku
1909 1630 1936 1689 i
1977 1648 2020 1690 u
2066 1632 2181 1690 ime
2244 1630 2548 1704 republike
2586 1631 2775 1704 primi
2815 1631 3058 1706 prisequ
3104 1630 3248 1689 kra-

1522 1720 1655 1791 ljicc
1700 1737 1742 1777 ιι
1785 1718 1997 1778 smislu
2044 1720 2223 1780 mira.

717 1838 903 1905 1383.
951 1838 1286 1904 indictione
1317 1838 1426 1917 VI,
1475 1838 1576 1903 die
1624 1838 1843 1903 XXIII
1893 1840 2123 1904 mensis
2153 1840 2314 1904 maii.
2353 1838 2675 1921 Sapientes
2706 1839 2972 1905 consilii.
3008 1836 3243 1922 Capta:

499 1929 656 2014 quod
702 1948 813 2012 pro
877 1929 1231 2010 accipiendo
1298 1932 1756 1992 sacramentum
1822 1927 2082 2010 reginali
2147 1927 2466 1992 maiestati
2530 1927 2853 2012 Hungarie
2903 1929 3242 1993 secundum

500 2018 762 2082 formam
827 2017 1017 2099 pacis,
1084 2017 1245 2080 sicut
1305 2016 1631 2097 acceptum
1695 2015 1815 2078 fuit
1862 2035 1898 2079 a
1953 2018 2162 2080 nostro
2227 2016 2496 2080 dominio
2544 2015 2644 2080 hic
2692 2018 2753 2080 in
2813 2015 3097 2081 Veneciis
3137 2035 3246 2097 per

497 2104 689 2170 istum
755 2104 1069 2168 dominum
1132 2104 1490 2185 episcopum
1557 2103 1949 2186 Hungarum,
2014 2104 2075 2167 in
2145 2104 2302 2168 bona
2347 2104 2551 2186 gratia
2598 2121 2707 2185 pro
2755 2104 2921 2169 dicto
2965 2103 3131 2168 facto
3179 2106 3244 2168 et

498 2194 658 2272 aliia,
709 2193 873 2257 sicut
915 2190 1227 2262 videbitur
1268 2191 1375 2254 isti
1422 2191 1679 2256 consilio
1726 2191 2018 2274 elligatur
2093 2211 2253 2256 unus
2313 2192 2679 2256 ambaxator
2749 2192 3087 2275 solempnis
3136 2210 3246 2273 per
3320 2207 3329 2210 ⁴

504 2280 913 2362 scruptinium
962 2280 1025 2343 in
1095 2279 1208 2344 hoc
1268 2279 1544 2356 consilio,
1592 2280 1695 2361 qui
1769 2279 1964 2360 possit
2032 2281 2227 2363 achpi
2297 2279 2373 2344 de
2422 2279 2549 2343 illis
2597 2280 2771 2357 lociS,
2817 2298 2936 2363 que
2983 2285 3244 2362 possunt

498 2369 695 2451 accipi
741 2370 815 2432 ad
866 2369 1096 2431 testam
1145 2368 1522 2444 coronatam,
1571 2373 1636 2430 et
1683 2367 2046 2449 respondeat
2090 2366 2209 2445 die,
2248 2385 2367 2450 qua
2410 2366 2600 2432 fuerit
2654 2368 2920 2434 allectus
2966 2368 3066 2432 vel
3115 2367 3244 2431 alia

499 2457 578 2520 ad
626 2456 864 2530 tertias,
913 2459 977 2518 et
1023 2472 1142 2519 non
1190 2454 1391 2537 possit
1435 2454 1722 2519 reffutare
1774 2457 1891 2519 sub
1934 2474 2093 2538 pena
2141 2457 2508 2520 ducatorum
2571 2458 2845 2520 centum.
2887 2455 2969 2520 Et
3014 2454 3244 2520 debeat

494 2544 721 2609 habere
765 2545 1027 2625 quatuor
1072 2542 1456 2620 domicelloS‚
1506 2562 1698 2606 unum
1747 2544 2053 2607 notarium
2104 2562 2243 2607 cum
2292 2561 2413 2608 uno
2464 2544 2722 2622 famulo,
2767 2542 2915 2608 duos
2942 2543 3236 2627 ragati08‚

494 2653 682 2698 unum
733 2632 1198 2713 exponsatorem
1246 2632 1311 2695 et
1358 2650 1547 2696 unum
1598 2630 1878 2709 coebum,
1927 2634 1991 2696 et
2051 2632 2242 2714 possit
2288 2633 2621 2714 expendere
2670 2631 2731 2696 in
2782 2632 3068 2697 omnibus
3128 2651 3235 2696 ex-

493 2721 703 2822 pensis
750 2717 1319 2801 quomodocumque
1366 2720 1836 2783 occurrentibus
1870 2738 1978 2820 pro
2012 2739 2077 2783 se
2125 2725 2189 2784 et
2232 2719 2475 2784 familia
2520 2720 2796 2801 predicta
2842 2722 3097 2785 ducatos
3131 2739 3239 2784 sex

494 2812 558 2872 in
607 2808 724 2884 die,
789 2808 1060 2891 exceptis
1120 2808 1340 2890 scortis
1403 2809 1467 2871 et
1528 2806 1774 2870 nabulis
1824 2808 2231 2892 navigiorum.
2268 2807 2359 2872 De
2406 2808 2843 2872 commissione
2891 2827 3034 2874 vero
3079 2806 3236 2872 dicti

491 2897 929 2961 ambaxiatoris
976 2894 1402 2977 providebitur
1447 2898 1590 2958 ante
1638 2913 1819 2958 suum
1873 2913 2183 2960 recessum
2231 2896 2396 2960 sicut
2438 2895 2750 2959 videbitur
2798 2895 2903 2959 isti
2952 2896 3237 2960 consilio.

497 2983 589 3048 De
637 3001 754 3048 non
803 2982 863 3062 3,
915 3001 1032 3047 non
1077 2981 1300 3047 sinceri
1349 2983 1410 3046 2.

700 3070 949 3135 Electus
995 3072 1352 3134 ambaxator
1391 3070 1453 3134 in
1502 3070 1863 3153 Hungaria:
2527 3125 2555 3137 a

701 3157 812 3223 Ser
877 3159 1100 3222 Petrus
1169 3157 1508 3222 Iustiniano
1568 3160 1828 3222 condam
1892 3176 1991 3222 ser
2055 3157 2274 3234 Marci,
2338 3157 2683 3223 absolutus.
2752 3157 2864 3223 Ser
2933 3158 3234 3225 Nicolaus

489 3245 661 3311 Geno
711 3247 968 3310 condam
1040 3265 1138 3309 ser
1209 3246 1482 3328 Dragoni
1555 3263 1694 3310 cum
1761 3265 1936 3327 pena.
2004 3245 2116 3310 Ser
2186 3245 2431 3310 Marcus
2496 3245 2667 3312 Geno
2715 3247 3068 3313 advocator.
3120 3248 3236 3314 Ser

493 3334 807 3399 Johannes
861 3331 1228 3411 Contareno
1268 3336 1526 3398 condam
1585 3353 1684 3397 ser
1748 3333 2000 3398 Fantini
2054 3353 2137 3398 re.
2165 3353 2274 3416 pro
2323 3336 2519 3398 eundo
2567 3338 2742 3399 extra
2787 3336 2848 3401 5.
2899 3336 3069 3400 iunii.
3121 3334 3235 3400 Ser

500 3421 730 3485 Paulus
779 3422 1152 3485 Manroceno
1198 3422 1452 3486 condam
1503 3440 1602 3486 ser
1652 3420 1990 3486 Alexandri
2035 3441 2119 3485 re.
2152 3440 2256 3502 pro
2303 3425 2501 3487 eundo
2535 3425 2724 3487 extra.
2765 3423 2878 3489 Ser
2907 3422 3233 3489 Johannes

491 3510 863 3573 Mauroceno
903 3511 1157 3573 condam
1207 3509 1438 3573 domini
1490 3508 1680 3585 duciS‚
1709 3509 2045 3574 reffutavit.
2078 3512 2121 3591 †
2166 3508 2275 3574 Ser
2320 3508 2662 3574 Saracenus
2712 3510 3018 3577 Dandulo
3291 3525 3299 3532 ·

578 3616 759 3675 Mistz·
809 3613 1201 3678 XXXVIII.
1249 3618 1354 3694 37,
1402 3635 1446 3676 u
1485 3617 1639 3676 mlet.
1682 3619 1916 3677 arkivu.

810 3804 1305 3901 CCLXXX.
1359 3805 1566 3889 God.
1623 3805 1849 3888 1383.
1905 3808 2004 3888 16
2059 3806 2346 3909 lipnja
2396 3829 2457 3890 ιι
2515 3807 2909 3891 Mlctcih.

487 3950 784 4025 Akoprcm
823 3967 885 4009 sc
929 3950 1124 4010 rodilo
1169 3968 1202 4009 ο
1249 3968 1454 4025 mnoyo
1497 3951 1765 4024 'vainfflh
1817 3951 2110 4024 poslovih,
2156 3969 2190 4011 o
2247 3953 2407 4033 kojih
2475 3969 2538 4013 sc
2581 3954 2982 4028 razpravb'ati
3047 3956 3231 4017 imalo

478 4041 583 4113 pri
628 4039 946 4114 uyarskom
1014 4039 1218 4112 dvoru,
1280 4039 1599 4112 primzy'eno
1647 4040 1809 4112 ipah,
1857 4041 1935 4098 da
1982 4056 2044 4100 se
2103 4056 2179 4099 za
2225 4044 2282 4099 to
2344 4040 2550 4100 odrcdi
2593 4042 2618 4099 i
2662 4041 2915 4115 capram·
2945 4043 3141 4115 jedan
3190 4062 3232 4103 α

1538 4144 1611 4187 nc
1665 4123 1784 4187 dva
1821 4128 2168 4200 poslanika.

699 4246 887 4311 1383.
938 4246 1269 4311 indictione
1295 4245 1401 4322 VI,
1430 4247 1527 4311 die
1564 4247 1638 4310 16
1685 4248 1859 4311 iunii.
1913 4248 2022 4314 Ser
2070 4249 2430 4313 Dominicus
2479 4248 2750 4314 Michael
2784 4252 3027 4332 sapiens
3074 4269 3225 4317 con-

486 4333 633 4398 silii.
680 4333 837 4413 Quia
900 4336 1165 4418 negotia,
1228 4354 1336 4417 pro
1396 4336 1617 4417 quibus
1678 4335 1865 4400 debet
1914 4337 2075 4400 mitt·
2129 4338 2454 4401 ambaxata
2501 4337 2577 4400 ad
2628 4342 2831 4417 partes
2878 4339 3225 4423 Hungarie,

490 4422 637 4484 sunt
705 4441 933 4505 magna
979 4438 1043 4488 et
1106 4424 1316 4501 a1·‚dua
1366 4426 1432 4487 et
1477 4426 1745 4506 tangunt
1820 4425 2215 4488 vehementer
2286 4425 2579 4489 honorem
2627 4427 2691 4489 et
2736 4428 2970 4491 statum
3024 4430 3223 4493 nostri

484 4508 758 4586 dominii,
808 4510 953 4592 quia
1001 4529 1121 4575 non
1165 4511 1337 4575 vadit
1382 4512 1585 4576 solum
1632 4529 1740 4613 pro
1801 4511 2155 4615 accipiendo
2203 4514 2661 4576 sacramentum
2711 4515 3044 4578 secundum
3095 4516 3224 4579 for-

487 4612 651 4658 mam
701 4598 872 4678 pacis
917 4599 1021 4663 sed
1069 4617 1178 4681 pro
1234 4597 1373 4662 aliis
1442 4599 1685 4681 magnis
1755 4600 2050 4682 negocii8‚
2122 4600 2520 4682 tangentibus
2590 4602 2826 4666 statum
2896 4605 3219 4679 nostrum:

483 4680 656 4744 vadit
700 4700 861 4764 pam,
905 4684 1066 4769 quod
1109 4687 1269 4751 sicut
1314 4685 1442 4750 fieri
1492 4686 1677 4750 debet
1721 4706 1879 4751 unus
1912 4688 2293 4765 ambaxator‚
2333 4689 2420 4751 ita
2447 4688 2577 4752 fieri
2615 4689 2877 4754 debeant
2918 4689 3036 4753 duo
3084 4708 3223 4754 am-

481 4767 803 4833 baxatores
842 4789 984 4835 cum
1023 4772 1263 4837 familia
1311 4777 1374 4837 et
1417 4775 1697 4854 expensis
1730 4775 1792 4838 in
1840 4778 2064 4856 totum,
2113 4795 2253 4841 cum
2299 4775 2523 4856 quibus
2554 4773 2802 4842 fuerunt
2846 4796 2942 4843 ser
2988 4776 3225 4845 Paulus
