3620 5282
3013 375 3142 440 363

624 549 719 615 Ad
771 569 956 633 quam
1022 551 1285 633 primam
1332 552 1696 635 petitionem
1755 571 2109 635 responsum
2180 552 2299 617 fuit
2358 572 2463 635 per
2506 552 2781 617 dominos
2852 553 3138 630 VenetoS‚

417 639 575 719 quod
624 639 1173 718 contentabantur,
1223 640 1386 724 quod
1449 639 1877 723 Spalatenses‚
1940 640 2385 722 Tragurienses
2448 642 2512 704 et
2574 640 3023 705 Scardonenses
3070 658 3142 705 ac

416 724 827 791 Sibinicenses
869 726 948 791 ad
995 727 1336 792 dominium
1382 728 1620 792 domini
1666 729 1831 811 regis
1878 728 2208 795 deveniant
2252 727 2434 792 modo
2482 731 2546 793 et
2602 728 2801 792 forma
2849 727 2914 792 in
2966 728 3142 792 Hun-

414 813 585 895 garia
629 814 1038 893 raciocinatis,
1088 816 1193 879 sed
1238 813 1577 880 dominium
1624 813 1797 880 None
1843 815 2090 881 omnino
2135 815 2466 880 intendunt
2511 815 2778 880 retinere
2812 815 2992 879 modo
3039 816 3145 879 de-

414 900 700 966 clarando
747 902 811 966 in
854 902 1264 985 responsione,
1311 923 1429 986 que
1475 904 1772 986 sequitur.

626 1005 902 1072 Secundo
949 1008 1304 1088 petiverunt
1349 1009 1578 1073 domini
1627 1008 1932 1090 Hungari,
1981 1010 2154 1091 quod'
2184 1028 2294 1091 pro
2341 1008 2594 1076 civitate
2640 1008 2831 1074 Jadre
2879 1027 2951 1072 ac
3003 1009 3136 1072 toto

413 1093 534 1158 alio
581 1113 772 1177 regno
802 1095 1141 1172 Dalmacie‚
1190 1097 1350 1178 quod
1395 1097 1741 1179 possidetur
1784 1115 1894 1178 per
1939 1096 2216 1161 dominos
2263 1097 2554 1174 Venetos,
2599 1097 3145 1180 recognosceretur

418 1181 715 1263 possideri
765 1201 872 1264 per
919 1183 1235 1248 dominum
1283 1184 1501 1249 ducem
1549 1202 1586 1247 a
1633 1184 1880 1248 domino
1927 1202 2091 1266 rege,
2140 1184 2239 1248 cui
2286 1184 2349 1247 in
2399 1184 2647 1267 signum
2691 1183 3137 1266 recognitionis

418 1270 656 1333 certum
703 1270 862 1352 quod
909 1270 1161 1336 daretur
1200 1270 1462 1355 singulis
1487 1272 1665 1335 annis
1709 1271 1775 1334 in
1823 1273 1989 1335 certo
2017 1271 2168 1348 loco,
2211 1272 2275 1335 et
2319 1271 2480 1353 quod
2518 1271 2739 1336 civitas
2764 1270 2952 1336 Jadre
3001 1289 3143 1335 cum

416 1356 699 1422 omnibus
745 1357 964 1422 insulis
1011 1359 1076 1422 et
1119 1358 1508 1439 pertinentiis
1556 1359 2042 1440 reintegraretur
2102 1360 2178 1424 ad
2226 1361 2477 1436 statum,
2527 1358 2589 1423 in
2623 1377 2742 1441 quo
2790 1360 2925 1423 erat
2972 1360 3138 1423 tem·

416 1461 558 1525 pore
606 1445 775 1509 mote
822 1463 1062 1527 guerre.
1111 1445 1195 1509 Et
1226 1445 1385 1529 quod
1410 1447 1684 1512 castrum
1710 1447 2066 1511 edificatum
2114 1447 2174 1510 in
2201 1446 2454 1511 civitate
2478 1445 2668 1511 Jadre
2694 1447 3140 1511 destrueretur.

626 1548 726 1613 Ad
775 1551 933 1632 quod
979 1549 1101 1615 fuit
1146 1570 1524 1634 responsum,
1590 1550 1751 1633 quod
1817 1569 1924 1633 pro
1969 1548 2182 1627 Nona,
2231 1550 2424 1617 Jadra
2483 1554 2546 1616 et
2609 1552 2735 1615 alia
2799 1549 3145 1628 Dalmacia,

417 1636 480 1700 et
524 1654 635 1720 pro
684 1636 939 1716 iuribus,
988 1657 1104 1721 que
1151 1637 1436 1703 dominus
1482 1657 1587 1702 rex
1634 1638 1825 1703 habet
1868 1638 1931 1702 in
1977 1637 2150 1721 ipsiS,
2200 1640 2252 1702 si
2300 1658 2418 1721 qua
2464 1639 2671 1716 habet,
2722 1639 2881 1721 quod
2928 1639 3142 1702 tamen

419 1725 700 1788 dominus
749 1725 872 1789 dux
919 1743 1038 1789 non
1085 1725 1429 1803 confitetur,
1478 1727 1575 1790 est
1619 1729 1873 1808 paratus
1936 1725 2067 1808 ipse
2128 1726 2414 1790 dominus
2471 1728 2628 1805 dux,
2690 1726 2859 1789 sal'vo
2930 1727 3140 1789 tamen
3226 1763 3235 1771 ·

417 1811 550 1875 iure
596 1830 704 1875 suo
750 1831 823 1876 ac
858 1814 990 1877 sine
1037 1813 1410 1895 pregiudicio
1458 1814 1629 1890 iuris,
1679 1813 1840 1896 quod
1885 1814 2075 1878 habet
2120 1815 2184 1878 in
2231 1815 2403 1896 ipsiS,
2453 1813 2715 1897 singulis
2763 1813 2939 1877 annis
2987 1812 3135 1876 dare
3214 1882 3220 1889 ,

419 1897 481 1961 in
529 1899 643 1963 tali
680 1898 811 1964 loco
858 1903 922 1964 et
966 1902 1230 1966 termino
1276 1901 1523 1965 domino
1570 1901 1701 1982 regi
1750 1900 1876 1965 tale
1923 1902 2101 1983 quod.
2167 1901 2250 1964 Et
2296 1902 2369 1966 de
2434 1901 2572 1965 istis
2631 1899 3024 1982 intelligatur
3071 1899 3146 1963 de

416 1985 560 2057 hiis
608 2006 723 2069 que
772 1987 1078 2053 fuerunt
1060 2008 1123 2052 ιιι
1170 1988 1495 2072 Hungaria
1541 1988 1873 2053 declarata.
1938 1987 2506 2071 Reintegrationem
2555 2006 2796 2071 quoque
2856 1987 3140 2051 civitatis

417 2071 738 2138 Jadrensis
787 2094 927 2139 cum
975 2075 1201 2140 insulis
1243 2078 1308 2140 et
1353 2076 1742 2158 pertinentiis
1789 2076 1967 2154 aliie,
2034 2093 2154 2158 quo
2221 2076 2300 2139 ad
2362 2076 2572 2151 illam,
2643 2094 2758 2157 que
2822 2075 3146 2139 destructa

302 2220 309 2225 .
416 2160 544 2225 sint
578 2178 688 2243 per
731 2181 1038 2244 guerram,
1088 2163 1252 2228 solus
1284 2163 1434 2228 deus
1479 2162 1679 2228 facere
1704 2165 1929 2244 posset.
1979 2162 2270 2228 Castrum
2303 2166 2506 2227 autem
2534 2181 2653 2227 non
2698 2163 3142 2239 destrueretur,

418 2249 563 2330 quia
609 2253 773 2314 esset
818 2250 1199 2333 pregiudicio
1248 2250 1559 2327 civitatiS,
1624 2270 1741 2333 que
1803 2250 1880 2315 de
1943 2251 2257 2315 voluntate
2319 2250 2551 2315 domini
2620 2250 2784 2333 regis
2847 2251 2910 2313 et
2957 2250 3147 2314 etiam

419 2335 816 2401 Jadrensium
864 2338 1299 2421 presuponitur
1345 2340 1563 2404 debere
1610 2340 1770 2421 apud
1820 2337 2139 2403 dominum
2180 2338 2400 2403 ducem
2445 2356 2786 2403 remanere.

627 2441 845 2506 Tercio
894 2443 1249 2525 petiverunt
1293 2443 1610 2527 Hungari‚
1673 2445 1832 2526 quod
1895 2442 2059 2507 cives
2122 2443 2458 2508 Jadrenses
2525 2442 2891 2507 adherentes
2939 2442 3003 2505 et
3049 2459 3148 2505 se-

420 2546 642 2609 quaces
691 2530 924 2593 domini
970 2530 1154 2611 regie,
1204 2530 1279 2595 ad
1327 2531 1640 2596 civitatem
1690 2530 2059 2595 Jadrensem
2104 2531 2300 2596 libere
2346 2531 2983 2606 reintroducerentur,
3051 2547 3142 2593 re·
3209 2578 3214 2581 -

420 2616 630 2681 missis
677 2616 921 2682 iniuriis
971 2620 1036 2683 et
1081 2618 1255 2684 bonis
1302 2636 1516 2683 eorum
1559 2619 1888 2695 restituti8‚
1938 2618 2001 2682 et
2046 2636 2163 2701 que
2211 2618 2432 2684 civitas
2465 2620 2530 2684 et
2564 2619 2728 2683 cives
2755 2618 3147 2683 servarentur

420 2704 480 2766 in
525 2705 924 2769 libertatibus
973 2707 1037 2771 et
1079 2707 1280 2789 pactis
1329 2707 1512 2772 factis
1560 2708 1624 2772 et
1668 2706 1842 2770 initis
1887 2706 2051 2771 inter
2076 2706 2358 2771 dominos
2386 2707 2654 2772 Venetos
2701 2707 2766 2770 et
2810 2704 3145 2771 Jadrenses

418 2794 696 2875 tempore
746 2793 888 2857 bani
939 2794 1223 2859 Mladini.

630 2897 727 2961 Ad
776 2899 979 2963 istam
1011 2898 1265 2963 terciam
1312 2898 1674 2982 petitionem
1715 2915 2078 2980 responsum
2125 2896 2262 2974 fuit,
2313 2898 2474 2980 quod
2521 2896 2807 2961 dominus
2855 2896 2980 2961 dux
3011 2914 3146 2960 om-

416 3002 524 3047 nes
570 2984 904 3050 Jadrenses
950 2986 1180 3051 intrare
1226 2987 1290 3050 et
1335 2987 1565 3051 ibidem
1612 2985 1893 3050 habitare
1955 2986 2018 3048 in
2062 2988 2465 3067 perpetuum,
2535 2984 2822 3068 ipsosque
2889 2982 3149 3065 recipiet

418 3071 494 3135 ad
541 3073 810 3154 gratiam
859 3075 923 3137 et
968 3092 1239 3139 amorem
1288 3093 1488 3152 suum,
1557 3092 1630 3138 ac
1675 3074 1765 3138 eis
1830 3074 2117 3138 restituet
2184 3074 2343 3142 bona
2405 3073 2470 3136 et
2515 3073 2930 3155 possessiones
2978 3089 3147 3148 suae,

417 3177 517 3223 eos
564 3159 861 3225 tractabit
902 3162 1169 3225 dulciter
1215 3163 1280 3225 et
1339 3162 1600 3244 benigne
1663 3163 1824 3225 sicut
1884 3159 2036 3224 facit
2095 3159 2248 3225 alios
2305 3161 2470 3224 cives
2539 3179 2719 3237 suoS,
2785 3159 3144 3224 iurantibus

417 3245 567 3327 ipsis
616 3248 985 3313 fidelitatem
1033 3249 1277 3313 domino
1322 3249 1463 3313 duci
1511 3253 1576 3314 et
1617 3249 2151 3330 perseverantibus
2197 3249 2259 3311 in
2307 3246 2627 3326 fidelitate,
2677 3249 2741 3312 et
2786 3266 2999 3311 omnes
3051 3247 3149 3311 in-

419 3333 572 3399 iurie
621 3337 684 3399 et
729 3335 954 3400 offense
996 3337 1085 3399 eis
1131 3337 1566 3413 remittentur,
1633 3340 1694 3400 et
1755 3336 2109 3414 libertates,
2171 3335 2237 3400 in
2295 3335 2518 3418 quibus
2579 3335 2920 3401 declarabit
2987 3334 3151 3441 cives

414 3422 710 3502 prefatos,
759 3423 1221 3488 declarabiliter
1267 3423 1330 3487 in
1375 3424 1498 3489 alia
1547 3424 1777 3488 cedula.

623 3525 857 3606 Quarto
905 3528 1275 3610 petiverunt,
1323 3530 1480 3611 quod
1528 3528 1813 3593 dominus
1840 3529 1960 3592 dux
2006 3527 2133 3592 suis
2173 3528 2451 3609 expensis
2499 3529 2677 3593 daret
2723 3529 2843 3592 duo
2891 3544 3143 3609 corpora

411 3613 730 3695 galearum
778 3615 1025 3680 domino
1064 3615 1196 3698 regi
1232 3635 1342 3698 per
1384 3636 1574 3680 unum
1624 3634 1853 3680 annum
1914 3615 1974 3679 in
2039 3633 2299 3699 guerra,
2372 3634 2556 3698 quam
2618 3616 2819 3680 facere
2869 3614 3139 3679 intendit

415 3701 698 3767 dominus
745 3722 850 3767 rex
895 3705 1109 3767 eontra
1164 3702 1514 3768 sismaticos
1561 3703 1773 3767 Raxie.

621 3789 717 3854 Ad
766 3791 954 3854 istam
1001 3794 1283 3873 quartam
1334 3790 1697 3871 petitionem
1743 3808 2105 3872 lesponsum
2151 3788 2286 3867 fuit,
2338 3790 2500 3872 quod
2546 3790 2602 3854 si
2647 3790 2989 3872 contingat,
3038 3787 3147 3851 do-

410 3875 647 3941 minum
694 3896 905 3961 regem
952 3878 1274 3961 Hungarie
1321 3878 1410 3942 ire
1458 3879 1673 3942 contra
1719 3895 1929 3960 regem
1979 3877 2169 3942 Raxie
2217 3896 2360 3942 cum
2408 3895 2620 3955 cruce,
2686 3876 2973 3941 dominus
3020 3875 3143 3939 dux

414 3963 534 4027 sibi
580 3964 757 4028 dabit
804 3983 1053 4048 corpora
1093 3965 1411 4048 galearum
1454 3984 1592 4029 cum
1626 3965 1858 4031 coredis
1891 3965 2020 4030 suis
2061 3967 2125 4029 et
2171 3963 2313 4029 aliis
2361 3963 2760 4043 fulcimentiS,
2805 3965 2871 4028 et
2916 3962 3151 4044 stipen-

411 4049 579 4114 dium
631 4070 741 4134 pro
787 4054 1084 4117 armando
1131 4054 1298 4135 ipsas
1345 4071 1454 4135 pro
1502 4072 1604 4117 sex
1650 4053 1992 4118 mensibus,

480 4225 493 4238 .
616 4137 844 4218 Quinto
890 4142 1248 4223 petiverunt
1291 4142 1543 4204 centum
1606 4140 1780 4204 milia
1843 4139 2104 4205 florenos
2165 4158 2273 4222 pro
2319 4139 2603 4222 expensis
2650 4136 2831 4203 factis
2886 4154 2995 4220 per
3036 4135 3148 4201 do-

408 4243 648 4289 minum
688 4245 917 4307 regem.

614 4313 710 4379 Ad
760 4315 951 4379 istam
998 4316 1277 4396 quintam
1325 4314 1689 4399 petitionem
1736 4315 1858 4380 fuit
1903 4333 2286 4397 responsum,
2354 4316 2515 4396 quod
2558 4312 2808 4377 domino
2855 4309 2988 4396 regi
3034 4311 3145 4376 XL

404 4399 579 4465 milia
622 4401 878 4467 florenos
926 4402 1095 4467 infra
1140 4402 1334 4467 talem
1380 4401 1717 4467 terminum
1760 4402 1948 4467 faciet
1995 4402 2277 4466 dominus
2320 4400 2443 4466 dux
2498 4400 2819 4484 assignare
2866 4401 3144 4483 integra-

402 4486 547 4552 liter
593 4489 656 4553 et
710 4491 997 4572 perfecte.

604 4575 790 4642 Sexto
844 4577 1198 4660 petiverunt
1253 4597 1365 4662 per
1412 4577 1735 4643 dominum
1762 4577 1982 4642 ducem
2028 4577 2163 4640 dari
2189 4577 2248 4640 X
2273 4574 2508 4659 galleas
2535 4594 2642 4658 per
2685 4593 2878 4639 unum
2911 4592 3142 4638 annum

401 4663 524 4728 suis
575 4664 858 4745 expensis
906 4665 1157 4729 domino
1214 4666 1366 4750 regi,
1432 4664 1488 4730 si
1533 4684 1671 4730 eum
1721 4663 2046 4746 contingat
2101 4663 2451 4746 sepulcrum
2514 4661 2896 4726 dominicum
2944 4678 3134 4724 manu

405 4752 647 4816 armata
694 4752 853 4818 velle
900 4751 1176 4818 visitare.
1499 4788 1505 4794 -
