3620 5282
2965 324 3093 391 301

1153 498 1734 583 CCCCXLIII.
1813 497 2018 580 God.
2076 497 2304 582 1356.

373 621 753 695 Namestnik
788 624 1130 697 patrijarhe
1167 625 1503 698 yradskoya
1548 624 1857 696 izviesbuje
1902 641 1934 683 ο
1978 624 2281 683 razmirici
2304 622 2612 695 obstojoeoj
2658 623 2855 695 medju
2896 625 3093 684 biska-

361 726 500 782 pom
532 712 818 769 osorskim
862 714 888 770 i
932 715 1161 785 opatom
1194 729 1277 771 ευ.
1309 712 1488 771 Petra
1514 730 1555 770 u
1587 710 1777 771 Osoru
1796 712 1963 786 ylede
1978 711 2228 785 posjeda
2256 710 2457 782 m‘ekih
2480 710 2814 784 ondjesnjih
2839 716 3092 773 ostrow.

575 831 948 914 Exemplum
996 833 1316 897 cuiusdam
1378 833 1589 897 littere
1653 833 1844 897 misse
1897 831 2100 896 ducali
2164 830 2569 894 dominationi
2623 851 2730 913 per
2776 831 3092 897 dominum

368 917 768 983 Franciscum
796 920 991 996 Bono,
1034 920 1346 985 doctorem
1394 920 1784 985 decretorum
1830 923 1894 984 et
1945 918 2242 983 vicarium
2270 918 2501 983 domini
2551 918 2899 1001 patriarche
2931 919 3090 984 Gra·

363 1005 591 1082 densiS,
637 1026 824 1089 super
870 1008 1035 1072 facto
1084 1008 1404 1072 reverendi
1450 1008 1648 1091 patris
1696 1007 1930 1071 domini
1964 1007 2197 1071 Mathei
2233 1006 2502 1088 episcopi
2537 1007 2905 1071 Absarensis
2939 1027 3088 1090 que-

364 1094 582 1158 stionis
623 1095 920 1160 vertentis
965 1097 1132 1160 inter
1177 1096 1382 1178 ipsum
1429 1099 1494 1160 et
1540 1096 1831 1160 abbatem
1878 1095 2078 1159 sancti
2112 1095 2278 1158 Petri
2325 1093 2401 1157 de
2447 1094 2706 1170 Absero,
2756 1095 2873 1159 sibi
2921 1114 3090 1160 com-

370 1181 559 1245 misse
605 1200 716 1263 per
760 1184 911 1248 olim
960 1184 1113 1248 bone
1161 1184 1458 1248 memorie
1504 1184 1824 1248 dominum
1871 1183 2177 1248 Joannem
2223 1181 2574 1246 Gradonico
2627 1182 2915 1247 inclitum
2964 1183 3088 1248 Ve-

365 1270 672 1333 netiarum
724 1272 939 1335 ducem
989 1281 1054 1335 et
1098 1272 1230 1336 eius
1277 1270 1622 1336 consilium.

575 1357 905 1440 Magnifice
949 1359 1193 1424 domine
1242 1360 1347 1423 mi.
1398 1360 1565 1423 Bone
1613 1359 1906 1423 memorie
1974 1357 2219 1423 domino
2264 1357 2512 1423 Joanne
2558 1356 2905 1424 Gradonico
2951 1378 3087 1441 pre-

364 1443 683 1509 decessore
731 1448 937 1510 vestro
982 1448 1044 1509 in
1094 1448 1382 1511 humanis
1429 1450 1668 1529 agente,
1718 1447 1840 1511 fuit
1885 1466 1989 1529 per
2055 1465 2196 1509 eum
2244 1446 2506 1529 querele
2558 1445 2877 1510 cuiusdam
2925 1448 3087 1513 facte

364 1551 472 1614 per
518 1533 932 1597 venerabilem
981 1536 1221 1617 patrem
1271 1536 1585 1599 dominum
1635 1534 1962 1599 Matheum
2010 1534 2369 1615 episcopum
2417 1534 2831 1597 Absarensem
2878 1553 3084 1599 coram

364 1637 434 1684 eo
480 1622 917 1698 examinatum,
966 1622 1122 1686 mihi
1170 1623 1520 1699 commissa,
1572 1623 1746 1686 cuius
1821 1621 2179 1686 relationem
2245 1619 2445 1684 facere
2494 1639 2610 1684 non
2658 1623 2828 1702 potui
2878 1640 3117 1688 coram·

368 1724 457 1783 ρο,
508 1709 655 1789 quia
705 1711 902 1773 morte
949 1711 1281 1792 preventus
1329 1710 1466 1786 fuit,
1515 1714 1577 1773 et
1627 1728 1818 1791 usque
1868 1728 2028 1773 nunc
2076 1711 2350 1772 vestram
2416 1708 2897 1773 dominationem
2942 1729 3086 1793 cog-

364 1794 509 1859 novi
554 1795 842 1859 maximis
890 1801 1257 1880 occupatum
1297 1798 1579 1879 negotiis,
1623 1801 1686 1861 et
1733 1799 1793 1861 in
1844 1796 1964 1860 hiis
2013 1813 2307 1877 occupare
2355 1796 2501 1877 plus
2549 1796 2736 1872 nolui,
2794 1799 2898 1861 sed
2946 1816 3086 1881 pro-

362 1884 499 1964 pter
548 1901 752 1947 meum
799 1902 1165 1986 reccessum,
1214 1885 1374 1968 quod
1415 1888 1700 1949 oretenus
1748 1883 1947 1949 facere
1996 1901 2258 1965 neque0,
2326 1882 2488 1947 facio
2535 1902 2643 1964 per
2688 1884 3080 1965 scripturffam

364 1966 629 2047 Querela
674 1969 791 2034 fuit
838 1973 1123 2053 episcopi,
1173 1972 1332 2054 quod
1378 1991 1519 2036 cum
1568 1974 1829 2054 quedam
1874 1972 2072 2035 insule
2105 1968 2446 2049 Quarnerii,
2495 1972 2555 2034 in
2600 1971 2822 2053 quibus
2848 1971 3083 2037 ducalis

361 2056 698 2122 dominatio
745 2060 839 2122 ius
887 2062 1247 2141 patronatus
1296 2060 1501 2136 habet,
1550 2060 1929 2142 pertinerent
1961 2060 2033 2122 ad
2083 2060 2520 2141 episcopatum
2555 2060 2984 2137 Abserensem,
3021 2064 3084 2124 et

361 2144 611 2226 pacifice
658 2146 1033 2229 possedisset
1076 2165 1266 2230 usque
1314 2165 1505 2212 annos
1553 2148 1728 2230 quasi
1773 2150 2107 2229 presenteS‚
2162 2146 2450 2211 videlicet
2527 2147 2758 2210 insules
2823 2146 2960 2231 Hye
3022 2150 3087 2212 et

363 2231 549 2310 Male,
598 2233 792 2297 abbas
842 2235 1037 2299 sancti
1084 2234 1254 2298 Petri
1299 2237 1371 2299 de
1419 2235 1657 2300 Absero
1706 2253 1915 2298 earum
1950 2236 2188 2317 partem
2218 2235 2556 2315 usurpabat
2586 2235 2663 2297 ab
2696 2236 2874 2298 annis
2909 2236 3082 2317 quasi

363 2319 625 2401 quinque
672 2322 832 2384 citra
876 2322 1149 2387 indebite
1196 2324 1260 2386 et
1303 2323 1570 2396 iniuste;
1617 2341 1803 2404 quare
1853 2323 2106 2404 petebat
2151 2341 2187 2385 a
2234 2321 2438 2385 ducali
2501 2322 2789 2401 domini0,
2841 2322 3078 2387 dictum

361 2407 650 2471 abbatem
702 2408 990 2491 compelli
1038 2411 1114 2474 ad
1162 2411 1617 2475 restitutionem
1665 2428 1899 2488 eorum,
1949 2429 2063 2492 que
2106 2409 2375 2473 indebite
2421 2409 2809 2492 possedebat.
2878 2411 3081 2475 Parti-

362 2494 477 2557 bus
519 2495 710 2579 igitur
755 2514 963 2561 coram
1010 2517 1108 2561 me
1156 2498 1529 2575 constitutis,
1583 2497 1870 2562 videlicet
1893 2500 2178 2580 episcopo
2215 2500 2279 2561 et
2325 2497 2586 2575 abbate,
2634 2496 2830 2579 primo
2877 2499 3082 2563 videre

365 2582 550 2660 volui,
599 2602 717 2666 quo
763 2583 895 2649 iure
932 2584 1190 2650 istarum
1236 2586 1579 2666 insularum
1627 2584 1971 2650 dominium
2027 2586 2379 2668 pertinebat
2440 2584 2519 2649 ad
2570 2586 2920 2668 episcopum
2971 2587 3082 2650 ab·

361 2689 692 2750 semesam,
745 2671 849 2753 qui
890 2674 1177 2755 produxit
1220 2673 1485 2756 quedam
1532 2674 1964 2752 iustrumenta,
2013 2692 2121 2754 per
2166 2692 2282 2755 que
2330 2673 2705 2737 sufficienter
2767 2676 3072 2756 probavit,

361 2758 758 2822 medietatem
801 2760 1001 2824 insule
1046 2761 1184 2844 Hye
1228 2762 1307 2826 ad
1351 2763 1769 2844 episcopatum
1830 2762 2167 2842 pertinere,
2236 2763 2299 2824 et
2344 2760 2432 2824 ita
2476 2759 2596 2823 fuit
2649 2764 2962 2825 contessus
3013 2781 3077 2827 se

360 2847 671 2928 possidere
719 2847 793 2910 de
841 2850 1146 2928 presenti;
1194 2848 1271 2913 de
1313 2849 1438 2913 alia
1485 2849 1820 2914 medietate
1868 2847 2101 2926 insule,
2165 2866 2348 2928 quam
2397 2849 2648 2929 petebat
2693 2868 2801 2930 per
2842 2848 3080 2913 instru-

365 2944 575 2997 menta
622 2934 919 3016 producta
964 2955 1073 3018 per
1118 2954 1279 3015 eum,
1331 2956 1447 3001 non
1509 2937 1793 3019 probavit
1854 2935 2106 3017 plenum
2173 2936 2543 3008 dominium3
2610 2938 2802 2999 abbas
2867 2938 3077 3001 autem

362 3021 650 3102 produxit
691 3022 956 3104 quodam
1005 3025 1488 3088 instrumentum
1537 3025 1598 3088 in
1646 3024 1909 3088 formam
1955 3022 2280 3105 privilegii,
2339 3022 2397 3085 in
2447 3040 2566 3105 quo
2627 3023 3079 3103 continebatur,
3153 3099 3164 3108 ,

361 3108 630 3190 qualiter
678 3113 956 3193 tempore
999 3111 1201 3175 Alexii
1249 3113 1639 3194 imperatoris
1686 3113 1987 3175 existente
2052 3111 2180 3175 eius
2245 3109 2372 3173 filio
2428 3108 2790 3174 Cressimiro
2839 3110 3082 3178 Croatie
3155 3171 3164 3178 .

359 3194 482 3259 iam
532 3196 788 3280 ellapsis
833 3198 1112 3262 ducentis
1159 3201 1335 3263 annis
1383 3218 1490 3280 per
1537 3199 2052 3264 communitatem
2101 3200 2165 3261 et
2212 3197 2496 3261 homines
2548 3198 2929 3264 Abserenses
2962 3199 3082 3265 fuit

362 3281 529 3347 facta
569 3284 818 3349 donatio
864 3285 1247 3367 quarundam
1294 3289 1602 3351 terrarum
1653 3288 1713 3350 in
1760 3287 1967 3350 insula
2013 3286 2186 3369 Hye,
2252 3304 2370 3368 que
2447 3285 2777 3351 vocabatur
2825 3287 3081 3365 Corona,

362 3372 425 3435 et
469 3389 773 3453 possessa,
815 3391 968 3456 quas
1015 3376 1214 3438 terras
1259 3374 1509 3439 dicebat
1549 3375 1744 3438 abbas
1807 3394 1941 3439 esse
2001 3373 2180 3451 illae,
2247 3391 2364 3455 que
2426 3391 2535 3456 per
2581 3393 2723 3438 eum
2788 3376 3078 3441 tenentur

362 3459 425 3522 et
469 3460 862 3541 possidentur
909 3460 986 3524 ad
1033 3481 1304 3544 presenS,
1352 3462 1502 3527 licet
1547 3464 1667 3526 ista
1711 3463 1961 3526 nomina
2007 3480 2127 3526 non
2189 3461 2315 3524 sint
2377 3461 2559 3525 hodie
2609 3461 2670 3525 in
2719 3481 2873 3536 usu;
2944 3483 3081 3545 pre·

361 3549 531 3611 terea
577 3567 687 3630 per
732 3547 1146 3614 iustrumenta
1192 3550 1494 3632 probavit,
1545 3569 1609 3614 se
1656 3549 2001 3633 possedisse
2051 3549 2444 3613 medietatem
2499 3549 2677 3613 istius
2711 3550 2910 3614 insule
2945 3551 3081 3635 Hye

361 3652 464 3698 sex
508 3635 911 3716 temporibuS,
962 3636 1267 3716 videlicet,
1322 3636 1652 3701 millesimo
1712 3636 2132 3701 ducentesimo
2196 3636 2653 3718 septuagesimo
2719 3640 2969 3717 octavo,
3017 3640 3083 3703 et

360 3723 758 3805 nonagesimo
807 3724 1021 3805 quinto
1069 3727 1133 3788 et
1177 3725 1575 3808 nonagesimo
1622 3726 1836 3789 octavo
1883 3727 1948 3788 et
1995 3723 2330 3787 millesimo
2389 3725 2822 3789 tercentesimo
2870 3728 3082 3808 quinto

360 3827 431 3874 ac
478 3812 670 3877 etiam
717 3810 1150 3876 trecentesimo
1198 3812 1711 3896 quinquagesimo
1758 3813 1822 3876 et
1867 3813 1944 3875 ad
1991 3831 2245 3895 presens
2310 3812 2660 3892 possidere,
2727 3813 2792 3876 et
2837 3831 3080 3895 semper

362 3898 677 3962 asserebat
717 3916 753 3963 a
799 3898 1000 3981 primo
1043 3902 1320 3982 tempore
1366 3900 1523 3965 citra
1569 3919 1751 3964 suum
1805 3900 2250 3965 monasterium
2317 3899 2696 3981 possedisse3
2759 3899 3080 3983 episcopus

361 4004 501 4050 vero
542 3986 759 4050 statim
802 3985 1032 4052 obtulit
1078 4006 1143 4051 se
1189 3991 1478 4071 paratum
1519 3989 1777 4071 probare
1821 3988 1934 4052 hec
1981 4006 2124 4052 vera
2171 4004 2291 4050 non
2316 4005 2466 4062 esse,
2516 3987 2738 4051 saltem
2787 3987 2865 4050 ab
2899 3988 3078 4052 annis

360 4073 770 4156 quadraginta
818 4074 977 4138 citra
1023 4093 1213 4157 usque
1260 4077 1338 4140 ad
1383 4094 1610 4139 annum
1661 4078 2003 4140 tercentum
2062 4074 2681 4158 quinquagesimum,
2746 4093 2864 4158 quo
2916 4076 3079 4139 tem-

359 4178 506 4242 pore
552 4161 739 4225 desiit
782 4162 1094 4243 possidere
1142 4162 1558 4246 episcopatus,
1607 4163 1751 4245 quia
1794 4164 1929 4226 iura
1977 4166 2153 4227 erant
2215 4163 2456 4244 perdita
2519 4163 2668 4226 tunc
2728 4162 2879 4227 dicti
2948 4162 3078 4245 epi-

360 4251 684 4331 scopatus;
737 4250 802 4313 et
852 4249 1139 4331 produxit
1184 4250 1351 4315 ultra
1397 4252 1711 4315 duodecim
1764 4253 1974 4325 testea
2024 4251 2126 4332 qui
2177 4247 2513 4313 examinati
2538 4268 2648 4331 per
2694 4268 2815 4329 me,
2865 4267 3078 4316 omnes

358 4335 566 4401 iurant
612 4342 677 4401 et
721 4335 1034 4419 deponunt
1081 4357 1323 4421 semper
1354 4338 1619 4417 audisse,
1668 4337 1829 4421 quod
1871 4339 2194 4421 episcopus
2221 4336 2592 4400 Absarensis
2633 4339 2769 4404 erat
2792 4339 3072 4402 dominus

359 4421 495 4507 Hye
541 4423 952 4507 integraliter,
1001 4427 1066 4490 et
1104 4427 1232 4491 tres
1280 4446 1351 4490 ex
1382 4426 1470 4490 eis
1513 4426 1843 4509 depenunt,
1897 4426 2060 4488 clare
2108 4424 2335 4490 vidisse
2381 4443 2418 4487 a
2449 4423 2860 4507 quadraginta
2902 4426 3077 4491 anuis

361 4512 537 4591 citra,
580 4513 934 4595 episcopum
966 4513 1029 4576 in
1063 4513 1447 4596 possessione
1472 4513 1670 4577 insule
1699 4513 1892 4578 totius
1918 4512 2177 4576 diversis
2201 4511 2440 4575 vicibus
2481 4510 2785 4575 dictorum
2818 4512 3082 4594 quadra-

273 4669 281 4676 ,
356 4600 529 4680 ginta
558 4613 879 4679 annorum,
928 4619 1040 4665 nec
1085 4620 1353 4683 unquam
1398 4601 1627 4667 vidisse
1674 4601 1963 4665 abbatem
2011 4599 2341 4682 possidere.
2388 4597 2517 4663 Ista
2550 4600 2712 4675 sunt,
2757 4618 2873 4680 que
2919 4601 3082 4664 circa

357 4686 696 4754 dominium
746 4692 810 4752 et
855 4689 1302 4772 possessionem
1329 4687 1527 4754 insule
1551 4687 1691 4771 Hye
1737 4688 1959 4771 recepi.
2008 4687 2184 4753 Circa
2222 4703 2362 4751 vero
2403 4683 2672 4750 insulam
2707 4684 2895 4767 Male,
2944 4686 3077 4768 epi-
