3620 5282
490 378 530 441 6

492 553 796 620 vationem
845 556 1109 620 vestram
1159 556 1223 620 et
1267 554 1495 620 civium
1542 555 1605 620 et
1650 553 1926 618 fidelium
1974 554 2369 634 dilectorum,
2437 553 2559 618 sibi
2599 555 2726 618 iam
2755 553 3198 618 commisimus

488 641 718 707 dictum
765 643 1014 709 factum.

700 729 873 810 Quod
915 732 1220 796 scribatur
1266 730 1455 795 etiam
1518 730 1726 795 comiti
1775 729 2071 814 Gregorio
2134 729 2390 795 Curiaci
2444 730 2506 795 in
2572 730 2769 797 forma
2814 728 3194 813 subscripta:

497 819 786 884 Pluribus
833 820 1047 884 diebus
1094 820 1320 902 elapsis
1371 837 1574 883 coram
1640 819 1815 883 nobis
1876 819 2220 902 comparuit
2264 819 2510 900 quidam
2558 819 2915 883 ambaxator
2976 819 3196 896 vester,

499 908 562 972 et
608 925 714 989 pro
762 908 950 972 vestri
996 911 1168 991 parte
1208 908 1382 971 nobis
1430 909 1662 972 certam
1696 907 1978 990 exposuit
2009 908 2417 984 ambaxatam,
2469 910 2530 970 et
2571 909 2897 989 antequam
2945 906 3202 970 haberet

496 994 765 1078 aliquam
820 998 1285 1080 responsionem
1319 1014 1355 1059 a
1401 995 1574 1059 nobis
1621 1015 1760 1060 cum
1816 998 2021 1060 nostra
2065 994 2314 1060 licentia
2359 996 2648 1071 recessit,
2696 1014 2991 1073 asserem,
3041 994 3199 1077 quod

492 1084 857 1166 opportebat
901 1104 1040 1149 eum
1081 1085 1383 1160 recedere,
1434 1084 1493 1147 et
1541 1084 1699 1166 quod
1748 1084 1976 1148 rediret
2020 1083 2082 1146 in
2131 1083 2323 1149 brevi.
2370 1082 2599 1147 Verum
2649 1082 2810 1147 inter
2856 1085 3059 1148 cetera
3092 1102 3197 1146 no-

493 1172 587 1234 bis
635 1172 931 1254 exposuit,
980 1172 1152 1255 quod
1186 1190 1389 1236 comes
1437 1171 1789 1237 Maladinus
1837 1170 2056 1236 Clissie
2104 1172 2302 1236 multa
2347 1172 2604 1249 damna,
2663 1171 3091 1236 derobationes
3139 1174 3202 1235 et

497 1259 823 1325 violencias
870 1260 1100 1325 fecerat
1143 1262 1203 1325 et
1249 1260 1545 1324 intulerat
1592 1260 1882 1344 gentibus
1949 1260 2202 1336 vestriS,
2270 1260 2426 1343 quod
2474 1261 2538 1324 in
2586 1260 2844 1325 veritate
2891 1259 3066 1323 nobis
3109 1259 3203 1323 di-

495 1347 746 1430 splicuit
791 1351 854 1412 et
899 1349 1182 1431 displicet
1227 1350 1637 1425 vehementer,
1677 1349 1820 1431 quia
1864 1348 2133 1429 placeret
2163 1348 2356 1427 nobiS,
2406 1348 2565 1430 quod
2607 1348 2770 1412 iuter
2817 1367 2921 1413 vos
2967 1349 3031 1411 et
3059 1367 3199 1412 eum

495 1455 612 1518 pax
656 1439 717 1500 et
762 1439 1082 1501 concordia
1129 1438 1347 1513 forent,
1412 1439 1475 1501 et
1527 1437 1684 1519 quod
1749 1437 2034 1501 viveretis
2094 1437 2357 1500 invicem
2421 1437 2675 1519 pacifice
2726 1440 2787 1501 et
2834 1438 3070 1519 quiete;
3139 1438 3202 1500 et

498 1521 863 1588 affectamus
910 1526 1426 1591 conservationem
1475 1533 1536 1588 et
1582 1526 1814 1589 statum
1864 1527 2170 1601 vestrum,
2238 1545 2306 1588 ex
2356 1544 2473 1607 quo
2537 1526 2660 1588 iam
2707 1525 3201 1607 disposueramus

496 1612 759 1677 scribere
806 1613 1134 1679 efficaciter
1179 1613 1390 1678 comiti
1433 1613 1742 1678 Maladino
1769 1663 1784 1691 ,
1848 1612 2144 1677 hortando
2190 1615 2253 1676 et
2299 1613 2655 1695 requirendo
2695 1614 2931 1695 ipsum,
2997 1617 3065 1677 ut
3112 1612 3204 1676 di-

495 1704 778 1783 sponeret
823 1702 1097 1766 animum
1146 1721 1324 1766 suum
1374 1703 1449 1765 ad
1503 1701 1830 1767 vivendum
1892 1701 2205 1766 vobiscum
2253 1701 2316 1765 in
2362 1701 2816 1783 tranquillitate
2868 1704 2931 1765 et
2976 1720 3200 1780 amore,

498 1795 561 1852 et
606 1789 762 1871 quod
807 1788 881 1853 de
930 1790 1171 1855 damnis
1219 1797 1282 1854 et
1327 1789 1565 1854 iniuriis
1611 1790 1805 1853 illatis
1845 1788 2094 1854 deberet
2140 1809 2203 1852 se
2251 1790 2564 1854 vobiscum
2603 1790 3011 1854 amicabiliter
3057 1789 3205 1852 ada·

496 1879 689 1958 ptare.
738 1878 818 1942 Et
864 1878 1012 1944 licet
1057 1898 1164 1961 per
1210 1877 1521 1960 querelam
1568 1879 1742 1942 nobis
1790 1878 2020 1941 dudum
2069 1876 2297 1942 factam
2359 1897 2467 1960 pro
2534 1879 2709 1960 parte
2760 1877 2911 1942 dicti
2961 1877 3205 1941 comitis

497 1965 796 2030 Maladini
846 1966 923 2030 ad
968 1967 1252 2031 notitiam
1300 1968 1574 2030 nostram
1621 1966 1842 2030 fuisset
1887 1964 2234 2044 deductum,
2284 1968 2442 2048 quod
2490 1984 2594 2031 vos
2628 1966 2915 2030 similiter
2961 1966 3201 2041 damna,

497 2052 921 2119 derobationes
968 2057 1030 2119 et
1075 2054 1398 2119 violentias
1460 2054 1576 2120 sibi
1623 2056 1687 2119 et
1732 2055 1858 2119 suis
1923 2054 2210 2138 gentibus
2272 2054 2629 2137 irrogastis,
2697 2055 2934 2119 noviter
2995 2057 3203 2118 tamen

498 2143 843 2225 graviorem
893 2143 1202 2227 querelam
1254 2142 1461 2225 utique
1530 2142 1751 2207 animis
1806 2143 2033 2207 nostris
2098 2142 2530 2224 displicibilem
2597 2144 2660 2206 et
2719 2143 3047 2206 molestam
3095 2160 3202 2225 pro

499 2232 673 2311 parte
718 2230 869 2296 dicti
915 2231 1157 2295 comitis
1206 2230 1500 2295 Maladini
1549 2231 1952 2313 percepimuS,
2003 2229 2159 2313 quod
2204 2250 2311 2294 vos
2357 2250 2497 2295 cum
2524 2231 2837 2314 Hungaris
2879 2231 2953 2296 de
2984 2231 3204 2294 Tinino

500 2317 1006 2383 coadunationem
1055 2320 1329 2402 gentium
1378 2318 1585 2383 facitis
1630 2321 1693 2383 et
1741 2321 1975 2400 paratis
2024 2337 2131 2400 pro
2174 2320 2470 2382 veniendo
2514 2319 2590 2382 ad
2639 2319 2931 2383 damnum
2979 2319 3111 2383 eius
3146 2321 3209 2383 et

498 2407 703 2487 patrui
744 2407 839 2471 sui
882 2408 1125 2471 comitis
1171 2407 1452 2489 Gregorii
1494 2408 1559 2470 et
1605 2426 1813 2471 eorum
1861 2407 2138 2489 gentium
2188 2410 2249 2471 et
2293 2410 2618 2485 terrarum,
2668 2407 2742 2472 de
2790 2426 2926 2491 que,
2976 2409 3047 2472 ut
3072 2426 3211 2490 pre-

497 2494 788 2574 mittitur,
837 2495 1250 2559 turbationem
1300 2499 1362 2559 et
1406 2496 1773 2577 gravitatem
1821 2494 1883 2557 in
1930 2495 2155 2558 animis
2201 2496 2425 2560 nostris
2470 2496 2846 2578 percipimus
2880 2496 3208 2560 vehemen-

497 2584 645 2662 tem,
694 2586 826 2648 tum
873 2586 1121 2667 propter
1181 2582 1605 2662 affectionem,
1673 2583 1980 2667 quamad
2041 2584 2562 2649 conservationem
2627 2585 2946 2669 utriusque
3013 2584 3208 2667 partis

501 2671 772 2754 gerimus
819 2674 882 2736 et
921 2673 1239 2749 habemus,
1292 2673 1423 2735 tum
1474 2672 1619 2754 quia
1664 2671 1965 2737 novitates
2013 2669 2384 2750 huiusmodi,
2434 2673 2486 2736 si
2534 2673 2666 2737 fieri
2711 2673 3038 2750 deberent,
3091 2688 3208 2737 non
3259 2719 3260 2724 η

501 2763 752 2841 possent
795 2779 926 2824 esse
969 2761 1195 2844 absque
1228 2761 1399 2843 gravi
1433 2760 1655 2824 damno
1699 2763 1762 2824 et
1792 2760 2082 2826 scandalo
2123 2762 2391 2842 partium
2427 2760 2761 2827 Sclavenie.
2811 2761 2895 2825 Et
2929 2774 3210 2845 gerentes

499 2848 667 2912 cordi
713 2867 784 2912 ac
818 2849 1247 2932 multipliciter
1292 2850 1640 2931 cupienteS,
1688 2849 1845 2931 quod
1906 2852 2291 2913 removeatur
2337 2851 2400 2913 et
2443 2850 2796 2932 precidatur
2843 2869 2879 2914 a
2930 2849 3209 2933 partibus

498 2936 697 3000 omnis
745 2940 1002 3002 materla
1047 2937 1321 3002 scandali
1368 2939 1432 3001 et
1474 2936 1714 3013 erroris,
1763 2957 1872 3020 per
1920 2956 2098 3019 quem
2149 2938 2416 3020 possetis
2458 2938 2699 3020 aliquod
2745 2938 3057 3003 incurrere
3103 2938 3209 3001 de-

459 3023 883 3102 trimentum,
934 3025 1404 3090 deliberavimus
1465 3026 1853 3090 committere
1916 3025 2123 3090 comiti
2175 3028 2238 3090 et
2288 3027 2657 3090 consiliariis
2704 3027 2932 3091 nostris
2996 3025 3209 3105 Jadre,

504 3114 659 3194 quod
706 3112 944 3177 solicite
995 3117 1315 3196 procurent
1361 3114 1425 3177 et
1467 3113 1757 3178 studeant
1805 3114 2062 3197 operari,
2107 3115 2264 3195 quod
2310 3116 2474 3178 inter
2521 3115 2717 3179 dictos
2751 3115 3008 3180 comites
3055 3115 3207 3180 Gre-

504 3199 743 3281 gorium
794 3204 858 3265 et
903 3200 1282 3267 Maladinum
1345 3221 1415 3265 ex
1478 3221 1598 3265 una
1663 3203 1834 3284 parte
1882 3206 1944 3267 et
2006 3202 2500 3284 magnitudinem
2559 3206 2828 3266 vestram
2897 3222 2968 3267 ex
3011 3202 3210 3266 altera

503 3306 618 3370 pax
661 3289 759 3352 vel
805 3290 1060 3374 treugua
1108 3291 1218 3355 fiat
1258 3309 1365 3372 per
1410 3289 1587 3353 illum
1638 3291 1866 3354 bonum
1915 3292 1979 3353 et
2023 3294 2237 3372 aptum
2284 3293 2548 3367 modum,
2600 3310 2799 3372 quem,
2847 3289 2958 3354 deo
3003 3291 3206 3366 dante,

503 3375 792 3440 sciverint
837 3374 1124 3442 invenire.
1175 3378 1255 3442 Et
1301 3380 1619 3461 propterea
1667 3378 2053 3442 nobilitatem
2101 3380 2366 3442 vestram
2433 3380 2667 3442 attente
2732 3377 3100 3459 requirimus
3147 3380 3210 3441 et

450 3508 452 3511 >
503 3482 809 3548 rogamuS,
853 3468 1150 3547 quatenus
1194 3466 1469 3531 debeatis
1511 3465 1807 3530 desistere
1847 3486 1883 3529 a
1928 3465 2205 3548 qualibet
2251 3465 2557 3542 novitate,
2608 3484 2794 3549 quam
2858 3465 3208 3547 proposuis-

507 3554 656 3616 setis
706 3571 948 3617 movere
995 3554 1321 3618 comitibus
1369 3554 1730 3628 antedictis3
1797 3573 1949 3636 que,
1994 3554 2043 3616 si
2091 3554 2326 3631 fierent,
2379 3557 2648 3616 mentem
2717 3555 2986 3617 nostram
3036 3555 3208 3636 gravi

504 3641 910 3706 commotione
957 3643 1297 3718 turbarent,
1347 3646 1410 3707 et
1456 3642 1731 3705 animum
1779 3644 2046 3706 vestrum
2097 3640 2172 3704 ad
2221 3660 2327 3717 ea,
2392 3661 2507 3723 que
2554 3640 2725 3722 pacis
2774 3643 2836 3705 et
2893 3641 3209 3706 concordie

503 3730 646 3808 sint,
696 3748 833 3794 cum
875 3730 1102 3795 eisdem
1149 3730 1429 3795 totaliter
1474 3730 1795 3812 disponere
1840 3730 2101 3811 placeat,
2153 3730 2215 3792 et
2256 3729 2484 3793 velitis.
2527 3730 2607 3793 Et
2655 3729 2706 3792 si
2753 3748 2958 3794 comes
2983 3732 3046 3794 et
3070 3750 3210 3796 con-

506 3817 725 3882 siliarii
770 3818 965 3882 nostri
1011 3838 1114 3884 vos
1160 3818 1439 3883 duxerint
1482 3816 1950 3899 requirendum,
2016 3816 2171 3899 quod
2238 3817 2394 3881 eatis
2456 3816 2744 3896 Jadram,
2809 3818 2950 3900 quia
3010 3818 3207 3885 velint

504 3925 686 3988 super
732 3905 1049 3989 premissis
1094 3906 1365 3972 conferre
1413 3905 1743 3982 vobiscum,
1793 3904 2035 3987 placeat
2079 3904 2251 3969 vobis
2297 3924 2405 3988 pro
2467 3905 2718 3988 speciali
2781 3907 3102 3971 commodo
3149 3912 3212 3973 et

505 3994 663 4058 bono
711 3997 916 4058 vestro
962 3995 1049 4060 ire
1097 3996 1171 4059 ad
1205 4014 1326 4075 eos,
1375 3996 1438 4060 et
1482 3994 1700 4072 facere,
1752 3994 1914 4058 sicut
1939 3993 2222 4057 duxerint
2246 3994 2681 4068 ordinandum;
2730 4013 2872 4058 nam
2907 3998 3208 4078 optantes

508 4085 576 4146 ut
621 4082 855 4146 dictum
903 4085 1015 4163 est,
1064 4084 1585 4148 conservationem
1618 4080 1911 4165 partium,
1961 4080 2049 4145 eis
2081 4082 2207 4146 iam
2238 4083 2662 4148 commisimus
2690 4082 2926 4147 dictum
2959 4083 3208 4148 factum.

590 4171 749 4233 Scor.
791 4191 929 4233 cons
974 4180 1157 4249 royat.
1202 4173 1277 4233 A.
1326 4176 1427 4245 82,
1474 4192 1516 4232 u
1557 4173 1898 4232 mletackom
1945 4174 2176 4232 arkivu.

960 4364 1149 4445 VH.
1205 4363 1410 4446 God.
1464 4364 1681 4446 1347.
1739 4364 1840 4444 14
1891 4364 2211 4465 srpnja,
2265 4386 2325 4445 u
2379 4362 2766 4445 Mletclh.

513 4488 854 4564 Odredyeno,
901 4491 981 4548 da
1023 4507 1084 4549 se
1131 4492 1288 4549 stavi
1331 4490 1518 4564 mesto
1562 4490 1979 4638 vojnisskeksile
2024 4509 2067 4549 u
2113 4490 2402 4549 Zemniku
2446 4494 2609 4560 sate,
2657 4492 2735 4549 da
2780 4492 2956 4550 brani
2997 4493 3209 4551 zadar-

1693 4596 1724 4638 s
1765 4580 1788 4636 i
1868 4582 2014 4638 οταν.

720 4697 904 4761 1347.
944 4695 1042 4761 die
1088 4696 1238 4762 XIV
1282 4696 1435 4774 iulii,
1483 4699 1697 4780 capta:
1760 4697 1918 4781 quod
1977 4698 2419 4781 respondeatur
2478 4699 2687 4764 comiti
2748 4701 2953 4762 nostro
2998 4696 3207 4774 Jadre,

516 4784 674 4869 quod
721 4786 1062 4869 recepimus
1109 4787 1174 4849 et
1217 4784 1628 4850 intelleximus
1694 4786 1935 4850 litteras
1995 4805 2154 4867 suaS,
2208 4792 2272 4852 et
2315 4805 2408 4866 ea,
2463 4807 2576 4870 que
2624 4788 2685 4852 in
2730 4786 2892 4851 facto
2938 4785 3210 4850 custodie
