3620 5282
487 381 611 446 136

691 555 775 620 Et
813 556 1011 639 primo
1055 557 1131 623 ad
1178 559 1411 641 primas
1454 559 1698 623 litteras
1746 577 1890 624 suas
1936 558 2405 641 respondeatur:

694 643 922 726 Capta:
971 647 1272 727 quomodo
1319 646 1563 710 litteras
1610 648 1960 712 serenitatis
2009 666 2116 710 sue
2164 646 2527 727 recepimuS,
2576 646 2637 710 iu
2688 645 2910 728 quibus
2955 666 3064 711 sue
3111 666 3216 711 ex-

485 730 775 797 cellencie
822 731 996 796 nobis
1035 734 1272 814 placuit
1318 733 1627 812 intimare,
1679 734 1979 816 treuguas
2027 735 2092 798 et
2136 735 2495 798 concordias
2539 735 2841 798 tractatas
2884 738 2949 797 et
2996 753 3215 816 procu-

485 821 654 884 ratas
700 839 810 903 per
855 821 1323 884 sanctissimum
1385 821 1702 885 dominum
1769 825 2046 885 nostrum
2112 840 2374 904 papam,
2440 824 2504 885 et
2550 822 2779 886 inuitas
2827 821 2989 886 inter
3035 841 3210 886 suam

490 909 728 990 regiam
778 907 1168 972 maiestatem
1218 912 1281 972 et
1325 927 1483 984 suoS,
1536 911 1599 973 et
1642 909 1953 974 illustrem
2000 910 2309 974 dominam
2336 908 2687 973 Johannam
2736 910 2800 973 et
2845 928 2987 974 suos
3036 928 3071 972 a
3106 929 3214 974 na-

487 996 732 1060 tivitate
780 995 1011 1059 domini
1057 998 1336 1079 proxima
1383 1016 1574 1079 usque
1617 997 1693 1061 ad
1744 1017 1935 1062 unum
1982 1016 2229 1073 annum,
2280 1015 2391 1060 nec
2424 1016 2540 1060 non
2576 996 3038 1062 matrimonium
3074 1016 3216 1062 con-

489 1084 758 1148 tractum
808 1082 969 1147 inter
1009 1083 1407 1167 magnificum
1457 1086 1652 1149 virum
1702 1085 2019 1149 dominum
2085 1085 2301 1148 ducem
2354 1084 2730 1165 Stephanum
2788 1084 3213 1149 honorabilem

488 1170 744 1236 fratrem
795 1189 972 1234 suum
1024 1173 1087 1235 et
1132 1171 1443 1236 dominam
1493 1172 1759 1237 Mariam
1801 1192 2072 1237 sororem
2122 1172 2366 1237 domine
2431 1170 2709 1237 Johanne
2773 1173 3078 1255 predicte,
3142 1172 3217 1236 de

490 1277 749 1341 quarum
797 1259 1091 1323 missione
1140 1278 1247 1323 sue
1295 1260 1607 1324 maiestati
1654 1264 1863 1344 grates
1927 1261 2169 1344 agimus
2216 1262 2524 1342 copiosaS,
2572 1262 2637 1324 et
2685 1260 2843 1341 quod
2890 1260 2966 1323 de
3013 1259 3215 1342 predi-

494 1345 614 1410 ctis
660 1345 943 1428 treuguis
992 1348 1056 1410 et
1102 1347 1420 1412 concordia
1452 1348 1790 1429 plurimum
1833 1347 2306 1431 congaudemus,
2357 1351 2420 1410 et
2451 1348 2538 1412 sic
2580 1348 2917 1412 letaremur
2962 1348 3036 1412 de
3069 1365 3218 1430 quo-

493 1452 754 1517 cumque
801 1434 1045 1511 honore,
1096 1436 1472 1499 exaltacione
1520 1438 1581 1499 et
1629 1454 1917 1500 successu
1965 1453 2254 1519 prospero
2302 1455 2406 1498 sue
2433 1436 2778 1500 maiestatis
2825 1435 3119 1518 predicte,
3156 1438 3219 1498 et

495 1521 818 1605 potissime
865 1522 940 1586 de
975 1523 1088 1587 hoc
1134 1523 1422 1601 letamur,
1470 1524 1928 1588 considerantes
1962 1526 2026 1587 et
2057 1527 2394 1598 cernenteS,
2446 1524 2742 1604 quantum
2794 1523 2932 1587 boni
2980 1523 3219 1588 comodi

494 1612 558 1674 et
604 1611 806 1673 status
853 1611 1092 1692 pacifici
1158 1612 1220 1674 in
1265 1611 1380 1675 hoc
1441 1613 1716 1693 tempore
1781 1613 2033 1676 tractari
2096 1615 2160 1675 et
2221 1612 2458 1693 operari
2525 1612 2754 1693 poterit
2801 1611 2962 1676 inter
3009 1615 3218 1694 partes

492 1696 842 1780 predictae,
891 1701 955 1763 et
1000 1719 1108 1782 per
1155 1716 1531 1781 consequens
1585 1701 1814 1782 quanta
1874 1700 2213 1764 consolacio
2277 1699 2568 1762 reddetur
2614 1699 2997 1781 quibuslibet
3060 1699 3222 1763 chri-

495 1786 736 1864 stianis,
787 1790 1037 1869 propter
1086 1788 1244 1869 quod
1295 1788 1711 1870 regraciamur
1757 1788 2065 1851 altissimo
2114 1787 2225 1851 deo
2286 1789 2528 1864 nostro,
2576 1805 2612 1851 a
2660 1805 2778 1868 quo
2840 1787 3075 1850 factum
3127 1787 3223 1850 est

491 1872 680 1950 istud,
729 1874 1126 1955 supplicando
1176 1873 1396 1951 eidem,
1445 1875 1603 1958 quod
1654 1875 1716 1937 in
1759 1876 1875 1939 hoc
1924 1895 2107 1938 suum
2153 1875 2450 1938 auxilium
2514 1875 2900 1956 interponat,
2950 1877 3013 1938 et
3061 1873 3219 1957 quod

496 1978 671 2024 suam
723 1962 1116 2026 maiestatem
1169 1963 1507 2045 predictam
1558 1981 1797 2044 semper
1858 1981 2213 2045 prosperare
2277 1960 2465 2026 faciat
2526 1961 2695 2025 iuxta
2765 1964 3012 2035 votum3
3078 1980 3221 2026 cum

496 2047 618 2111 hiis
670 2050 733 2111 et
779 2049 919 2114 aliis
968 2050 1174 2113 verbis
1239 2051 1467 2114 amoris
1528 2052 1592 2113 et
1655 2050 2104 2126 benivolencia,
2170 2068 2286 2131 que
2348 2049 2778 2113 couveniencia
2824 2047 3216 2114 videbuntur.

495 2134 636 2200 Non
678 2136 898 2201 sinceri
951 2141 1004 2215 1,
1052 2137 1127 2201 de
1173 2156 1294 2202 non
1339 2138 1401 2215 O,
1452 2156 1663 2202 omnes
1709 2138 1816 2203 alii
1864 2138 1939 2201 de
1989 2139 2180 2220 parte,

490 2308 524 2374 f
705 2221 983 2290 Secundo
1031 2227 1473 2308 respondeatur
1517 2227 1593 2289 ad
1643 2228 1941 2290 secundas
2006 2227 2247 2290 litteras
2306 2224 2456 2288 dicti
2504 2223 2738 2288 domini
2785 2226 2948 2306 regis
2990 2223 3055 2287 in
3106 2223 3223 2287 hac

518 2329 706 2376 orma.

710 2397 940 2483 Capta:
991 2401 1193 2465 vestre
1235 2400 1600 2466 excellencie
1642 2401 1887 2465 litteras
1940 2401 2282 2483 recepimus
2329 2400 2752 2477 continenteS,
2805 2399 3071 2481 qualiter
3113 2398 3221 2462 lit-

500 2490 667 2550 teras
719 2488 961 2552 nostras
1016 2487 1171 2552 alias
1231 2491 1429 2552 vestre
1489 2489 1810 2552 serenitati
1875 2488 2096 2553 missas
2159 2487 2234 2551 ad
2297 2488 2752 2570 responsionem
2820 2485 3224 2569 quarumdam

501 2574 763 2640 aliarum
811 2578 1154 2640 vestrarum
1204 2576 1358 2640 alias
1406 2575 1581 2641 nobis
1628 2577 1978 2654 missarum,
2032 2575 2244 2640 eadem
2293 2576 2589 2639 serenitas
2637 2578 2843 2639 vestra
2890 2576 3226 2657 receperat,

499 2663 563 2727 in
615 2683 870 2746 quarum
920 2665 1077 2729 serie
1124 2665 1488 2744 notabatur,
1554 2665 1710 2747 quod
1777 2665 2138 2747 disponente
2197 2663 2401 2728 divina
2456 2664 2794 2727 clemencia
2849 2665 3118 2728 cessavit
3164 2664 3225 2727 in

500 2752 787 2835 partibus
833 2751 1007 2835 regni
1056 2753 1244 2817 vestri
1294 2752 1481 2835 plaga
1528 2753 1817 2835 pestifere
1864 2752 2286 2829 mortalitatiS,
2333 2754 2396 2815 et
2441 2753 2600 2835 quod
2647 2750 2725 2815 ob
2772 2753 2888 2816 hoc
2933 2752 3227 2815 ambaxa-

501 2843 668 2903 tores
715 2841 908 2904 nostri
956 2859 1202 2905 seccure
1247 2861 1357 2923 per
1402 2859 1512 2905 nos
1559 2839 1634 2905 ad
1674 2842 1943 2905 vestram
1996 2838 2424 2904 excellenciam
2472 2841 2764 2922 poterant
2810 2838 3110 2903 destinari
3151 2840 3228 2902 ad

508 2928 898 2991 tractandum
950 2930 1014 2993 et
1058 2928 1499 3011 disponendum
1548 2931 1666 2992 etc.
1736 2928 1835 2992 Ad
1886 2946 2036 3008 quas
2097 2928 2485 3010 presentibus
2550 2929 3022 3010 respondemuS,
3072 2927 3228 3009 quod

507 3015 745 3098 gratias
790 3015 1058 3080 humiles
1106 3024 1169 3079 et
1215 3016 1465 3082 devotas
1513 3016 1888 3080 refferrimus
1935 3016 2237 3079 altissimo
2286 3014 2582 3088 creatori,
2642 3016 2743 3097 qui
2796 3016 3088 3097 dignatus
3136 3014 3233 3078 est

506 3103 680 3166 vobis
729 3104 793 3166 et
837 3104 1138 3167 universis
1186 3103 1472 3167 fidelibus
1522 3104 1845 3168 restituere
1893 3104 2157 3186 gratiam
2209 3103 2512 3167 sanitatis.
2573 3102 2691 3167 Sed
2740 3102 2978 3167 noverit
3024 3103 3230 3166 vestra

508 3188 897 3265 excellencia,
947 3191 1106 3272 quod
1154 3210 1261 3271 per
1285 3192 1557 3255 diversas
1604 3192 1849 3255 litteras
1897 3193 2137 3254 nostras
2171 3192 2350 3254 datas
2400 3192 2458 3254 in
2506 3192 2714 3254 nostro
2748 3191 2950 3254 ducali
2997 3189 3229 3272 palatio

507 3278 622 3341 sub
669 3278 765 3341 die
811 3277 1019 3342 XXVI
1052 3280 1113 3340 et
1143 3278 1387 3343 XXVII
1419 3280 1648 3343 mensis
1696 3278 1849 3342 iunii
1896 3297 2089 3359 nuper
2130 3278 2325 3360 elapsi
2379 3281 2578 3342 vestre
2628 3277 2937 3341 maiestati
2972 3275 3229 3340 fecimus

509 3364 928 3436 manifestum,
975 3365 1134 3447 quod
1180 3368 1504 3447 postquam
1553 3366 2076 3444 intellexeramus,
2140 3365 2298 3447 quod
2345 3366 2692 3430 altissimus
2740 3367 2888 3428 deus
2935 3366 2995 3428 in
3042 3381 3230 3445 regno

509 3455 715 3517 vestro
763 3452 1111 3516 contulerat
1158 3454 1492 3517 remedium
1542 3453 1849 3530 sanitatis,
1900 3470 2144 3517 eramus
2170 3453 2456 3535 dispositi
2505 3455 2567 3516 et
2613 3453 2808 3535 parati
2858 3453 2932 3515 ad
2981 3470 3231 3533 presen-

513 3540 672 3605 ciam
731 3543 931 3604 xestre
994 3540 1343 3605 serenitatis
1405 3542 1654 3605 mittere
1712 3544 1955 3605 nostros
2019 3541 2449 3605 ambaxatores
2514 3539 2856 3623 solempnes
2919 3538 3229 3623 occasione

514 3626 824 3692 tractandi
874 3645 1053 3692 omne
1100 3629 1327 3692 bonum
1374 3629 1542 3710 pacis
1587 3647 1660 3692 ac
1706 3628 1933 3693 amoris
1980 3629 2045 3692 et
2091 3628 2504 3694 benivolencie
2529 3630 2822 3711 perpetue
2864 3626 3229 3691 firmitatem

512 3716 654 3781 hinc
696 3713 855 3796 inde,
904 3715 1235 3779 dummodo
1282 3715 1552 3799 placeret
1602 3720 1800 3780 vestre
1851 3715 2169 3780 serenitati
2236 3716 2507 3798 predicte
2572 3716 2746 3779 nobis
2810 3716 2936 3780 suis
2984 3732 3233 3796 respon-

515 3803 664 3868 sivis
710 3803 939 3867 litteris
987 3802 1300 3868 declarare
1347 3805 1420 3868 de
1463 3807 1737 3886 tempore
1784 3805 1848 3868 et
1892 3804 2043 3881 locO,
2094 3804 2156 3867 in
2191 3822 2309 3886 quo
2356 3806 2421 3867 et
2466 3805 2539 3869 ad
2586 3822 2767 3886 quem
2815 3805 3019 3867 essent
3061 3820 3232 3867 acce-

515 3891 643 3956 suri
689 3891 882 3955 nostri
931 3892 1357 3956 ambaxatores
1405 3890 1687 3974 predicti,
1736 3891 1842 3956 sed
1889 3894 2030 3974 quia
2078 3891 2453 3969 dubitamus,
2502 3892 2660 3973 quod
2706 3891 2978 3974 predicte
3025 3890 3233 3954 littere
3318 3918 3321 3919 f

512 3979 723 4044 nostre
772 3980 1040 4043 nondum
1088 3978 1343 4043 culmini
1391 3981 1592 4044 vestre
1639 3978 2002 4044 excellencie
2028 3979 2282 4044 minime
2330 3978 2558 4043 fuerint
2591 3980 2962 4062 presentate,
3012 3978 3233 4043 iterato

514 4069 716 4132 vestre
763 4066 1077 4131 maiestati
1125 4066 1399 4149 predicte
1445 4067 1794 4132 curavimus
1841 4066 2037 4131 facere
2066 4067 2479 4143 manifestum,
2526 4067 2687 4149 quod
2737 4065 2985 4130 omnino
3018 4084 3233 4130 sumus

511 4154 796 4237 dispositi
844 4154 920 4219 et>
953 4154 1155 4237 parati
1203 4155 1450 4219 mittere
1499 4158 1740 4219 nostros
1792 4154 2180 4220 honorabiles
2214 4156 2663 4231 ambaxatores,
2712 4172 2865 4236 quos
2904 4153 3075 4218 illico
3123 4153 3235 4218 eli-

512 4260 657 4325 gere
703 4241 1110 4319 decrevimus,
1158 4242 1222 4306 et
1267 4260 1367 4307 eos
1415 4242 1492 4306 ad
1539 4261 1847 4308 recessum
1910 4243 2112 4326 parari
2178 4243 2376 4307 facere
2400 4290 2415 4320 ,
2476 4259 2662 4325 quam
2708 4241 2898 4306 cicius
2946 4240 3079 4305 fieri
3126 4260 3236 4325 po-

513 4328 681 4405 terit,
730 4329 809 4392 ad
855 4328 1235 4411 presenciam
1283 4332 1489 4395 vestre
1534 4330 1907 4396 excellencie
1972 4328 2283 4395 antedicta
2345 4330 2662 4395 occasione
2726 4329 2894 4411 pacis
2942 4331 3236 4412 perpetue

520 4415 928 4481 confirmando
976 4418 1136 4481 inter
1183 4419 1410 4499 partae,
1452 4420 1525 4482 ut
1571 4419 1852 4500 superius
1898 4417 2133 4488 dictum
2183 4419 2296 4483 est.
2346 4417 2443 4481 Ad
2490 4419 2786 4499 punctum
2836 4417 3070 4480 veroin
3104 4418 3233 4481 suis

512 4502 744 4568 litteris
791 4503 1083 4586 predictis
1131 4524 1326 4587 nuper
1361 4506 1642 4588 receptiS,
1693 4505 1797 4570 ubi
1831 4505 2090 4588 requirit
2118 4522 2249 4583 nos,
2284 4505 2444 4587 quod
2485 4506 2699 4588 gentes
2736 4521 2879 4568 suas
2927 4505 2991 4565 et
3023 4521 3232 4568 eorum

514 4590 672 4654 bona
719 4593 849 4655 tam
897 4610 1004 4673 per
1051 4610 1220 4655 mare
1268 4610 1451 4674 quam
1499 4612 1607 4676 per
1654 4595 1883 4656 terram
1950 4594 2340 4656 transeuntes
2401 4595 2466 4656 et
2527 4591 2856 4656 redeuntes
2915 4590 2977 4654 in
3027 4592 3236 4655 nostra

513 4677 890 4760 protectione
934 4678 1158 4745 habere
1208 4680 1494 4745 vellimus
1557 4683 1621 4745 et
1665 4699 1770 4745 eos
1837 4679 2153 4746 defensare
2215 4681 2292 4745 ab
2358 4679 2677 4751 omnibus,
2724 4696 2873 4762 quos
2937 4678 3235 4744 sciremus

515 4783 618 4830 eos
663 4765 822 4831 velle
867 4767 1219 4846 molestare,
1267 4767 1729 4850 respondeatur,
1778 4770 1962 4850 prout
2002 4767 2156 4832 alias
2190 4786 2549 4852 responsum
2599 4764 2826 4846 extitit,
2860 4783 3002 4829 cum
3029 4766 3236 4831 verbis
