3620 5282
2937 362 3085 431 ‘459

380 542 571 610 brica.
617 541 704 607 Et
748 541 800 606 si
848 540 996 627 quid
1041 542 1367 607 restabunt
1410 542 1646 609 solvere
1705 541 1866 608 dicte
1925 543 2155 610 fabrice
2215 541 2335 627 ipsi
2406 542 2849 627 procuratores,
2911 544 3084 609 tene·

381 633 562 697 antur
607 631 843 696 solvere
889 631 1107 695 statim
1152 631 1216 695 in
1256 631 1519 696 denariis
1565 631 1768 696 solum
1816 650 2022 697 eorum
2070 633 2403 698 successori
2451 633 2529 698 ad
2577 633 2955 698 voluntatem
3009 635 3067 697 d.

385 721 654 803 episcopi
699 723 763 784 et
807 719 1082 802 capituli,
1132 720 1375 784 comitis
1423 722 1485 784 et
1529 721 1801 785 iudicum
1878 720 2182 797 Sibenici3
2253 723 2318 785 et
2364 721 2418 785 si
2478 721 2946 787 contrafecerint
3010 721 3075 785 in

386 809 676 890 predictis
712 827 820 873 seu
864 809 1073 891 aliquo
1120 807 1554 891 predictorum,
1597 809 1920 872 incurrant
1965 807 2026 872 in
2075 827 2297 892 penam
2344 808 2465 891 ipsi
2511 813 2573 875 et
2615 812 2870 891 uterque
2902 809 3070 891 ipso-

386 916 526 961 rum
572 897 893 960 librarum¹
922 899 1168 960 centum
1214 915 1560 979 parvorum,
1608 915 1725 978 que
1773 897 2088 979 perveniat
2126 897 2243 978 ipsi
2287 896 2519 963 fabrice
2581 897 2714 981 ipso
2745 896 2931 962 facto,
2989 897 3074 961 Et

383 985 437 1049 si
482 985 632 1049 dicti
679 985 1102 1067 procuratores
1148 1003 1256 1049 seu
1301 985 1458 1049 alter
1500 1004 1713 1049 eorum
1772 1003 1893 1050 non
1939 982 2170 1050 fuerint
2217 985 2446 1051 soliciti
2513 985 2589 1050 ad
2659 985 2957 1068 predicta,
3007 986 3072 1048 et

384 1074 694 1138 videbitur
740 1072 1002 1138 dominis
1047 1073 1350 1155 episcop0,
1397 1072 1691 1157 capitulo,
1741 1073 1955 1139 comiti
2004 1075 2067 1137 et
2108 1072 2424 1156 judicibus
2471 1073 2736 1139 Sibenici
2793 1093 2902 1139 seu
2951 1092 3083 1138 ma-

380 1161 499 1244 jori
544 1160 709 1244 parti
753 1179 980 1239 eorum,
1032 1162 1191 1244 quod
1238 1181 1355 1227 non
1390 1165 1548 1226 -sunt
1589 1160 1728 1225 boni
1800 1166 1864 1225 et
1932 1162 2119 1225 utiles
2187 1179 2295 1243 pro
2364 1161 2528 1226 dicta
2587 1161 2844 1240 fabrica,
2913 1160 3080 1243 quod

388 1249 620 1315 cassari
665 1249 943 1324 debeant,
987 1250 1055 1313 et
1096 1248 1203 1313 alii
1250 1249 1422 1332 elligi
1469 1251 1731 1314 debeant
1776 1251 1841 1314 et
1885 1251 2028 1333 poni
2076 1249 2139 1314 in
2185 1250 2320 1314 loco
2356 1249 2627 1332 ipsorum
2661 1269 2769 1315 seu
2814 1250 3076 1316 alterius
3135 1252 3140 1259 ’

387 1356 616 1418 eorum,
664 1337 860 1403 modis
908 1339 975 1403 et
1016 1337 1463 1403 conditionibus
1510 1357 1695 1421 supra
1740 1338 2006 1421 scriptia
2055 1337 2160 1421 qui
2207 1336 2427 1402 durare
2473 1337 2739 1402 debeant
2804 1338 2867 1403 in
2914 1338 3079 1403 dicto

385 1426 579 1490 offitio
622 1445 814 1510 usque
860 1427 934 1490 ad
982 1427 1355 1508 completum
1401 1428 1645 1508 tempus
1691 1425 1991 1491 dictorum
2040 1443 2338 1490 annorum
2385 1426 2596 1501 trium,
2644 1443 2752 1508 pro
2805 1428 2876 1490 ut
2907 1428 3075 1491 stare

386 1515 648 1580 debeant
694 1514 808 1590 illi,
846 1514 951 1597 qui
984 1518 1166 1578 erunt
1196 1516 1371 1581 cassi.
1404 1515 1563 1580 Item
1596 1515 1753 1598 quod
1785 1514 2022 1578 domini
2069 1516 2411 1597 episcopuS,
2461 1514 2825 1597 capitulum,
2875 1532 3079 1579 comes

385 1604 450 1667 et
493 1603 726 1668 iudices
773 1604 837 1666 et
880 1601 1206 1667 consilium
1255 1601 1524 1667 Sibenici
1571 1603 1839 1668 debeant
1891 1602 2142 1686 elligere
2188 1604 2341 1667 alios
2417 1602 2549 1668 loco
2614 1603 2907 1685 ipsorum,
2975 1604 3085 1667 aut

389 1692 555 1774 ipsos
603 1691 984 1769 confirmare,
1032 1691 1085 1754 si
1132 1691 1289 1775 ipsis
1337 1691 1557 1756 melius
1606 1690 1911 1756 videbitur
1956 1710 2064 1773 pro
2111 1691 2382 1756 utilitate
2414 1689 2607 1770 ipsius
2640 1691 2896 1755 ecclesie
2927 1693 3075 1756 ante

388 1779 656 1861 spatium
704 1779 946 1845 dierum
992 1782 1129 1843 octo
1176 1779 1275 1846 vel
1320 1781 1665 1862 quindecim
1714 1782 1855 1845 ante
1901 1779 2339 1861 expirationem
2385 1777 2563 1843 offitii
2621 1778 2884 1844 aliorum
2934 1798 3075 1859 pro-

387 1870 754 1945 curatorum,
800 1870 863 1931 et
906 1869 1017 1932 hoc
1060 1885 1166 1948 pro
1210 1868 1481 1932 utilitate
1527 1870 1590 1931 et
1634 1869 1787 1932 bono
1832 1868 2026 1950 ipsius
2059 1868 2315 1933 ecclesie
2361 1870 2423 1932 et
2468 1867 2713 1931 fabrice.
2778 1868 2862 1931 Et
2917 1868 2969 1930 si
3014 1865 3073 1930 d.

387 1956 703 2039 episcopus
751 1959 816 2019 et
857 1955 1194 2039 capitulum
1266 1955 1498 2021 fuerint
1571 1955 1955 2039 negligentes
2029 1956 2094 2020 in
2162 1955 2467 2038 elligendo
2553 1965 2741 2020 unum
2806 1954 3079 2019 nobilem

382 2044 513 2109 loco
559 2044 814 2108 alterius
860 2044 1055 2108 modis
1102 2046 1165 2108 et
1205 2042 1419 2109 formis
1466 2046 1747 2125 superius
1802 2044 2149 2121 declaratiS,
2214 2046 2371 2127 quod
2432 2044 2490 2110 d.
2553 2062 2778 2123 comes,
2844 2042 3076 2108 iudices

383 2133 814 2197 etconsilium
863 2132 1133 2197 civitatis
1183 2131 1451 2198 Sibenici
1499 2134 1751 2216 elligere
1797 2134 2059 2197 debeant
2107 2133 2283 2197 illum
2333 2131 2600 2196 nobilem
2659 2132 2732 2195 de
2794 2132 3072 2196 consilio,

379 2220 461 2284 Et
506 2221 795 2285 similiter
858 2220 908 2284 si
969 2219 1028 2283 d.
1093 2239 1315 2300 comes,
1377 2221 1628 2296 iudiceS,
1678 2223 1760 2286 ·et
1831 2220 2158 2285 consilium
2228 2220 2498 2285 civitatis
2561 2219 2830 2285 Sibenici
2897 2222 3079 2284 erunt

384 2307 767 2392 negligentes
812 2308 877 2373 in
922 2308 1226 2392 elligendo
1271 2329 1460 2373 unum
1523 2311 1596 2372 de
1663 2309 1959 2390 capitulo,
2031 2310 2190 2391 quod
2253 2309 2310 2372 d.
2378 2309 2700 2391 episcopus
2763 2310 2826 2372 et
2905 2307 3077 2391 capi-

380 2396 586 2461 tulum
637 2398 817 2461 illum
867 2396 1116 2481 elligere
1163 2396 1441 2476 debeant,
1508 2400 1571 2461 et
1626 2398 1741 2462 hoc
1800 2399 1985 2462 toties
2048 2398 2285 2480 quoties
2360 2395 2549 2461 fuerit
2609 2396 2934 2479 expediens
3015 2397 3078 2460 et

380 2486 815 2567 opportunum.
862 2483 980 2563 Qui
1026 2485 1233 2550 ellecti
1279 2485 1637 2560 habeantur,
1685 2486 1853 2550 sicut
1905 2485 2169 2551 fuissent
2216 2484 2423 2550 ellecti
2486 2484 2684 2549 modis
2748 2487 2811 2549 et
2855 2483 3072 2549 formis

380 2573 818 2657 suprascriptis
865 2576 928 2637 et
964 2591 1069 2656 pro
1114 2573 1243 2648 illo,
1288 2593 1467 2659 quem
1496 2573 1696 2657 prima
1726 2575 1856 2639 vice
1884 2573 2138 2660 elligere
2170 2573 2492 2647 debebant,
2527 2574 2590 2637 et
2613 2573 2727 2638 hoc
2768 2592 2876 2657 per
2907 2573 3068 2637 bono

378 2664 445 2728 et
485 2663 758 2728 utilitate
804 2662 1000 2744 ipsius
1045 2662 1298 2727 ecclesie
1344 2666 1408 2727 et
1450 2662 1700 2728 fabrice.

590 2750 880 2816 Preterea
925 2751 1313 2816 advertentes
1347 2752 1410 2815 et
1449 2752 1899 2816 considerantes
1945 2750 2064 2834 ipsi
2126 2752 2182 2816 d.
2234 2768 2458 2829 comes,
2509 2749 2737 2815 iudices
2786 2750 2849 2813 et
2900 2747 3077 2833 quin-

375 2856 493 2923 que
538 2840 773 2906 nobiles
820 2839 1102 2921 superius
1148 2838 1466 2916 nominati,
1529 2840 1690 2921 quod
1749 2842 1894 2904 sunt
1954 2839 2220 2922 quedam
2259 2838 2704 2921 >possessiones
2771 2838 2837 2918 ip
2906 2836 3071 2900 villis

334 2921 695 2993 'districtus
744 2926 1020 3002 Sibinici,
1068 2945 1184 3010 que
1229 2929 1642 3010 possessiones
1688 2927 1839 2992 olim
1883 2929 2060 2992 erant
2129 2927 2391 2992 aratoris
2460 2929 2525 2991 et
2580 2945 2688 3009 pro
2749 2925 2949 3003 blado,
3000 2924 3076 2989 de

377 3016 601 3098 quibus
647 3016 1133 3099 possessionibus
1179 3015 1521 3098 capitulum
1562 3014 1827 3081 Sibenici
1873 3035 1909 3081 a
1953 3015 2200 3080 villanis
2247 3015 2562 3080 dictarum
2624 3014 2913 3080 villarum
2961 3012 3074 3077 de-

376 3103 583 3169 cimas·
617 3105 969 3188 recipiebat,
1018 3105 1080 3168 et
1124 3104 1289 3169 dicte
1332 3105 1742 3186 possessiones
1786 3124 1894 3168 seu
1945 3123 2087 3186 pars
2128 3104 2403 3186 ipsarum
2452 3102 2633 3168 modo
2681 3104 2830 3168 sunt
2899 3102 3073 3166 vine-

373 3193 493 3271 ate,
544 3194 617 3257 de
663 3194 884 3278 quibus
929 3192 1124 3258 vineis
1170 3193 1403 3258 dictum
1444 3192 1787 3276 capitulum
1833 3210 1869 3256 a
1917 3193 2164 3257 villanis
2211 3210 2330 3256 non
2378 3192 2596 3273 recipit
2628 3190 2937 3265 decimas;
2986 3188 3065 3253 ad

373 3280 504 3353 hoc,
551 3282 623 3346 ut
667 3300 757 3359 ea,
807 3301 924 3365 que
969 3282 1114 3345 sunt
1159 3281 1274 3358 dei,
1317 3281 1444 3345 sint
1489 3280 1620 3360 deo,
1683 3286 1746 3346 et
1788 3299 1904 3365 que
1949 3284 2094 3344 sunt
2139 3281 2384 3357 cesaris,
2436 3280 2646 3358 cesari,
2738 3278 3074 3344 voluerunt

376 3369 439 3433 et
473 3371 942 3451 promisserunt,
993 3370 1057 3433 et
1097 3370 1450 3434 se'nomine
1497 3373 1560 3433 et
1606 3367 1737 3433 vice
1785 3369 2059 3434 civitatis
2108 3368 2372 3434 Sibenici
2406 3367 2763 3450 obligarunt
2796 3365 3067 3430 auctori-

374 3460 498 3521 tate
546 3459 837 3539 predicta,
887 3459 1045 3541 quod
1091 3457 1166 3520 de
1210 3458 1493 3523 omnibus
1541 3456 2030 3540 possessionibus
2086 3457 2350 3521 vineatis
2416 3457 2693 3520 omnium
2777 3455 3070 3519 villarum

372 3545 692 3610 districtus
741 3547 1028 3623 Sibenici,
1078 3565 1194 3629 que
1240 3545 1419 3610 modo
1467 3547 1611 3610 sunt
1655 3546 1720 3609 et
1766 3564 1873 3627 pro
1920 3547 2190 3627 tempore
2238 3545 2435 3621 erunt,
2485 3544 2699 3608 villani
2762 3543 3066 3607 dictarum

369 3632 663 3698 villarum
711 3636 775 3699 in
822 3635 1179 3717 perpetuum
1227 3633 1376 3698 dent
1421 3637 1484 3698 et
1527 3633 1773 3699 solvant
1816 3632 2087 3699 decimas
2134 3632 2395 3711 debitas,
2443 3633 2514 3697 de
2547 3632 2778 3714 quibus
2812 3631 3070 3696 decimis

368 3721 664 3787 medietas
712 3723 798 3787 sit
841 3724 904 3786 et
949 3741 1082 3786 esse
1129 3722 1346 3788 debeat
1392 3719 1555 3786 dicte
1599 3722 1849 3796 fabrice,
1896 3742 2014 3804 que
2056 3720 2373 3803 pervenire
2429 3719 2649 3785 debeat
2713 3719 2791 3783 ad
2858 3738 3075 3784 manus

367 3811 670 3876 dictorum
716 3813 1178 3894 procuratorum
1224 3830 1331 3875 seu
1373 3809 1784 3892 operariorum
1834 3809 1998 3874 dicte
2071 3809 2320 3887 fabrice,
2391 3810 2454 3872 et
2500 3807 2761 3891 expendi
2810 3808 3076 3871 debeant

366 3918 475 3981 pro
522 3899 658 3982 ipsa
733 3898 966 3968 fabrica
1014 3900 1077 3963 et
1122 3899 1319 3980 ipsius
1365 3917 1545 3980 opere
1592 3901 1656 3961 et
1702 3898 1993 3977 utilitate,
2044 3901 2105 3962 et
2152 3916 2272 3962 non
2321 3897 2521 3974 aliter,
2571 3899 2641 3961 ut
2687 3915 2874 3979 supra
2929 3914 3073 3960 con-

366 3989 618 4065 tinetur,
663 3989 727 4053 et
791 3988 911 4053 alia
976 3985 1273 4052 medietas
1344 3988 1426 4052 sit
1470 3989 1533 4052 et
1578 4005 1711 4051 esse
1759 3987 1978 4052 debeat
2046 3985 2432 4050 dominorum
2504 3983 2733 4051 domini
2805 3983 3072 4067 capituli

371 4073 658 4141 Sibenici.

573 4164 706 4230 Hoc
752 4165 932 4247 pacto
979 4162 1205 4239 addito,
1235 4159 1581 4243 specificato
1628 4163 1691 4226 et
1739 4162 2062 4245 adjuncto:
2110 4162 2271 4246 quod
2314 4159 2367 4224 si
2400 4159 2606 4244 aliquo
2639 4162 2914 4243 tempore
2949 4159 3064 4223 ali-

367 4250 503 4335 quis
549 4272 656 4319 seu
704 4252 890 4335 aliqui
939 4252 1246 4316 dictorum
1293 4249 1660 4315 villanorum
1708 4269 1849 4315 cum
1898 4261 2105 4315 eorum
2151 4248 2393 4315 familia
2462 4254 2524 4312 et
2597 4250 2906 4314 macinata
2953 4267 3057 4311 ve-

368 4342 567 4404 nirent
612 4343 687 4405 ad
736 4340 1163 4415 habitandum,
1214 4338 1573 4403 morandum
1624 4339 1686 4402 in
1749 4340 2000 4404 civitate
2047 4338 2333 4413 Sibenici,
2383 4338 2542 4421 quod
2579 4336 2723 4401 talis
2756 4336 2853 4402 vel
2901 4336 3062 4399 tales

366 4429 489 4492 sint
534 4428 693 4493 liber
737 4433 798 4494 et
841 4429 1040 4506 liberi,
1085 4429 1399 4509 exemptus
1447 4428 1510 4492 et
1540 4428 1808 4510 exempti
1850 4446 1886 4492 a
1934 4426 2112 4492 dictis
2143 4425 2419 4502 decimis,
2462 4425 2733 4490 faciendo
2767 4424 3064 4489 sactiones

366 4516 637 4581 civitatis
685 4515 975 4582 Sibenici.

568 4624 730 4687 Item
778 4624 830 4686 si
900 4622 1272 4705 contingerit
1341 4620 1609 4702 aliquem
1687 4620 1958 4685 nobilem
2011 4619 2105 4683 vel
2153 4620 2502 4701 popalarem
2550 4619 2744 4700 civem
2795 4616 3064 4683 Sibenici

365 4728 562 4774 emere
610 4711 852 4794 aliquas
896 4713 1109 4776 vineas
1157 4710 1228 4774 de
1276 4709 1461 4773 dictis
1509 4710 1725 4788 vineis,
1775 4727 1880 4773 seu
1926 4707 2147 4772 habere
2195 4708 2255 4771 in
2304 4725 2413 4771 suo
2461 4706 2734 4771 dominio
2763 4709 2826 4771 et
2859 4707 3064 4786 potes-

372 4797 1056 4883 tate-qualitercunque
1099 4800 1163 4862 ct
1206 4797 1766 4882 quomodocunque,
1816 4795 1975 4882 quod
2023 4794 2169 4860 talis
2216 4795 2393 4860 vinea
2439 4795 2538 4860 vel
2582 4795 2754 4859 vinee
2825 4794 2952 4857 sint
2996 4790 3068 4855 li·
