3620 5282
519 342 651 409 436

730 515 958 579 Verum
1011 513 1156 597 quia
1198 513 1406 593 posset
1452 528 1631 574 casus
1679 528 2017 585 occurrere,
2074 508 2234 592 qnod
2299 528 2413 572 non
2484 509 2789 589 reperires
2877 505 3284 570 Bernardnm

522 608 583 671 in
633 604 734 670 via
796 622 905 666 nec
954 602 1015 665 in
1073 599 1284 674 Jadra,
1334 598 1715 661 comittimus
1762 598 1899 672 tibi,
1957 600 2117 677 quod
2195 600 2264 660 tu
2313 597 2561 660 studeas
2608 599 2669 659 in
2721 596 2829 658 via
2889 595 2999 657 vel
3055 593 3147 655 ibi
3191 611 3294 672 per

522 695 668 758 illas
711 692 861 759 vias,
907 707 1025 769 que
1072 693 1175 751 tue
1222 685 1524 766 sapientie
1570 686 1961 759 videbuntur,
2012 685 2154 748 dare
2200 701 2446 764 operam
2515 684 2588 747 de
2648 684 2971 764 possendo
3024 681 3285 755 sentire,

523 779 685 863 quod
732 777 899 852 fecit,
952 780 1020 839 ut
1070 773 1397 856 procedere
1444 772 1665 853 possis,
1749 773 2086 834 secundum
2151 771 2314 853 quod
2385 770 2446 833 in
2525 772 2693 834 omni
2771 789 2932 834 casu
2992 770 3288 849 superius

523 869 762 933 dictum
810 866 923 925 est.
1003 859 1122 925 Sed
1202 860 1256 923 si
1332 858 1525 923 nichil
1584 859 1816 921 sentire
1863 876 2096 939 posses,
2146 858 2534 940 prosequaris
2582 861 2800 921 tamen
2848 856 2941 919 ad
2999 874 3142 919 rem
3195 873 3328 916 se·-

521 954 784 1019 cundum
833 949 1095 1031 primam
1144 949 1405 1029 partein,
1455 946 1830 1021 mostrando,
1876 944 2037 1026 quod
2084 946 2447 1020 habeamus,
2508 945 2664 1026 quod
2729 945 3029 1009 debeant
3095 941 3293 1004 fuisse

522 1037 793 1106 contenti
841 1039 914 1099 de
960 1037 1164 1099 nostra
1213 1032 1681 1112 interpositione
1728 1034 1792 1095 et
1839 1050 1993 1109 esse,
2044 1035 2111 1094 et
2155 1030 2503 1097 successive
2550 1034 2759 1114 postea
2809 1034 2892 1095 ad
2948 1030 3124 1095 alias
3158 1045 3298 1109 par-

523 1131 636 1203 tes,
687 1126 737 1189 si
785 1126 851 1187 et
891 1122 1225 1186 secundum
1278 1120 1392 1183 tibi
1437 1119 1501 1182 in
1550 1121 1861 1201 proposito
1909 1120 2144 1182 cadent.

736 1210 856 1274 Sed
933 1209 984 1272 si
1063 1207 1324 1272 sentires
1399 1207 1460 1270 in
1517 1210 1613 1269 via
1678 1225 1715 1269 a
1755 1210 1941 1283 certo,
1991 1205 2153 1287 quod
2200 1204 2513 1270 Jadratini
2560 1204 2942 1270 habuissent
2995 1204 3292 1267 castrum

525 1301 700 1383 Pagi,
750 1301 895 1362 tunc
939 1295 1225 1359 volumus
1271 1295 1429 1375 quod
1476 1312 1593 1357 non
1643 1292 1927 1372 procedas
1975 1293 2254 1359 ulterius.
2305 1292 2410 1355 sed
2460 1292 2760 1356 Venecias
2806 1292 3202 1357 revertaris,

732 1385 1019 1449 Fecimus
1067 1382 1179 1444 tibi
1229 1382 1362 1444 dari
1410 1381 1648 1462 copiam
1698 1380 2176 1458 commissionis,
2225 1398 2411 1463 quam
2460 1380 2743 1442 dedimus
2790 1377 3167 1454 Bernardo,
3215 1377 3288 1438 ut

522 1475 611 1539 sis
667 1472 742 1535 de
785 1471 1073 1535 omnibus
1120 1469 1509 1545 informatus,
1559 1470 1624 1530 et
1681 1467 1908 1530 melius
1973 1466 2297 1549 procedere
2356 1467 2576 1548 possis,
2625 1466 3038 1531 informando
3092 1465 3288 1528 verba

522 1566 631 1625 tua
675 1559 840 1623 sicut
884 1556 1200 1638 superium
1249 1554 1484 1618 dictum
1526 1557 1640 1617 est.

733 1647 829 1709 Ire
874 1643 1059 1707 debes
1111 1661 1251 1705 cum
1304 1660 1424 1705 una
1471 1643 1677 1704 nostra
1724 1641 1957 1706 barcha
2003 1649 2259 1720 armata,
2309 1658 2492 1724 quam
2533 1641 2650 1705 tibi
2696 1639 2832 1704 dari
2880 1640 3194 1714 fecimuS,
3224 1640 3290 1700 et

524 1733 865 1815 expendere
913 1732 1087 1813 potes
1135 1730 1389 1792 ducatos
1435 1733 1562 1791 tres
1611 1729 1672 1791 in
1720 1729 1820 1792 die
1867 1729 1930 1791 in
2000 1730 2288 1793 omnibus
2357 1730 2635 1810 expensis
2702 1746 3111 1809 quocumque
3162 1724 3283 1789 tibi

524 1820 974 1889 occurentibus,
1022 1815 1297 1879 ducendo
1344 1816 1420 1877 ad
1464 1814 1664 1878 dictas
1712 1834 2010 1897 expensas
2052 1835 2246 1880 unum
2294 1816 2606 1881 notarium
2656 1833 2796 1879 cum
2849 1833 2978 1880 une
3034 1812 3284 1877 famulo

526 1913 590 1973 et
636 1911 900 1991 quatuor
947 1901 1301 1966 domicelos.
1345 1902 1439 1966 De
1485 1906 1661 1983 parte
1705 1900 1810 1964 52.

734 1992 971 2057 Jurasti
1018 1994 1135 2054 etc.
1186 1990 1413 2053 Datam
1466 1987 1553 2051 Vl
1601 1988 1760 2066 iulii,
1810 1989 2148 2055 indictione
2198 2008 2376 2054 nona.

614 2082 854 2144 Secreta
902 2079 1071 2139 Cous.
1119 2079 1266 2153 Roy.
1318 2079 1370 2135 1.
1421 2082 1478 2155 7,
1527 2096 1567 2136 u
1613 2080 1769 2138 mlet.
1820 2081 2058 2139 arkivu.

981 2230 1237 2312 noll.
1291 2230 1497 2312 God.
1552 2231 1777 2313 1401.
1830 2234 1887 2313 4
1938 2236 2260 2333 srpnja,
2311 2255 2370 2313 u
2427 2234 2811 2315 Mletclh.

531 2361 720 2422 Tube&
761 2376 825 2419 se
860 2354 1165 2430 poslanici
1197 2354 1400 2428 paiki,
1446 2356 1525 2413 da
1558 2355 1659 2427 jih
1706 2355 1983 2415 Zadrani
2041 2360 2338 2431 smatraju
2403 2359 2516 2416 kao
2577 2363 2779 2426 mrtve,
2828 2361 2883 2415 te
2930 2357 3137 2425 maced,
3185 2354 3267 2412 da

513 2452 632 2524 jt'm
677 2445 989 2520 republika
1031 2445 1141 2501 bar
1183 2444 1352 2515 spasi
1395 2441 1564 2515 livet,
1608 2443 1906 2517 odyovara
1950 2462 2028 2511 se,
2075 2445 2155 2502 da
2187 2449 2256 2518 je
2300 2445 2400 2504 ved
2447 2445 2796 2517 odpravkjen
2843 2445 3047 2517 tajnik
3095 2461 3130 2502 s
3157 2460 3265 2500 ηα-

528 2538 735 2611 loyom,
777 2534 933 2591 nelca
966 2530 1313 2604 poeriednqje
1357 2531 1489 2598 mir,
1536 2534 1591 2587 te
1638 2530 1734 2595 da,
1763 2531 1827 2589 ἑο
1870 2531 2055 2590 dobin·
2094 2532 2289 2605 dalnji
2333 2533 2599 2606 odqovor,
2647 2532 2770 2590 kad
2813 2548 2874 2590 se
2922 2533 3030 2590 isti
3063 2529 3265 2604 tnjnik

1756 2621 2015 2692 povrati.

744 2722 934 2785 1401.
982 2718 1313 2782 indictione
1390 2735 1568 2793 nona,
1648 2718 1744 2782 die
1822 2722 2046 2802 quarto
2089 2720 2244 2785 iulii.
2316 2721 2426 2785 Ser
2476 2721 2844 2785 Benedictus
2892 2717 3263 2801 Superantio

531 2813 910 2896 procurator,
960 2825 1059 2869 ser
1108 2805 1331 2869 Petrus
1379 2804 1612 2879 Pisani,
1662 2806 1973 2887 sapientes
2020 2809 2285 2873 consilii.
2361 2807 2536 2887 Quod
2606 2810 3055 2889 respondeatur
3124 2807 3256 2870 istis

531 2896 877 2965 oratoribus
923 2892 1387 2956 communitatis
1456 2892 1610 2973 Pagi
1659 2892 1732 2955 ad
1804 2894 2278 2972 ambasciatam,
2327 2914 2509 2977 quam
2582 2897 2758 2959 nobis
2825 2896 3254 2976 exposuerunt,

531 2982 940 3051 effectualiter
986 2980 1403 3043 continentem
1452 2978 1918 3043 strictissimam
1970 2983 2378 3046 conditionem
2425 3000 2602 3046 suam
2673 2984 2738 3045 et
2794 2982 2889 3044 sui
2941 2987 3148 3044 status
3194 2981 3255 3041 in

531 3076 800 3147 tantum,
847 3067 1004 3151 quod
1054 3065 1173 3129 nisi
1222 3064 1489 3128 habeant
1535 3065 2019 3147 subventionem,
2071 3088 2253 3152 quam
2301 3087 2338 3132 a
2379 3071 2552 3133 nobis
2592 3068 2739 3133 solis
2785 3071 3058 3150 sperant,
3111 3069 3257 3132 sunt

535 3177 676 3224 cum
756 3155 1032 3238 personis
1108 3156 1172 3215 et
1247 3151 1423 3215 bonis
1496 3152 1625 3215 suis
1671 3154 1953 3233 perituri,
2017 3158 2160 3237 quia
2203 3155 2516 3221 Jadratini
2564 3156 2782 3219 nolunt
2829 3174 2931 3218 eos
2979 3154 3099 3217 nisi
3142 3170 3254 3234 pro

532 3244 885 3312 hominibus
960 3238 1244 3303 mortuis.
1320 3239 1402 3302 Et
1466 3242 1787 3319 propterea
1850 3246 2142 3306 recurunt
2205 3244 2279 3307 ad
2341 3242 2605 3325 gratiam
2672 3247 2949 3306 nostram
3017 3240 3257 3321 suppli-

536 3333 750 3408 cando,
798 3326 961 3410 quod
1010 3327 1331 3408 dignemur
1377 3324 1496 3388 sibi
1540 3325 1884 3402 subvenire,
1935 3332 1999 3392 et
2036 3330 2468 3407 concludendo,
2506 3329 2666 3411 quod
2698 3333 2847 3391 sunt
2881 3328 3079 3409 parati
3112 3329 3260 3390 dare

535 3419 714 3485 nobis
761 3415 1030 3479 insulam
1076 3418 1140 3476 et
1184 3412 1522 3488 civitatem,
1571 3413 1621 3475 si
1668 3414 1956 3478 volumus
2005 3435 2140 3480 eam
2191 3417 2463 3497 accipere
2497 3418 2609 3478 aut
2650 3434 2754 3496 pro
2790 3415 2967 3479 nobis
3002 3418 3111 3477 aut
3143 3431 3256 3494 pro

543 3523 769 3572 corona
812 3499 1154 3581 Hungarie,
1202 3502 1265 3561 et
1309 3498 1548 3580 quando
1604 3518 1742 3578 non,
1790 3504 1951 3583 quod
1998 3504 2332 3568 habeamus
2379 3502 2632 3566 modum
2675 3501 2920 3565 levandi
2973 3501 3138 3582 ipsos
3185 3503 3259 3564 de

538 3594 699 3669 inde,
738 3591 810 3654 ut
849 3589 1113 3652 habeant
1158 3603 1448 3666 personas
1496 3586 1717 3663 salvas,
1766 3592 1898 3651 etc:
1977 3591 2135 3672 quod
2208 3591 2323 3670 ipsi
2402 3590 2628 3653 debent
2709 3608 2843 3652 esse
2892 3588 3252 3663 certissimi,

537 3680 699 3764 quod
747 3695 863 3740 non
910 3674 1113 3737 solum
1162 3672 1236 3734 de
1271 3672 1379 3742 eis,
1427 3692 1577 3754 quos
1624 3692 1869 3754 semper
1913 3678 2261 3738 amavimus
2325 3681 2386 3737 et
2448 3695 2733 3739 amamus
2809 3679 2876 3737 ut
2924 3675 3114 3739 bonos
3163 3675 3256 3736 vi-

538 3764 705 3832 ciiios
751 3769 811 3827 et
851 3762 1081 3825 amicos
1127 3760 1317 3822 nostri
1360 3759 1638 3832 dominii,
1687 3761 1794 3823 sed
1843 3762 1917 3824 de
1972 3763 2087 3838 his,
2136 3763 2243 3844 qui
2296 3767 2463 3827 esset
2512 3763 2688 3826 nobis
2737 3762 3058 3845 incogniti,
3109 3775 3259 3825 co'n-

541 3854 891 3918 doleremus
938 3852 1003 3912 et
1047 3845 1534 3927 compassionem
1585 3846 1673 3908 eis
1716 3846 2105 3926 haberemus,
2177 3848 2419 3930 quando
2490 3849 2770 3912 venirent
2836 3850 2908 3912 ad
2959 3851 3260 3913 terminos

543 3945 605 4005 et
651 3936 1053 4008 conditioneS,
1104 3933 1178 3996 ad
1229 3949 1380 4014 quas
1429 3933 1545 4012 ipsi
1589 3939 1750 4009 sunt,
1800 3938 1863 3998 et
1908 3935 1998 3998 ita
2046 3937 2209 4001 certe
2286 3936 2687 4000 condolemus
2749 3937 2821 3998 de
2870 3936 2978 4011 εἰς,
3028 3938 3092 3998 et
3139 3936 3262 3998 sibi

542 4024 972 4106 compatimur,
1021 4037 1142 4100 qua
1189 4019 1612 4099 compassione
1664 4020 1837 4099 moti,
1888 4021 2053 4085 sicut
2119 4022 2370 4087 scivisse
2447 4025 2800 4103 potuerunt,
2874 4041 2980 4086 nos
3044 4023 3264 4102 pridie,

542 4113 780 4197 quando
824 4109 1023 4191 primo
1071 4106 1467 4169 notificarunt
1512 4107 1687 4169 nobis
1733 4125 1943 4171 casum
2017 4129 2218 4186 suum,
2294 4110 2774 4173 deliberavimus
2851 4109 3122 4182 mittere,
3198 4115 3267 4172 et

544 4200 832 4265 misimus
879 4195 955 4257 de
1001 4193 1271 4274 presenti
1321 4211 1507 4254 unum
1558 4210 1629 4254 ex
1676 4195 2065 4259 cancellariis
2114 4196 2341 4260 nostris
2385 4198 2461 4258 ad
2517 4198 3026 4260 communitatem
3071 4196 3265 4261 Jadre

544 4287 622 4352 ad
668 4279 1078 4348 inducendum
1125 4278 1296 4342 illam
1348 4297 1488 4342 cum
1540 4279 1648 4342 illa
1691 4280 1991 4345 instantia
2029 4285 2092 4346 et
2122 4281 2405 4360 efficatia,
2443 4301 2566 4364 qua
2598 4283 2931 4365 potuimus,
2966 4282 3128 4364 quod
3164 4304 3266 4347 ve-

543 4374 683 4449 lint,
732 4370 889 4451 quod
932 4367 1242 4448 possimus
1290 4383 1400 4428 nos
1439 4366 1824 4446 interponere
1872 4368 1946 4431 ad
1997 4369 2383 4433 tractandum
2433 4370 2995 4433 reconciliationem
3043 4377 3108 4432 et
3151 4389 3262 4451 pa-

546 4477 680 4525 cem
729 4456 892 4519 inter
938 4472 1059 4530 eoS,
1109 4453 1198 4515 ita
1242 4451 1399 4531 quod
1448 4452 1687 4532 possint
1734 4454 1795 4516 in
1845 4473 1993 4536 pace
2038 4456 2371 4536 quiescere,
2417 4458 2483 4518 et
2546 4466 2641 4520 est
2705 4458 2943 4519 tantum
2995 4459 3263 4537 tempus,

547 4544 706 4627 quod
754 4543 957 4623 ipsum
1008 4538 1312 4614 misimuS,
1362 4539 1520 4619 quod
1569 4539 1644 4601 de
1691 4540 1858 4603 brevi
1906 4544 2300 4623 expectamus
2348 4543 2574 4606 habere
2621 4542 3023 4606 intentionem
3074 4547 3138 4607 et
3171 4564 3269 4608 re-

546 4628 933 4713 sponsionem
979 4644 1212 4697 eorum,
1262 4643 1446 4706 quam
1493 4626 1726 4697 habita,
1791 4645 1930 4690 cum
1992 4629 2207 4693 maiori
2265 4630 2554 4693 claritate
2608 4631 2949 4710 poterimus
2998 4631 3117 4692 sibi
3167 4650 3262 4696 re—

543 4714 843 4801 spondere
887 4713 967 4777 ad
999 4712 1127 4789 illa,
1163 4729 1278 4793 que
1309 4710 1597 4775 dixerunt
1627 4712 1823 4777 nobis.
1872 4715 1965 4779 De
1997 4718 2171 4798 parte
2201 4715 2317 4793 223
2368 4717 2441 4780 de
2490 4734 2614 4781 non
2647 4719 2724 4793 Ο;
2772 4735 2894 4781 non
2926 4716 3155 4782 sinceri
3204 4718 3269 4784 9.

628 4804 869 4873 secreta
916 4799 1089 4864 Gens.
1137 4800 1286 4877 Roq.
1332 4800 1392 4861 I.
1441 4802 1502 4883 8,
1543 4819 1587 4860 u
1630 4803 1788 4862 παίει.
1839 4805 2074 4867 arkivu.
3313 4805 3324 4810 ’
