3620 5282
3043 355 3174 419 415

439 527 679 594 extrahi
725 527 801 592 de
846 527 1014 593 terra
1058 526 1180 591 nisi
1227 524 1680 591 discaricatum
1733 524 1921 590 fuerit
1965 525 2197 608 absque
2244 525 2505 592 licencia
2548 526 2744 591 baiuli
2805 528 2869 592 et
2927 529 3175 594 consili-

435 617 706 682 ariorum
752 615 867 679 sub
912 632 1072 697 pena
1109 612 1414 696 predicta.
1461 614 1545 676 Et
1593 613 1708 677 hoc
1756 612 2048 677 mittatur
2094 614 2351 678 dicendo
2398 613 2741 678 comitibus
2787 617 2852 678 et
2896 633 3174 682 commu-

435 705 620 770 nibus
664 702 856 769 Jadre
903 706 967 767 et
1011 701 1272 784 Ragusii
1322 702 1386 765 et
1431 701 1602 778 alibi,
1651 699 1757 765 ubi
1803 702 1951 764 sunt
1996 700 2296 779 homines,
2349 703 2454 784 qui
2488 720 2598 784 pro
2638 700 2894 766 Venetis
2933 699 2997 768 se
3029 722 3175 769 con-

438 791 777 874 stringunt,
828 788 988 873 quod
1037 790 1125 854 ita
1154 788 1423 852 debeant
1466 789 1791 853 observare
1833 790 1896 852 et
1927 786 2126 852 facere
2161 788 2478 853 observari
2510 808 2619 872 per
2651 793 2901 870 gentem
2939 809 3169 856 eorum.

438 880 520 944 Et
563 877 828 943 addatur
873 877 939 940 in
984 875 1526 941 commissionibus
1574 874 1764 940 baiuli
1812 879 1875 939 et
1920 875 2413 940 consiliariorum
2441 877 2649 942 Accon
2694 890 2760 941 et
2803 878 2969 960 Tyri,
3009 881 3168 961 quod

437 966 703 1032 debeant
747 963 1055 1047 inquirere
1103 965 1168 1027 et
1214 981 1495 1038 cercare,
1560 963 1611 1025 si
1666 961 1891 1044 aliquis
1938 963 2398 1042 contrafaceret,
2465 966 2530 1028 et
2592 963 2866 1046 accipere
2931 964 3170 1031 dictam

438 1070 661 1136 penam
704 1050 1191 1130 contrafacienti,
1240 1053 1304 1116 et
1341 1052 1662 1114 accusator
1707 1048 1935 1114 habeat
1980 1051 2237 1115 terciam
2285 1052 2535 1133 partem
2569 1071 2740 1133 pene,
2791 1053 2843 1115 si
2892 1071 2999 1134 per
3030 1054 3170 1119 eius
3263 1137 3266 1138 ⁷

436 1141 899 1207 accusacionem
932 1139 1161 1204 veritas
1193 1139 1618 1221 cognoscetur,
1670 1138 1735 1202 et
1766 1138 2052 1202 teneatur
2083 1139 2156 1202 de
2188 1138 2524 1214 credentia3
2574 1142 2637 1203 et
2667 1139 2720 1203 si
2755 1138 2965 1222 aliqua
2995 1159 3169 1206 occa-

437 1229 610 1294 sione
659 1246 778 1292 non
825 1228 1077 1310 possent
1122 1228 1436 1290 excuttere
1483 1243 1704 1307 penam
1750 1222 2114 1306 predictam,
2165 1227 2449 1291 teneatur
2495 1225 2851 1309 significare
2882 1228 3164 1293 ordinate

435 1315 681 1381 domino
729 1315 868 1379 duci
914 1317 976 1378 et
1019 1313 1490 1378 advocatoribus
1523 1312 1908 1386 communis;
1959 1316 2022 1377 et
2054 1312 2319 1379 addatur
2351 1313 2413 1377 in
2439 1313 2989 1379 commissionibus
3020 1334 3163 1381 con·
3199 1343 3207 1350 ·

435 1403 642 1470 sulum
687 1401 1057 1467 Alexandrie
1105 1400 1418 1478 similiter,
1466 1399 1626 1482 quod
1673 1400 2002 1464 teneantur
2045 1401 2355 1482 inquirere
2400 1402 2467 1466 et
2511 1419 2756 1466 cercare
2780 1403 3055 1484 predicta
3102 1405 3167 1468 et

440 1490 717 1572 accipere
764 1507 987 1572 penam
1035 1487 1524 1553 contrafacienti.
1594 1486 1678 1550 Et
1722 1488 1778 1550 si
1824 1504 1946 1551 non
2010 1489 2258 1568 possent
2318 1487 2595 1570 accipere
2644 1488 2854 1571 aliqua
2898 1492 3164 1569 racione,

435 1578 728 1644 teneatur
769 1576 1118 1658 significare
1164 1576 1438 1641 ordinate
1482 1567 1731 1638 domino
1778 1573 1919 1639 duci
1982 1576 2047 1640 et
2116 1574 2587 1640 advocatoribus
2649 1579 3011 1643 communis.
3084 1579 3170 1643 Et

430 1667 484 1730 si
537 1664 862 1730 consilium
910 1665 1006 1728 est
1049 1665 1283 1739 contra,
1333 1663 1420 1727 sit
1466 1664 1822 1726 revocatum
1866 1665 2172 1743 quantum
2220 1663 2284 1727 in
2331 1662 2462 1727 hoc.

522 1755 708 1814 Liber
746 1755 1072 1814 communis
1115 1754 1211 1812 11.
1259 1754 1403 1822 120,
1450 1770 1494 1811 u
1531 1753 1877 1812 mletackom
1923 1755 2162 1812 arkivu.

769 1942 1027 2024 XLV.
1101 1940 1310 2024 eoo„
1364 1939 1581 2023 1281.
1638 1940 1734 2023 21
1788 1939 2245 2043 listopaua,
2300 1964 2360 2023 u
2415 1941 2805 2024 motem.

791 2067 885 2128 Za
920 2086 1088 2128 vanu
1133 2067 1411 2128 dolazedu
1454 2069 1514 2127 in
1558 2065 1862 2138 slavonije
1907 2068 2309 2141 opredieb'ena
2354 2068 2574 2141 poveca
2617 2068 2787 2128 daca.

637 2190 730 2254 De
775 2187 951 2253 dacio
998 2186 1138 2253 lane
1177 2186 1448 2251 tollendo
1510 2185 1892 2251 Tarvisanis.
1961 2185 2304 2251 Millesimo
2364 2186 2789 2252 ducentesimo
2852 2190 3154 2270 octuage-

428 2276 587 2343 simo
636 2277 855 2359 primo,
903 2275 1240 2340 indictione
1286 2275 1362 2353 X,
1412 2273 1511 2338 die
1559 2273 1711 2338 XXI
1758 2273 2034 2338 octubris
2080 2275 2262 2357 capta
2309 2273 2429 2339 suit
2475 2293 2653 2358 pars:
2702 2275 2861 2358 quod
2908 2275 2984 2340 de
3022 2293 3156 2340 om-

428 2366 610 2430 nibus
655 2363 1166 2439 mercacienibus,
1216 2381 1334 2444 que
1381 2363 1706 2444 portantur
1750 2361 2097 2426 Tarvisium
2143 2363 2210 2426 et
2269 2361 2334 2425 in
2393 2360 2832 2438 Tarvisanam,
2896 2367 2960 2427 et
3032 2381 3153 2428 non

396 2453 572 2517 -sunt
616 2452 680 2515 in
726 2451 939 2534 gracia
985 2469 1097 2515 nec
1143 2449 1492 2532 specificate
1537 2449 1602 2512 in
1650 2447 1840 2526 datio,
1889 2448 2192 2513 tollantur
2236 2466 2347 2532 pro
2390 2448 2564 2515 dacio
2620 2449 2853 2515 denarii
2902 2450 2990 2515 VI
3038 2468 3152 2533 pro

427 2540 608 2619 libra,
656 2538 829 2604 salvo
876 2538 951 2601 de
999 2536 1143 2602 lana
1188 2536 1508 2615 Romanie,
1559 2534 1914 2608 Sclavenie‚
1977 2537 2203 2618 Apulie
2264 2538 2328 2603 et
2375 2536 2600 2602 Cecilie
2661 2541 2727 2602 et
2787 2539 2957 2603 omni
3022 2538 3148 2603 alia
3251 2531 3268 2556 ¹·

431 2627 578 2693 lana
624 2644 862 2711 grossa,
911 2644 1028 2709 que
1071 2624 1319 2692 solvant
1365 2623 1648 2689 denarios
1697 2623 1823 2688 XII
1869 2643 1977 2707 pro
2024 2623 2205 2690 libra.

510 2719 697 2779 Liber
740 2718 1071 2777 communis
1115 2716 1168 2773 Ι.
1217 2718 1361 2786 127,
1408 2733 1452 2775 u
1494 2715 1841 2775 mletackom
1885 2715 2120 2774 arkivu.

773 2905 1078 2987 XLVI.
1163 2903 1345 2987 God
1383 2904 1604 2986 1281.
1656 2905 1713 2986 4
1764 2902 2258 3002 studenoga,
2311 2925 2374 2985 ιι
2425 2903 2817 2987 Mletcih.

432 3031 659 3093 Nazala
702 3048 763 3091 se
806 3032 1032 3091 krckim
1077 3031 1390 3090 knezovom
1434 3030 1748 3098 Fridn'ku,
1805 3030 2008 3088 Ivanu
2050 3031 2075 3087 i
2118 3029 2388 3089 Bartuzu
2412 3073 2426 3099 ,
2472 3030 2556 3088 da
2608 3031 2826 3103 inplete
2869 3031 3074 3092 danak
3118 3034 3142 3091 i
3257 3096 3272 3111 ,

888 3119 1129 3180 doticnu
1169 3119 1363 3193 qlobu,
1400 3118 1489 3177 §to
1531 3135 1610 3192 ya
1655 3119 1796 3177 nisu
1837 3135 1922 3176 na
1965 3118 2344 3191 opredieljeni
2386 3119 2494 3177 rok
2538 3118 2683 3176 dati.

642 3238 819 3318 Quod
866 3234 1243 3322 precipiatui·
1288 3238 1619 3304 comitibus
1666 3239 1881 3321 vegla,
1946 3237 2106 3319 quod
2168 3237 2412 3302 solvant
2469 3236 2750 3303 denarios
2815 3241 3145 3305 communi.

429 3326 770 3392 Millesimo
817 3325 1235 3391 ducentesimo
1281 3327 1709 3410 octuagesimo
1754 3326 1973 3407 prim0,
2024 3324 2355 3390 indictione
2386 3326 2465 3403 X,
2491 3325 2590 3389 die
2637 3328 2853 3408 quarto
2900 3346 3152 3393 novem-

429 3414 597 3479 bris:
644 3415 828 3497 capta
874 3412 995 3477 fuit
1038 3432 1201 3496 pars,
1249 3415 1409 3496 quod
1455 3414 1746 3478 mittatur
1791 3414 1908 3477 sub
1955 3413 2163 3478 debito
2209 3413 2540 3478 iuramenti
2603 3413 2936 3479 comitibus
2999 3416 3149 3480 Fre-

432 3502 640 3566 derico
689 3505 752 3565 et
797 3501 1068 3567 ‚Iohanni
1114 3503 1178 3565 et
1225 3500 1528 3565 Barthulo
1576 3502 1650 3564 de
1702 3501 1916 3583 vegla,
1966 3501 2126 3583 quod
2173 3500 2415 3565 solvant
2479 3500 2798 3580 denarioS,
2859 3519 3009 3582 quos
3050 3505 3146 3568 te-

432 3591 657 3654 nentur
693 3588 931 3653 solvere
978 3588 1308 3667 communi,
1357 3589 1420 3652 et
1466 3607 1709 3671 penam,
1758 3590 1821 3651 in
1869 3606 1988 3670 qua
2035 3586 2419 3664 ceciderunt,
2469 3588 2614 3670 quia
2661 3607 2780 3653 non
2827 3589 3146 3654 solverunt

427 3676 505 3741 ad
550 3677 885 3741 terminum
929 3695 1123 3758 usque
1168 3676 1245 3741 ad
1293 3676 1618 3740 kallendas
1664 3675 1879 3757 aprilis
1925 3674 2097 3757 prius
2140 3676 2463 3753 venturas,
2513 3676 2577 3740 et
2621 3677 2740 3740 sub
2788 3693 2945 3758 pena
2992 3676 3141 3741 soli-

429 3764 647 3828 dorum
695 3763 750 3827 V
795 3781 904 3846 pro
948 3762 1131 3828 libra.

510 3854 698 3914 Liber
734 3855 1060 3914 communis
1105 3855 1164 3917 1.
1214 3856 1359 3932 129,
1407 3872 1451 3914 u
1493 3853 1837 3914 mletackom
1881 3854 2112 3915 arkivu.

792 4041 1131 4122 XLVII.
1203 4040 1407 4123 God.
1465 4041 1686 4125 1282.
1743 4044 1795 4126 9
1853 4044 2224 4146 svibnja,
2278 4066 2338 4125 u
2390 4043 2781 4127 Mlctcih.

619 4166 916 4242 oareajen
963 4168 1123 4238 brou,
1171 4168 1326 4228 nerea
1357 4170 1525 4242 paea,
1572 4169 1652 4228 aa
1694 4186 1756 4229 se
1802 4170 2018 4230 erasm
2059 4172 2262 4231 nevozi
2306 4189 2348 4230 u
2394 4171 2591 4231 Rieku
2634 4173 2658 4230 ι·
2705 4190 2745 4231 u
2790 4170 2952 4246 Sem:

639 4288 731 4351 De
777 4285 950 4370 ligno
994 4285 1270 4369 ponendo
1309 4288 1371 4351 in
1417 4287 1576 4351 mari
1621 4307 1733 4370 pro
1779 4289 2060 4354 custodia
2107 4289 2488 4355 victualium.
2537 4290 2874 4356 Millesimo
2923 4292 3152 4358 ducen-

425 4374 651 4439 tesimo
696 4375 1116 4457 octuagesimo
1174 4374 1476 4453 secundo,
1541 4375 1873 4441 indictione
1930 4378 2201 4455 decima,
2247 4378 2346 4441 die
2393 4378 2485 4442 IX
2532 4378 2716 4443 maii·
2786 4381 2967 4463 capta
3031 4380 3153 4447 fuit

423 4479 588 4544 pars,
635 4462 798 4545 quod
843 4463 1108 4544 ponatur
1152 4462 1461 4544 quoddam
1508 4461 1746 4545 lignum
1795 4464 1859 4528 in
1906 4466 2065 4529 mari
2111 4484 2220 4548 pro
2268 4467 2549 4531 custodia
2594 4466 2982 4548 victualium,
3026 4488 3146 4553 que

423 4549 751 4632 portantur
793 4550 874 4612 ad
920 4549 1187 4614 Flumen
1232 4551 1297 4613 et
1343 4548 1652 4633 Segniam.

511 4640 698 4700 Liber
740 4641 1063 4700 comunis
1108 4640 1445 4711 1.131‚u
1488 4642 1706 4700 arkivu
1738 4642 2099 4703 mletackom.
