3620 5282
2933 387 3059 455 451
3122 395 3128 402 '

620 554 1038 647 'DCXIIL
1095 560 1299 647 God.
1356 554 1586 646 1401.
1636 561 1739 645 28
1785 563 2212 665 prosince,
2268 585 2329 646 u
2376 562 2765 646 Mletcih.

484 686 823 765 Republika
866 691 1187 765 uzkrabuje
1224 691 1427 764 pomo&
1468 691 1702 764 Hrvoji,
1749 664 2137 752 bosansko‘ntu
2180 691 2430 766 vojvodi‚
2464 693 2633 765 proti
2677 690 2929 765 Spb'etu.

569 794 757 859 1401.
810 794 1143 861 indictione
1188 794 1268 872 X,
1317 794 1414 859 die
1460 794 1543 859 28
1590 795 1970 870 decembris⁸⁴
2001 794 2233 878 Capta:
2304 815 2446 860 cum
2519 794 2805 860 dominus
2849 794 3054 859 Ludo·

360 883 528 948 vicus
577 885 650 946 de
698 883 1065 948 Mathafaris
1113 901 1221 965 pro
1272 886 1444 965 parte
1488 881 1729 970 Crevo‘y
1776 886 1850 949 de
1899 884 2161 948 Bossina
2205 903 2348 947 cum
2407 883 2607 948 literis
2653 882 3056 948 credentiali-

357 970 471 1035 bus
519 971 697 1036 nobis
743 972 1109 1055 exposuerit,
1158 972 1318 1053 quod
1354 970 1545 1055 aliqui
1576 973 1810 1037 inimici
1845 973 1942 1037 sui
1975 974 2047 1036 de
2079 970 2330 1054 Spalato
2363 976 2817 1054 occupaverunt
2849 974 3058 1037 locum

360 1059 636 1137 Almisii,
685 1061 847 1142 quod
891 1060 991 1124 est
1032 1079 1234 1136 suum,
1283 1060 1468 1137 etad
1514 1060 1719 1144 ipsum
1787 1062 2046 1143 spectat,
2116 1062 2180 1123 et
2247 1062 2556 1142 rogaverit
2623 1062 2907 1126 nostrum
2955 1061 3062 1124 do·

359 1147 643 1227 minium,
692 1152 996 1231 quatenus
1041 1147 1222 1212 nobis
1268 1148 1509 1231 placeat
1552 1169 1668 1213 non
1717 1151 1860 1213 dare
1904 1147 2201 1212 auxilium
2249 1166 2361 1213 nec
2401 1147 2668 1213 favorem
2711 1149 2896 1213 dictis
2930 1149 3061 1213 suis

360 1234 653 1314 inimicis,
704 1238 809 1301 sed
856 1237 1061 1317 potius
1106 1236 1312 1302 favere
1357 1237 1475 1302 sibi
1525 1238 1814 1320 tanquam
1861 1235 1982 1301 civi
2028 1239 2093 1301 et
2138 1236 2334 1300 amico
2384 1241 2608 1312 nostro,
2643 1238 2707 1300 et
2738 1257 2920 1318 super
2952 1238 3064 1302 hoc

361 1322 567 1388 dictus
611 1323 900 1388 dominus
948 1323 1312 1403 LudoxicuS,
1364 1325 1573 1390 volens
1619 1325 1764 1390 hinc
1808 1325 2113 1403 recedere,
2161 1325 2433 1389 solicitet
2473 1325 2772 1390 instanter
2803 1344 3058 1408 respon-

358 1413 783 1494 sponsionem;
834 1412 1001 1477 vadit
1050 1398 1213 1493 pars,
1262 1414 1420 1498 quod
1468 1414 1911 1497 respondeatur
1955 1414 2120 1478 dicto
2165 1411 2592 1488 ambassatori,
2656 1413 2818 1495 quod
2865 1414 3060 1479 habe-

353 1518 492 1564 mus
538 1502 773 1565 dictum
820 1499 1140 1566 dominum
1190 1501 1426 1586 Crevoy
1468 1503 1532 1566 in
1579 1520 1792 1566 carum
1840 1503 2037 1566 civem
2070 1504 2131 1566 et
2161 1502 2434 1565 amicum
2469 1504 2771 1578 nostrum,
2806 1502 2870 1579 et
2899 1520 3062 1567 sem—

356 1607 465 1671 per
509 1587 744 1654 fuimus
792 1590 856 1653 et
900 1604 1176 1667 essemus
1221 1593 1418 1673 parati
1467 1589 1542 1654 ad
1589 1590 1793 1654 omnia
1840 1597 2023 1673 grata
2086 1593 2150 1652 et
2221 1587 2614 1670 beneplacita
2662 1607 2770 1654 sue
2817 1591 3060 1673 magni-

355 1674 624 1752 ficentie,
672 1678 738 1742 et
783 1695 903 1741 non
951 1678 1263 1744 modicum
1309 1679 1592 1760 displicet
1637 1678 1837 1757 nobie,
1879 1677 2041 1760 quod
2087 1677 2240 1742 fiant
2284 1681 2496 1742 contra
2564 1693 2707 1740 eum
2773 1697 2890 1753 ree,
2942 1696 3060 1760 que

357 1764 486 1847 sint
527 1764 648 1828 sibi
696 1764 967 1831 moleste
1002 1770 1064 1830 et
1109 1767 1173 1829 in
1216 1768 1509 1830 damnum
1542 1785 1759 1842 suum3
1807 1767 1913 1829 sed
1959 1765 2364 1830 consideratis
2396 1765 2701 1844 omnibus,
2735 1784 2855 1829 non
2889 1766 3063 1830 vide-

357 1852 458 1916 tur
502 1853 677 1917 nobis
727 1843 1053 1943 honestum
1104 1856 1176 1918 de
1220 1854 1609 1938 impediendo
1653 1874 1760 1918 nos
1789 1854 1850 1918 in
1882 1854 2066 1919 factis
2098 1854 2411 1937 predictis,
2455 1857 2521 1920 et
2564 1855 2888 1936 propterea
2923 1853 3064 1937 pla·

358 1941 493 2004 ceat
543 1959 652 2005 sue
697 1943 1161 2025 magnificentie
1211 1944 1438 2009 habere
1485 1961 1594 2008 nos
1642 1945 1985 2008 excusatos,

437 2046 677 2108 Secreta
725 2034 905 2149 Οοῄε.
955 2050 1102 2126 Roq.
1154 2052 1259 2127 46,
1304 2068 1348 2111 u
1392 2051 1548 2111 mlet.
1602 2051 1840 2111 arkivu.

699 2202 1071 2377 oscxlv.
1125 2239 1327 2323 eon.
1382 2238 1610 2323 1402.
1663 2242 1708 2322 1
1760 2239 2103 2343 oxma,
2152 2260 2213 2323 u
2268 2216 2714 2325 sibonum.

352 2380 809 2516 Potvrdjujc(²se
853 2403 1071 2462 uyovor
1137 2385 1427 2460 sklopljen
1470 2386 1668 2533 meidgu
1698 2386 2006 2533 bjskutpom
2048 2385 2392 2445 §ibenickim
2434 2386 2459 2444 i
2503 2402 2688 2457 onom,
2718 2383 2979 2445 obc‘inom
3021 2401 3065 2446 u

1415 2492 1537 2551 1²⁰9
1562 2494 1591 2534 e
1638 2493 1675 2533 u
1762 2492 1854 2534 ese
1884 2491 2000 2534 me.

558 2596 648 2662 Bo
697 2597 913 2665 ifatius
959 2599 1276 2682 episcopus
1321 2615 1541 2665 servus
1600 2615 1919 2663 servorum
1996 2595 2094 2660 dei
2155 2595 2436 2678 episcopo
2499 2594 2897 2680 Traguriensi
2956 2613 3063 2662 sa-

357 2680 553 2748 lutem
601 2708 631 2751 e
713 2688 1114 2771 apostolicam
1163 2687 1577 2752 dilectionem.
1627 2687 1876 2750 Sincere
1904 2684 2254 2750 dilectionis
2286 2684 2560 2761 affectus,
2598 2704 2777 2767 quem
2841 2684 3054 2750 dilecti

352 2769 466 2835 filii
514 2790 644 2840 com
724 2796 840 2842 une
886 2781 949 2841 et
992 2776 1273 2841 homines
1320 2775 1594 2841 civitatis
1642 2773 2058 2840 Sibenicensis
2104 2772 2179 2837 ad
2226 2792 2332 2837 nos
2383 2777 2446 2836 et
2478 2791 2794 2837 romanam
2832 2776 3060 2856 gerunt

356 2859 609 2927 ecclesia
688 2914 703 2941 ,
753 2867 1151 2948 promeretur,
1201 2867 1272 2928 ut
1312 2864 1470 2928 votis
1517 2882 1750 2941 eorum,
1799 2865 2095 2945 quantum
2142 2880 2284 2924 cum
2333 2862 2441 2925 deo
2489 2881 2832 2944 possumus,
2892 2860 3057 2927 favo-

355 2949 602 3014 rabilite
691 2972 1053 3019 annuamus.
1148 2952 1305 3018 Sane
1351 2952 1570 3035 petitio
1617 2970 1724 3032 pro
1772 2953 1944 3031 parte
1992 2951 2296 3014 dictorum
2362 2951 2703 3016 communis
2752 2955 2814 3013 et
2855 2949 3058 3014 homi-

358 3055 504 3100 num
638 3042 732 3106 bis
779 3062 971 3124 nuper
1013 3041 1241 3106 exibita
1281 3042 1654 3112 continebat,
1704 3041 1860 3123 quod
1906 3039 2056 3102 olim
2113 3037 2332 3119 prefati
2378 3056 2698 3102 commune
2742 3043 2806 3102 et
2853 3039 3053 3102 homi-

353 3139 481 3200 nes,
530 3148 568 3212 q
621 3131 640 3193 i
686 3131 937 3196 etiama
984 3135 1274 3212 tempore,
1320 3131 1496 3194 cuius
1543 3128 1833 3193 contrarii
1892 3127 2212 3191 hominum
2289 3127 2586 3189 memoria
2661 3144 2778 3190 non
2828 3128 3058 3203 existit,

354 3218 523 3278 certa
611 3218 876 3284 decimas
923 3219 1204 3301 episcopo
1251 3216 1630 3283 Sibenicensi
1673 3233 1779 3297 pro
1827 3219 2101 3295 tempore
2134 3215 2419 3278 existenti
2468 3213 2785 3278 annuatim
2820 3213 3061 3280 dareet

357 3301 523 3366 solve
641 3308 1042 3383 tenebantur3
1091 3308 1498 3379 attendentes
1569 3307 1728 3388 quod
1794 3303 1856 3366 in
1926 3302 2350 3375 recollectione
2417 3303 2795 3366 decimarum
2847 3303 3063 3367 buius·-

357 3390 520 3453 modi
571 3413 681 3477 per
725 3395 1023 3460 officiales
1071 3396 1217 3459 dicti
1267 3393 1537 3477 episcopi
1601 3410 1710 3474 pro
1756 3393 2029 3473 tempore
2076 3392 2410 3454 existentes
2456 3396 2521 3454 et
2581 3391 2657 3454 ad
2704 3390 2820 3453 hoc
2863 3390 3059 3476 depu-

358 3479 521 3541 tatos
599 3484 703 3565 qui
750 3504 814 3548 se
861 3485 924 3549 in
970 3484 1285 3565 premissis
1330 3484 1530 3545 minus
1580 3480 1782 3546 debite
1826 3481 2204 3555 exercebant,
2240 3480 2479 3543 diversa
2510 3478 2802 3542 scandala
2836 3481 2900 3542 et
2928 3480 3055 3543 alia

356 3567 510 3648 neph
564 3575 680 3634 nda
726 3572 989 3636 comissa
1035 3574 1099 3635 et
1156 3573 1501 3653 perpetrata
1569 3570 1924 3644 extiterunt,
1974 3573 2220 3650 propter
2264 3585 2378 3648 que
2426 3569 2585 3630 inter
2633 3567 2796 3631 cives
2843 3570 2907 3631 et
2952 3568 3060 3632 ho·

357 3655 482 3716 min
531 3677 559 3721 s
605 3659 765 3724 dicte
825 3660 1098 3725 civitatis
1145 3665 1209 3723 et
1254 3657 1606 3740 hujusmodi
1652 3656 1947 3721 officiales
2007 3656 2341 3718 homicidia
2403 3657 2466 3718 et
2533 3674 2717 3737 quam
2784 3654 3055 3741 plurima

355 3744 475 3806 mal
571 3748 901 3813 subsecuta
945 3746 1205 3826 fuerant,
1268 3748 1457 3811 iidem
1500 3764 1823 3822 commune
1869 3748 1932 3809 et
1976 3743 2255 3807 homines
2303 3761 2442 3808 cum
2505 3743 2717 3807 eodem
2780 3745 3059 3825 episcopo

358 3832 365 3839 ψ

353 3841 636 3898 lnf'certo
681 3837 894 3901 sinodo
941 3836 1193 3901 ecclesie
1242 3835 1624 3917 Spalatensis
1671 3837 1821 3898 tunc
1891 3832 2196 3896 celebrato
2265 3833 2343 3895 ad
2399 3834 2602 3916 vtalem
2676 3833 3056 3896 devenerunt

74 3903 93 4058 ε
351 3880 762 4004 miricordiam,
810 3925 968 4008 quod
1017 3923 1239 4005 prefati
1286 3942 1608 3988 commune
1679 3925 1740 3986 et
1813 3919 2094 3984 homines
2167 3920 2231 3982 in
2292 3936 2750 4000 recompensam
2797 3938 2869 3983 ac
2917 3919 3049 3984 loco

84 4061 103 4106 ,ι
442 4009 704 4077 iusmodi
751 4014 1132 4077 decimarum
1178 4011 1378 4076 eidem
1426 4010 1706 4092 episcopo
1753 4009 1986 4075 salinas
2034 4008 2264 4089 positas
2296 4008 2359 4071 in
2384 4006 2722 4071 confinibus
2756 4006 3048 4086 Ostrizze,

397 4096 575 4163 illam
620 4099 893 4165 Ostrizze
944 4107 1006 4165 et
1046 4117 1260 4165 eorum
1308 4100 1619 4164 territoria
1664 4097 1778 4162 sub
1829 4097 1977 4162 villa
2023 4096 2444 4176 Tribohungn,
2496 4096 2761 4159 insulam
2809 4094 3039 4176 Crapa-
3131 4125 3140 4138 »

320 4183 438 4262 sni,
484 4187 606 4253 duo
654 4190 841 4255 scolia
888 4189 1181 4254 Karbelle
1226 4191 1289 4252 et
1329 4207 1519 4252 unum
1565 4187 1826 4250 scolium
1857 4184 2047 4250 Oblik
2082 4191 2519 4266 nuncupatum,
2552 4182 2865 4248 territoria
2896 4204 3042 4248 cum

255 4251 319 4292 ‘s
356 4277 600 4352 pascuis
646 4277 708 4342 in
757 4280 1024 4343 secunda.
1072 4276 1349 4342 Ostrizza
1393 4294 1576 4358 prope
1620 4277 1867 4356 portum
1914 4272 2345 4344 Grebaschiza,
2394 4273 2626 4336 terram
2690 4290 2829 4336 cum
2879 4272 3047 4337 villis

232 4407 235 4412 -
357 4358 423 4424 in
468 4363 818 4449 Bossiglina
854 4359 926 4432 'et
971 4368 1237 4430 decimas
1270 4383 1571 4448 agnorum
1602 4366 1664 4427 et
1693 4380 2053 4445 capreorum
2082 4362 2144 4424 in
2177 4359 2380 4424 insula
2412 4358 2604 4442 Xirya
2633 4358 3047 4425 Sibenicensis

357 4448 618 4516 diocesis
663 4474 807 4519 cum
847 4454 1132 4519 omnibus
1179 4456 1241 4516 et
1288 4453 1552 4536 singulis
1595 4470 1807 4516 eorum
1853 4449 2088 4515 iuribus
2146 4450 2210 4514 et
2256 4448 2640 4529 pertinentiis
2688 4467 2795 4530 per
2844 4450 3052 4529 ipsum

356 4537 713 4623 episcopum
758 4543 1042 4620 tenenda,
1087 4541 1453 4624 possidenda
1498 4541 1561 4604 et
1606 4538 2093 4604 usufructuanda
2140 4538 2204 4601 in
2232 4540 2591 4617 perpetuum
2639 4537 2942 4600 donarunt
2986 4545 3048 4601 et

349 4622 693 4694 liberaliter
729 4635 1191 4700 concesserunt:
1240 4629 1629 4713 prefatasque
1676 4628 2065 4691 donationem
2110 4629 2174 4689 et
2218 4625 2669 4689 concessionem
2723 4642 2843 4688 una
2870 4643 3044 4689 cum-

348 4713 565 4779 eodem
639 4717 697 4783 d.
759 4720 1037 4802 episcopo
1095 4718 1493 4785 obtinuerunt
1560 4734 1597 4779 a
1672 4711 2009 4780 venerabili
2074 4712 2265 4777 fratre
2333 4717 2540 4778 nostro
2600 4713 3049 4795 archiepiscopo

344 4798 690 4882 Spalatensi
734 4808 1104 4882 auctoritate
1148 4806 1455 4873 ordinaria
1499 4803 1868 4884 confirmari,
1916 4820 2024 4885 pro
2068 4802 2145 4867 ut
2188 4802 2260 4867 in
2299 4802 2731 4868 instrumentis
2779 4800 3046 4885 publicis

2839 4951 2879 4998 ξε
