3620 5282
431 350 560 416 326

436 527 554 592 bus
600 526 739 592 aliis
788 527 1095 590 mandatis
1143 525 1370 590 nostris
1418 525 1537 590 sibi
1588 525 1816 603 missiS,
1859 527 2073 590 statim
2120 524 2377 589 redeant
2421 526 2497 589 ad
2564 523 2857 606 culphum
2890 524 3173 588 nostrum

435 616 512 680 ad
556 615 1016 680 hobedientiam
1066 614 1372 696 capitanei
1418 613 1611 678 nostri
1660 614 1908 697 culphy,
1949 616 2019 678 ut
2062 613 2326 696 possint,
2366 613 2416 677 si
2469 613 2929 677 neccessarium
2962 612 3167 690 fuerit,

434 703 776 768 deffendere
824 700 1113 768 honorem
1158 704 1455 779 nostrum,
1505 705 1570 766 et
1616 720 1942 784 procurare
1991 701 2265 766 salutem
2316 704 2379 766 et
2426 700 2866 765 deffensionem
2930 698 3172 782 navigi-

434 810 607 857 orum
656 790 1028 855 nostrorum.
1065 790 1295 854 Omnes
1340 790 1414 854 de
1461 791 1655 872 parte.

523 882 702 941 Misit*
753 881 882 940 XX
891 882 1033 941 VII.
1081 882 1184 951 84,
1229 899 1273 941 u
1312 882 1529 941 arkivu
1570 880 1929 940 mletackom.

582 1094 1309 1179 CCCCLXXXVI.
1392 1093 1598 1176 Gon.
1655 1093 1883 1177 1356.
1941 1092 2042 1176 29
2097 1093 2467 1195 svibnja,
2517 1115 2579 1174 u
2632 1092 3021 1175 Mletcih.

810 1222 1094 1281 Naredba
1138 1239 1181 1280 u
1218 1221 1396 1294 postu
1442 1221 1717 1296 sjeyaecrne
1751 1221 2013 1293 plovitbe
2048 1238 2133 1294 po
2166 1220 2565 1293 jadranskom
2609 1237 2794 1280 moru.

659 1341 848 1406 1356.
899 1340 996 1405 die
1043 1337 1262 1404 XXIX
1311 1340 1497 1419 maii,
1564 1343 1777 1422 capta:
1840 1339 1998 1422 quod
2062 1338 2369 1404 scribatur
2417 1339 2611 1404 duche
2676 1342 2740 1404 et
2803 1339 3172 1405 consiliariis

445 1431 643 1509 Crete,
694 1429 853 1512 quod
902 1429 1193 1493 studeant
1239 1446 1455 1510 parare
1498 1433 1562 1492 et
1599 1428 1817 1492 fulcire
1865 1428 2158 1491 velociter
2202 1428 2413 1509 galeas
2461 1427 2772 1493 ordinatas
2820 1430 2937 1492 etc.

652 1517 893 1582 Barcha
938 1535 1079 1580 vero
1105 1516 1288 1594 itura,
1338 1516 1537 1598 primo
1570 1516 1756 1580 vadat
1801 1517 1880 1579 ad
1907 1516 2295 1597 capitaneum
2345 1516 2409 1580 et
2454 1516 2800 1596 provisores
2828 1514 3170 1594 Sclavenie‚

307 1599 314 1610 '
441 1606 663 1690 quihus
706 1605 1050 1682 mandetur,
1094 1604 1254 1686 quod
1302 1604 1627 1668 remittant
1674 1603 1845 1684 ligna
1892 1602 1968 1666 ad
2040 1602 2387 1666 custodiam
2449 1602 2710 1686 culphy;
2776 1603 3172 1686 postmodum

441 1696 625 1759 vadat
663 1694 742 1758 ad
790 1691 1182 1775 capitaneum
1228 1692 1492 1775 culphy,
1556 1693 1619 1755 et
1669 1690 1786 1755 sibi
1854 1691 2167 1772 presentet
2213 1690 2454 1755 litteras
2501 1695 2779 1770 nostraS,
2851 1710 3000 1774 quas
3049 1691 3170 1755 sibi

437 1781 917 1952 {ssssiegralssrrniuffi
968 1782 1032 1845 et
1077 1781 1293 1863 postea
1336 1780 1632 1862 sequatur
1679 1779 1845 1845 viam
1885 1778 2202 1857 Mothoni‚
2252 1797 2367 1861 quo
2433 1779 2683 1844 accedat
2728 1797 2915 1861 quam
2977 1778 3167 1844 cicius

653 1975 974 2056 Sapientes
1021 1972 1302 2037 ordinum
1351 1971 1700 2055 navigandi.
1773 1969 2005 2053 Capta:
2051 1972 2212 2053 quod
2259 1971 2567 2036 scribatur
2614 1971 2828 2037 comiti
2877 1972 2940 2036 et
2986 1971 3157 2055 capi-

441 2065 622 2128 taneo
669 2062 878 2140 Jadre‚
920 2063 982 2126 et
1027 2061 1116 2126 sic
1164 2060 1510 2138 mandetur,
1559 2060 1720 2143 qnod
1753 2059 1832 2123 ad
1869 2078 2112 2122 omnem
2142 2059 2612 2141 requisitionem
2639 2059 2941 2142 capitanei
2978 2059 3170 2124 nostri

448 2150 672 2234 culphy
712 2150 1025 2231 dessignet
1065 2148 1328 2231 galeam,
1377 2167 1561 2231 quam
1608 2147 1799 2212 habet
1847 2147 1951 2224 ibi,
2002 2147 2100 2211 cui
2145 2146 2277 2229 ipse
2323 2148 2683 2230 capitaneus
2726 2148 2968 2212 duxerit
3002 2147 3165 2211 ordi-

449 2238 740 2315 nandum,
789 2237 1106 2301 retinendo
1156 2237 1350 2313 illam,
1401 2235 1572 2299 cuius
1620 2235 1754 2300 loco
1793 2235 2140 2317 assignabit
2186 2254 2383 2313 suam,
2429 2238 2491 2299 et
2537 2235 2909 2299 remittendo
2942 2237 3162 2319 ipsam

451 2346 632 2409 quam
666 2326 856 2390 cicius
900 2324 1128 2407 poterit
1172 2324 1252 2387 ad
1300 2342 1432 2399 nos,
1482 2323 1813 2398 Venecias;
1865 2324 2205 2387 denotando
2247 2323 2462 2400 eidem,
2512 2323 2670 2406 quod
2696 2323 2771 2388 de
2805 2324 2918 2388 hoc
2959 2326 3172 2388 noster

445 2415 807 2497 capitaneus
855 2412 1083 2495 culphy
1129 2431 1235 2476 nos
1282 2410 1603 2493 requisivit
1650 2432 1757 2493 per
1803 2429 1947 2474 suas
1995 2410 2235 2475 litteras
2283 2412 2599 2493 speciales.

651 2518 883 2601 Capta:
933 2519 1210 2581 ceterum
1257 2517 1590 2593 ordinetur,
1640 2516 1800 2598 quod
1851 2516 1960 2579 illa
2008 2516 2185 2598 galea
2233 2515 2306 2578 de
2352 2535 2642 2581 mensura
2672 2517 2996 2599 galearum
3034 2517 3164 2582 cul-

441 2607 584 2690 phy,
635 2625 819 2689 quam
868 2605 1109 2689 patroni
1158 2607 1482 2670 arsenatus
1522 2604 1754 2669 habent
1802 2604 2081 2687 paratam
2130 2604 2193 2668 in
2240 2606 2548 2682 arsenatu,
2596 2605 2881 2672 mittatur
2907 2605 3167 2671 Jadram

443 2714 631 2777 quam
678 2695 869 2759 cicius
916 2713 1049 2758 esse
1096 2695 1343 2776 potest;
1392 2694 1457 2758 et
1503 2693 1835 2758 mandetur
1895 2692 2105 2756 comiti
2174 2692 2381 2770 Jadre‚
2449 2693 2610 2775 quod
2668 2692 2867 2777 ipsam
2932 2693 3175 2777 galeam

445 2784 540 2846 vel
590 2802 784 2859 snam,
833 2785 973 2846 utra
1019 2782 1217 2882 magis
1266 2781 1586 2864 placuerit,
1635 2781 1975 2863 capitaneo,
2030 2780 2124 2843 vel
2171 2780 2270 2844 cui
2319 2780 2695 2846 ordinaverit
2741 2782 2871 2864 ipse
2940 2781 3177 2863 capita-

444 2890 616 2948 neuS,
659 2871 883 2936 debeat
929 2872 1261 2952 assignare.
1312 2870 1381 2933 In
1430 2887 1570 2933 casu
1619 2888 1780 2944 vero,
1848 2871 1919 2932 ut
1983 2868 2348 2949 predicitur,
2412 2870 2571 2951 quod
2617 2870 2791 2933 fieret
2857 2870 3175 2951 requisitio

444 2958 619 3041 galee
666 2978 773 3022 sue
822 2977 927 3040 per
975 2959 1367 3057 capitaneum
1430 2975 1548 3020 non
1617 2918 1931 3056 applicata
1992 2956 2206 3039 galea,
2275 2974 2455 3040 quam
2523 2956 2848 3021 mittemus
2894 2956 3172 3036 Jadram‚

449 3046 674 3110 debeat
720 3046 1154 3110 nichilominus
1200 3045 1332 3126 ipse
1381 3063 1585 3108 comes
1633 3045 1836 3126 ipsam
1883 3046 2129 3127 galeam
2176 3044 2295 3108 sibi
2344 3043 2439 3110 vel
2479 3043 2576 3107 cui
2625 3044 3031 3124 ordinaverit,
3084 3045 3175 3110 sa-

452 3152 589 3198 cere
634 3135 885 3215 penitus
931 3132 1256 3215 assignari.

539 3224 719 3283 Misti
769 3223 1049 3283 XXVII.
1099 3225 1201 3291 84,
1248 3240 1288 3281 u
1335 3222 1676 3283 mletad‘kom
1716 3224 1949 3282 arkivu.

629 3437 1404 3522 CCCCLXXXVII.
1462 3438 1643 3521 God
1685 3439 1912 3521 1356.
1968 3438 2071 3520 28
2128 3438 2435 3539 lipnja,
2489 3461 2551 3520 u
2602 3439 2994 3521 Mletcih.

446 3566 712 3626 Izabran
758 3566 938 3624 odbor
981 3565 1055 3623 od
1101 3567 1204 3633 25,
1250 3565 1349 3636 koj
1408 3565 1468 3624 dc
1528 3566 1724 3637 skupa
1783 3582 1853 3624 sa
1917 3566 2118 3623 mal-im
2183 3565 2397 3623 viedem
2452 3565 2738 3624 riesavati
2798 3582 2898 3625 sve
2932 3567 3173 3638 poslove

953 3652 1137 3712 cicade
1181 3669 1242 3711 se
1286 3654 1596 3712 razmirice
1641 3653 1919 3725 obstojede
1965 3670 1995 3711 s
2040 3654 2367 3727 uyarehrv.
2415 3654 2681 3727 kralje-m.

660 3773 845 3836 1356.
891 3772 1226 3836 indictione
1268 3772 1376 3849 IX,
1425 3772 1521 3835 die
1569 3772 1845 3837 XXVIII
1910 3773 2082 3851 iunii,
2148 3775 2367 3857 capta:
2434 3773 2724 3857 quoniam
2799 3775 2924 3840 ista
2991 3774 3174 3853 facta,

444 3881 559 3945 que
609 3864 806 3925 facere
852 3861 1150 3924 habemus
1201 3879 1340 3923 cum
1390 3860 1636 3924 domino
1686 3881 1827 3943 rege
1875 3862 2213 3944 Hungarie,
2263 3863 2410 3926 sunt
2455 3880 2679 3945 magna
2727 3864 2791 3927 et
2840 3863 3058 3940 ardua,
3114 3865 3178 3928 et

444 3951 505 4014 in
555 3951 642 4014 eis
688 3950 1003 4013 occurrent
1050 3947 1232 4012 multi
1279 3950 1604 4025 tractatus,
1668 3951 1771 4030 qui
1836 3950 2216 4031 requirerent
2268 3949 2343 4013 de
2406 3949 2502 4013 sui
2569 3953 2791 4014 natura
2871 3951 3175 4015 minorem

447 4056 768 4102 numerum
817 4036 1166 4118 aliquarum
1215 4035 1553 4099 electarum
1599 4055 2037 4118 personarum:
2101 4037 2273 4101 vadit
2322 4057 2459 4118 pars
2490 4087 2504 4113 ,
2570 4037 2731 4120 quod
2800 4040 2864 4103 in
2929 4039 3176 4102 nomine

445 4125 598 4190 Jesu
647 4123 874 4189 Christi
924 4124 1233 4206 eligantur
1277 4125 1452 4187 XXV
1501 4125 1829 4207 sapienteS,
1877 4125 1979 4206 qui
2027 4144 2168 4188 cum
2206 4125 2484 4203 domin0,
2536 4126 2907 4190 consiliariis
2964 4130 3028 4192 et
3072 4145 3175 4191 ca-

447 4213 681 4294 pitibus
729 4212 803 4275 de
853 4211 961 4274 XL
1008 4230 1187 4292 super
1235 4211 1416 4276 dictis
1454 4212 1636 4276 factis
1685 4214 1748 4276 et
1794 4214 2085 4277 omnibus
2130 4213 2616 4295 dependentibus
2663 4214 2741 4278 ab
2782 4214 2871 4278 eis
2906 4215 3176 4279 habeant

446 4300 697 4382 plenam
744 4301 1200 4375 auctoritatem,
1249 4299 1603 4364 libertatem
1652 4302 1715 4364 et
1759 4300 2083 4365 arbitrium
2135 4301 2514 4384 providendi,
2565 4301 2979 4382 expendendi,
3026 4303 3174 4367 saci-

447 4387 586 4451 eudi
635 4390 699 4451 et
744 4386 1115 4451 terminandi
1169 4387 1231 4449 in
1279 4389 1564 4452 omnibus
1614 4390 1678 4452 et
1722 4409 1833 4471 per
1879 4388 2117 4465 omnia,
2195 4389 2358 4453 siout
2419 4390 2674 4453 haberet
2741 4389 2910 4453 istud
2966 4390 3171 4454 consi-

446 4474 622 4538 lium.
672 4475 754 4538 Et
799 4477 1081 4540 teneatur
1125 4475 1330 4539 venire
1373 4477 1540 4540 omni
1587 4476 1687 4539 die
1736 4495 1917 4540 mane
1965 4475 2040 4540 ad
2084 4477 2392 4557 palacium
2452 4477 2529 4539 ad
2594 4478 2799 4541 locum
2866 4478 3171 4542 constitu·

446 4564 580 4626 tum
629 4563 705 4624 ad
750 4580 1076 4643 campanas
1123 4564 1187 4626 et
1232 4562 1415 4627 horas
1462 4563 1779 4628 ordinatas
1828 4563 1942 4628 sub
1990 4582 2144 4645 pena
2190 4564 2522 4629 solidorum
2564 4564 2684 4627 XX
2735 4583 2843 4647 pro
2891 4566 3168 4647 quolibet

449 4649 720 4731 exceptis
767 4649 943 4713 festis
991 4650 1370 4715 solemnibus
1417 4653 1478 4715 et
1524 4651 1945 4717 occasionibus
1995 4651 2367 4732 exceptatis,
2435 4671 2618 4733 quam
2686 4651 2937 4736 exigant
2982 4654 3168 4718 advo-

448 4738 687 4801 catores
733 4737 1031 4801 habentes
1077 4739 1340 4820 partem,
1381 4740 1455 4803 ut
1497 4740 1573 4803 de
1621 4740 1762 4804 aliis
1808 4740 1983 4822 penis
2031 4739 2126 4802 sui
2176 4739 2387 4804 officii.
2437 4741 2517 4803 Et
2563 4738 2804 4823 possint
2850 4741 3046 4823 accipi
3090 4740 3164 4805 de
