3620 5282
422 388 505 454 58

876 562 1100 646 0111.
1156 565 1364 648 Gon.
1417 565 1641 648 1363.
1695 566 1801 648 24
1855 566 2141 667 rujna,
2191 587 2251 646 u
2302 564 2694 646 meteih.

424 708 766 781 Zapom'eda
808 725 869 767 se
902 710 1317 781 pomorskomu
1378 711 1702 783 kapetanu,
1765 710 1920 768 nelca
1974 709 2151 783 yleda
2206 709 2391 768 dobin:
2453 712 2673 783 natray
2730 710 2952 782 imam'e
3004 710 3149 767 ‹mih

930 796 1012 853 Μ
1011 796 1261 873 letenna,
1309 798 1431 870 koji
1473 815 1548 856 su
1590 798 1783 856 uslied
1824 797 2054 870 posasta·
2095 814 2139 855 u
2183 797 2393 856 Drad‘u
2441 796 2639 856 umrli.

634 914 822 979 1363.
868 916 1200 981 indictione
1252 919 1536 994 secunda,
1584 917 1682 982 die
1727 917 1944 982 XXIII
2007 915 2398 997 septembriS,
2459 916 2676 997 capta:
2740 917 2885 998 quia
2947 916 3141 981 nostri

422 1004 795 1067 mercatores
863 1006 1108 1069 utentes
1172 1005 1233 1068 in
1293 1005 1572 1086 partibus
1634 1004 1912 1069 Avalone
1974 1008 2035 1068 et
2083 1004 2409 1080 Durachii,
2472 1004 2652 1068 nobis
2715 1006 3139 1085 exposuerunt,

419 1089 576 1170 quod
637 1093 889 1173 propter
943 1091 1341 1175 epydimiam,
1387 1094 1561 1175 quasi
1623 1110 1835 1156 omnes
1899 1091 2113 1169 nostri,
2176 1090 2280 1173 qui
2343 1090 2656 1154 faciebant
2716 1090 2878 1155 facta
2923 1111 3032 1156 sua
3077 1091 3141 1155 in

419 1176 546 1241 illis
593 1178 896 1260 partibus,
944 1179 1352 1257 decesserunt,
1401 1183 1463 1243 et
1510 1180 1672 1262 quod
1718 1179 1901 1243 Greci
1959 1178 2178 1243 deinde
2221 1178 2469 1242 iverunt
2513 1180 2590 1242 ad
2637 1177 2851 1243 domos
2894 1179 3143 1243 defunc-

420 1266 643 1336 torum,
704 1272 766 1328 et
826 1266 1201 1331 derobarunt
1259 1285 1330 1331 ac
1390 1267 1783 1331 abstulerunt
1844 1268 2052 1332 omnia
2116 1266 2274 1330 bona
2335 1283 2482 1329 ena:
2546 1265 2717 1329 vadit
2762 1285 2921 1348 pars,
2981 1264 3141 1347 quod

418 1352 846 1416 committatur
907 1352 1046 1417 istis
1095 1355 1323 1418 nostris
1375 1353 1590 1438 galeis,
1654 1374 1770 1436 que
1831 1354 2064 1419 vadunt
2122 1355 2312 1430 extra,
2384 1352 2543 1435 quod
2609 1354 2773 1417 circa
2819 1371 3143 1436 recupera-

420 1438 648 1503 tionem
711 1440 1002 1505 bonorum
1051 1443 1115 1506 et
1158 1460 1364 1506 rerum
1415 1442 1720 1506 dictorum
1764 1445 2115 1506 nostrorum
2194 1441 2467 1505 fidelium
2528 1438 2762 1503 faciant
2819 1443 2976 1522 apud
3037 1441 3143 1504 de-

418 1526 582 1608 spoti
629 1529 692 1591 et
736 1528 909 1605 alios,
958 1529 1063 1593 ubi
1110 1532 1175 1593 et
1220 1530 1384 1594 sicut
1425 1547 1579 1611 opus
1624 1530 1832 1605 fuerit,
1878 1530 2165 1612 quicquid
2228 1529 2365 1593 boni
2431 1530 2742 1611 poterunt,
2808 1545 2923 1591 non
2990 1527 3141 1592 sini-

418 1613 670 1679 strando
719 1618 1041 1698 propterea
1090 1616 1364 1699 viagium
1403 1636 1580 1681 suum
1629 1618 1693 1680 et
1737 1617 1862 1681 alia
1909 1618 2145 1681 maiora
2191 1617 2374 1680 facta.

504 1741 683 1801 Misce:
731 1741 963 1801 XXXI
1010 1745 1109 1811 40,
1158 1760 1198 1802 u
1243 1744 1396 1803 mlet.
1440 1744 1672 1802 arkivu.

816 1961 1018 2044 CIV.
1076 1964 1280 2045 God.
1336 1964 1560 2047 1363.
1615 1966 1702 2045 ll
1758 1965 2211 2066 listopada‚
2264 1986 2324 2045 u
2377 1963 2766 2046 Mletcih.

637 2122 1011 2205 Respublica
1076 2126 1295 2186 veneta
1335 2123 1553 2188 scribit
1615 2124 1743 2206 regi
1804 2124 2182 2206 Hungariae,
2230 2121 2388 2206 quod
2452 2121 2683 2185 feudati
2745 2123 3016 2186 eiusdem
3081 2123 3140 2185 in

421 2209 627 2275 insula
673 2209 891 2274 Cretae
924 2210 1318 2274 rebellionem
1353 2212 1776 2276 excitaverint.
1822 2212 1963 2276 Ideo
1994 2215 2171 2293 rogat
2205 2211 2435 2288 regiam
2480 2209 2909 2290 majestatem:
2954 2227 3140 2290 „qua-

422 2299 602 2361 tenus
653 2297 994 2380 dignemini
1042 2299 1283 2362 cunctis
1333 2301 1558 2363 vestris
1606 2299 1893 2363 fidelibus
1950 2301 2014 2362 et
2059 2297 2355 2362 subiectis
2418 2295 2752 2360 maritimis
2810 2294 3142 2360 efficaciter

421 2384 733 2466 imponere
779 2387 844 2448 et
891 2386 1203 2460 mandare,
1256 2386 1416 2467 quod
1466 2387 1721 2451 durante
1767 2387 2039 2450 novitate
2086 2385 2387 2467 premissa
2434 2383 2509 2447 ab
2556 2384 2773 2462 eundo,
2838 2383 3143 2447 mittendo

419 2474 485 2536 et
529 2473 944 2536 conversando
1006 2490 1145 2536 cum
1208 2473 1297 2536 eis
1358 2473 1735 2550 abstineant,
1801 2475 1866 2538 et
1924 2473 2003 2536 ab
2068 2473 2233 2536 omni
2280 2490 2492 2536 eorum
2541 2469 2751 2534 favore
2794 2489 2869 2535 ac
2915 2469 3140 2534 auxilio

419 2576 669 2640 prorsus
715 2558 1036 2634 desistant,
1087 2560 1248 2623 sicut
1292 2560 1470 2624 decet
1515 2561 1678 2625 inter
1722 2561 1955 2625 amicos
2009 2559 2261 2636 servari,
2324 2562 2387 2622 et
2448 2560 2609 2623 sicut
2669 2577 2774 2640 pro
2839 2558 3014 2623 nobis
3079 2558 3143 2620 et

419 2646 647 2710 nostris
694 2645 756 2709 in
805 2665 952 2711 casu
999 2647 1190 2712 simili
1237 2649 1598 2713 faceremus.
1650 2651 1812 2713 Data
1857 2649 1945 2713 XI
1992 2648 2280 2724 octobris,
2329 2649 2589 2711 secunde
2637 2646 3044 2714 indictionisst

627 2770 865 2831 Secreta
907 2772 1141 2832 consilii
1184 2778 1540 2858 (opacorum.

764 2994 922 3078 cv.
978 2997 1183 3080 eoo.
1240 3000 1460 3082 1363.
1518 3001 1569 3082 e
1624 2999 2120 3098 studenoga‚
2173 2954 2233 3078 n
2288 2994 2790 3096 visegranu.

631 3154 760 3219 Rex
783 3154 1158 3235 Hungariae,
1204 3156 1590 3220 rescribendo
1639 3156 1893 3231 venetae
1951 3153 2344 3234 reipublicae,
2391 3152 2673 3217 condolet
2704 3151 2798 3214 illi
2824 3151 2900 3215 de
2932 3151 3145 3213 adver-

421 3240 713 3304 sitatibus
759 3241 822 3304 in
867 3240 1069 3316 Creta,
1120 3245 1182 3304 et
1229 3243 1558 3321 promittit,
1614 3261 1679 3306 se
1725 3243 1854 3306 suis
1917 3240 2201 3306 fidelibus
2263 3241 2595 3305 efficaciter
2654 3240 2964 3302 iussurum
3033 3238 3143 3308 „ut

421 3327 678 3390 durante
725 3327 998 3390 novitate
1044 3326 1394 3391 huiusmodi
1439 3330 1517 3392 ab
1565 3329 1730 3392 omni
1779 3329 1987 3392 favore
2036 3330 2100 3391 et
2147 3328 2372 3392 auxilio
2413 3329 2716 3391 dictorum
2751 3325 3136 3389 Cretensium

419 3413 907 3563 ἓῦεὲξηςαῖῖΧῗῖΙ
926 3413 1246 3478 desistant.
1300 3415 1530 3479 Datum
1585 3416 1907 3499 Visegradi
1965 3416 2060 3478 die
2111 3414 2196 3478 VI
2261 3415 2486 3480 mensis
2551 3413 2921 3489 novembriS,
2984 3429 3141 3475 anno

462 3518 653 3563 omini
912 3507 963 3562 .“

514 3606 1055 3667 Commemoralium
1112 3607 1256 3670 VII.
1305 3614 1408 3680 24,
1458 3630 1498 3669 u
1544 3613 1697 3670 mlet.
1746 3614 1979 3670 arkivu.

832 3831 1041 3912 ΟΠ.
1095 3830 1302 3913 God.
1358 3832 1576 3915 1363.
1634 3833 1682 3914 3
1735 3834 2168 3934 prosince,
2221 3857 2279 3915 u
2336 3833 2723 3916 Mletclln.

421 3977 762 4050 Zapovjeda
806 3992 867 4034 se
913 3975 1232 4048 biljeh'niku
1279 3976 1546 4034 Bartulu
1589 3977 1782 4049 Ursio,
1833 3979 1986 4035 nelca
2017 3978 2193 4050 podje
2237 3978 2274 4035 k
2306 3976 2635 4050 aqam-hro.
2669 3976 2889 4046 kraha,
2932 3976 2951 4032 ἱ
2992 3976 3145 4033 nelca

411 4082 493 4137 qa
537 4064 752 4123 zamoli
794 4080 869 4122 za
917 4065 1050 4124 200
1079 4064 1376 4133 striclam,
1423 4065 1545 4137 koji
1586 4066 1644 4123 bi
1673 4083 1734 4124 se
1766 4065 1947 4123 rabili
1977 4082 2017 4122 u
2049 4066 2185 4138 boja
2207 4068 2374 4138 proti
2401 4064 2817 4123 buntovnilcom
2864 4079 2905 4121 u
2952 4063 3141 4120 Kreti.

633 4202 818 4266 1363.
869 4203 910 4266 3
958 4202 1316 4267 decembris,
1367 4204 1688 4278 DominuS,
1737 4203 2070 4268 consiliarii
2133 4204 2197 4267 et
2267 4204 2490 4284 capita.
2563 4201 2791 4283 Capta:
2856 4198 3145 4262 similiter

420 4289 849 4353 committatur
910 4290 1343 4354 Bartholomeo
1403 4291 1588 4356 Ursio
1653 4293 1891 4356 notario
1954 4293 2182 4367 nostro,
2247 4292 2406 4373 quod
2472 4291 2653 4354 vadat
2701 4288 2776 4351 ad
2825 4286 3141 4350 dominum

420 4392 629 4455 regem
676 4376 996 4459 Hungarie
1041 4377 1116 4441 ad
1173 4378 1603 4460 requirendum
1669 4379 1744 4443 ab
1809 4399 1879 4444 eo
1933 4396 2042 4460 pro
2092 4378 2271 4441 factis
2321 4379 2549 4441 nostris
2607 4374 2895 4458 predictis
2952 4391 3145 4454 usqne

420 4460 516 4524 CC
563 4464 824 4527 arcerios
870 4483 1008 4528 cum
1058 4463 1233 4528 soldo
1282 4469 1345 4530 et
1388 4468 1585 4547 pactis
1631 4467 1947 4548 predictis,
2013 4469 2076 4530 et
2136 4467 2190 4529 si
2231 4464 2629 4536 consenserit,
2694 4461 2983 4524 similiter
3045 4463 3149 4523 ‹let

418 4547 714 4623 ordinem,
774 4551 929 4631 qnod
979 4552 1106 4615 sint
1151 4553 1351 4632 parati
1396 4553 1473 4616 ad
1522 4554 1824 4617 marinam
1873 4555 1934 4617 in
2002 4553 2205 4636 aliquo
2269 4552 2400 4615 loco
2456 4551 2627 4629 abili,
2691 4548 2850 4612 unde
2916 4548 3151 4629 possint

419 4635 606 4699 levari
656 4637 731 4699 ad
782 4642 1024 4717 tempus
1070 4639 1570 4705 determinatum.
1621 4642 1678 4719 8,
1730 4661 1845 4705 non
1895 4645 1955 4719 6,
2007 4658 2122 4703 non
2173 4640 2395 4703 sinceri
2444 4639 2506 4702 Ο.

510 4761 749 4818 Secreta
793 4760 1019 4833 colleyii
1066 4760 1214 4836 114,
1262 4781 1304 4820 u
1349 4764 1503 4823 mlet.
1554 4766 1786 4825 arkivu.

617 4923 770 5016 Ἣ.
