<?xml version="1.0" encoding="UTF-8"?>
<!DOCTYPE html PUBLIC "-//W3C//DTD XHTML 1.0 Transitional//EN"
    "http://www.w3.org/TR/xhtml1/DTD/xhtml1-transitional.dtd">
<html xmlns="http://www.w3.org/1999/xhtml" xml:lang="en" lang="en">
 <head>
  <title>
</title>
<meta http-equiv="Content-Type" content="text/html;charset=utf-8" />
  <meta name='ocr-system' content='tesseract 3.04.00' />
  <meta name='ocr-capabilities' content='ocr_page ocr_carea ocr_par ocr_line ocrx_word'/>
</head>
<body>
  <div class='ocr_page' id='page_1' title='image "./monumentaspecta02umjegoog_0944.png"; bbox 0 0 3620 5282; ppageno 0'>
   <div class='ocr_carea' id='block_1_1' title="bbox 508 339 642 407">
    <p class='ocr_par' dir='ltr' id='par_1_1' title="bbox 508 339 642 407">
     <span class='ocr_line' id='line_1_1' title="bbox 508 339 642 407; baseline -0.015 0"><span class='ocrx_word' id='word_1_1' title='bbox 508 339 642 407; x_wconf 79' lang='lat'><strong>386</strong></span> 
     </span>
    </p>
   </div>
   <div class='ocr_carea' id='block_1_2' title="bbox 736 505 3000 611">
    <p class='ocr_par' dir='ltr' id='par_1_2' title="bbox 736 505 3000 611">
     <span class='ocr_line' id='line_1_2' title="bbox 736 505 3000 611; baseline -0.004 -15"><span class='ocrx_word' id='word_1_2' title='bbox 736 511 1218 596; x_wconf 81' lang='lat' dir='ltr'><strong>Dxxxlv.</strong></span> <span class='ocrx_word' id='word_1_3' title='bbox 1273 508 1473 592; x_wconf 75' lang='lat' dir='ltr'><strong>Gon.</strong></span> <span class='ocrx_word' id='word_1_4' title='bbox 1534 507 1760 594; x_wconf 78' lang='lat'><strong>1396.</strong></span> <span class='ocrx_word' id='word_1_5' title='bbox 1816 509 1922 593; x_wconf 79' lang='lat'><strong>28</strong></span> <span class='ocrx_word' id='word_1_6' title='bbox 1977 505 2436 611; x_wconf 64' lang='lat' dir='ltr'><strong>listopzl&#39;da,</strong></span> <span class='ocrx_word' id='word_1_7' title='bbox 2489 531 2551 591; x_wconf 91' lang='lat' dir='ltr'><strong>u</strong></span> <span class='ocrx_word' id='word_1_8' title='bbox 2601 507 3000 590; x_wconf 78' lang='lat' dir='ltr'><strong>Mleteib.</strong></span> 
     </span>
    </p>
   </div>
   <div class='ocr_carea' id='block_1_3' title="bbox 511 652 3256 906">
    <p class='ocr_par' dir='ltr' id='par_1_3' title="bbox 511 652 3256 906">
     <span class='ocr_line' id='line_1_3' title="bbox 513 652 3252 731; baseline -0.004 -11"><span class='ocrx_word' id='word_1_9' title='bbox 513 658 734 720; x_wconf 58' lang='lat' dir='ltr'><strong>Budua</strong></span> <span class='ocrx_word' id='word_1_10' title='bbox 778 657 963 716; x_wconf 76' lang='grc' dir='ltr'><em>ἅοὲαο</em></span> <span class='ocrx_word' id='word_1_11' title='bbox 1004 656 1156 731; x_wconf 47' lang='lat' dir='ltr'><strong>yla&amp;</strong></span> <span class='ocrx_word' id='word_1_12' title='bbox 1205 655 1287 714; x_wconf 84' lang='lat' dir='ltr'><strong>da</strong></span> <span class='ocrx_word' id='word_1_13' title='bbox 1314 656 1382 728; x_wconf 83' lang='lat' dir='ltr'><strong>je</strong></span> <span class='ocrx_word' id='word_1_14' title='bbox 1422 656 1671 729; x_wconf 76' lang='lat' dir='ltr'><strong>uyarski</strong></span> <span class='ocrx_word' id='word_1_15' title='bbox 1716 655 1879 728; x_wconf 73' lang='lat' dir='ltr'><strong>kralj</strong></span> <span class='ocrx_word' id='word_1_16' title='bbox 1925 655 2000 714; x_wconf 86' lang='lat' dir='ltr'><strong>od</strong></span> <span class='ocrx_word' id='word_1_17' title='bbox 2050 655 2302 714; x_wconf 83' lang='lat' dir='ltr'><strong>Turaka</strong></span> <span class='ocrx_word' id='word_1_18' title='bbox 2345 653 2616 727; x_wconf 60' lang='lat' dir='ltr'><strong>patalen,</strong></span> <span class='ocrx_word' id='word_1_19' title='bbox 2662 653 2945 712; x_wconf 64' lang='lat' dir='ltr'><strong>mletacko</strong></span> <span class='ocrx_word' id='word_1_20' title='bbox 2975 652 3134 712; x_wconf 75' lang='grc' dir='ltr'><strong><em>υἰεέε</em></strong></span> <span class='ocrx_word' id='word_1_21' title='bbox 3163 652 3252 709; x_wconf 70' lang='grc' dir='ltr'><strong>εἰ·</strong></span> 
     </span>
     <span class='ocr_line' id='line_1_4' title="bbox 511 738 3256 906; baseline -0.004 -98"><span class='ocrx_word' id='word_1_22' title='bbox 511 749 649 822; x_wconf 69' lang='lat' dir='ltr'><strong>dnje</strong></span> <span class='ocrx_word' id='word_1_23' title='bbox 693 747 862 820; x_wconf 72' lang='lat' dir='ltr'><strong>vv&#39;eke</strong></span> <span class='ocrx_word' id='word_1_24' title='bbox 912 744 1170 803; x_wconf 79' lang='lat' dir='ltr'><strong>naredbe</strong></span> <span class='ocrx_word' id='word_1_25' title='bbox 1215 760 1256 802; x_wconf 79' lang='lat' dir='ltr'><strong>u</strong></span> <span class='ocrx_word' id='word_1_26' title='bbox 1295 744 1553 817; x_wconf 72' lang='lat' dir='ltr'><strong>poqledu</strong></span> <span class='ocrx_word' id='word_1_27' title='bbox 1598 745 1969 906; x_wconf 51' lang='grc' dir='ltr'><strong>εαὸκυὲιὲιέἑια</strong></span> <span class='ocrx_word' id='word_1_28' title='bbox 2000 743 2194 817; x_wconf 78' lang='lat' dir='ltr'><strong>svojih</strong></span> <span class='ocrx_word' id='word_1_29' title='bbox 2250 744 2446 818; x_wconf 70' lang='grc' dir='ltr'><strong><em>ραὶϋα</em></strong></span> <span class='ocrx_word' id='word_1_30' title='bbox 2509 742 2818 803; x_wconf 67' lang='lat' dir='ltr'><strong>nalazedih</strong></span> <span class='ocrx_word' id='word_1_31' title='bbox 2861 758 2925 800; x_wconf 80' lang='lat' dir='ltr'><strong>se</strong></span> <span class='ocrx_word' id='word_1_32' title='bbox 2967 758 3011 799; x_wconf 77' lang='lat' dir='ltr'><strong>u</strong></span> <span class='ocrx_word' id='word_1_33' title='bbox 3078 738 3256 798; x_wconf 75' lang='lat' dir='ltr'><strong>Cari·</strong></span> 
     </span>
    </p>
   </div>
   <div class='ocr_carea' id='block_1_4' title="bbox 514 949 3338 3403">
    <p class='ocr_par' dir='ltr' id='par_1_4' title="bbox 514 949 3338 3403">
     <span class='ocr_line' id='line_1_5' title="bbox 732 949 3252 1033; baseline -0.001 -18"><span class='ocrx_word' id='word_1_34' title='bbox 732 951 915 1016; x_wconf 84' lang='lat'><strong>1396.</strong></span> <span class='ocrx_word' id='word_1_35' title='bbox 964 951 1061 1016; x_wconf 91' lang='lat' dir='ltr'><strong>die</strong></span> <span class='ocrx_word' id='word_1_36' title='bbox 1108 950 1385 1016; x_wconf 87' lang='lat' dir='ltr'>XXVIII</span> <span class='ocrx_word' id='word_1_37' title='bbox 1446 950 1742 1029; x_wconf 80' lang='lat' dir='ltr'><strong>octubriS,</strong></span> <span class='ocrx_word' id='word_1_38' title='bbox 1820 951 2155 1016; x_wconf 65' lang='lat' dir='ltr'><strong>indictione</strong></span> <span class='ocrx_word' id='word_1_39' title='bbox 2223 950 2454 1033; x_wconf 89' lang='lat' dir='ltr'><strong>quinta.</strong></span> <span class='ocrx_word' id='word_1_40' title='bbox 2524 950 2850 1031; x_wconf 71' lang='lat' dir='ltr'><strong>Sapientes</strong></span> <span class='ocrx_word' id='word_1_41' title='bbox 2894 949 3134 1014; x_wconf 89' lang='lat' dir='ltr'><strong>consilii</strong></span> <span class='ocrx_word' id='word_1_42' title='bbox 3183 951 3252 1013; x_wconf 89' lang='lat' dir='ltr'><strong>et</strong></span> 
     </span>
     <span class='ocr_line' id='line_1_6' title="bbox 515 1036 3251 1125; baseline -0.003 -18"><span class='ocrx_word' id='word_1_43' title='bbox 515 1041 823 1124; x_wconf 88' lang='lat' dir='ltr'><strong>sapientes</strong></span> <span class='ocrx_word' id='word_1_44' title='bbox 870 1039 1179 1104; x_wconf 84' lang='lat' dir='ltr'><strong>ordinum.</strong></span> <span class='ocrx_word' id='word_1_45' title='bbox 1228 1037 1449 1119; x_wconf 86' lang='lat' dir='ltr'><strong>Capta:</strong></span> <span class='ocrx_word' id='word_1_46' title='bbox 1488 1041 1635 1125; x_wconf 69' lang='lat' dir='ltr'><strong>quia</strong></span> <span class='ocrx_word' id='word_1_47' title='bbox 1681 1058 1838 1104; x_wconf 86' lang='lat' dir='ltr'><strong>nova</strong></span> <span class='ocrx_word' id='word_1_48' title='bbox 1883 1041 2027 1116; x_wconf 89' lang='lat' dir='ltr'><strong>ista,</strong></span> <span class='ocrx_word' id='word_1_49' title='bbox 2077 1058 2195 1121; x_wconf 87' lang='lat' dir='ltr'><strong>que</strong></span> <span class='ocrx_word' id='word_1_50' title='bbox 2264 1040 2570 1103; x_wconf 79' lang='lat' dir='ltr'><strong>habentur</strong></span> <span class='ocrx_word' id='word_1_51' title='bbox 2644 1037 2720 1102; x_wconf 93' lang='lat' dir='ltr'><strong>de</strong></span> <span class='ocrx_word' id='word_1_52' title='bbox 2789 1036 3073 1102; x_wconf 89' lang='lat' dir='ltr'><strong>conflictu</strong></span> <span class='ocrx_word' id='word_1_53' title='bbox 3139 1038 3251 1100; x_wconf 91' lang='lat' dir='ltr'><strong>do-</strong></span> 
     </span>
     <span class='ocr_line' id='line_1_7' title="bbox 520 1126 3244 1210; baseline -0.002 -16"><span class='ocrx_word' id='word_1_54' title='bbox 520 1129 669 1194; x_wconf 91' lang='lat' dir='ltr'><strong>mini</strong></span> <span class='ocrx_word' id='word_1_55' title='bbox 719 1126 882 1209; x_wconf 90' lang='lat' dir='ltr'><strong>regis</strong></span> <span class='ocrx_word' id='word_1_56' title='bbox 931 1127 1250 1208; x_wconf 85' lang='lat' dir='ltr'><strong>Hungarie</strong></span> <span class='ocrx_word' id='word_1_57' title='bbox 1296 1128 1443 1191; x_wconf 88' lang='lat' dir='ltr'><strong>licet</strong></span> <span class='ocrx_word' id='word_1_58' title='bbox 1487 1128 1639 1191; x_wconf 81' lang='lat' dir='ltr'><strong>satis</strong></span> <span class='ocrx_word' id='word_1_59' title='bbox 1682 1130 1946 1210; x_wconf 83' lang='lat' dir='ltr'><strong>tangant</strong></span> <span class='ocrx_word' id='word_1_60' title='bbox 1992 1126 2368 1209; x_wconf 68' lang='lat' dir='ltr'>generaliter</span> <span class='ocrx_word' id='word_1_61' title='bbox 2430 1130 2627 1190; x_wconf 87' lang='lat' dir='ltr'><strong>totam</strong></span> <span class='ocrx_word' id='word_1_62' title='bbox 2695 1126 3244 1198; x_wconf 72' lang='lat' dir='ltr'><strong>christianitatem,</strong></span> 
     </span>
     <span class='ocr_line' id='line_1_8' title="bbox 514 1216 3246 1299; baseline -0.003 -16"><span class='ocrx_word' id='word_1_63' title='bbox 514 1220 723 1282; x_wconf 84' lang='lat' dir='ltr'><strong>tamen</strong></span> <span class='ocrx_word' id='word_1_64' title='bbox 771 1216 1123 1297; x_wconf 80' lang='lat' dir='ltr'><strong>specialiter</strong></span> <span class='ocrx_word' id='word_1_65' title='bbox 1164 1217 1431 1298; x_wconf 87' lang='lat' dir='ltr'><strong>tangunt</strong></span> <span class='ocrx_word' id='word_1_66' title='bbox 1476 1218 1721 1279; x_wconf 87' lang='lat' dir='ltr'><strong>tantum</strong></span> <span class='ocrx_word' id='word_1_67' title='bbox 1770 1219 2070 1299; x_wconf 90' lang='lat' dir='ltr'><strong>quantum</strong></span> <span class='ocrx_word' id='word_1_68' title='bbox 2100 1218 2356 1298; x_wconf 87' lang='lat' dir='ltr'><strong>tangere</strong></span> <span class='ocrx_word' id='word_1_69' title='bbox 2389 1224 2644 1297; x_wconf 87' lang='lat' dir='ltr'><strong>possent</strong></span> <span class='ocrx_word' id='word_1_70' title='bbox 2675 1216 2909 1277; x_wconf 89' lang='lat' dir='ltr'><strong>statum</strong></span> <span class='ocrx_word' id='word_1_71' title='bbox 2945 1219 3246 1286; x_wconf 88' lang='lat' dir='ltr'><strong>nostrum,</strong></span> 
     </span>
     <span class='ocr_line' id='line_1_9' title="bbox 519 1299 3338 1388; baseline -0.002 -19"><span class='ocrx_word' id='word_1_72' title='bbox 519 1305 686 1369; x_wconf 90' lang='lat' dir='ltr'><strong>sicut</strong></span> <span class='ocrx_word' id='word_1_73' title='bbox 730 1302 996 1387; x_wconf 81' lang='lat' dir='ltr'><strong>quilibet</strong></span> <span class='ocrx_word' id='word_1_74' title='bbox 1045 1305 1255 1385; x_wconf 82' lang='lat' dir='ltr'><strong>potest</strong></span> <span class='ocrx_word' id='word_1_75' title='bbox 1301 1303 1704 1378; x_wconf 86' lang='lat' dir='ltr'><strong>considerare,</strong></span> <span class='ocrx_word' id='word_1_76' title='bbox 1754 1305 1821 1366; x_wconf 89' lang='lat' dir='ltr'><strong>et</strong></span> <span class='ocrx_word' id='word_1_77' title='bbox 1864 1306 2184 1385; x_wconf 88' lang='lat' dir='ltr'><strong>propterea</strong></span> <span class='ocrx_word' id='word_1_78' title='bbox 2232 1304 2497 1384; x_wconf 83' lang='lat' dir='ltr'><strong>expedit,</strong></span> <span class='ocrx_word' id='word_1_79' title='bbox 2542 1302 2703 1384; x_wconf 90' lang='lat' dir='ltr'><strong>quod</strong></span> <span class='ocrx_word' id='word_1_80' title='bbox 2752 1319 2862 1365; x_wconf 91' lang='lat' dir='ltr'><strong>nos</strong></span> <span class='ocrx_word' id='word_1_81' title='bbox 2911 1299 3242 1384; x_wconf 85' lang='lat' dir='ltr'><strong>vigilemus</strong></span> <span class='ocrx_word' id='word_1_82' title='bbox 3326 1379 3338 1388; x_wconf 37' lang='lat'>‚</span> 
     </span>
     <span class='ocr_line' id='line_1_10' title="bbox 521 1389 3249 1472; baseline -0.003 -15"><span class='ocrx_word' id='word_1_83' title='bbox 521 1393 765 1457; x_wconf 80' lang='lat' dir='ltr'><strong>solicite</strong></span> <span class='ocrx_word' id='word_1_84' title='bbox 812 1393 887 1455; x_wconf 88' lang='lat' dir='ltr'><strong>ad</strong></span> <span class='ocrx_word' id='word_1_85' title='bbox 936 1390 1285 1454; x_wconf 84' lang='lat' dir='ltr'><strong>faciendum</strong></span> <span class='ocrx_word' id='word_1_86' title='bbox 1336 1396 1399 1453; x_wconf 90' lang='lat' dir='ltr'><strong>et</strong></span> <span class='ocrx_word' id='word_1_87' title='bbox 1434 1409 1595 1453; x_wconf 88' lang='lat' dir='ltr'><strong>nunc</strong></span> <span class='ocrx_word' id='word_1_88' title='bbox 1641 1395 1705 1453; x_wconf 90' lang='lat' dir='ltr'><strong>et</strong></span> <span class='ocrx_word' id='word_1_89' title='bbox 1745 1390 1807 1453; x_wconf 91' lang='lat' dir='ltr'><strong>in</strong></span> <span class='ocrx_word' id='word_1_90' title='bbox 1879 1395 2195 1472; x_wconf 86' lang='lat' dir='ltr'><strong>posterum</strong></span> <span class='ocrx_word' id='word_1_91' title='bbox 2264 1389 2341 1454; x_wconf 90' lang='lat' dir='ltr'><strong>de</strong></span> <span class='ocrx_word' id='word_1_92' title='bbox 2410 1390 2536 1453; x_wconf 90' lang='lat' dir='ltr'><strong>illis</strong></span> <span class='ocrx_word' id='word_1_93' title='bbox 2612 1389 3081 1472; x_wconf 68' lang='lat' dir='ltr'><strong>provisionibuS,</strong></span> <span class='ocrx_word' id='word_1_94' title='bbox 3129 1406 3249 1469; x_wconf 88' lang='lat' dir='ltr'><strong>que</strong></span> 
     </span>
     <span class='ocr_line' id='line_1_11' title="bbox 525 1475 3243 1563; baseline -0.002 -20"><span class='ocrx_word' id='word_1_95' title='bbox 525 1481 770 1563; x_wconf 83' lang='lat' dir='ltr'><strong>possint</strong></span> <span class='ocrx_word' id='word_1_96' title='bbox 816 1477 1069 1543; x_wconf 87' lang='lat' dir='ltr'><strong>reddere</strong></span> <span class='ocrx_word' id='word_1_97' title='bbox 1116 1477 1516 1542; x_wconf 83' lang='lat' dir='ltr'><strong>securitatem</strong></span> <span class='ocrx_word' id='word_1_98' title='bbox 1561 1478 1736 1541; x_wconf 91' lang='lat' dir='ltr'><strong>nobis</strong></span> <span class='ocrx_word' id='word_1_99' title='bbox 1784 1482 1848 1541; x_wconf 86' lang='lat' dir='ltr'><strong>et</strong></span> <span class='ocrx_word' id='word_1_100' title='bbox 1894 1478 2041 1543; x_wconf 86' lang='lat' dir='ltr'><strong>locis</strong></span> <span class='ocrx_word' id='word_1_101' title='bbox 2087 1479 2363 1552; x_wconf 88' lang='lat' dir='ltr'><strong>nostris;</strong></span> <span class='ocrx_word' id='word_1_102' title='bbox 2433 1477 2604 1541; x_wconf 84' lang='lat' dir='ltr'><strong>vadit</strong></span> <span class='ocrx_word' id='word_1_103' title='bbox 2648 1496 2809 1559; x_wconf 83' lang='lat' dir='ltr'><strong>parS,</strong></span> <span class='ocrx_word' id='word_1_104' title='bbox 2889 1476 3050 1559; x_wconf 91' lang='lat' dir='ltr'><strong>quod</strong></span> <span class='ocrx_word' id='word_1_105' title='bbox 3113 1475 3243 1540; x_wconf 88' lang='lat' dir='ltr'><strong>fieri</strong></span> 
     </span>
     <span class='ocr_line' id='line_1_12' title="bbox 524 1564 3247 1648; baseline -0.002 -16"><span class='ocrx_word' id='word_1_106' title='bbox 524 1570 791 1632; x_wconf 86' lang='lat' dir='ltr'><strong>debeant</strong></span> <span class='ocrx_word' id='word_1_107' title='bbox 853 1570 925 1629; x_wconf 90' lang='lat' dir='ltr'><strong>de</strong></span> <span class='ocrx_word' id='word_1_108' title='bbox 996 1566 1297 1648; x_wconf 78' lang='lat' dir='ltr'><strong>presenti,</strong></span> <span class='ocrx_word' id='word_1_109' title='bbox 1336 1565 1398 1629; x_wconf 93' lang='lat' dir='ltr'><strong>in</strong></span> <span class='ocrx_word' id='word_1_110' title='bbox 1470 1565 1581 1629; x_wconf 90' lang='lat' dir='ltr'><strong>hoc</strong></span> <span class='ocrx_word' id='word_1_111' title='bbox 1651 1566 1909 1630; x_wconf 89' lang='lat' dir='ltr'><strong>consilio</strong></span> <span class='ocrx_word' id='word_1_112' title='bbox 1970 1568 2086 1630; x_wconf 90' lang='lat' dir='ltr'><strong>duo</strong></span> <span class='ocrx_word' id='word_1_113' title='bbox 2147 1567 2344 1629; x_wconf 87' lang='lat' dir='ltr'><strong>nostri</strong></span> <span class='ocrx_word' id='word_1_114' title='bbox 2420 1567 2766 1647; x_wconf 84' lang='lat' dir='ltr'><strong>provisores</strong></span> <span class='ocrx_word' id='word_1_115' title='bbox 2814 1564 3122 1628; x_wconf 83' lang='lat' dir='ltr'><strong>solemnes</strong></span> <span class='ocrx_word' id='word_1_116' title='bbox 3169 1565 3247 1626; x_wconf 91' lang='lat' dir='ltr'><strong>ad</strong></span> 
     </span>
     <span class='ocr_line' id='line_1_13' title="bbox 522 1651 3252 1736; baseline -0.003 -16"><span class='ocrx_word' id='word_1_117' title='bbox 522 1654 794 1720; x_wconf 89' lang='lat' dir='ltr'><strong>eundum</strong></span> <span class='ocrx_word' id='word_1_118' title='bbox 843 1673 1052 1718; x_wconf 83' lang='lat' dir='ltr'><strong>versus</strong></span> <span class='ocrx_word' id='word_1_119' title='bbox 1099 1653 1241 1717; x_wconf 89' lang='lat' dir='ltr'><strong>illas</strong></span> <span class='ocrx_word' id='word_1_120' title='bbox 1279 1656 1488 1736; x_wconf 89' lang='lat' dir='ltr'><strong>partes</strong></span> <span class='ocrx_word' id='word_1_121' title='bbox 1535 1672 1642 1734; x_wconf 90' lang='lat' dir='ltr'><strong>pro</strong></span> <span class='ocrx_word' id='word_1_122' title='bbox 1688 1654 1829 1717; x_wconf 86' lang='lat' dir='ltr'><strong>istis</strong></span> <span class='ocrx_word' id='word_1_123' title='bbox 1876 1653 2057 1717; x_wconf 84' lang='lat' dir='ltr'><strong>factis</strong></span> <span class='ocrx_word' id='word_1_124' title='bbox 2127 1657 2190 1716; x_wconf 91' lang='lat' dir='ltr'><strong>et</strong></span> <span class='ocrx_word' id='word_1_125' title='bbox 2258 1654 2419 1732; x_wconf 58' lang='lat' dir='ltr'><strong>alim,</strong></span> <span class='ocrx_word' id='word_1_126' title='bbox 2490 1672 2608 1735; x_wconf 92' lang='lat' dir='ltr'><strong>que</strong></span> <span class='ocrx_word' id='word_1_127' title='bbox 2670 1653 2759 1716; x_wconf 89' lang='lat' dir='ltr'><strong>eis</strong></span> <span class='ocrx_word' id='word_1_128' title='bbox 2804 1651 3252 1716; x_wconf 87' lang='lat' dir='ltr'><strong>committenda</strong></span> 
     </span>
     <span class='ocr_line' id='line_1_14' title="bbox 520 1740 3248 1823; baseline -0.001 -16"><span class='ocrx_word' id='word_1_129' title='bbox 520 1745 890 1817; x_wconf 85' lang='lat' dir='ltr'><strong>viderentur,</strong></span> <span class='ocrx_word' id='word_1_130' title='bbox 943 1761 1048 1823; x_wconf 89' lang='lat' dir='ltr'><strong>per</strong></span> <span class='ocrx_word' id='word_1_131' title='bbox 1095 1740 1249 1805; x_wconf 85' lang='lat' dir='ltr'><strong>duas</strong></span> <span class='ocrx_word' id='word_1_132' title='bbox 1296 1759 1507 1804; x_wconf 89' lang='lat' dir='ltr'><strong>manus</strong></span> <span class='ocrx_word' id='word_1_133' title='bbox 1555 1741 1927 1805; x_wconf 79' lang='lat' dir='ltr'><strong>electionum</strong></span> <span class='ocrx_word' id='word_1_134' title='bbox 1975 1744 2039 1804; x_wconf 90' lang='lat' dir='ltr'><strong>et</strong></span> <span class='ocrx_word' id='word_1_135' title='bbox 2106 1759 2229 1804; x_wconf 92' lang='lat' dir='ltr'><strong>una</strong></span> <span class='ocrx_word' id='word_1_136' title='bbox 2293 1759 2401 1822; x_wconf 88' lang='lat' dir='ltr'><strong>per</strong></span> <span class='ocrx_word' id='word_1_137' title='bbox 2467 1741 2880 1821; x_wconf 89' lang='lat' dir='ltr'><strong>scruptinium</strong></span> <span class='ocrx_word' id='word_1_138' title='bbox 2930 1741 3091 1803; x_wconf 92' lang='lat' dir='ltr'><strong>inter</strong></span> <span class='ocrx_word' id='word_1_139' title='bbox 3138 1741 3248 1803; x_wconf 92' lang='lat' dir='ltr'><strong>do-</strong></span> 
     </span>
     <span class='ocr_line' id='line_1_15' title="bbox 524 1826 3244 1910; baseline -0.003 -14"><span class='ocrx_word' id='word_1_140' title='bbox 524 1833 784 1903; x_wconf 90' lang='lat' dir='ltr'><strong>minum,</strong></span> <span class='ocrx_word' id='word_1_141' title='bbox 833 1829 1235 1901; x_wconf 82' lang='lat' dir='ltr'><strong>consiliarios,</strong></span> <span class='ocrx_word' id='word_1_142' title='bbox 1285 1830 1494 1910; x_wconf 86' lang='lat' dir='ltr'><strong>capita</strong></span> <span class='ocrx_word' id='word_1_143' title='bbox 1542 1831 1607 1891; x_wconf 92' lang='lat' dir='ltr'><strong>et</strong></span> <span class='ocrx_word' id='word_1_144' title='bbox 1651 1829 1962 1910; x_wconf 89' lang='lat' dir='ltr'><strong>sapientes</strong></span> <span class='ocrx_word' id='word_1_145' title='bbox 1996 1828 2318 1910; x_wconf 84' lang='lat' dir='ltr'><strong>utriusque</strong></span> <span class='ocrx_word' id='word_1_146' title='bbox 2349 1847 2592 1904; x_wconf 77' lang='lat' dir='ltr'><strong>manuS,</strong></span> <span class='ocrx_word' id='word_1_147' title='bbox 2629 1829 2735 1910; x_wconf 91' lang='lat' dir='ltr'><strong>qui</strong></span> <span class='ocrx_word' id='word_1_148' title='bbox 2770 1827 3008 1909; x_wconf 86' lang='lat' dir='ltr'><strong>possint</strong></span> <span class='ocrx_word' id='word_1_149' title='bbox 3047 1826 3244 1909; x_wconf 80' lang='lat' dir='ltr'><strong>accipi</strong></span> 
     </span>
     <span class='ocr_line' id='line_1_16' title="bbox 520 1912 3248 1998; baseline -0.002 -15"><span class='ocrx_word' id='word_1_150' title='bbox 520 1921 594 1983; x_wconf 90' lang='lat' dir='ltr'><strong>de</strong></span> <span class='ocrx_word' id='word_1_151' title='bbox 634 1919 800 1983; x_wconf 88' lang='lat' dir='ltr'><strong>omni</strong></span> <span class='ocrx_word' id='word_1_152' title='bbox 850 1917 983 1982; x_wconf 86' lang='lat' dir='ltr'><strong>loco</strong></span> <span class='ocrx_word' id='word_1_153' title='bbox 1030 1919 1094 1980; x_wconf 86' lang='lat' dir='ltr'><strong>et</strong></span> <span class='ocrx_word' id='word_1_154' title='bbox 1134 1916 1334 1980; x_wconf 80' lang='lat' dir='ltr'><strong>officio</strong></span> <span class='ocrx_word' id='word_1_155' title='bbox 1379 1918 1444 1980; x_wconf 89' lang='lat' dir='ltr'><strong>et</strong></span> <span class='ocrx_word' id='word_1_156' title='bbox 1480 1915 1765 1998; x_wconf 89' lang='lat' dir='ltr'><strong>judicatu</strong></span> <span class='ocrx_word' id='word_1_157' title='bbox 1816 1917 2203 1997; x_wconf 86' lang='lat' dir='ltr'><strong>petitionum,</strong></span> <span class='ocrx_word' id='word_1_158' title='bbox 2252 1916 2637 1981; x_wconf 81' lang='lat' dir='ltr'><strong>auditoribus</strong></span> <span class='ocrx_word' id='word_1_159' title='bbox 2684 1921 2746 1980; x_wconf 90' lang='lat' dir='ltr'><strong>et</strong></span> <span class='ocrx_word' id='word_1_160' title='bbox 2814 1912 2958 1979; x_wconf 85' lang='lat' dir='ltr'><strong>aliis</strong></span> <span class='ocrx_word' id='word_1_161' title='bbox 3005 1915 3248 1991; x_wconf 79' lang='lat' dir='ltr'><strong>officiiS,</strong></span> 
     </span>
     <span class='ocr_line' id='line_1_17' title="bbox 520 2004 3248 2090; baseline -0.002 -21"><span class='ocrx_word' id='word_1_162' title='bbox 520 2006 626 2090; x_wconf 90' lang='lat' dir='ltr'><strong>qui</strong></span> <span class='ocrx_word' id='word_1_163' title='bbox 673 2009 820 2070; x_wconf 90' lang='lat' dir='ltr'><strong>sunt</strong></span> <span class='ocrx_word' id='word_1_164' title='bbox 867 2006 942 2070; x_wconf 89' lang='lat' dir='ltr'><strong>ad</strong></span> <span class='ocrx_word' id='word_1_165' title='bbox 990 2005 1219 2068; x_wconf 88' lang='lat' dir='ltr'><strong>dictam</strong></span> <span class='ocrx_word' id='word_1_166' title='bbox 1266 2004 1709 2080; x_wconf 89' lang='lat' dir='ltr'><strong>condicionem,</strong></span> <span class='ocrx_word' id='word_1_167' title='bbox 1758 2009 1824 2067; x_wconf 83' lang='lat' dir='ltr'><strong>et</strong></span> <span class='ocrx_word' id='word_1_168' title='bbox 1870 2004 2170 2068; x_wconf 87' lang='lat' dir='ltr'><strong>nominari</strong></span> <span class='ocrx_word' id='word_1_169' title='bbox 2232 2004 2478 2081; x_wconf 88' lang='lat' dir='ltr'><strong>debent,</strong></span> <span class='ocrx_word' id='word_1_170' title='bbox 2538 2009 2610 2067; x_wconf 90' lang='lat' dir='ltr'><strong>ut</strong></span> <span class='ocrx_word' id='word_1_171' title='bbox 2658 2004 2716 2067; x_wconf 93' lang='lat' dir='ltr'><strong>in</strong></span> <span class='ocrx_word' id='word_1_172' title='bbox 2768 2004 2899 2067; x_wconf 87' lang='lat' dir='ltr'><strong>suis</strong></span> <span class='ocrx_word' id='word_1_173' title='bbox 2947 2004 3248 2084; x_wconf 87' lang='lat' dir='ltr'><strong>capitula-</strong></span> 
     </span>
     <span class='ocr_line' id='line_1_18' title="bbox 520 2090 3245 2174; baseline -0.002 -16"><span class='ocrx_word' id='word_1_174' title='bbox 520 2094 693 2158; x_wconf 88' lang='lat' dir='ltr'><strong>ribus</strong></span> <span class='ocrx_word' id='word_1_175' title='bbox 742 2095 1109 2169; x_wconf 85' lang='lat' dir='ltr'><strong>continetur,</strong></span> <span class='ocrx_word' id='word_1_176' title='bbox 1159 2094 1222 2155; x_wconf 90' lang='lat' dir='ltr'><strong>et</strong></span> <span class='ocrx_word' id='word_1_177' title='bbox 1268 2092 1597 2155; x_wconf 89' lang='lat' dir='ltr'><strong>teneantur</strong></span> <span class='ocrx_word' id='word_1_178' title='bbox 1646 2095 2009 2171; x_wconf 89' lang='lat' dir='ltr'><strong>respondere</strong></span> <span class='ocrx_word' id='word_1_179' title='bbox 2055 2092 2238 2155; x_wconf 87' lang='lat' dir='ltr'><strong>bodie</strong></span> <span class='ocrx_word' id='word_1_180' title='bbox 2284 2111 2393 2174; x_wconf 89' lang='lat' dir='ltr'><strong>per</strong></span> <span class='ocrx_word' id='word_1_181' title='bbox 2441 2091 2604 2155; x_wconf 90' lang='lat' dir='ltr'><strong>diem</strong></span> <span class='ocrx_word' id='word_1_182' title='bbox 2650 2091 2748 2155; x_wconf 76' lang='lat' dir='ltr'><strong>vel</strong></span> <span class='ocrx_word' id='word_1_183' title='bbox 2781 2109 2935 2155; x_wconf 60' lang='lat' dir='ltr'><strong>&gt;cras</strong></span> <span class='ocrx_word' id='word_1_184' title='bbox 2982 2090 3059 2154; x_wconf 91' lang='lat' dir='ltr'><strong>ad</strong></span> <span class='ocrx_word' id='word_1_185' title='bbox 3125 2094 3245 2153; x_wconf 84' lang='lat' dir='ltr'><strong>ter-</strong></span> 
     </span>
     <span class='ocr_line' id='line_1_19' title="bbox 520 2178 3252 2262; baseline -0.002 -16"><span class='ocrx_word' id='word_1_186' title='bbox 520 2182 648 2246; x_wconf 89' lang='lat' dir='ltr'><strong>cias</strong></span> <span class='ocrx_word' id='word_1_187' title='bbox 704 2181 782 2245; x_wconf 84' lang='lat' dir='ltr'><strong>ad</strong></span> <span class='ocrx_word' id='word_1_188' title='bbox 829 2180 1095 2262; x_wconf 69' lang='lat' dir='ltr'><strong>longine,</strong></span> <span class='ocrx_word' id='word_1_189' title='bbox 1143 2197 1261 2243; x_wconf 91' lang='lat' dir='ltr'><strong>non</strong></span> <span class='ocrx_word' id='word_1_190' title='bbox 1305 2179 1606 2260; x_wconf 89' lang='lat' dir='ltr'><strong>possendo</strong></span> <span class='ocrx_word' id='word_1_191' title='bbox 1677 2178 1947 2243; x_wconf 88' lang='lat' dir='ltr'><strong>refutare</strong></span> <span class='ocrx_word' id='word_1_192' title='bbox 2017 2180 2129 2242; x_wconf 92' lang='lat' dir='ltr'><strong>sub</strong></span> <span class='ocrx_word' id='word_1_193' title='bbox 2195 2197 2350 2260; x_wconf 90' lang='lat' dir='ltr'><strong>pena</strong></span> <span class='ocrx_word' id='word_1_194' title='bbox 2425 2178 2793 2242; x_wconf 87' lang='lat' dir='ltr'><strong>ducatorum</strong></span> <span class='ocrx_word' id='word_1_195' title='bbox 2843 2181 3093 2242; x_wconf 89' lang='lat' dir='ltr'><strong>centum</strong></span> <span class='ocrx_word' id='word_1_196' title='bbox 3147 2197 3252 2258; x_wconf 89' lang='lat' dir='ltr'><strong>pro</strong></span> 
     </span>
     <span class='ocr_line' id='line_1_20' title="bbox 520 2266 3255 2350; baseline -0.002 -17"><span class='ocrx_word' id='word_1_197' title='bbox 520 2274 799 2350; x_wconf 85' lang='lat' dir='ltr'><strong>utroque,</strong></span> <span class='ocrx_word' id='word_1_198' title='bbox 848 2270 912 2332; x_wconf 90' lang='lat' dir='ltr'><strong>et</strong></span> <span class='ocrx_word' id='word_1_199' title='bbox 957 2268 1233 2331; x_wconf 86' lang='lat' dir='ltr'><strong>habeant</strong></span> <span class='ocrx_word' id='word_1_200' title='bbox 1279 2269 1352 2330; x_wconf 91' lang='lat' dir='ltr'><strong>de</strong></span> <span class='ocrx_word' id='word_1_201' title='bbox 1379 2266 1605 2330; x_wconf 88' lang='lat' dir='ltr'><strong>salario</strong></span> <span class='ocrx_word' id='word_1_202' title='bbox 1631 2268 1890 2331; x_wconf 86' lang='lat' dir='ltr'><strong>ducatos</strong></span> <span class='ocrx_word' id='word_1_203' title='bbox 1937 2269 2244 2330; x_wconf 89' lang='lat' dir='ltr'><strong>trecentos</strong></span> <span class='ocrx_word' id='word_1_204' title='bbox 2290 2285 2403 2349; x_wconf 79' lang='lat' dir='ltr'><strong>pro</strong></span> <span class='ocrx_word' id='word_1_205' title='bbox 2447 2267 2668 2348; x_wconf 88' lang='lat' dir='ltr'><strong>primis</strong></span> <span class='ocrx_word' id='word_1_206' title='bbox 2708 2270 2976 2348; x_wconf 85' lang='lat' dir='ltr'><strong>quatuor</strong></span> <span class='ocrx_word' id='word_1_207' title='bbox 3022 2266 3255 2330; x_wconf 88' lang='lat' dir='ltr'><strong>mensi-</strong></span> 
     </span>
     <span class='ocr_line' id='line_1_21' title="bbox 520 2354 3250 2437; baseline -0.002 -16"><span class='ocrx_word' id='word_1_208' title='bbox 520 2357 638 2421; x_wconf 89' lang='lat' dir='ltr'><strong>bus</strong></span> <span class='ocrx_word' id='word_1_209' title='bbox 687 2374 793 2436; x_wconf 84' lang='lat' dir='ltr'><strong>pro</strong></span> <span class='ocrx_word' id='word_1_210' title='bbox 840 2356 1118 2437; x_wconf 86' lang='lat' dir='ltr'><strong>quolibet</strong></span> <span class='ocrx_word' id='word_1_211' title='bbox 1157 2357 1223 2417; x_wconf 91' lang='lat' dir='ltr'><strong>et</strong></span> <span class='ocrx_word' id='word_1_212' title='bbox 1268 2355 1345 2418; x_wconf 89' lang='lat' dir='ltr'><strong>ab</strong></span> <span class='ocrx_word' id='word_1_213' title='bbox 1396 2354 1535 2418; x_wconf 90' lang='lat' dir='ltr'><strong>inde</strong></span> <span class='ocrx_word' id='word_1_214' title='bbox 1581 2356 1641 2418; x_wconf 91' lang='lat' dir='ltr'><strong>in</strong></span> <span class='ocrx_word' id='word_1_215' title='bbox 1689 2357 1873 2418; x_wconf 89' lang='lat' dir='ltr'><strong>antea</strong></span> <span class='ocrx_word' id='word_1_216' title='bbox 1919 2355 2110 2419; x_wconf 87' lang='lat' dir='ltr'><strong>libras</strong></span> <span class='ocrx_word' id='word_1_217' title='bbox 2157 2355 2201 2418; x_wconf 90' lang='lat'><strong>1.</strong></span> <span class='ocrx_word' id='word_1_218' title='bbox 2252 2355 2314 2418; x_wconf 93' lang='lat' dir='ltr'><strong>in</strong></span> <span class='ocrx_word' id='word_1_219' title='bbox 2363 2373 2575 2418; x_wconf 90' lang='lat' dir='ltr'><strong>mense</strong></span> <span class='ocrx_word' id='word_1_220' title='bbox 2622 2356 2687 2419; x_wconf 87' lang='lat' dir='ltr'><strong>et</strong></span> <span class='ocrx_word' id='word_1_221' title='bbox 2730 2356 2962 2418; x_wconf 89' lang='lat' dir='ltr'><strong>ratione</strong></span> <span class='ocrx_word' id='word_1_222' title='bbox 2995 2355 3250 2428; x_wconf 85' lang='lat' dir='ltr'><strong>mensis,</strong></span> 
     </span>
     <span class='ocr_line' id='line_1_22' title="bbox 519 2441 3248 2525; baseline -0.002 -16"><span class='ocrx_word' id='word_1_223' title='bbox 519 2444 792 2509; x_wconf 89' lang='lat' dir='ltr'><strong>ducendo</strong></span> <span class='ocrx_word' id='word_1_224' title='bbox 840 2461 1046 2507; x_wconf 88' lang='lat' dir='ltr'><strong>secum</strong></span> <span class='ocrx_word' id='word_1_225' title='bbox 1097 2449 1222 2506; x_wconf 90' lang='lat' dir='ltr'><strong>tres</strong></span> <span class='ocrx_word' id='word_1_226' title='bbox 1269 2441 1536 2505; x_wconf 81' lang='lat' dir='ltr'><strong>famulos</strong></span> <span class='ocrx_word' id='word_1_227' title='bbox 1581 2460 1686 2523; x_wconf 91' lang='lat' dir='ltr'><strong>pro</strong></span> <span class='ocrx_word' id='word_1_228' title='bbox 1735 2442 2031 2525; x_wconf 89' lang='lat' dir='ltr'><strong>quolibet,</strong></span> <span class='ocrx_word' id='word_1_229' title='bbox 2082 2461 2272 2506; x_wconf 88' lang='lat' dir='ltr'><strong>unum</strong></span> <span class='ocrx_word' id='word_1_230' title='bbox 2320 2443 2630 2506; x_wconf 89' lang='lat' dir='ltr'><strong>notarium</strong></span> <span class='ocrx_word' id='word_1_231' title='bbox 2657 2459 2797 2505; x_wconf 89' lang='lat' dir='ltr'><strong>cum</strong></span> <span class='ocrx_word' id='word_1_232' title='bbox 2845 2460 2964 2506; x_wconf 92' lang='lat' dir='ltr'><strong>uno</strong></span> <span class='ocrx_word' id='word_1_233' title='bbox 2995 2441 3248 2516; x_wconf 87' lang='lat' dir='ltr'><strong>famulo,</strong></span> 
     </span>
     <span class='ocr_line' id='line_1_23' title="bbox 524 2529 3247 2612; baseline -0.002 -16"><span class='ocrx_word' id='word_1_234' title='bbox 524 2551 715 2596; x_wconf 89' lang='lat' dir='ltr'><strong>unum</strong></span> <span class='ocrx_word' id='word_1_235' title='bbox 765 2534 1229 2612; x_wconf 82' lang='lat' dir='ltr'><strong>expensatorem</strong></span> <span class='ocrx_word' id='word_1_236' title='bbox 1278 2532 1343 2593; x_wconf 91' lang='lat' dir='ltr'><strong>et</strong></span> <span class='ocrx_word' id='word_1_237' title='bbox 1387 2549 1576 2593; x_wconf 89' lang='lat' dir='ltr'><strong>unum</strong></span> <span class='ocrx_word' id='word_1_238' title='bbox 1625 2548 1929 2611; x_wconf 84' lang='lat' dir='ltr'><strong>coquum;</strong></span> <span class='ocrx_word' id='word_1_239' title='bbox 1993 2531 2231 2612; x_wconf 86' lang='lat' dir='ltr'><strong>possint</strong></span> <span class='ocrx_word' id='word_1_240' title='bbox 2290 2531 2626 2612; x_wconf 85' lang='lat' dir='ltr'><strong>expendere</strong></span> <span class='ocrx_word' id='word_1_241' title='bbox 2696 2531 2950 2594; x_wconf 84' lang='lat' dir='ltr'><strong>ducatos</strong></span> <span class='ocrx_word' id='word_1_242' title='bbox 3014 2531 3144 2593; x_wconf 88' lang='lat' dir='ltr'><strong>tres</strong></span> <span class='ocrx_word' id='word_1_243' title='bbox 3189 2529 3247 2592; x_wconf 89' lang='lat' dir='ltr'><strong>in</strong></span> 
     </span>
     <span class='ocr_line' id='line_1_24' title="bbox 519 2617 3256 2709; baseline -0.001 -25"><span class='ocrx_word' id='word_1_244' title='bbox 519 2620 621 2684; x_wconf 88' lang='lat' dir='ltr'><strong>die</strong></span> <span class='ocrx_word' id='word_1_245' title='bbox 667 2637 777 2703; x_wconf 90' lang='lat' dir='ltr'><strong>pro</strong></span> <span class='ocrx_word' id='word_1_246' title='bbox 819 2620 1079 2701; x_wconf 88' lang='lat' dir='ltr'><strong>utroque</strong></span> <span class='ocrx_word' id='word_1_247' title='bbox 1129 2622 1259 2682; x_wconf 87' lang='lat' dir='ltr'><strong>tam</strong></span> <span class='ocrx_word' id='word_1_248' title='bbox 1310 2619 1370 2681; x_wconf 91' lang='lat' dir='ltr'><strong>in</strong></span> <span class='ocrx_word' id='word_1_249' title='bbox 1419 2617 1599 2701; x_wconf 85' lang='lat' dir='ltr'><strong>galea</strong></span> <span class='ocrx_word' id='word_1_250' title='bbox 1647 2636 1832 2700; x_wconf 89' lang='lat' dir='ltr'><strong>quam</strong></span> <span class='ocrx_word' id='word_1_251' title='bbox 1884 2618 1945 2682; x_wconf 92' lang='lat' dir='ltr'><strong>in</strong></span> <span class='ocrx_word' id='word_1_252' title='bbox 1992 2622 2174 2688; x_wconf 87' lang='lat' dir='ltr'><strong>terra,</strong></span> <span class='ocrx_word' id='word_1_253' title='bbox 2220 2617 2280 2709; x_wconf 80' lang='lat' dir='ltr'><strong>si</strong></span> <span class='ocrx_word' id='word_1_254' title='bbox 2336 2623 2499 2683; x_wconf 88' lang='lat' dir='ltr'><strong>esset</strong></span> <span class='ocrx_word' id='word_1_255' title='bbox 2570 2635 2831 2696; x_wconf 79' lang='lat' dir='ltr'><strong>necesse,</strong></span> <span class='ocrx_word' id='word_1_256' title='bbox 2881 2617 3040 2700; x_wconf 91' lang='lat' dir='ltr'><strong>quod</strong></span> <span class='ocrx_word' id='word_1_257' title='bbox 3095 2618 3256 2681; x_wconf 88' lang='lat' dir='ltr'><strong>irent</strong></span> 
     </span>
     <span class='ocr_line' id='line_1_25' title="bbox 520 2705 3260 2789; baseline -0.002 -16"><span class='ocrx_word' id='word_1_258' title='bbox 520 2709 584 2773; x_wconf 92' lang='lat' dir='ltr'><strong>in</strong></span> <span class='ocrx_word' id='word_1_259' title='bbox 623 2710 874 2785; x_wconf 85' lang='lat' dir='ltr'><strong>terram,</strong></span> <span class='ocrx_word' id='word_1_260' title='bbox 924 2709 985 2771; x_wconf 91' lang='lat' dir='ltr'><strong>in</strong></span> <span class='ocrx_word' id='word_1_261' title='bbox 1026 2706 1313 2771; x_wconf 91' lang='lat' dir='ltr'><strong>omnibus</strong></span> <span class='ocrx_word' id='word_1_262' title='bbox 1362 2706 1644 2789; x_wconf 86' lang='lat' dir='ltr'><strong>expensis</strong></span> <span class='ocrx_word' id='word_1_263' title='bbox 1692 2709 2263 2789; x_wconf 89' lang='lat' dir='ltr'><strong>quomodocumque</strong></span> <span class='ocrx_word' id='word_1_264' title='bbox 2310 2706 2797 2783; x_wconf 88' lang='lat' dir='ltr'><strong>occurrentibus,</strong></span> <span class='ocrx_word' id='word_1_265' title='bbox 2873 2726 2989 2771; x_wconf 92' lang='lat' dir='ltr'><strong>non</strong></span> <span class='ocrx_word' id='word_1_266' title='bbox 3025 2705 3260 2770; x_wconf 88' lang='lat' dir='ltr'><strong>intelli-</strong></span> 
     </span>
     <span class='ocr_line' id='line_1_26' title="bbox 521 2793 3258 2879; baseline -0.002 -20"><span class='ocrx_word' id='word_1_267' title='bbox 521 2796 718 2879; x_wconf 86' lang='lat' dir='ltr'><strong>gendo</strong></span> <span class='ocrx_word' id='word_1_268' title='bbox 764 2794 842 2859; x_wconf 91' lang='lat' dir='ltr'><strong>de</strong></span> <span class='ocrx_word' id='word_1_269' title='bbox 888 2795 1109 2859; x_wconf 89' lang='lat' dir='ltr'><strong>scortis</strong></span> <span class='ocrx_word' id='word_1_270' title='bbox 1161 2813 1271 2858; x_wconf 93' lang='lat' dir='ltr'><strong>nec</strong></span> <span class='ocrx_word' id='word_1_271' title='bbox 1317 2795 1552 2875; x_wconf 85' lang='lat' dir='ltr'><strong>ageciis</strong></span> <span class='ocrx_word' id='word_1_272' title='bbox 1598 2813 1910 2877; x_wconf 86' lang='lat' dir='ltr'><strong>equorum,</strong></span> <span class='ocrx_word' id='word_1_273' title='bbox 1938 2815 2055 2878; x_wconf 91' lang='lat' dir='ltr'><strong>qne</strong></span> <span class='ocrx_word' id='word_1_274' title='bbox 2101 2799 2310 2858; x_wconf 85' lang='lat' dir='ltr'><strong>essent</strong></span> <span class='ocrx_word' id='word_1_275' title='bbox 2343 2795 2433 2859; x_wconf 90' lang='lat' dir='ltr'><strong>eis</strong></span> <span class='ocrx_word' id='word_1_276' title='bbox 2467 2793 2830 2871; x_wconf 86' lang='lat' dir='ltr'><strong>necessaria,</strong></span> <span class='ocrx_word' id='word_1_277' title='bbox 2866 2799 2932 2857; x_wconf 90' lang='lat' dir='ltr'><strong>et</strong></span> <span class='ocrx_word' id='word_1_278' title='bbox 2964 2793 3258 2857; x_wconf 87' lang='lat' dir='ltr'><strong>recedant</strong></span> 
     </span>
     <span class='ocr_line' id='line_1_27' title="bbox 525 2882 3253 2965; baseline -0.003 -17"><span class='ocrx_word' id='word_1_279' title='bbox 525 2885 1028 2965; x_wconf 87' lang='lat' dir='ltr'><strong>quondocumque</strong></span> <span class='ocrx_word' id='word_1_280' title='bbox 1074 2882 1193 2947; x_wconf 90' lang='lat' dir='ltr'><strong>sibi</strong></span> <span class='ocrx_word' id='word_1_281' title='bbox 1244 2882 1642 2946; x_wconf 85' lang='lat' dir='ltr'><strong>mandabitur</strong></span> <span class='ocrx_word' id='word_1_282' title='bbox 1689 2902 1796 2964; x_wconf 90' lang='lat' dir='ltr'><strong>per</strong></span> <span class='ocrx_word' id='word_1_283' title='bbox 1845 2882 2202 2947; x_wconf 91' lang='lat' dir='ltr'><strong>dominium.</strong></span> <span class='ocrx_word' id='word_1_284' title='bbox 2255 2883 2487 2946; x_wconf 87' lang='lat' dir='ltr'><strong>Verum</strong></span> <span class='ocrx_word' id='word_1_285' title='bbox 2535 2886 2683 2945; x_wconf 90' lang='lat' dir='ltr'><strong>ante</strong></span> <span class='ocrx_word' id='word_1_286' title='bbox 2722 2900 2905 2946; x_wconf 91' lang='lat' dir='ltr'><strong>suum</strong></span> <span class='ocrx_word' id='word_1_287' title='bbox 2940 2899 3253 2945; x_wconf 84' lang='lat' dir='ltr'><strong>recessum</strong></span> 
     </span>
     <span class='ocr_line' id='line_1_28' title="bbox 523 2968 3257 3051; baseline -0.003 -14"><span class='ocrx_word' id='word_1_288' title='bbox 523 2971 807 3037; x_wconf 82' lang='lat' dir='ltr'><strong>venietur</strong></span> <span class='ocrx_word' id='word_1_289' title='bbox 851 2971 931 3035; x_wconf 88' lang='lat' dir='ltr'><strong>ad</strong></span> <span class='ocrx_word' id='word_1_290' title='bbox 979 2971 1144 3034; x_wconf 92' lang='lat' dir='ltr'><strong>istud</strong></span> <span class='ocrx_word' id='word_1_291' title='bbox 1192 2970 1539 3044; x_wconf 87' lang='lat' dir='ltr'><strong>consilium,</strong></span> <span class='ocrx_word' id='word_1_292' title='bbox 1581 2973 1644 3033; x_wconf 87' lang='lat' dir='ltr'><strong>et</strong></span> <span class='ocrx_word' id='word_1_293' title='bbox 1689 2970 2113 3051; x_wconf 85' lang='lat' dir='ltr'><strong>providebitur</strong></span> <span class='ocrx_word' id='word_1_294' title='bbox 2159 2970 2234 3032; x_wconf 94' lang='lat' dir='ltr'><strong>de</strong></span> <span class='ocrx_word' id='word_1_295' title='bbox 2283 2970 2653 3033; x_wconf 89' lang='lat' dir='ltr'><strong>comissione</strong></span> <span class='ocrx_word' id='word_1_296' title='bbox 2699 2988 2831 3044; x_wconf 87' lang='lat' dir='ltr'><strong>sua,</strong></span> <span class='ocrx_word' id='word_1_297' title='bbox 2867 2968 3038 3033; x_wconf 87' lang='lat' dir='ltr'><strong>etde</strong></span> <span class='ocrx_word' id='word_1_298' title='bbox 3076 2968 3257 3031; x_wconf 89' lang='lat' dir='ltr'><strong>modo</strong></span> 
     </span>
     <span class='ocr_line' id='line_1_29' title="bbox 524 3056 3254 3140; baseline -0.001 -17"><span class='ocrx_word' id='word_1_299' title='bbox 524 3062 589 3124; x_wconf 91' lang='lat' dir='ltr'><strong>et</strong></span> <span class='ocrx_word' id='word_1_300' title='bbox 634 3058 868 3134; x_wconf 79' lang='lat' dir='ltr'><strong>ordine,</strong></span> <span class='ocrx_word' id='word_1_301' title='bbox 918 3077 1097 3140; x_wconf 90' lang='lat' dir='ltr'><strong>quem</strong></span> <span class='ocrx_word' id='word_1_302' title='bbox 1147 3076 1394 3121; x_wconf 88' lang='lat' dir='ltr'><strong>servare</strong></span> <span class='ocrx_word' id='word_1_303' title='bbox 1441 3057 1774 3132; x_wconf 78' lang='lat' dir='ltr'><strong>habebunt,</strong></span> <span class='ocrx_word' id='word_1_304' title='bbox 1826 3061 1891 3121; x_wconf 90' lang='lat' dir='ltr'><strong>et</strong></span> <span class='ocrx_word' id='word_1_305' title='bbox 1936 3058 2011 3122; x_wconf 88' lang='lat' dir='ltr'><strong>de</strong></span> <span class='ocrx_word' id='word_1_306' title='bbox 2081 3057 2475 3140; x_wconf 83' lang='lat' dir='ltr'><strong>expedicione</strong></span> <span class='ocrx_word' id='word_1_307' title='bbox 2525 3060 2877 3121; x_wconf 89' lang='lat' dir='ltr'><strong>nostrarum</strong></span> <span class='ocrx_word' id='word_1_308' title='bbox 2927 3056 3254 3139; x_wconf 86' lang='lat' dir='ltr'><strong>galearum</strong></span> 
     </span>
     <span class='ocr_line' id='line_1_30' title="bbox 524 3144 3265 3226; baseline -0.002 -15"><span class='ocrx_word' id='word_1_309' title='bbox 524 3146 883 3211; x_wconf 87' lang='lat' dir='ltr'><strong>Lauredane</strong></span> <span class='ocrx_word' id='word_1_310' title='bbox 931 3149 997 3210; x_wconf 91' lang='lat' dir='ltr'><strong>et</strong></span> <span class='ocrx_word' id='word_1_311' title='bbox 1045 3145 1446 3222; x_wconf 86' lang='lat' dir='ltr'><strong>Barbadiche,</strong></span> <span class='ocrx_word' id='word_1_312' title='bbox 1495 3151 1560 3208; x_wconf 91' lang='lat' dir='ltr'><strong>et</strong></span> <span class='ocrx_word' id='word_1_313' title='bbox 1606 3147 1678 3207; x_wconf 84' lang='lat' dir='ltr'><strong>de</strong></span> <span class='ocrx_word' id='word_1_314' title='bbox 1724 3146 2012 3209; x_wconf 88' lang='lat' dir='ltr'><strong>omnibus</strong></span> <span class='ocrx_word' id='word_1_315' title='bbox 2061 3146 2221 3222; x_wconf 87' lang='lat' dir='ltr'><strong>aliis,</strong></span> <span class='ocrx_word' id='word_1_316' title='bbox 2272 3164 2388 3226; x_wconf 91' lang='lat' dir='ltr'><strong>que</strong></span> <span class='ocrx_word' id='word_1_317' title='bbox 2437 3145 2819 3210; x_wconf 86' lang='lat' dir='ltr'><strong>neccessaria</strong></span> <span class='ocrx_word' id='word_1_318' title='bbox 2888 3144 3265 3207; x_wconf 83' lang='lat' dir='ltr'><strong>videbuntur</strong></span> 
     </span>
     <span class='ocr_line' id='line_1_31' title="bbox 528 3232 3267 3316; baseline -0.001 -18"><span class='ocrx_word' id='word_1_319' title='bbox 528 3252 637 3316; x_wconf 90' lang='lat' dir='ltr'><strong>pro</strong></span> <span class='ocrx_word' id='word_1_320' title='bbox 687 3234 841 3297; x_wconf 91' lang='lat' dir='ltr'><strong>bono</strong></span> <span class='ocrx_word' id='word_1_321' title='bbox 889 3236 1091 3298; x_wconf 89' lang='lat' dir='ltr'><strong>status</strong></span> <span class='ocrx_word' id='word_1_322' title='bbox 1137 3234 1352 3312; x_wconf 89' lang='lat' dir='ltr'><strong>nostri,</strong></span> <span class='ocrx_word' id='word_1_323' title='bbox 1402 3234 1864 3297; x_wconf 73' lang='lat' dir='ltr'><strong>conservatione</strong></span> <span class='ocrx_word' id='word_1_324' title='bbox 1934 3236 2000 3297; x_wconf 88' lang='lat' dir='ltr'><strong>et</strong></span> <span class='ocrx_word' id='word_1_325' title='bbox 2065 3234 2399 3297; x_wconf 84' lang='lat' dir='ltr'><strong>securitate</strong></span> <span class='ocrx_word' id='word_1_326' title='bbox 2467 3232 2743 3296; x_wconf 91' lang='lat' dir='ltr'><strong>locorum</strong></span> <span class='ocrx_word' id='word_1_327' title='bbox 2796 3235 3145 3297; x_wconf 89' lang='lat' dir='ltr'><strong>nostrorum</strong></span> <span class='ocrx_word' id='word_1_328' title='bbox 3196 3234 3267 3294; x_wconf 90' lang='lat' dir='ltr'><strong>et</strong></span> 
     </span>
     <span class='ocr_line' id='line_1_32' title="bbox 530 3318 3264 3403; baseline -0.001 -18"><span class='ocrx_word' id='word_1_329' title='bbox 530 3325 885 3386; x_wconf 87' lang='lat' dir='ltr'><strong>nostrorum</strong></span> <span class='ocrx_word' id='word_1_330' title='bbox 935 3322 1319 3386; x_wconf 87' lang='lat' dir='ltr'><strong>subditorum</strong></span> <span class='ocrx_word' id='word_1_331' title='bbox 1369 3326 1434 3383; x_wconf 90' lang='lat' dir='ltr'><strong>et</strong></span> <span class='ocrx_word' id='word_1_332' title='bbox 1479 3319 1779 3384; x_wconf 90' lang='lat' dir='ltr'><strong>fidelium.</strong></span> <span class='ocrx_word' id='word_1_333' title='bbox 1834 3321 1926 3384; x_wconf 94' lang='lat' dir='ltr'><strong>De</strong></span> <span class='ocrx_word' id='word_1_334' title='bbox 1973 3323 2147 3403; x_wconf 83' lang='lat' dir='ltr'><strong>parte</strong></span> <span class='ocrx_word' id='word_1_335' title='bbox 2194 3321 2297 3397; x_wconf 88' lang='grc'><strong>66,</strong></span> <span class='ocrx_word' id='word_1_336' title='bbox 2349 3323 2421 3385; x_wconf 90' lang='lat' dir='ltr'><strong>de</strong></span> <span class='ocrx_word' id='word_1_337' title='bbox 2446 3340 2562 3385; x_wconf 91' lang='lat' dir='ltr'><strong>non</strong></span> <span class='ocrx_word' id='word_1_338' title='bbox 2597 3319 2703 3399; x_wconf 81' lang='lat'><strong>22,</strong></span> <span class='ocrx_word' id='word_1_339' title='bbox 2741 3338 2858 3383; x_wconf 92' lang='lat' dir='ltr'><strong>non</strong></span> <span class='ocrx_word' id='word_1_340' title='bbox 2891 3320 3116 3383; x_wconf 86' lang='lat' dir='ltr'><strong>sinceri</strong></span> <span class='ocrx_word' id='word_1_341' title='bbox 3152 3318 3264 3382; x_wconf 83' lang='grc'><strong>21.</strong></span> 
     </span>
    </p>
   </div>
   <div class='ocr_carea' id='block_1_5' title="bbox 616 3426 1879 3498">
    <p class='ocr_par' dir='ltr' id='par_1_5' title="bbox 616 3426 1879 3498">
     <span class='ocr_line' id='line_1_33' title="bbox 616 3426 1879 3498; baseline 0 -12"><span class='ocrx_word' id='word_1_342' title='bbox 616 3429 796 3488; x_wconf 77' lang='lat' dir='ltr'><strong>Misti</strong></span> <span class='ocrx_word' id='word_1_343' title='bbox 846 3426 1105 3487; x_wconf 86' lang='lat' dir='ltr'>XLIII.</span> <span class='ocrx_word' id='word_1_344' title='bbox 1164 3430 1302 3498; x_wconf 83' lang='lat'><strong>158,</strong></span> <span class='ocrx_word' id='word_1_345' title='bbox 1349 3445 1389 3487; x_wconf 81' lang='lat' dir='ltr'><strong>u</strong></span> <span class='ocrx_word' id='word_1_346' title='bbox 1435 3428 1591 3487; x_wconf 77' lang='lat' dir='ltr'><strong>mlet.</strong></span> <span class='ocrx_word' id='word_1_347' title='bbox 1640 3429 1879 3487; x_wconf 82' lang='lat' dir='ltr'><strong>arkivu.</strong></span> 
     </span>
    </p>
   </div>
   <div class='ocr_carea' id='block_1_6' title="bbox 794 3668 3006 3770">
    <p class='ocr_par' dir='ltr' id='par_1_6' title="bbox 794 3668 3006 3770">
     <span class='ocr_line' id='line_1_34' title="bbox 794 3668 3006 3770; baseline -0.002 -20"><span class='ocrx_word' id='word_1_348' title='bbox 794 3668 1234 3752; x_wconf 85' lang='lat' dir='ltr'>DXXXV.</span> <span class='ocrx_word' id='word_1_349' title='bbox 1289 3669 1493 3751; x_wconf 79' lang='lat' dir='ltr'><strong>God.</strong></span> <span class='ocrx_word' id='word_1_350' title='bbox 1551 3670 1780 3753; x_wconf 77' lang='lat'><strong>1396.</strong></span> <span class='ocrx_word' id='word_1_351' title='bbox 1832 3668 1933 3751; x_wconf 78' lang='lat'><strong>29</strong></span> <span class='ocrx_word' id='word_1_352' title='bbox 1988 3668 2444 3770; x_wconf 79' lang='lat' dir='ltr'><strong>listopada,</strong></span> <span class='ocrx_word' id='word_1_353' title='bbox 2500 3691 2559 3749; x_wconf 92' lang='lat' dir='ltr'><strong>u</strong></span> <span class='ocrx_word' id='word_1_354' title='bbox 2613 3668 3006 3751; x_wconf 82' lang='lat' dir='ltr'><strong>Mletcih.</strong></span> 
     </span>
    </p>
   </div>
   <div class='ocr_carea' id='block_1_7' title="bbox 1309 3814 2493 3889">
    <p class='ocr_par' dir='ltr' id='par_1_7' title="bbox 1309 3814 2493 3889">
     <span class='ocr_line' id='line_1_35' title="bbox 1309 3814 2493 3889; baseline -0.003 -15"><span class='ocrx_word' id='word_1_355' title='bbox 1309 3816 1491 3889; x_wconf 83' lang='lat' dir='ltr'><strong>Dalje</strong></span> <span class='ocrx_word' id='word_1_356' title='bbox 1536 3817 1792 3875; x_wconf 76' lang='lat' dir='ltr'><strong>naredbe</strong></span> <span class='ocrx_word' id='word_1_357' title='bbox 1838 3817 1906 3875; x_wconf 88' lang='lat' dir='ltr'><strong>ob</strong></span> <span class='ocrx_word' id='word_1_358' title='bbox 1953 3817 2125 3874; x_wconf 79' lang='lat' dir='ltr'><strong>istom</strong></span> <span class='ocrx_word' id='word_1_359' title='bbox 2161 3814 2493 3888; x_wconf 77' lang='lat' dir='ltr'><strong>predmetu.</strong></span> 
     </span>
    </p>
   </div>
   <div class='ocr_carea' id='block_1_8' title="bbox 534 3931 3279 4808">
    <p class='ocr_par' dir='ltr' id='par_1_8' title="bbox 534 3931 3279 4808">
     <span class='ocr_line' id='line_1_36' title="bbox 749 3931 3277 4017; baseline 0.002 -20"><span class='ocrx_word' id='word_1_360' title='bbox 749 3931 934 3998; x_wconf 83' lang='lat'><strong>1396.</strong></span> <span class='ocrx_word' id='word_1_361' title='bbox 983 3933 1314 3999; x_wconf 90' lang='lat' dir='ltr'><strong>indictione</strong></span> <span class='ocrx_word' id='word_1_362' title='bbox 1384 3938 1620 4017; x_wconf 90' lang='lat' dir='ltr'><strong>quinta,</strong></span> <span class='ocrx_word' id='word_1_363' title='bbox 1683 3938 1781 4000; x_wconf 89' lang='lat' dir='ltr'><strong>die</strong></span> <span class='ocrx_word' id='word_1_364' title='bbox 1825 3936 2138 4000; x_wconf 86' lang='lat' dir='ltr'>XXVIIII</span> <span class='ocrx_word' id='word_1_365' title='bbox 2184 3936 2481 3999; x_wconf 87' lang='lat' dir='ltr'><strong>octubris.</strong></span> <span class='ocrx_word' id='word_1_366' title='bbox 2530 3934 2639 4001; x_wconf 86' lang='lat' dir='ltr'><strong>Ser</strong></span> <span class='ocrx_word' id='word_1_367' title='bbox 2694 3936 3046 3999; x_wconf 83' lang='lat' dir='ltr'><strong>Leonardus</strong></span> <span class='ocrx_word' id='word_1_368' title='bbox 3097 3938 3277 4001; x_wconf 88' lang='lat' dir='ltr'><strong>Dan-</strong></span> 
     </span>
     <span class='ocr_line' id='line_1_37' title="bbox 534 4021 3276 4103; baseline 0.001 -15"><span class='ocrx_word' id='word_1_369' title='bbox 534 4023 678 4088; x_wconf 90' lang='lat' dir='ltr'><strong>dulo</strong></span> <span class='ocrx_word' id='word_1_370' title='bbox 722 4021 905 4087; x_wconf 86' lang='lat' dir='ltr'><strong>miles</strong></span> <span class='ocrx_word' id='word_1_371' title='bbox 955 4025 1331 4103; x_wconf 88' lang='lat' dir='ltr'><strong>procurator,</strong></span> <span class='ocrx_word' id='word_1_372' title='bbox 1384 4043 1483 4087; x_wconf 90' lang='lat' dir='ltr'><strong>ser</strong></span> <span class='ocrx_word' id='word_1_373' title='bbox 1529 4024 1827 4087; x_wconf 86' lang='lat' dir='ltr'><strong>Pantaleo</strong></span> <span class='ocrx_word' id='word_1_374' title='bbox 1875 4024 2083 4087; x_wconf 86' lang='lat' dir='ltr'><strong>Barbo</strong></span> <span class='ocrx_word' id='word_1_375' title='bbox 2132 4025 2335 4098; x_wconf 84' lang='lat' dir='ltr'><strong>mileS,</strong></span> <span class='ocrx_word' id='word_1_376' title='bbox 2407 4042 2504 4086; x_wconf 92' lang='lat' dir='ltr'><strong>ser</strong></span> <span class='ocrx_word' id='word_1_377' title='bbox 2565 4023 2876 4088; x_wconf 82' lang='lat' dir='ltr'><strong>Johannes</strong></span> <span class='ocrx_word' id='word_1_378' title='bbox 2923 4024 3276 4090; x_wconf 84' lang='lat' dir='ltr'><strong>Barbadico</strong></span> 
     </span>
     <span class='ocr_line' id='line_1_38' title="bbox 534 4109 3274 4192; baseline 0 -16"><span class='ocrx_word' id='word_1_379' title='bbox 534 4111 739 4186; x_wconf 80' lang='lat' dir='ltr'><strong>mileS,</strong></span> <span class='ocrx_word' id='word_1_380' title='bbox 787 4130 887 4173; x_wconf 88' lang='lat' dir='ltr'><strong>ser</strong></span> <span class='ocrx_word' id='word_1_381' title='bbox 933 4110 1199 4174; x_wconf 85' lang='lat' dir='ltr'><strong>Michael</strong></span> <span class='ocrx_word' id='word_1_382' title='bbox 1243 4109 1431 4174; x_wconf 86' lang='lat' dir='ltr'><strong>Steno</strong></span> <span class='ocrx_word' id='word_1_383' title='bbox 1482 4117 1858 4192; x_wconf 86' lang='lat' dir='ltr'><strong>procurator,</strong></span> <span class='ocrx_word' id='word_1_384' title='bbox 1903 4112 2210 4191; x_wconf 88' lang='lat' dir='ltr'><strong>sapientes</strong></span> <span class='ocrx_word' id='word_1_385' title='bbox 2257 4111 2562 4185; x_wconf 52' lang='lat' dir='ltr'><strong>consilii(</strong></span> <span class='ocrx_word' id='word_1_386' title='bbox 2595 4129 2696 4174; x_wconf 90' lang='lat' dir='ltr'><strong>ser</strong></span> <span class='ocrx_word' id='word_1_387' title='bbox 2760 4111 3065 4175; x_wconf 77' lang='lat' dir='ltr'><strong>Pantinus</strong></span> <span class='ocrx_word' id='word_1_388' title='bbox 3114 4111 3274 4190; x_wconf 76' lang='lat' dir='ltr'><strong>Qui-</strong></span> 
     </span>
     <span class='ocr_line' id='line_1_39' title="bbox 535 4197 3274 4280; baseline 0.001 -18"><span class='ocrx_word' id='word_1_389' title='bbox 535 4200 689 4274; x_wconf 86' lang='lat' dir='ltr'><strong>rine,</strong></span> <span class='ocrx_word' id='word_1_390' title='bbox 734 4217 833 4261; x_wconf 89' lang='lat' dir='ltr'><strong>ser</strong></span> <span class='ocrx_word' id='word_1_391' title='bbox 875 4197 1244 4261; x_wconf 84' lang='lat' dir='ltr'><strong>Franciscus</strong></span> <span class='ocrx_word' id='word_1_392' title='bbox 1279 4198 1666 4279; x_wconf 87' lang='lat' dir='ltr'><strong>Superanti0,</strong></span> <span class='ocrx_word' id='word_1_393' title='bbox 1716 4219 1815 4263; x_wconf 90' lang='lat' dir='ltr'><strong>ser</strong></span> <span class='ocrx_word' id='word_1_394' title='bbox 1864 4197 2215 4263; x_wconf 84' lang='lat' dir='ltr'><strong>Alexander</strong></span> <span class='ocrx_word' id='word_1_395' title='bbox 2263 4197 2548 4280; x_wconf 78' lang='lat' dir='ltr'><strong>GeorgiO,</strong></span> <span class='ocrx_word' id='word_1_396' title='bbox 2596 4199 2907 4280; x_wconf 86' lang='lat' dir='ltr'><strong>sapientes</strong></span> <span class='ocrx_word' id='word_1_397' title='bbox 2955 4199 3274 4265; x_wconf 87' lang='lat' dir='ltr'><strong>ordinum.</strong></span> 
     </span>
     <span class='ocr_line' id='line_1_40' title="bbox 537 4286 3279 4369; baseline 0.001 -19"><span class='ocrx_word' id='word_1_398' title='bbox 537 4286 779 4368; x_wconf 87' lang='lat' dir='ltr'><strong>Capta:</strong></span> <span class='ocrx_word' id='word_1_399' title='bbox 829 4286 972 4367; x_wconf 85' lang='lat' dir='ltr'><strong>quia</strong></span> <span class='ocrx_word' id='word_1_400' title='bbox 1020 4286 1432 4350; x_wconf 83' lang='lat' dir='ltr'><strong>existentibus</strong></span> <span class='ocrx_word' id='word_1_401' title='bbox 1480 4288 1748 4369; x_wconf 82' lang='lat' dir='ltr'><strong>negociis</strong></span> <span class='ocrx_word' id='word_1_402' title='bbox 1799 4286 2103 4350; x_wconf 87' lang='lat' dir='ltr'><strong>Romanie</strong></span> <span class='ocrx_word' id='word_1_403' title='bbox 2151 4290 2209 4350; x_wconf 91' lang='lat' dir='ltr'><strong>in</strong></span> <span class='ocrx_word' id='word_1_404' title='bbox 2259 4288 2567 4363; x_wconf 83' lang='lat' dir='ltr'><strong>terminis,</strong></span> <span class='ocrx_word' id='word_1_405' title='bbox 2615 4287 2678 4348; x_wconf 91' lang='lat' dir='ltr'><strong>in</strong></span> <span class='ocrx_word' id='word_1_406' title='bbox 2726 4288 2953 4367; x_wconf 86' lang='lat' dir='ltr'><strong>quibus</strong></span> <span class='ocrx_word' id='word_1_407' title='bbox 2996 4288 3279 4353; x_wconf 84' lang='lat' dir='ltr'><strong>rationa-</strong></span> 
     </span>
     <span class='ocr_line' id='line_1_41' title="bbox 535 4373 3275 4457; baseline 0.001 -18"><span class='ocrx_word' id='word_1_408' title='bbox 535 4376 747 4439; x_wconf 92' lang='lat' dir='ltr'><strong>biliter</strong></span> <span class='ocrx_word' id='word_1_409' title='bbox 793 4392 927 4437; x_wconf 87' lang='lat' dir='ltr'><strong>esse</strong></span> <span class='ocrx_word' id='word_1_410' title='bbox 976 4373 1201 4437; x_wconf 91' lang='lat' dir='ltr'><strong>debent</strong></span> <span class='ocrx_word' id='word_1_411' title='bbox 1250 4379 1496 4456; x_wconf 89' lang='lat' dir='ltr'><strong>propter</strong></span> <span class='ocrx_word' id='word_1_412' title='bbox 1539 4374 1893 4438; x_wconf 89' lang='lat' dir='ltr'><strong>conflictum</strong></span> <span class='ocrx_word' id='word_1_413' title='bbox 1941 4374 2175 4437; x_wconf 85' lang='lat' dir='ltr'><strong>domini</strong></span> <span class='ocrx_word' id='word_1_414' title='bbox 2255 4374 2416 4455; x_wconf 88' lang='lat' dir='ltr'><strong>regis</strong></span> <span class='ocrx_word' id='word_1_415' title='bbox 2490 4374 2829 4457; x_wconf 87' lang='lat' dir='ltr'><strong>Hungarie,</strong></span> <span class='ocrx_word' id='word_1_416' title='bbox 2901 4377 3275 4457; x_wconf 86' lang='lat' dir='ltr'><strong>capitaneus</strong></span> 
     </span>
     <span class='ocr_line' id='line_1_42' title="bbox 534 4458 3272 4546; baseline 0 -20"><span class='ocrx_word' id='word_1_417' title='bbox 534 4466 745 4527; x_wconf 89' lang='lat' dir='ltr'><strong>noster</strong></span> <span class='ocrx_word' id='word_1_418' title='bbox 792 4458 1001 4542; x_wconf 89' lang='lat' dir='ltr'><strong>culphi</strong></span> <span class='ocrx_word' id='word_1_419' title='bbox 1050 4481 1115 4524; x_wconf 89' lang='lat' dir='ltr'><strong>se</strong></span> <span class='ocrx_word' id='word_1_420' title='bbox 1165 4462 1428 4542; x_wconf 88' lang='lat' dir='ltr'><strong>reperiet</strong></span> <span class='ocrx_word' id='word_1_421' title='bbox 1474 4462 1534 4524; x_wconf 92' lang='lat' dir='ltr'><strong>in</strong></span> <span class='ocrx_word' id='word_1_422' title='bbox 1585 4480 1813 4544; x_wconf 87' lang='lat' dir='ltr'><strong>magna</strong></span> <span class='ocrx_word' id='word_1_423' title='bbox 1874 4460 2276 4544; x_wconf 87' lang='lat' dir='ltr'><strong>perplesitate</strong></span> <span class='ocrx_word' id='word_1_424' title='bbox 2321 4467 2451 4525; x_wconf 88' lang='lat' dir='ltr'><strong>tarn</strong></span> <span class='ocrx_word' id='word_1_425' title='bbox 2500 4468 2752 4544; x_wconf 90' lang='lat' dir='ltr'><strong>propter</strong></span> <span class='ocrx_word' id='word_1_426' title='bbox 2795 4462 3057 4526; x_wconf 92' lang='lat' dir='ltr'><strong>dubium</strong></span> <span class='ocrx_word' id='word_1_427' title='bbox 3092 4463 3272 4546; x_wconf 81' lang='lat' dir='ltr'><strong>gale-</strong></span> 
     </span>
     <span class='ocr_line' id='line_1_43' title="bbox 534 4548 3277 4633; baseline 0.001 -20"><span class='ocrx_word' id='word_1_428' title='bbox 534 4568 711 4613; x_wconf 90' lang='lat' dir='ltr'><strong>arum</strong></span> <span class='ocrx_word' id='word_1_429' title='bbox 762 4551 1115 4611; x_wconf 86' lang='lat' dir='ltr'><strong>nostrarum</strong></span> <span class='ocrx_word' id='word_1_430' title='bbox 1166 4550 1355 4612; x_wconf 87' lang='lat' dir='ltr'><strong>maris</strong></span> <span class='ocrx_word' id='word_1_431' title='bbox 1405 4550 1657 4613; x_wconf 83' lang='lat' dir='ltr'><strong>maioris</strong></span> <span class='ocrx_word' id='word_1_432' title='bbox 1704 4569 1887 4631; x_wconf 88' lang='lat' dir='ltr'><strong>quam</strong></span> <span class='ocrx_word' id='word_1_433' title='bbox 1936 4550 2214 4615; x_wconf 88' lang='lat' dir='ltr'><strong>civitatis</strong></span> <span class='ocrx_word' id='word_1_434' title='bbox 2262 4548 2964 4630; x_wconf 74' lang='lat' dir='ltr'><strong>Constantinopolitano,</strong></span> <span class='ocrx_word' id='word_1_435' title='bbox 3016 4553 3277 4633; x_wconf 87' lang='lat' dir='ltr'><strong>propter</strong></span> 
     </span>
     <span class='ocr_line' id='line_1_44' title="bbox 534 4638 3274 4720; baseline 0.003 -23"><span class='ocrx_word' id='word_1_436' title='bbox 534 4653 721 4718; x_wconf 90' lang='lat' dir='ltr'><strong>quam</strong></span> <span class='ocrx_word' id='word_1_437' title='bbox 769 4653 1017 4699; x_wconf 88' lang='lat' dir='ltr'><strong>causam</strong></span> <span class='ocrx_word' id='word_1_438' title='bbox 1067 4638 1312 4717; x_wconf 87' lang='lat' dir='ltr'><strong>sapiens</strong></span> <span class='ocrx_word' id='word_1_439' title='bbox 1361 4656 1457 4700; x_wconf 90' lang='lat' dir='ltr'><strong>res</strong></span> <span class='ocrx_word' id='word_1_440' title='bbox 1504 4643 1618 4714; x_wconf 90' lang='lat' dir='ltr'><strong>est,</strong></span> <span class='ocrx_word' id='word_1_441' title='bbox 1663 4639 1895 4720; x_wconf 89' lang='lat' dir='ltr'><strong>quanto</strong></span> <span class='ocrx_word' id='word_1_442' title='bbox 1945 4640 2215 4718; x_wconf 90' lang='lat' dir='ltr'><strong>prestius</strong></span> <span class='ocrx_word' id='word_1_443' title='bbox 2262 4656 2396 4701; x_wconf 90' lang='lat' dir='ltr'><strong>esse</strong></span> <span class='ocrx_word' id='word_1_444' title='bbox 2470 4642 2691 4717; x_wconf 89' lang='lat' dir='ltr'><strong>potest,</strong></span> <span class='ocrx_word' id='word_1_445' title='bbox 2756 4639 2900 4702; x_wconf 86' lang='lat' dir='ltr'><strong>dare</strong></span> <span class='ocrx_word' id='word_1_446' title='bbox 2945 4639 3065 4700; x_wconf 88' lang='lat' dir='ltr'><strong>sibi</strong></span> <span class='ocrx_word' id='word_1_447' title='bbox 3118 4641 3274 4703; x_wconf 89' lang='lat' dir='ltr'><strong>sub·</strong></span> 
     </span>
     <span class='ocr_line' id='line_1_45' title="bbox 534 4722 3273 4808; baseline 0.003 -21"><span class='ocrx_word' id='word_1_448' title='bbox 534 4722 886 4787; x_wconf 84' lang='lat' dir='ltr'><strong>ventionem</strong></span> <span class='ocrx_word' id='word_1_449' title='bbox 933 4724 997 4785; x_wconf 92' lang='lat' dir='ltr'><strong>et</strong></span> <span class='ocrx_word' id='word_1_450' title='bbox 1042 4723 1346 4807; x_wconf 82' lang='lat' dir='ltr'><strong>linguam,</strong></span> <span class='ocrx_word' id='word_1_451' title='bbox 1396 4724 1485 4788; x_wconf 89' lang='lat' dir='ltr'><strong>ita</strong></span> <span class='ocrx_word' id='word_1_452' title='bbox 1529 4725 1694 4807; x_wconf 89' lang='lat' dir='ltr'><strong>quod</strong></span> <span class='ocrx_word' id='word_1_453' title='bbox 1741 4724 1818 4788; x_wconf 90' lang='lat' dir='ltr'><strong>de</strong></span> <span class='ocrx_word' id='word_1_454' title='bbox 1864 4744 2018 4789; x_wconf 89' lang='lat' dir='ltr'><strong>novo</strong></span> <span class='ocrx_word' id='word_1_455' title='bbox 2065 4726 2307 4791; x_wconf 90' lang='lat' dir='ltr'><strong>senciat</strong></span> <span class='ocrx_word' id='word_1_456' title='bbox 2349 4744 2389 4790; x_wconf 88' lang='lat' dir='ltr'><strong>a</strong></span> <span class='ocrx_word' id='word_1_457' title='bbox 2434 4727 2612 4790; x_wconf 92' lang='lat' dir='ltr'><strong>nobis</strong></span> <span class='ocrx_word' id='word_1_458' title='bbox 2656 4727 2895 4808; x_wconf 83' lang='lat' dir='ltr'><strong>aliquid</strong></span> <span class='ocrx_word' id='word_1_459' title='bbox 2941 4726 3018 4789; x_wconf 90' lang='lat' dir='ltr'><strong>de</strong></span> <span class='ocrx_word' id='word_1_460' title='bbox 3052 4731 3273 4794; x_wconf 89' lang='lat' dir='ltr'><strong>nostra</strong></span> 
     </span>
    </p>
   </div>
  </div>
 </body>
</html>
