3620 5282
510 360 642 429 238

517 534 822 613 Veneciis,
873 531 1137 601 testibus
1182 533 1262 600 ad
1308 536 1422 600 bec
1466 534 1702 600 vocatis
1745 532 2100 617 specialiter
2144 535 2208 597 et
2252 530 2507 616 rogatis
2556 525 2692 615 Eg'o
2739 530 3054 597 Johannes
3085 530 3245 596 Vidn

509 623 922 690 cancellarius
967 622 1159 689 Jadre
1206 622 1589 689 examinator
1621 621 1976 703 subscripsi.
2024 621 2153 704 Ego
2181 620 2545 684 Dominicus
2581 618 2656 683 de
2691 617 3043 684 Zovenoltis
3075 618 3239 684 filius

510 712 661 776 olim
709 709 942 777 domini
989 710 1333 786 Thomaxii‚
1383 709 1534 775 civis
1583 707 1902 787 Cremone,
1950 708 2318 773 auctoritate
2341 706 2655 789 imperiali
2697 708 2972 773 notarius
3023 709 3087 771 et
3135 724 3246 771 no—

509 799 710 867 tarius
759 799 925 863 curie
968 797 1183 877 Jadre,
1228 797 1524 881 predictis
1573 797 1858 862 omnibus
1905 795 2179 876 interfui,
2228 797 2292 861 et
2338 796 2596 878 rogatus
2629 794 2885 878 scripsi.

607 888 1176 951 Commemorialium
1219 890 1259 948 1
1270 889 1335 950 V.
1378 891 1527 958 216,
1572 906 1614 949 u
1659 889 1812 948 ποῖοι.
1857 888 2094 950 arkivu.

863 1077 1284 1163 CCCLIII.
1342 1076 1523 1160 God
1560 1076 1783 1161 1352.
1837 1075 1940 1158 26
1993 1075 2309 1177 llpnja,
2364 1097 2424 1157 u
2477 1074 2871 1156 Mletcih.

513 1205 795 1280 RieffenJ‘a
841 1222 883 1264 u
926 1204 1099 1278 poslu
1143 1204 1451 1264 razmirice
1511 1202 1789 1278 obstojec‘e
1850 1203 2048 1277 medju
2093 1204 2332 1262 knezom
2377 1202 2401 1261 i
2446 1201 2708 1262 obcinom
2768 1200 3238 1261 korculanskom.

732 1323 918 1388 1352.
966 1322 1065 1388 die
1111 1322 1327 1389 XXVI
1373 1323 1542 1403 iunii,
1591 1326 1812 1406 capta:
1854 1323 2000 1404 quia
2046 1321 2398 1387 ordinatum
2446 1323 2561 1401 est,
2610 1321 2773 1406 quod
2819 1321 2963 1404 post
3008 1337 3235 1386 nonam

516 1413 766 1480 vocetur
812 1410 1138 1476 consilium
1188 1413 1546 1494 rogatorum
1595 1430 1705 1494 pro
1753 1411 1934 1476 factis
1981 1408 2277 1475 Curzole:
2340 1407 2511 1474 vadit
2555 1426 2719 1493 pars,
2789 1409 2861 1474 ut
2905 1409 3234 1474 consilium

519 1502 674 1571 bene
723 1499 1155 1576 assembletur,
1205 1500 1270 1564 et
1314 1500 1477 1581 quod
1524 1499 1722 1581 possit
1766 1498 1901 1564 fieri
1948 1497 2125 1575 illud,
2192 1498 2349 1579 quod
2397 1497 2482 1561 sit
2526 1497 2761 1562 iustum
2822 1515 2932 1579 pro
2978 1499 3240 1579 utraque

517 1587 809 1671 partium,
856 1588 1010 1669 quod
1058 1586 1293 1651 dictum
1345 1587 1674 1653 consilium
1720 1605 1883 1651 nunc
1930 1590 1994 1651 et
2039 1585 2214 1662 alias,
2264 1584 2506 1667 quando
2531 1584 2854 1651 vocabitur
2899 1603 3007 1669 pro
3056 1584 3242 1650 factis

515 1674 831 1759 predictis,
879 1677 1127 1739 vocetur
1173 1674 1288 1739 sub
1334 1692 1492 1758 pena
1539 1674 1873 1741 solidorum
1930 1674 2359 1757 quadraginta,
2408 1673 2473 1737 et
2515 1673 2762 1757 legatur
2807 1672 3153 1738 consilium.

724 1760 957 1843 Capta:
1005 1762 1149 1843 quia
1192 1761 1535 1828 differentie
1583 1764 1791 1827 exorte
1837 1761 2002 1827 inter
2048 1761 2342 1826 comitem
2385 1761 2449 1825 et
2492 1760 2777 1826 homines
2811 1759 3066 1825 Curzole
3094 1761 3240 1825 sunt

514 1849 801 1915 forsitam
851 1847 1225 1932 producture
1262 1850 1545 1932 partibus
1584 1850 2005 1931 'periculosum
2051 1849 2336 1914 effectum
2362 1896 2377 1926 ,
2435 1848 2555 1913 nisi
2604 1848 2999 1930 provideatur
3045 1866 3244 1912 reme—

514 1936 837 2007 diabiliter
880 1955 1063 2020 super
1107 1936 1219 2015 eis,
1270 1940 1333 2001 et
1378 1955 1532 2021 opus
1579 1938 1862 2002 caritatis
1909 1937 1994 2001 sit
2039 1954 2111 2000 ac
2156 1937 2363 2002 nostro
2393 1936 2607 2001 honori
2639 1936 3006 2002 conveniens
3039 1936 3241 2001 facere

516 2043 693 2108 posse
738 2025 1041 2102 nostrum,
1092 2026 1253 2106 quod
1293 2027 1508 2106 partes
1554 2024 1630 2090 ad
1678 2026 2064 2090 concordiam
2112 2024 2505 2102 reducantur,
2562 2027 2628 2089 et
2672 2024 3012 2089 secundum
3057 2023 3241 2088 deum

516 2115 581 2178 et
625 2112 931 2177 iustitiam
979 2113 1042 2176 in
1088 2111 1296 2193 quieto
1344 2114 1517 2177 statu
1567 2113 1630 2177 et
1675 2111 1932 2194 pacifico
1978 2114 2429 2190 conserventur,
2484 2111 2657 2177 vadit
2700 2130 2879 2195 pars:
2946 2112 3105 2194 quod
3150 2108 3243 2174 di-

519 2202 695 2265 catur
741 2198 1042 2265 ambabus
1089 2199 1395 2282 partibuS,
1445 2200 1622 2283 quod,
1673 2201 1961 2283 optantes
2007 2201 2275 2264 salutem
2322 2200 2387 2263 et
2431 2200 2662 2264 bonum
2725 2199 3048 2282 utriusque
3070 2247 3085 2275 ‚
3142 2215 3245 2262 ex-

524 2287 937 2370 cogitavimus
983 2286 1400 2370 infrascripta,
1448 2307 1564 2370 que
1609 2287 1788 2353 nobis
1834 2287 2120 2353 videntur
2150 2286 2549 2352 rationabilia
2595 2288 2660 2352 et
2703 2288 2983 2365 honesta,
3027 2288 3093 2350 et
3129 2302 3248 2367 que

520 2374 761 2439 faciunt
807 2391 915 2456 pro
963 2374 1244 2439 statuet
1291 2376 1753 2440 conservatione
1798 2393 2011 2440 eorum
2056 2377 2190 2438 tam
2244 2393 2354 2458 pro
2400 2375 2675 2457 presenti
2735 2394 2919 2457 quam
2983 2392 3092 2457 pro
3151 2372 3246 2437 fu-

516 2464 656 2528 turo
707 2463 1005 2545 tempore.
1071 2462 1156 2526 Et
1199 2462 1466 2528 libenter
1510 2463 1795 2529 volumus
1858 2482 1930 2527 ac
1990 2463 2159 2545 ipsos
2221 2464 2505 2527 ortamur
2564 2464 2864 2544 quantum
2912 2459 3246 2526 efficaciter

524 2568 874 2634 possumUS,
923 2548 1083 2631 qnod
1129 2550 1265 2632 ipsa
1310 2553 1633 2633 acceptent
1672 2553 1736 2615 et
1781 2550 2123 2615 admittant
2168 2568 2277 2633 pro
2316 2551 2473 2614 bono
2519 2567 2647 2627 suo,
2698 2548 2841 2631 quia
2889 2549 3021 2613 sine
3054 2548 3242 2612 dubio

519 2639 584 2703 in
634 2655 923 2722 processu
969 2638 1269 2721 temporis
1315 2639 1630 2705 evidenter
1675 2640 2045 2722 cognoscent
2088 2657 2161 2704 ea
2221 2639 2297 2703 ad
2344 2656 2556 2703 eorum
2619 2636 2965 2702 utilitatem
3006 2637 3072 2702 et
3117 2638 3248 2700 sta—

520 2728 655 2791 tum
699 2726 1023 2809 pacificum
1069 2726 1473 2792 reddundare.
1827 2750 1834 2759 ·

733 2813 944 2878 Primo
992 2832 1257 2898 namque
1304 2814 1548 2880 videtur
1589 2813 1785 2894 nobis,
1838 2816 1998 2898 quod
2044 2833 2254 2880 omnes
2300 2812 2662 2879 offensiones
2725 2814 2789 2878 et
2843 2809 3068 2877 iniurie
3125 2810 3248 2875 cri-

523 2900 784 2966 minales
831 2920 1072 2987 quoque
1120 2903 1301 2967 modo
1346 2902 1511 2968 facte
1555 2905 1855 2968 hactenus
1903 2922 2012 2986 per
2056 2902 2347 2967 comitem
2396 2920 2505 2968 seu
2548 2901 2710 2966 filios
2756 2902 2867 2966 ant
2911 2900 3067 2965 alios
3112 2898 3250 2965 offi-

522 2988 711 3054 ciales
758 3007 900 3055 suos
947 2990 1163 3055 contra
1207 3009 1536 3055 commune
1583 2994 1647 3056 et
1690 2991 1972 3056 homines
2016 2992 2082 3056 et
2128 2990 2472 3073 singulares
2532 3006 2824 3073 personas
2868 2988 2944 3053 de
2991 2986 3249 3053 Curzola

527 3075 930 3141 remittantur
975 3077 1040 3141 ct
1083 3078 1439 3159 quietentur
1483 3098 1557 3144 ex
1603 3080 1771 3154 tot03
1844 3079 1907 3143 et
1970 3099 2002 3142 e
2043 3095 2336 3142 converso
2396 3078 2508 3142 fiat
2569 3077 2644 3142 de
2706 3075 3141 3142 offensionibus
3185 3076 3252 3141 et

528 3162 774 3227 iniuriis
819 3163 1244 3230 criminalibus
1291 3184 1402 3247 pro
1451 3164 1807 3231 Curzolanis
1854 3164 2204 3230 commissis
2261 3166 2477 3231 contra
2522 3166 2814 3230 comitem
2860 3165 3046 3248 atque
3084 3180 3249 3229 suos.

530 3284 614 3297 -
663 3250 826 3314 Item
875 3252 1034 3332 quod
1084 3270 1294 3316 omnes
1343 3253 1588 3335 querele
1639 3254 1703 3318 et
1746 3255 2077 3337 petitiones
2123 3252 2372 3332 civiles,
2434 3269 2589 3335 quas
2648 3270 2976 3318 commune
3021 3253 3086 3316 et
3142 3250 3250 3315 ho-

528 3338 730 3404 mines
779 3335 1036 3403 Curzole
1083 3337 1318 3404 faciunt
1363 3340 1441 3405 ad
1488 3360 1734 3423 presens
1792 3360 1900 3407 seu
1961 3341 2158 3407 facere
2224 3341 2479 3424 possent
2539 3359 2731 3424 usque
2778 3341 2857 3405 ad
2901 3340 3065 3405 diem
3109 3356 3250 3421 pre-

526 3424 729 3490 sentis
770 3425 1089 3491 concordie
1136 3428 1350 3492 contra
1399 3429 1691 3493 comitem
1732 3429 2101 3511 predictum,
2147 3428 2308 3493 filios
2355 3434 2418 3494 et
2463 3429 2617 3494 alios
2665 3427 2963 3494 officiales
2998 3443 3142 3491 suos
3172 3426 3251 3490 de

525 3511 992 3596 quibuscunque
1039 3514 1516 3595 extorsionibus,
1565 3517 1978 3600 gravitatibus
2026 3520 2088 3581 et
2135 3516 2550 3582 exactionibus
2591 3515 2832 3581 illicitis
2859 3564 2875 3594 ,
2925 3513 3249 3597 sopiantur

529 3601 594 3664 et
640 3598 1042 3666 remittantur
1087 3621 1160 3666 ex
1194 3603 1351 3682 toto,
1402 3603 1568 3669 salvo
1616 3606 1688 3669 de
1734 3606 1995 3688 pecunia
2017 3603 2440 3669 universitatis
2490 3605 2555 3669 et
2598 3602 2945 3669 communis
2972 3601 3250 3680 Curzole,

528 3705 713 3771 quam
760 3689 1074 3754 constaret
1115 3707 1218 3754 eos
1265 3690 1590 3769 habuisse,
1639 3692 1715 3757 de
1760 3710 1882 3775 qua
1942 3692 2194 3758 reddere
2255 3691 2520 3756 debeant
2580 3691 2855 3756 debitam
2920 3690 3244 3768 rationem,

526 3778 591 3841 et
636 3775 928 3842 similiter
976 3776 1029 3842 si
1076 3776 1336 3861 obligati
1382 3780 1591 3844 essent
1636 3780 1698 3844 in
1746 3781 1953 3863 aliquo
2019 3778 2389 3861 specialibus
2452 3780 2765 3862 personis,
2830 3778 3096 3843 debeant
3155 3777 3247 3842 eis

521 3863 797 3943 reddere,
845 3867 1006 3948 quod
1052 3867 1362 3931 tenentur.
1408 3903 1495 3913 -
1541 3868 1700 3931 Item
1764 3868 1924 3949 quod
1971 3866 2339 3932 universitas
2401 3869 2465 3931 et
2511 3866 2789 3931 homines
2852 3864 3110 3930 Curzole
3156 3881 3253 3928 re·

526 3955 904 4036 cognoscant
949 3955 1013 4019 et
1054 3952 1130 4017 de
1176 3971 1328 4019 novo
1376 3955 1719 4036 approbent
1764 3955 1998 4019 dictum
2064 3954 2357 4019 comitem
2420 3956 2486 4019 et
2545 3970 2931 4019 successores
2989 3971 3097 4018 seu
3143 3950 3252 4016 he·

525 4040 702 4105 redes
748 4041 901 4121 eius,
950 4042 1015 4107 et
1068 4041 1209 4106 illos
1257 4043 1330 4110 de
1375 4042 1545 4125 prole
1592 4041 1669 4107 de
1715 4060 1787 4108 ca
1832 4042 2098 4127 Georgio
2144 4041 2209 4105 in
2253 4041 2512 4108 comites
2559 4041 2723 4106 dicte
2784 4040 2984 4105 insule
3037 4057 3255 4105 secun-

528 4127 681 4194 dum
730 4126 993 4194 formam
1043 4129 1519 4195 conventionum
1567 4130 1718 4194 olim
1765 4130 2123 4195 habitarum
2169 4148 2310 4194 cum
2353 4128 2602 4195 domino
2644 4126 2929 4193 Marsilio
2962 4125 3250 4210 Georgio‚

528 4215 594 4279 et
640 4216 697 4278 ei
746 4234 816 4281 ac
861 4216 990 4282 suis
1035 4216 1366 4283 heredibus
1412 4235 1483 4281 ac
1531 4217 1989 4283 successoribus
2050 4218 2372 4300 tamquam
2434 4235 2577 4282 vero
2643 4216 2856 4282 comiti
2903 4215 2968 4281 et
3026 4215 3253 4280 rectori

530 4301 799 4367 fideliter
853 4304 1117 4369 debeant
1162 4305 1431 4382 obedire,
1480 4305 1543 4370 et
1590 4305 1747 4386 quod
1816 4305 1872 4370 ei
1918 4306 1984 4369 et
2044 4306 2172 4370 suis
2236 4307 2629 4370 reserventur
2675 4304 2738 4368 et
2779 4303 2855 4368 de
2907 4319 3064 4368 novo
3111 4318 3255 4366 con·

526 4388 856 4454 firmentur
901 4392 1107 4456 omnia
1153 4411 1265 4457 sua
1308 4391 1442 4457 iura
1482 4391 1545 4456 in
1594 4392 1897 4457 comitatu
1931 4393 2228 4475 predicto.
2279 4393 2442 4456 Item
2490 4392 2651 4475 quod
2675 4392 2938 4473 utraque
2982 4388 3255 4472 partium

528 4476 695 4540 stare
745 4475 968 4543 debeat
1015 4479 1319 4544 sententie
1365 4479 1521 4544 alias
1571 4479 1695 4544 late
1757 4480 1923 4545 inter
1983 4499 2084 4545 eos
2145 4499 2255 4563 per
2320 4482 2746 4563 procuratores
2810 4479 3009 4543 sancti
3056 4477 3270 4545 Marci.

525 4564 822 4645 tanquam
872 4565 1035 4630 iuste
1084 4569 1147 4632 et
1191 4567 1473 4645 honeste,
1519 4569 1582 4631 et
1625 4586 1763 4632 eam
1812 4567 2136 4633 observare
2175 4567 2566 4650 integraliter
2626 4568 2690 4631 in
2735 4566 3017 4647 qualibet
3077 4565 3255 4647 parte

526 4651 622 4714 sui
667 4668 805 4715 cum
856 4652 1269 4736 infrascriptis
1315 4655 1867 4720 declarationibus:
1937 4656 2098 4736 quod
2145 4653 2470 4720 Curzolani
2523 4654 2788 4720 debeant
2848 4653 2995 4718 dare
3042 4651 3259 4716 comiti

526 4738 591 4804 et
634 4738 962 4806 heredibus
1009 4758 1081 4806 ac
1128 4741 1588 4808 successoribus
1635 4742 1766 4808 eius
1813 4741 2009 4808 libras
2043 4741 2491 4827 septingentas,
2538 4759 2692 4826 quas
2738 4741 2796 4806 ei
2842 4739 2990 4805 dare
3025 4738 3258 4804 debent
