3620 5282
2987 367 3114 433 317

603 538 1204 624 CCGCLXXll.
1279 538 1928 623 God.1356.14
1976 540 2347 640 travnja,
2402 561 2462 621 u
2517 524 2905 622 1111010111.

402 666 602 725 Ukida
647 683 708 725 se
753 667 918 739 njeki
955 670 1155 725 namet
1185 666 1523 738 postavben
1570 666 1645 724 od
1687 666 1967 739 Ninjana
2011 684 2095 724 na
2137 683 2352 724 marva
2383 666 2591 738 paiku
2625 666 2865 739 pasuc‘u
2909 685 2952 727 u
2979 669 3115 727 nin-

1167 754 1329 812 skom
1375 754 1588 812 kotaru
1623 756 1790 826 proti
1836 758 2058 813 starom
2104 754 2353 828 obicaju.

604 890 791 956 1356.
840 891 939 957 die
991 892 1139 956 XIV
1200 892 1436 974 aprilis,
1510 890 1814 956 Dominus
1878 894 1941 954 et
2001 890 2357 957 consiliarii
2428 890 2660 973 Capta:
2728 891 3115 958 considerata

386 979 688 1045 fidelitate
740 980 1092 1045 nostrorum
1140 979 1416 1044 fidelium
1463 979 1538 1042 dc
1586 979 1789 1061 Pago,
1854 979 2076 1061 quibus
2137 979 2375 1044 noviter
2434 979 2566 1043 fieri
2613 979 2901 1044 videntur
2945 980 3119 1045 novi-

387 1070 549 1132 tates
595 1067 844 1133 insolite
893 1086 1000 1147 per
1046 1067 1328 1132 homines
1390 1071 1455 1131 et
1514 1084 1840 1131 commune
1887 1066 2060 1131 None
2121 1068 2183 1132 in
2231 1067 2605 1148 pasculando
2669 1068 2962 1133 animalia
3008 1086 3118 1133 sua

387 1174 570 1239 super
616 1157 844 1239 puncta
881 1155 1007 1220 Ure
1053 1155 1376 1219 districtus
1425 1154 1617 1233 None,
1667 1154 2026 1237 accipiendo
2069 1155 2146 1219 ab
2194 1155 2444 1231 eisdem,
2502 1157 2662 1238 quod
2709 1174 2829 1220 non
2877 1158 2973 1219 est
3019 1175 3118 1221 so-

383 1243 565 1307 litum
615 1262 723 1325 pro
770 1243 1143 1308 animalibus
1208 1243 1338 1307 suis
1401 1245 1534 1307 tam
1582 1242 1841 1307 minutis
1888 1261 2072 1324 quam
2121 1244 2353 1325 grossis
2413 1244 2476 1307 in
2523 1262 2730 1308 eornm
2778 1244 3115 1308 maximum

387 1332 679 1395 damnum
729 1333 792 1394 et
838 1330 1252 1413 preiudicium
1298 1330 1736 1394 manifestum:
1806 1331 1977 1395 vadit
2023 1347 2202 1412 11018,
2250 1330 2463 1395 11011110
2511 1330 2767 1395 00081110
2815 1331 3117 1396 nobilium

387 1418 661 1483 virorum
708 1418 909 1483 Marci
956 1417 1163 1496 Calbo,
1213 1418 1518 1483 Johannis
1566 1417 1920 1483 Justiniano
1967 1422 2029 1480 et
2075 1417 2391 1482 Hermolai
2445 1418 2785 1497 Darmerio,
2833 1419 2983 1483 olim
3020 1438 3118 1484 00-

394 1505 619 1570 mitum
659 1504 934 1570 civitatis
980 1507 1189 1570 nostre
1235 1505 1427 1582 None,
1477 1504 1591 1569 hoc
1657 1504 2146 1580 consulentium,
2211 1505 2372 1587 quod
2436 1505 2741 1571 scribatur
2793 1507 3006 1571 comiti
3055 1509 3119 1573 et

393 1592 792 1658 universitati
834 1593 1007 1657 None
1053 1593 1116 1656 in
1164 1593 1281 1657 hac
1327 1591 1526 1656 forma
1574 1592 1985 1674 infrascripta,
2035 1591 2356 1657 videlicet:

602 1681 849 1745 Fideles
896 1682 1089 1745 nostri
1136 1679 1211 1744 de
1253 1681 1423 1763 Pago
1463 1699 1656 1763 nuper
1701 1680 1877 1744 nobis
1911 1679 2189 1744 fecerunt
2215 1682 2432 1763 exponi
2471 1699 2609 1745 0010
2639 1681 2905 1762 querela,
2955 1681 3116 1765 quod

399 1768 478 1832 ab
521 1766 613 1832 eis
657 1788 766 1857 pro
813 1768 1188 1850 11000010οᾱ0
1236 1767 1529 1833 animalia
1593 1787 1703 1832 sua
1771 1787 1956 1851 super
2021 1771 2310 1849 punctam
2372 1768 2492 1833 Ure
2554 1768 2875 1833 districtus
2939 1768 3115 1834 None

398 1856 697 1938 accipitur
757 1856 1015 1937 pecunia
1078 1856 1244 1921 ultra
1306 1855 1586 1920 debitum
1637 1858 1700 1919 et
1744 1855 2248 1920 consuetudinem
2309 1856 2605 1920 hacteuus
2674 1855 3001 1921 observata
3053 1857 3118 1922 in

389 1961 599 2007 eorum
647 1944 989 2008 maximum
1037 1942 1335 2007 damnum
1384 1945 1449 2006 et
1488 1942 1896 2024 preiudicium
1948 1943 2367 2007 manifestum.
2439 1941 2642 2021 Quare
2688 1942 2962 2008 volentes
3010 1962 3119 2008 no-

390 2030 552 2095 stros
599 2030 810 2095 fideles
858 2033 922 2095 et
967 2032 1250 2096 subditos
1297 2032 1357 2094 iu
1408 2032 1535 2094 suis
1582 2031 1821 2095 iuribus
1854 2048 2236 2105 conservare,
2280 2034 2344 2095 et
2388 2032 2507 2095 sibi
2555 2030 2773 2110 facere,
2825 2032 2981 2113 quod
3019 2035 3119 2096 est

387 2116 709 2194 debitum3
759 2122 1098 2196 cernentes,
1146 2118 1307 2201 quod
1354 2119 1590 2182 iustum
1638 2136 1754 2183 non
1802 2121 1966 2182 esset
2011 2119 2305 2201 predictis
2352 2118 2426 2183 de
2465 2136 2616 2184 novo
2662 2137 2772 2201 pro
2819 2119 2980 2183 dicto
3012 2139 3119 2202 pa-

393 2206 563 2270 80010
609 2205 848 2271 datium
895 2206 1129 2289 augeri,
1178 2204 1470 2270 fidelitati
1517 2210 1718 2270 vestre
1767 2204 2154 2283 100οᾶ01000,
2197 2208 2502 2289 quatenus
2548 2204 2630 2269 ab
2678 2207 2765 2270 eis
2813 2224 2931 2271 000
2957 2208 3119 2272 acci·

388 2293 598 2377 piatur
642 2311 755 2358 nec
799 2294 995 2376 accipi
1044 2293 1425 2375 permittatis
1487 2293 1765 2358 decetero
1829 2312 1937 2376 pro
1996 2294 2362 2375 pasculando
2423 2293 2720 2359 animalia
2773 2313 2882 2359 sua
2928 2312 3116 2376 super

388 2381 619 2464 puncta
664 2380 943 2464 predicta
990 2381 1116 2446 Ure
1157 2382 1278 2446 nisi
1325 2380 1409 2457 id,
1459 2379 1621 2462 quod
1670 2380 1840 2446 soliti
1883 2386 2028 2445 sunt
2076 2382 2313 2445 solvere
2359 2383 2657 2465 tempore,
2706 2400 2826 2464 quo
2875 2381 3116 2447 datium

386 2467 657 2551 exigitur
702 2468 946 2533 nomine
994 2468 1339 2533 communis
1386 2467 1563 2532 None
1606 2470 1679 2533 de
1726 2467 1975 2550 pasculo
2021 2468 2145 2533 Ure
2216 2469 2492 2552 predicto
2530 2472 2661 2535 tam
2707 2470 2782 2533 de
2830 2468 3119 2535 animali-

384 2555 503 2621 bus
549 2556 809 2621 minutis
861 2575 1043 2638 quam
1094 2555 1349 2639 grossis,
1401 2557 1473 2619 ut
1517 2554 1667 2620 dicti
1718 2557 1912 2620 nostri
1963 2555 2177 2621 fideles
2224 2575 2475 2621 causam
2525 2575 2644 2622 non
2690 2557 2963 2623 habeant
3007 2576 3116 2641 pro

386 2643 681 2728 predictis
730 2645 1070 2728 deponendi
1118 2644 1389 2728 amplius
1451 2644 1902 2726 querimoniam
1967 2663 2175 2709 coram
2224 2646 2439 2720 nobis;
2508 2646 2805 2710 facientes
2849 2647 2962 2711 has
3011 2663 3117 2710 no-

387 2734 548 2797 stras
592 2731 838 2797 litteras
884 2732 948 2797 in
994 2732 1337 2798 cancelaria
1384 2732 1573 2798 vestri
1643 2731 1965 2816 regiminis
2011 2732 2086 2797 ad
2136 2732 2482 2797 futurorum
2544 2733 2908 2799 memoriam
2956 2734 3119 2818 regi-

388 2819 593 2884 strari.
647 2820 884 2884 Datum
931 2822 1048 2884 etc.

474 2910 655 2969 Misti
704 2907 986 2970 XXVII.
1036 2912 1136 2981 72,
1182 2928 1225 2969 u
1273 2911 1490 2970 arkivu
1536 2910 1895 2970 mletackom.

591 3096 1232 3182 CCCCLXXlll.
1309 3100 1517 3183 God.
1571 3099 1797 3183 1356.
1851 3099 1945 3184 15
1999 3101 2373 3201 travnja,
2427 3122 2486 3181 u
2539 3100 2931 3183 Mletcih.

391 3227 703 3302 lapravlja
744 3243 808 3286 se
850 3231 1118 3286 stranom
1162 3229 1436 3301 napatak
1475 3228 1772 3300 podieljen
1789 3227 2169 3300 poslcmikom
2199 3226 2419 3286 iducim
2457 3228 2495 3286 k
2520 3229 2845 3303 aqam-lm).
2871 3228 3119 3301 kraha.

1347 3316 1421 3373 Ti
1460 3333 1521 3374 sc
1556 3316 1860 3388 poslam‘ci
1904 3315 2189 3388 imenuju.

607 3433 797 3500 1356.
848 3434 1180 3500 indictione
1228 3436 1335 3513 IX,
1384 3435 1482 3499 die
1532 3435 1650 3499 XV
1697 3433 1935 3517 aprilis,
1983 3432 2302 3513 DomiuuS,
2369 3433 2740 3514 consiliarii,
2804 3437 3011 3520 capita
3058 3441 3121 3502 et

396 3522 725 3605 0011100108.
797 3521 1027 3605 Capta:
1092 3523 1237 3606 quia
1285 3523 1346 3587 in
1394 3522 1829 3587 commissione
1892 3521 2049 3585 alias
2118 3523 2262 3585 data
2326 3522 2561 3586 duobus
2617 3525 3118 3590 ambaxatoribus

397 3609 607 3675 missis
651 3610 728 3674 ad
775 3628 984 3692 regem
1032 3610 1354 3694 Hungarie
1399 3610 1832 3675 continebatur
1870 3610 1942 3673 de
1985 3608 2149 3673 facto
2183 3609 2581 3674 concordandi
2613 3611 2906 3675 comitem
2953 3613 3118 3677 Pau-

395 3698 524 3763 lum
578 3699 641 3762 et
688 3702 940 3779 nepotes
987 3715 1149 3777 0000,
1192 3702 1257 3763 et
1302 3699 1414 3763 hoc
1462 3700 1536 3762 ad
1587 3716 1835 3780 presens
1881 3715 2002 3760 non
2043 3697 2272 3761 habeat
2336 3697 2572 3776 locum,
2624 3700 2768 3779 quia
2813 3698 2949 3764 loca
2994 3699 3122 3764 exi-

396 3788 618 3851 verunt
663 3785 739 3848 de
784 3785 1072 3850 manibus
1119 3804 1349 3862 eorum,
1398 3788 1462 3850 et
1506 3787 1578 3849 de
1627 3784 1780 3867 ipsis
1829 3785 1993 3848 facta
2039 3787 2136 3848 est
2181 3784 2492 3849 sufficiens
2555 3786 2789 3849 mencio
2860 3788 2923 3849 in
2980 3806 3120 3868 par-

400 3873 567 3938 tibus
613 3873 849 3956 captis:
899 3873 1072 3937 vadit
1118 3893 1281 3957 pars,
1323 3874 1480 3956 quod
1526 3873 1603 3937 de
1649 3874 1781 3955 ipso
1830 3871 2096 3954 capitulo
2144 3890 2261 3936 1100
2303 3872 2415 3936 fiat
2459 3871 2582 3936 alia
2628 3873 2877 3936 mentio.

610 3961 704 4026 De
750 3959 908 4025 facto
948 3960 1438 4040 Jadratinorum,
1489 3961 1561 4024 de
1608 3961 1826 4043 quibus
1871 3961 2028 4024 alias
2083 3960 2203 4023 fuit
2243 3959 2639 4023 commissum
2703 3960 3122 4026 ambaxatori-

400 4049 514 4115 bus
559 4048 875 4131 predictiS,
924 4048 1081 4131 quod
1125 4051 1381 4132 possent
1444 4048 1818 4126 contentari,
1875 4047 2034 4130 quod
2075 4065 2284 4112 amore
2346 4046 2509 4130 regis
2556 4047 2975 4112 Romanorum
3023 4069 3121 4115 re-

403 4138 801 4203 stitueremus
848 4136 925 4200 ad
967 4137 1236 4220 gratiam
1283 4139 1558 4202 nostram
1603 4135 1930 4215 videlicet,
1994 4136 2172 4218 quod,
2222 4135 2497 4198 remissis
2564 4135 2652 4198 eis
2699 4133 2940 4200 iniuriis
2988 4155 3122 4201 om-

403 4225 584 4291 nibus
631 4225 694 4288 et
741 4222 1177 4289 offensionibus
1238 4224 1414 4289 nobis
1484 4224 1665 4289 factis
1733 4243 1843 4306 per
1887 4242 1987 4288 eos
2060 4242 2250 4305 usque
2295 4223 2373 4287 ad
2418 4240 2708 4304 presens,
2779 4222 3122 4306 gauderent

402 4313 579 4377 bonis
626 4311 776 4389 suis,
827 4312 1136 4376 stantibus
1175 4312 1325 4394 ipsis
1376 4312 1659 4377 Veneciis
1705 4310 1803 4377 vel
1849 4309 1912 4374 in
1959 4312 2101 4375 aliis
2165 4311 2349 4375 terris
2411 4310 2642 4374 nostris
2691 4310 3008 4376 Sclavonie
3054 4314 3120 4378 in
3187 4303 3230 4349 3³

405 4401 706 4467 fidelitate
752 4402 994 4479 nostra,
1058 4403 1120 4464 et
1165 4417 1285 4464 non
1318 4399 1612 4465 facientes
1660 4402 1877 4464 contra
1936 4401 2215 4464 nostrum
2279 4398 2614 4476 honorem,
2678 4400 3119 4480 commiltatur,

407 4489 566 4573 quod
611 4489 852 4572 possint
887 4487 964 4552 ad
1011 4488 1288 4570 predicta
1320 4486 1680 4566 contentari,
1723 4487 2116 4566 ostendendo,
2164 4490 2325 4569 quod
2357 4489 2471 4552 hoc
2516 4488 2744 4554 faciant
2788 4491 2885 4556 vel
2914 4510 3122 4556 amore

409 4578 616 4662 regine
665 4576 765 4642 vel
810 4574 1064 4641 alterius
1108 4593 1384 4659 persone,
1433 4593 1619 4659 quam
1666 4575 1832 4658 regis
1878 4574 2216 4657 Hungarie.

599 4661 793 4728 ‘Facti
839 4662 1089 4728 fuerunt
1150 4662 1369 4728 sindici
1428 4663 1665 4727 nobiles
1711 4663 1829 4727 viri
1892 4681 1992 4726 ser
2051 4663 2298 4727 Marcus
2359 4662 2650 4728 Cornario
2695 4664 2877 4729 miles
2916 4666 2981 4729 et
3023 4684 3121 4730 ser

411 4752 689 4819 Marinus
734 4750 1018 4819 Grimani
1062 4750 1491 4817 ambaxatores
1538 4749 1685 4817 ituri
1732 4751 1809 4815 ad
1855 4768 2066 4833 regem
2106 4749 2446 4833 Hungarie,
2494 4751 2558 4813 et
2602 4750 2867 4832 quilibet
2910 4768 3115 4815 eorum
