3620 5282
2974 355 3101 423 145

384 553 491 617 pro
533 534 827 618 colligato
872 534 1263 601 scriberetur.
1311 534 1547 614 Quibus
1606 535 1790 599 dictis
1839 534 2126 600 deminus
2170 534 2441 600 Jacobus
2481 534 2822 600 Turchetus
2871 536 2935 600 et
3001 555 3101 601 ce-

383 622 500 687 teri
549 623 994 689 ambaxiatores
1064 624 1212 689 dicti
1274 623 1510 688 domini
1555 623 1831 689 Paduani
1893 624 2139 689 nomine
2197 623 2469 688 eiusdem
2530 623 2762 688 domini
2821 623 3101 690 Paduani

384 712 687 790 dixerunt,
737 712 900 795 quod
937 732 1080 797 ymo
1105 732 1212 794 pro
1252 712 1542 796 colligato
1569 713 1960 792 scriberetur,
2009 731 2197 796 quum
2246 711 2579 796 colligatus
2625 714 2758 777 erat
2802 711 2953 778 dicti
2994 713 3103 778 do-

384 800 536 864 mini
584 801 768 883 regiS,
816 804 888 866 ut
931 820 1222 883 apparere
1265 801 1555 865 ‘dicebant
1603 821 1712 884 per
1767 801 2084 884 publicum
2128 800 2647 865 instrumentum:
2712 800 2934 883 quibus
2993 800 3102 867 do-
3182 799 3190 811 ’

383 888 588 953 minus
640 890 920 961 dominus
976 888 1789 972 Zagrabiensis.respondit,
1843 889 2003 973 quod
2050 908 2168 953 non
2214 890 2347 953 erat
2414 887 2740 972 colligatus
2799 887 2950 954 dicti
2997 889 3103 954 do-

386 975 540 1040 mini
587 978 774 1060 regis,
820 997 931 1042 nec
977 996 1117 1041 eum
1163 997 1273 1061 pro
1319 978 1610 1060 colligato
1656 979 1851 1042 etiam
1895 978 2243 1059 reputabat.
2308 976 2425 1041 His
2471 976 2855 1042 sermonibus
2911 978 3103 1043 inter-

386 1064 772 1130 venientibus
820 1065 1167 1149 sepedictus
1212 1065 1498 1130 dominus
1544 1066 1891 1130 Leonardus
1937 1066 2014 1130 de
2044 1065 2383 1130 Montealto
2414 1065 2584 1144 dixit,
2634 1065 2794 1149 quod
2824 1064 2880 1129 si
2912 1083 3103 1149 appa-

385 1154 549 1217 reret
592 1173 706 1236 per
749 1154 1235 1218 instrumentum
1293 1153 1628 1234 publicum,
1694 1156 1929 1218 dictum
1993 1155 2310 1217 dominum
2356 1154 2721 1218 Paduauum
2785 1152 2915 1218 fore
2976 1154 3103 1219 col-

382 1238 650 1322 ligatum
696 1241 971 1307 eiusdem
1017 1242 1248 1307 domiui
1294 1243 1477 1325 regiS,
1526 1244 1683 1325 quod
1730 1244 1862 1325 ipse
1911 1261 2017 1324 pro
2064 1241 2352 1325 colligato
2375 1242 2694 1325 habeatur,
2741 1242 2835 1307 sin
2869 1244 3100 1323 autem,

386 1348 494 1410 pre
537 1331 868 1395 adherente
914 1331 1108 1413 ipsius
1156 1335 1490 1395 teneretur.

596 1420 755 1482 Item
802 1420 959 1501 quod
1008 1438 1220 1483 omnes
1266 1418 1630 1483 adherentes
1677 1418 1980 1483 dictarum
2028 1417 2299 1501 partium
2346 1422 2411 1482 et
2466 1417 2799 1482 cuiuslibet
2868 1437 3101 1498 earum,

388 1505 490 1585 qui
540 1508 820 1588 superius
868 1510 1015 1571 sunt
1061 1508 1373 1589 descripti,
1425 1507 1853 1590 intelligantur
1897 1511 1962 1570 et
2006 1507 2134 1572 sint
2200 1505 2422 1571 inclusi
2482 1507 2547 1570 in
2604 1506 2878 1588 presenti
2935 1526 3100 1589 pace.

391 1593 472 1657 Et
514 1594 660 1675 quia
704 1616 825 1658 non
871 1598 1035 1660 esset
1080 1597 1443 1659 conveniens
1488 1615 1684 1677 neque
1726 1596 1979 1673 iustum,
2029 1597 2188 1678 quod
2236 1614 2486 1677 presens
2532 1613 2643 1677 pax
2689 1597 2885 1676 quoad
2916 1596 3104 1660 offen-

388 1682 587 1746 siones
629 1684 692 1746 et
739 1685 1158 1749 restitutiones
1205 1685 1607 1766 dampnorum
1657 1685 1883 1767 ligaret
1945 1685 2314 1767 ignorantes),
2379 1684 2588 1747 actum
2656 1684 2771 1748 fiut
2837 1687 2903 1748 et
2968 1703 3106 1766 spe-

389 1769 632 1834 cialiter
678 1777 1044 1837 conventum
1092 1773 1254 1836 inter
1294 1790 1506 1835 omnes
1555 1772 1750 1836 dictas
1796 1773 2023 1854 parteS,
2059 1773 2216 1853 quod
2263 1772 2621 1836 offensiones
2683 1772 2845 1836 inter
2905 1771 3105 1837 dictas

391 1861 598 1939 partes
645 1862 709 1922 et
754 1879 964 1925 earum
1011 1864 1249 1943 genteS,
1302 1860 1600 1938 subditos,
1647 1861 2009 1924 adherentes
2055 1863 2119 1924 et
2163 1860 2492 1943 complices
2538 1878 2776 1925 cessare
2843 1860 3107 1926 debeant

392 1949 727 2012 secundum
775 1949 1352 2013 determinationem
1400 1951 1463 2012 et
1509 1949 1946 2013 limitationem
1995 1950 2267 2013 locorum
2300 1951 2364 2012 et
2385 1950 2752 2030 temporum,
2794 1967 2911 2030 que
2956 1948 3106 2014 fient

391 2034 555 2099 iuter
595 2036 792 2101 dictas
838 2042 1065 2119 parteS,
1112 2037 1188 2101 de
1244 2056 1363 2119 qua
1423 2036 1782 2101 conficietur
1843 2037 2325 2102 instrumentum
2385 2036 2719 2119 publicum.
2784 2038 2932 2102 Post
2989 2057 3105 2121 que

391 2124 672 2206 tempora
720 2126 1056 2190 secundum
1107 2125 1565 2190 distinctionem
1613 2126 1882 2208 ipsorum
1936 2127 2281 2208 temporum
2325 2129 2389 2190 et
2434 2126 2728 2205 locorum,
2791 2144 2908 2209 que
2977 2127 3103 2206 fiet,

392 2211 444 2274 si
491 2211 736 2295 aliquod
781 2215 1114 2296 dampnum
1164 2215 1276 2279 fiat
1323 2234 1429 2296 per
1468 2214 1730 2278 alteram
1795 2215 2067 2297 ipsarum
2128 2214 2398 2295 partium
2459 2213 2555 2279 vel
2614 2213 2744 2278 eius
2804 2213 3105 2294 subditOS,

391 2302 606 2380 gentes
652 2302 1015 2367 adherentes
1063 2303 1158 2367 vel
1204 2320 1512 2385 sequaceS,
1557 2302 1780 2368 debeat
1826 2303 1958 2367 fieri
2007 2303 2167 2383 parti
2214 2303 2340 2367 lese
2386 2301 2731 2367 emendatio
2792 2304 2856 2367 et
2923 2304 3107 2368 resti-

391 2388 552 2453 tutio
595 2390 874 2472 ipsorum
921 2392 1351 2475 dampnorum.
1400 2392 1518 2454 Pro
1564 2391 2004 2456 offensionibus
2049 2393 2255 2456 autem
2302 2393 2365 2455 et
2410 2389 2712 2473 dampnis,
2783 2410 2898 2473 que
2943 2390 3105 2457 inter

391 2477 585 2541 dictas
630 2481 838 2561 partes
881 2479 1288 2545 insererentur
1328 2481 1471 2545 ante
1511 2481 1792 2563 tempora
1857 2478 2192 2544 ordinanda
2252 2480 2315 2543 in
2378 2478 2528 2543 locis
2590 2480 2872 2562 singulis,
2934 2480 3108 2546 nulla

391 2566 737 2632 emendatio
783 2568 881 2633 vel
933 2568 1243 2633 restitutio
1289 2568 1422 2633 fieri
1466 2569 1702 2647 debeat,
1751 2586 1861 2632 nec
1904 2570 2119 2632 contra
2177 2569 2523 2652 presentem
2593 2586 2808 2651 pacem
2869 2567 3106 2633 intelli-

392 2660 616 2734 gantur
654 2657 851 2735 illata,
900 2657 990 2722 ita
1034 2659 1194 2740 quod
1239 2658 1446 2723 omnia
1489 2659 1712 2733 castra,
1761 2658 1917 2736 loca,
1969 2660 2153 2734 terre,
2224 2656 2512 2721 fortilicie
2558 2661 2622 2722 et
2666 2657 2912 2739 captivi,
2984 2678 3102 2742 que

390 2743 453 2805 et
483 2744 586 2826 qui
633 2751 997 2826 caperentur
1045 2746 1141 2810 vel
1188 2748 1630 2828 occuperentur
1675 2765 1712 2810 a
1756 2746 1853 2810 die
1888 2747 2135 2811 firmate
2180 2745 2485 2828 presentis
2530 2744 2699 2826 pacis
2730 2745 2920 2810 etiam
2957 2748 3102 2812 ante

392 2850 497 2895 seu
546 2833 704 2896 infra
754 2833 986 2898 dictum
1034 2834 1365 2899 terminum
1438 2836 1502 2899 et
1564 2836 1808 2916 tempus
1871 2834 2268 2899 statuendum
2330 2852 2438 2915 per
2496 2833 2770 2916 aliquam
2831 2835 3101 2916 partium

393 2920 803 3000 predictarum
846 2942 952 2988 seu
998 2925 1213 3005 gentes
1261 2942 1490 3002 earum,
1538 2922 1680 2987 hinc
1725 2923 1868 2986 inde
1914 2942 2150 3003 semper
2198 2924 2262 2986 et
2305 2921 2367 2986 in
2415 2921 2580 2985 omni
2643 2939 2789 2985 casu
2851 2923 3104 2988 restitu-

393 3010 577 3071 antur
636 3011 699 3073 et
743 3009 931 3075 libere
978 3012 1339 3075 relaxentur.
1407 3009 1538 3089 Que
1584 3010 1789 3075 omnia
1853 3013 1917 3075 et
1975 3011 2221 3092 singula
2264 3008 2617 3091 supradicta
2675 3028 2885 3075 omnes
2940 3010 3105 3075 dicte

394 3099 600 3175 partes
647 3098 832 3162 dictis
877 3099 1228 3164 nominibus
1274 3101 1339 3164 et
1382 3099 1657 3182 quelibet
1700 3099 1973 3181 ipsarum
2045 3098 2160 3162 sibi
2223 3097 2485 3163 invicem
2548 3099 2610 3160 et
2670 3099 2940 3164 vicissim
3006 3118 3103 3165 so-

392 3182 701 3249 lemnibus
748 3181 1262 3268 stipulacionibus
1309 3188 1451 3252 hinc
1497 3186 1635 3251 inde
1682 3186 2063 3269 interpositis
2110 3186 2526 3268 promiserunt
2554 3187 2889 3266 attendere,
2937 3206 3102 3252 com·

394 3272 561 3353 plere
609 3275 673 3336 et
717 3274 1062 3355 observare,
1108 3278 1172 3340 et
1216 3278 1427 3341 contra
1474 3275 1535 3339 in
1583 3275 1788 3358 aliquo
1840 3294 1955 3340 non
2005 3274 2204 3339 facere
2252 3275 2347 3340 vel
2394 3273 2599 3338 venire
2646 3275 2760 3339 sub
2791 3293 2948 3357 pena
2990 3275 3102 3340 flo-

393 3378 676 3425 renorum
724 3364 970 3427 centum
1019 3363 1262 3428 milium
1308 3365 1442 3428 auri
1491 3364 1898 3447 solempniter
1941 3364 2255 3446 stipulata,
2300 3364 2360 3427 in
2394 3377 2576 3443 quam
2604 3380 2822 3445 penam
2872 3363 3105 3430 incidat

391 3449 670 3529 quelibet
713 3450 987 3532 ipsarum
1037 3451 1328 3534 partium,
1391 3472 1506 3534 que
1569 3452 1843 3534 predicta
1888 3471 2007 3517 non
2054 3452 2486 3528 observaverit,
2549 3451 2613 3514 et
2671 3453 3104 3518 committatur

392 3541 456 3600 et
511 3538 854 3620 applicetur
914 3541 1071 3621 parti
1133 3541 1502 3618 observanti,
1564 3542 1778 3604 contra
1840 3561 2024 3623 quam
2086 3542 2252 3605 esset
2319 3537 2802 3621 contrafactum,
2866 3542 3102 3607 tociens

392 3628 680 3706 quociens
732 3626 920 3692 fuerit
963 3629 1432 3707 contrafactum,
1482 3630 1632 3694 satis
1679 3629 2070 3693 manentibus
2115 3627 2400 3693 omnibus
2447 3628 2512 3691 et
2570 3627 2833 3711 singulis
2894 3649 3101 3713 supra-

392 3714 607 3790 dictis;
672 3734 816 3780 sane
862 3737 1103 3799 semper
1146 3716 1485 3796 intellect0,
1548 3707 1710 3799 quod
1751 3718 1918 3781 dicta
1963 3737 2120 3799 pena
2164 3715 2468 3800 generalis
2513 3716 2576 3779 in
2617 3717 2888 3800 presenti
2933 3720 3101 3802 capi-

392 3802 525 3865 tulo
571 3805 851 3886 apposita
894 3805 1097 3870 locum
1162 3823 1278 3869 nou
1325 3806 1553 3870 habeat
1614 3805 1848 3869 inillis
1911 3805 2157 3870 casibus
2217 3824 2326 3868 seu
2388 3805 2695 3886 capituliS,
2758 3805 2821 3868 in
2879 3807 3101 3889 quibus

392 3909 496 3954 seu
539 3911 647 3973 per
693 3911 809 3976 que
858 3893 920 3957 in
962 3895 1230 3975 presenti
1277 3913 1426 3976 pace
1472 3893 1549 3958 de
1605 3912 1759 3977 pena
1819 3894 2167 3977 specialiter
2230 3895 2325 3957 est
2384 3892 2715 3974 provisum,
2780 3894 2894 3959 sub
2953 3914 3102 3978 ypo-

397 3979 574 4044 techa
641 3984 706 4045 et
773 3982 1152 4065 obligatione
1219 3981 1493 4046 emnium
1563 3981 1861 4047 bonorum
1921 3982 2226 4046 dictarum
2296 3980 2570 4064 partium
2640 3985 2702 4044 et
2770 3982 3101 4049 cuiuslibet

394 4086 599 4132 earum
641 4071 1022 4150 presentium
1066 4072 1130 4135 et
1174 4071 1539 4135 futurorum.
1610 4072 1692 4134 Et
1735 4069 1808 4134 ad
1858 4071 2153 4134 maiorem
2216 4069 2448 4134 roboris
2512 4063 2874 4135 firmitatem
2938 4071 3100 4137 dicte

393 4157 594 4237 partes
640 4158 702 4220 in
750 4158 990 4223 animas
1034 4158 1544 4224 constituentium
1591 4157 1990 4240 corporaliter
2056 4159 2244 4224 tactis
2305 4157 2712 4222 sacrosanctis
2776 4161 3098 4242 scripturis

391 4245 746 4312 iuraverunt
790 4247 866 4311 ad
911 4248 1260 4322 sanctafdei
1308 4247 1624 4330 evangelia
1670 4246 1947 4329 predicta
1991 4246 2197 4310 omnia
2241 4247 2304 4310 et
2342 4245 2587 4327 singula
2626 4245 2853 4311 habere
2898 4250 2962 4313 et
3006 4250 3100 4313 te-

392 4351 535 4397 nere
582 4339 733 4413 rata,
801 4337 982 4416 grata
1027 4339 1089 4400 et
1135 4336 1333 4413 firma,
1381 4334 1717 4413 attendere,
1760 4335 2063 4416 complere
2111 4344 2171 4398 et
2215 4335 2538 4399 observare
2583 4335 2647 4397 et
2691 4353 2810 4399 non
2857 4339 3100 4414 contra-

388 4418 591 4487 facere
653 4424 748 4489 vel
809 4426 1013 4488 venire
1077 4424 1372 4488 beneficio
1435 4424 1850 4488 restitutionis
1912 4424 1971 4487 in
2014 4423 2322 4507 integrum
2375 4441 2483 4486 nec
2528 4421 2651 4486 alio
2716 4442 3099 4509 quocumque

393 4509 524 4573 iure
566 4511 836 4592 generali
885 4513 984 4576 vel
1028 4513 1303 4596 speciali,
1357 4514 1511 4594 quod
1562 4511 1684 4575 dici
1731 4512 1828 4576 vel
1861 4513 2193 4595 excogitari
2226 4511 2436 4594 possit,
2486 4513 2941 4593 quomodolibet
2977 4534 3093 4578 non

389 4598 691 4664 obstante.
743 4601 1168 4666 Promiserunt
1212 4601 1400 4665 etiam
1449 4602 1512 4665 et
1558 4601 1920 4665 solemniter
1965 4601 2376 4665 convenerunt
2404 4618 2614 4665 omnes
2648 4602 2852 4682 partes
2884 4621 3097 4686 supra-

389 4686 615 4769 scripte
663 4688 949 4752 videlicet
996 4690 1272 4771 quelibet
1315 4689 1588 4771 ipsarum
1637 4687 1987 4752 nominibus
2033 4688 2381 4769 antedictis,
2451 4688 2610 4770 quod
2674 4708 2919 4769 presens
2980 4711 3095 4774 pax

389 4775 922 4860 publicabitur'in
966 4778 1405 4862 principalibus
1452 4777 1815 4846 civitatibus
1865 4777 2136 4862 ipsarum
2205 4778 2499 4862 partium,
2566 4778 2631 4842 et
2685 4777 3099 4846 ratificabitur

476 4897 655 4949 seon.
701 4898 785 4949 ιν.
2604 4880 2684 4948 10
