3620 5282
3008 432 3137 499 233

406 625 735 671 mansurus
782 606 856 671 ad
907 606 1251 672 custodiam
1300 608 1464 681 culfi,
1517 610 1587 673 ut
1633 610 1825 672 moris
1890 607 2081 672 nostri
2146 609 2260 684 est,
2313 609 2361 672 si
2413 607 2725 690 expediret
2774 608 2960 673 alicui
3006 608 3137 674 dic-

406 696 609 758 tarum
660 699 967 758 terrarum
1016 695 1265 778 aliquid,
1315 698 1473 776 quod
1521 695 1767 760 cederet
1815 696 1890 759 ad
1940 698 2470 761 conservationem
2512 699 2575 761 et
2618 699 2842 762 bonum
2896 699 3129 761 statum

407 782 484 847 ad
532 783 821 847 honorem
868 802 1087 847 corone
1151 783 1468 865 Hungarie
1534 787 1598 847 et
1662 785 1857 866 regui,
1909 785 2220 866 predictus
2268 788 2631 867 capitaneus
2679 788 2849 850 esset
2894 804 3136 865 semper

409 875 662 952 paratus
711 872 788 934 ad
835 872 1042 934 omnia
1089 872 1208 936 sibi
1256 873 1437 953 grata
1502 876 1565 935 et
1623 872 1864 954 placida
1927 892 2033 954 pro
2078 873 2542 938 conservatione
2591 893 2722 949 sua,
2780 876 2848 936 ut
2893 873 3133 936 dictum

402 962 517 1022 est.
568 957 631 1022 Si
684 977 823 1023 vero
868 958 1079 1041 aliqua
1124 960 1541 1042 predictarum
1609 965 1914 1024 terrarum
1977 964 2295 1024 moverent
2341 960 2552 1043 aliqua
2580 961 2783 1037 verba,
2839 979 2956 1042 que
3000 964 3136 1023 tan-

402 1050 620 1128 gerent
666 1048 737 1110 ad
789 1047 1014 1110 bouum
1062 1049 1363 1125 nostrum,
1412 1050 1557 1112 tunc
1607 1049 1868 1112 debeant
1913 1049 2173 1129 predicti
2226 1050 2434 1114 noster
2479 1050 2836 1131 capitaneus
2886 1050 2948 1113 et
2996 1065 3136 1131 pro-

402 1135 635 1197 visores
682 1136 914 1200 certari
966 1134 1132 1217 ipsos
1183 1154 1326 1199 cum
1373 1136 1750 1200 amabilibus
1795 1138 1860 1200 et
1906 1137 2189 1200 dulcibus
2239 1137 2465 1214 verbis,
2518 1143 2585 1200 ut
2629 1141 3029 1219 perseverent
3075 1138 3132 1197 in

403 1222 695 1286 libertate
743 1242 871 1298 sua,
922 1226 985 1286 et
1030 1224 1203 1288 nobis
1243 1224 1518 1288 scribant
1564 1225 1847 1287 ordinate
1895 1227 2117 1301 omnia,
2160 1245 2277 1306 que
2326 1225 2694 1297 habuerunt,
2739 1224 3135 1307 particulari-

407 1313 499 1374 ter
542 1313 605 1374 et
651 1311 960 1386 distincte,
1014 1315 1081 1374 ut
1128 1312 1338 1375 habita
1404 1310 1839 1376 informatione
1903 1313 1981 1375 ab
2048 1313 2158 1379 eis,
2208 1313 2524 1395 providere
2575 1313 2902 1394 possimus,
2956 1314 3133 1392 prout

402 1400 615 1462 honori
667 1403 877 1462 nostro
926 1398 1209 1481 expedire
1260 1399 1624 1464 videbimus.
1676 1399 2045 1464 Reducendo
2091 1400 2166 1464 ad
2218 1401 2579 1463 memoriam
2628 1401 2777 1464 dicti
2805 1399 3130 1481 capitanei,

404 1486 563 1568 quod
615 1488 673 1549 in
724 1487 998 1569 quolibet
1046 1488 1345 1552 dictorum
1396 1487 1673 1552 locorum
1728 1488 2053 1568 permittat
2084 1487 2173 1552 ire
2208 1490 2268 1552 in
2302 1490 2534 1551 terram
2581 1506 2762 1568 quam
2815 1488 3132 1569 pauciores

407 1574 697 1639 homines
747 1575 995 1657 poterit,
1047 1578 1117 1639 ut
1159 1577 1244 1638 sit
1290 1595 1533 1659 semper
1583 1577 1740 1640 bene
1787 1576 1848 1638 in
1897 1578 2106 1640 ordine
2149 1596 2289 1640 cum
2339 1575 2558 1658 galeis.
2608 1574 3086 1638 35.—47—49.

617 1680 729 1745 Ser
780 1680 997 1744 Petrus
1051 1681 1422 1745 Mauroceno
1483 1682 1725 1762 sapiens
1790 1683 2116 1746 ordinum:
2176 1680 2346 1764 quod
2397 1700 2505 1764 pro
2555 1680 2771 1745 multis
2825 1680 2994 1744 bonis
3043 1699 3136 1742 re-

407 1767 723 1850 spectibus
766 1771 828 1832 et
873 1786 981 1850 pro
1029 1770 1183 1834 bono
1230 1772 1292 1832 et
1342 1770 1614 1834 utilitate
1678 1773 2052 1852 agendorum
2120 1772 2490 1833 nostrorum·
2517 1769 2921 1832 commitatur
2968 1767 3130 1849 capi-

411 1856 590 1919 taneo
641 1857 847 1919 nostro
912 1856 1055 1921 culfi
1104 1860 1167 1921 et
1232 1859 1646 1939 provisoribus
1712 1858 1962 1933 nostriS,
2024 1858 2182 1938 quod
2243 1856 2306 1921 in
2370 1857 2489 1920 ista
2535 1856 2634 1920 via
2679 1875 2788 1919 sua
2837 1875 2979 1919 oum
3029 1873 3134 1919 no·

404 1943 554 2007 stris
601 1943 801 2007 literis
853 1945 1247 2008 credulitatis
1295 1945 1562 2009 debeant
1610 1947 1857 2010 visitare
1907 1945 2272 2027 Ragusium‚
2322 1947 2386 2008 et
2433 1944 2597 2008 facta
2628 1944 3006 2007 salutatione
3040 1963 3134 2006 re-

403 2032 624 2114 gimini
670 2051 809 2096 cum
865 2033 1065 2096 verbis
1130 2033 1362 2096 amoris
1410 2035 1472 2097 et
1532 2032 1905 2108 dilectioniS‚
1957 2035 2118 2097 sicut
2173 2034 2461 2096 convenit
2511 2051 2613 2112 pro
2663 2033 2889 2095 honore
2938 2032 3132 2094 nostri

401 2119 657 2197 domini,
731 2120 999 2185 debeant
1072 2139 1391 2203 exponere,
1459 2122 1618 2203 quod
1690 2124 1851 2186 sicut
1920 2122 2342 2185 sincerissima
2424 2121 2708 2184 amicicia
2776 2138 2887 2183 sua
2961 2118 3133 2198 plene

400 2208 592 2283 novit,
668 2227 776 2272 nos
839 2227 1086 2290 semper
1146 2209 1494 2273 amavimus
1542 2214 1606 2273 et
1649 2229 1931 2273 amamus
1991 2227 2094 2273 eos
2158 2210 2474 2290 tamquam
2546 2209 2731 2274 bonos
2800 2207 3029 2270 vicinos
3073 2209 3136 2269 et

401 2295 789 2359 carrissimos
839 2296 1073 2360 amicos
1118 2301 1376 2372 nostroS‚
1426 2301 1488 2359 et
1536 2317 1776 2380 semper
1827 2298 2057 2361 fuimus
2107 2298 2170 2360 et
2212 2315 2425 2359 sumus
2453 2296 2736 2377 dispositi
2782 2296 2854 2358 ad
2922 2311 3134 2358 omnes

411 2383 689 2459 honores,
755 2384 980 2448 bonum
1029 2385 1094 2448 et
1139 2387 1668 2449 conservationem
1719 2386 1966 2449 honoris
2032 2387 2096 2449 et
2141 2387 2343 2448 status
2410 2385 2522 2457 sui,
2574 2403 2753 2465 quem
2806 2383 2977 2446 velut
3026 2401 3132 2446 no-

414 2474 614 2534 strum
684 2471 996 2554 proprium
1068 2474 1421 2554 reputamus
1470 2476 1533 2535 et
1580 2474 1955 2537 intendimus
2026 2476 2319 2555 perpetuo
2390 2475 2693 2553 reputare,
2760 2489 3005 2552 semper
3054 2468 3130 2532 ad

402 2559 691 2622 honorem
740 2562 803 2624 et
850 2560 1075 2624 bonum
1119 2562 1354 2625 statum
1405 2560 1577 2644 regni
1606 2563 1670 2623 et
1693 2580 1912 2625 corone
1946 2561 2287 2643 Hungarie.
2337 2560 2416 2623 Et
2451 2565 2520 2622 ut
2554 2559 2802 2622 videant
2849 2560 3126 2621 nostram

401 2648 699 2730 optimam
769 2649 1232 2730 dispositionem
1295 2668 1442 2731 erga
1511 2652 1677 2731 ipsos
1728 2654 1793 2714 et
1839 2652 2071 2714 statum
2129 2668 2331 2724 suum,
2385 2648 2702 2712 offerimus
2752 2666 2862 2711 nos
2911 2664 3130 2728 prepa-

403 2739 574 2800 ratos
633 2736 921 2801 alacriter
968 2740 1031 2799 et
1080 2737 1233 2799 bono
1289 2739 1496 2801 animo
1543 2739 1618 2801 ad
1667 2738 1891 2813 omnia,
1959 2756 2073 2820 que
2123 2736 2352 2800 faciant
2399 2755 2506 2818 pro
2555 2735 3022 2799 conservatione
3065 2735 3130 2797 et

403 2824 557 2888 bono
604 2825 773 2888 statu
820 2825 935 2901 sui,
987 2826 1052 2889 et
1093 2824 1180 2887 sic
1228 2823 1524 2888 videbunt
1594 2826 1793 2904 operis
1841 2845 1948 2906 per
1994 2825 2302 2889 effectum.
2357 2824 2421 2889 Si
2471 2841 2613 2887 vero
2663 2824 2722 2886 in
2774 2823 2912 2886 istis
2959 2824 3133 2885 locu-

404 2911 671 2976 tionibus
718 2912 971 2994 predicti
1018 2912 1286 2994 Ragusei
1333 2914 1660 2993 tangerent
1708 2913 1919 2996 aliqua
1954 2914 2155 2983 verba,
2206 2933 2322 2994 que
2371 2912 2572 2975 forent
2618 2912 2694 2974 ad
2741 2911 2967 2975 bonum
3019 2927 3128 2973 no·

404 3002 627 3078 strum,
677 3000 960 3065 deberint
1022 3000 1343 3082 predictus
1401 3001 1758 3081 capitaneus
1824 3004 1887 3064 et
1936 3002 2272 3081 provisores
2344 3002 2537 3064 nostri
2587 3000 2775 3062 ortari
2825 3000 2990 3079 ipsos
3040 2997 3129 3060 ef-

402 3088 677 3152 ficaciter
724 3107 863 3152 cum
930 3089 1131 3150 verbis
1201 3088 1484 3151 dulcibus
1532 3090 1595 3151 et
1641 3089 2104 3166 aniicabilibuS‚
2168 3091 2239 3151 ut
2289 3089 2682 3169 perseverent
2731 3088 2790 3149 in
2842 3085 3134 3150 libertate

403 3195 532 3251 sua,
582 3180 645 3239 et
692 3175 865 3239 nobis
939 3176 1219 3240 scribant
1287 3178 1561 3240 ordinate
1612 3181 1676 3240 et
1720 3177 2076 3259 parcialiter
2150 3178 2375 3252 omnia,
2448 3196 2562 3257 que
2634 3175 3000 3250 babuerunt,
3063 3176 3134 3236 ut

403 3263 621 3328 habita
667 3263 1099 3328 informatione
1145 3266 1221 3329 ab
1271 3266 1385 3339 θῦε,
1435 3283 1761 3345 possumus
1834 3265 2178 3347 providere,
2252 3264 2416 3328 sicut
2485 3282 2592 3345 pro
2650 3264 2872 3326 bonore
2922 3263 3131 3325 nostro

403 3350 747 3416 videbimus
794 3370 944 3432 opus
995 3372 1149 3415 esse.
1199 3352 1303 3415 30.

613 3455 726 3520 Ser
774 3458 1142 3521 Laurentius
1192 3457 1580 3530 Lauredan0‚
1616 3478 1713 3521 ser
1764 3457 2033 3521 Mafeulo
2082 3458 2290 3520 Memo
2360 3457 2558 3539 capita
2606 3455 2680 3518 de
2728 3456 2856 3519 XL.
2901 3454 3136 3535 Capta:

403 3544 616 3609 volunt
664 3546 809 3625 quia
857 3563 974 3608 non
1024 3549 1122 3609 est
1182 3547 1638 3627 presentialiter
1704 3549 1954 3627 teinpus
2002 3546 2361 3609 advertendi
2414 3547 2486 3607 ad
2538 3544 2708 3617 talia,
2762 3546 2922 3625 quod
2972 3544 3138 3625 capi-

409 3636 625 3695 taneus
676 3636 880 3695 noster
945 3634 1088 3695 culfi
1139 3636 1195 3697 in
1266 3634 1422 3695 bonu
1456 3635 1674 3716 gratia
1753 3638 2158 3715 prosequatur
2209 3635 2371 3695 viam
2425 3652 2601 3695 suam
2649 3632 2719 3695 ad
2773 3633 3133 3695 custodiam.

406 3719 634 3783 Verum
669 3720 720 3785 si
772 3722 1072 3802 reperiret
1119 3722 1358 3803 aliquos
1407 3723 1709 3784 dictarum
1758 3722 2029 3802 partium
2087 3722 2416 3795 Dalmat-ie,
2469 3721 2689 3783 debeat
2734 3737 2842 3800 pro
2886 3721 3039 3782 bono
3073 3722 3136 3783 et

403 3808 625 3871 honore
675 3814 880 3871 nostre.
929 3810 1364 3873 dominationis
1413 3812 1474 3871 et
1507 3829 1611 3891 pro
1660 3809 1814 3872 bono
1847 3809 2104 3872 istorum
2154 3810 2530 3890 agendorum
2584 3807 2674 3871 uti
2720 3807 2846 3869 illis
2894 3806 3136 3888 sapien-

396 3893 561 3959 tibus
608 3899 673 3959 et
718 3898 946 3960 dextris
990 3901 1053 3960 et
1099 3898 1533 3961 amicabilibus
1578 3897 1796 3974 verbiS‚
1847 3916 1964 3979 que
2012 3897 2127 3960 sibi
2181 3898 2569 3960 videbuntur.

610 3982 1070 4061 42-60-63,
1120 3986 1195 4048 de
1245 4003 1358 4048 non
1411 3990 1559 4061 -6,
1611 4004 1725 4048 uon
1774 3986 1996 4048 sinceri
2049 3984 2416 4048 7-13-9,

491 4093 669 4151 Misti
721 4093 855 4152 XL.
910 4097 1010 4162 65,
1051 4112 1092 4151 u
1141 4093 1294 4151 mlet.
1329 4095 1561 4153 arkivu.

660 4297 1214 4382 CCCXXXV.
1270 4298 1481 4382 God.
1537 4300 1755 4382 1387.
1810 4300 1921 4382 30
1976 4298 2317 4401 oiujka,
2376 4322 2432 4379 u
2486 4299 2875 4380 Mletcih.

580 4444 891 4503 Obodrava
936 4461 998 4502 se
1043 4445 1189 4503 knez
1236 4445 1445 4504 dradki
1493 4446 1682 4503 Karlo
1737 4445 1942 4517 Topia,
1989 4446 2144 4503 nelca
2186 4446 2452 4503 nitkomu
2496 4444 2710 4516 nedaje
2735 4443 2958 4502 Draco.

616 4564 805 4630 1387.
853 4565 956 4629 die
1000 4566 1342 4646 penultimo
1410 4565 1647 4629 marcii.
1716 4565 2038 4647 Sapientes
2112 4564 2418 4628 ordinum.
2474 4564 2703 4646 Capta:
2753 4563 2911 4645 quod
2964 4581 3134 4626 com·

405 4652 690 4717 mittatur
737 4655 1057 4734 capitaneo
1103 4658 1306 4717 nostro
1353 4654 1500 4718 culfi
1547 4660 1609 4716 et
1657 4652 2073 4732 provisoribus
2131 4653 2355 4715 nostris
2384 4653 2566 4716 ituris
2601 4650 2905 4734 Corphoy,
2941 4651 3120 4732 quod,

402 4740 641 4819 quando
714 4746 894 4804 erunt
959 4741 1019 4804 in
1082 4742 1367 4822 partibus
1439 4741 1758 4817 Durachii‚
1833 4741 2108 4803 debeant
2155 4760 2260 4820 per
2309 4739 2486 4803 ilium
2559 4742 2808 4803 modum
2857 4743 2920 4801 et
2965 4739 3128 4801 sicut

405 4826 493 4890 eis
541 4828 760 4893 melius
806 4827 1117 4894 videbitur
1182 4830 1431 4894 mittere
1485 4828 1578 4892 vel
1648 4847 1807 4892 unus
1858 4844 2069 4892 eorum
2119 4827 2209 4890 ire
2256 4846 2395 4891 cum
2442 4827 2667 4892 nostris
2719 4826 2949 4890 litteris
2998 4843 3131 4888 cre-
