<?xml version="1.0" encoding="UTF-8"?>
<!DOCTYPE html PUBLIC "-//W3C//DTD XHTML 1.0 Transitional//EN"
    "http://www.w3.org/TR/xhtml1/DTD/xhtml1-transitional.dtd">
<html xmlns="http://www.w3.org/1999/xhtml" xml:lang="en" lang="en">
 <head>
  <title>
</title>
<meta http-equiv="Content-Type" content="text/html;charset=utf-8" />
  <meta name='ocr-system' content='tesseract 3.04.00' />
  <meta name='ocr-capabilities' content='ocr_page ocr_carea ocr_par ocr_line ocrx_word'/>
</head>
<body>
  <div class='ocr_page' id='page_1' title='image "./monumentaspecta02umjegoog_1032.png"; bbox 0 0 3620 5282; ppageno 0'>
   <div class='ocr_carea' id='block_1_1' title="bbox 578 315 718 387">
    <p class='ocr_par' dir='ltr' id='par_1_1' title="bbox 578 315 718 387">
     <span class='ocr_line' id='line_1_1' title="bbox 578 315 718 387; baseline 0.093 -13"><span class='ocrx_word' id='word_1_1' title='bbox 578 315 718 387; x_wconf 77' lang='lat'><strong>,474</strong></span> 
     </span>
    </p>
   </div>
   <div class='ocr_carea' id='block_1_2' title="bbox 487 509 3316 599">
    <p class='ocr_par' dir='ltr' id='par_1_2' title="bbox 487 509 3316 599">
     <span class='ocr_line' id='line_1_2' title="bbox 487 509 3316 599; baseline 0.002 -28"><span class='ocrx_word' id='word_1_2' title='bbox 487 565 490 570; x_wconf 93' lang='lat'>.</span> <span class='ocrx_word' id='word_1_3' title='bbox 596 509 752 593; x_wconf 89' lang='lat' dir='ltr'><strong>quod</strong></span> <span class='ocrx_word' id='word_1_4' title='bbox 803 511 971 578; x_wconf 87' lang='lat' dir='ltr'><strong>dicta</strong></span> <span class='ocrx_word' id='word_1_5' title='bbox 1016 532 1151 599; x_wconf 86' lang='lat' dir='ltr'><strong>pax,</strong></span> <span class='ocrx_word' id='word_1_6' title='bbox 1200 514 1515 581; x_wconf 87' lang='lat' dir='ltr'><strong>concordia</strong></span> <span class='ocrx_word' id='word_1_7' title='bbox 1560 514 1624 580; x_wconf 89' lang='lat' dir='ltr'><strong>et</strong></span> <span class='ocrx_word' id='word_1_8' title='bbox 1668 513 1815 581; x_wconf 88' lang='lat' dir='ltr'><strong>unio</strong></span> <span class='ocrx_word' id='word_1_9' title='bbox 1881 512 2111 580; x_wconf 87' lang='lat' dir='ltr'><strong>civium</strong></span> <span class='ocrx_word' id='word_1_10' title='bbox 2180 514 2245 578; x_wconf 90' lang='lat' dir='ltr'><strong>et</strong></span> <span class='ocrx_word' id='word_1_11' title='bbox 2304 510 2605 580; x_wconf 83' lang='lat' dir='ltr'><strong>nobilium</strong></span> <span class='ocrx_word' id='word_1_12' title='bbox 2648 511 2817 577; x_wconf 85' lang='lat' dir='ltr'><strong>dicte</strong></span> <span class='ocrx_word' id='word_1_13' title='bbox 2859 510 3149 577; x_wconf 77' lang='lat' dir='ltr'><strong>civitatis</strong></span> <span class='ocrx_word' id='word_1_14' title='bbox 3196 532 3316 578; x_wconf 80' lang='lat' dir='ltr'><strong>re-</strong></span> 
     </span>
    </p>
   </div>
   <div class='ocr_carea' id='block_1_3' title="bbox 590 600 3321 3160">
    <p class='ocr_par' dir='ltr' id='par_1_3' title="bbox 590 600 3321 3160">
     <span class='ocr_line' id='line_1_3' title="bbox 598 600 3312 687; baseline 0.001 -24"><span class='ocrx_word' id='word_1_15' title='bbox 598 600 832 665; x_wconf 88' lang='lat' dir='ltr'><strong>dundat</strong></span> <span class='ocrx_word' id='word_1_16' title='bbox 875 603 947 669; x_wconf 87' lang='lat' dir='ltr'><strong>ad</strong></span> <span class='ocrx_word' id='word_1_17' title='bbox 998 621 1376 685; x_wconf 86' lang='lat' dir='ltr'><strong>prosperum,</strong></span> <span class='ocrx_word' id='word_1_18' title='bbox 1423 603 1667 668; x_wconf 82' lang='lat' dir='ltr'><strong>felicem</strong></span> <span class='ocrx_word' id='word_1_19' title='bbox 1716 606 1779 668; x_wconf 89' lang='lat' dir='ltr'><strong>et</strong></span> <span class='ocrx_word' id='word_1_20' title='bbox 1810 602 2219 687; x_wconf 88' lang='lat' dir='ltr'><strong>tranquillum</strong></span> <span class='ocrx_word' id='word_1_21' title='bbox 2265 602 2499 667; x_wconf 87' lang='lat' dir='ltr'><strong>statum</strong></span> <span class='ocrx_word' id='word_1_22' title='bbox 2547 600 2709 667; x_wconf 90' lang='lat' dir='ltr'><strong>dicte</strong></span> <span class='ocrx_word' id='word_1_23' title='bbox 2752 600 3025 666; x_wconf 82' lang='lat' dir='ltr'><strong>civitatis</strong></span> <span class='ocrx_word' id='word_1_24' title='bbox 3062 600 3312 667; x_wconf 73' lang='lat' dir='ltr'><strong>totius-</strong></span> 
     </span>
     <span class='ocr_line' id='line_1_4' title="bbox 601 690 3314 774; baseline 0 -21"><span class='ocrx_word' id='word_1_25' title='bbox 601 709 715 774; x_wconf 89' lang='lat' dir='ltr'><strong>que</strong></span> <span class='ocrx_word' id='word_1_26' title='bbox 759 691 932 773; x_wconf 85' lang='lat' dir='ltr'><strong>regni</strong></span> <span class='ocrx_word' id='word_1_27' title='bbox 965 691 1293 766; x_wconf 82' lang='lat' dir='ltr'><strong>Dalmatis,</strong></span> <span class='ocrx_word' id='word_1_28' title='bbox 1340 692 1663 758; x_wconf 78' lang='lat' dir='ltr'>letabundi</span> <span class='ocrx_word' id='word_1_29' title='bbox 1709 691 2056 757; x_wconf 79' lang='lat' dir='ltr'><strong>actionibus</strong></span> <span class='ocrx_word' id='word_1_30' title='bbox 2100 690 2434 756; x_wconf 90' lang='lat' dir='ltr'><strong>eorundem</strong></span> <span class='ocrx_word' id='word_1_31' title='bbox 2478 690 2726 764; x_wconf 80' lang='lat' dir='ltr'><strong>civium,</strong></span> <span class='ocrx_word' id='word_1_32' title='bbox 2759 691 2825 753; x_wconf 89' lang='lat' dir='ltr'><strong>et</strong></span> <span class='ocrx_word' id='word_1_33' title='bbox 2853 690 3314 754; x_wconf 71' lang='lat' dir='ltr'><strong>concinnantes</strong></span> 
     </span>
     <span class='ocr_line' id='line_1_5' title="bbox 604 775 3316 864; baseline -0.001 -20"><span class='ocrx_word' id='word_1_34' title='bbox 604 797 744 844; x_wconf 91' lang='lat' dir='ltr'><strong>cum</strong></span> <span class='ocrx_word' id='word_1_35' title='bbox 792 778 992 846; x_wconf 87' lang='lat' dir='ltr'><strong>David</strong></span> <span class='ocrx_word' id='word_1_36' title='bbox 1033 780 1364 863; x_wconf 85' lang='lat' dir='ltr'><strong>propbeta:</strong></span> <span class='ocrx_word' id='word_1_37' title='bbox 1413 780 1523 845; x_wconf 88' lang='lat' dir='ltr'><strong>bec</strong></span> <span class='ocrx_word' id='word_1_38' title='bbox 1567 782 1666 846; x_wconf 90' lang='lat' dir='ltr'><strong>est</strong></span> <span class='ocrx_word' id='word_1_39' title='bbox 1707 779 1859 860; x_wconf 89' lang='lat' dir='ltr'><strong>dies,</strong></span> <span class='ocrx_word' id='word_1_40' title='bbox 1907 796 2093 864; x_wconf 89' lang='lat' dir='ltr'><strong>quam</strong></span> <span class='ocrx_word' id='word_1_41' title='bbox 2156 778 2304 844; x_wconf 86' lang='lat' dir='ltr'><strong>fecit</strong></span> <span class='ocrx_word' id='word_1_42' title='bbox 2347 779 2650 855; x_wconf 82' lang='lat' dir='ltr'><strong>dominus,</strong></span> <span class='ocrx_word' id='word_1_43' title='bbox 2696 778 2961 843; x_wconf 79' lang='lat' dir='ltr'><strong>letemur</strong></span> <span class='ocrx_word' id='word_1_44' title='bbox 3005 779 3072 842; x_wconf 87' lang='lat' dir='ltr'><strong>et</strong></span> <span class='ocrx_word' id='word_1_45' title='bbox 3117 775 3316 843; x_wconf 84' lang='lat' dir='ltr'><strong>exul·</strong></span> 
     </span>
     <span class='ocr_line' id='line_1_6' title="bbox 605 865 3318 953; baseline -0 -21"><span class='ocrx_word' id='word_1_46' title='bbox 605 869 809 932; x_wconf 84' lang='lat' dir='ltr'><strong>temus</strong></span> <span class='ocrx_word' id='word_1_47' title='bbox 856 868 920 933; x_wconf 88' lang='lat' dir='ltr'><strong>in</strong></span> <span class='ocrx_word' id='word_1_48' title='bbox 964 884 1068 944; x_wconf 87' lang='lat' dir='ltr'><strong>ea;</strong></span> <span class='ocrx_word' id='word_1_49' title='bbox 1118 870 1439 934; x_wconf 79' lang='lat' dir='ltr'><strong>cernentes</strong></span> <span class='ocrx_word' id='word_1_50' title='bbox 1486 870 1698 947; x_wconf 84' lang='lat' dir='ltr'><strong>etiam,</strong></span> <span class='ocrx_word' id='word_1_51' title='bbox 1745 870 1906 953; x_wconf 89' lang='lat' dir='ltr'><strong>quod</strong></span> <span class='ocrx_word' id='word_1_52' title='bbox 1953 886 2060 950; x_wconf 88' lang='lat' dir='ltr'><strong>pro</strong></span> <span class='ocrx_word' id='word_1_53' title='bbox 2106 868 2284 934; x_wconf 82' lang='lat' dir='ltr'><strong>tanta</strong></span> <span class='ocrx_word' id='word_1_54' title='bbox 2328 884 2476 950; x_wconf 87' lang='lat' dir='ltr'><strong>pace</strong></span> <span class='ocrx_word' id='word_1_55' title='bbox 2520 870 2584 931; x_wconf 92' lang='lat' dir='ltr'><strong>et</strong></span> <span class='ocrx_word' id='word_1_56' title='bbox 2628 866 2869 944; x_wconf 84' lang='lat' dir='ltr'><strong>unione,</strong></span> <span class='ocrx_word' id='word_1_57' title='bbox 2916 867 2989 932; x_wconf 88' lang='lat' dir='ltr'><strong>ut</strong></span> <span class='ocrx_word' id='word_1_58' title='bbox 3019 865 3209 931; x_wconf 86' lang='lat' dir='ltr'><strong>firma</strong></span> <span class='ocrx_word' id='word_1_59' title='bbox 3240 867 3318 931; x_wconf 85' lang='lat' dir='ltr'><strong>et</strong></span> 
     </span>
     <span class='ocr_line' id='line_1_7' title="bbox 601 954 3305 1040; baseline 0 -22"><span class='ocrx_word' id='word_1_60' title='bbox 601 955 960 1020; x_wconf 87' lang='lat' dir='ltr'><strong>inconcussa</strong></span> <span class='ocrx_word' id='word_1_61' title='bbox 1010 959 1346 1032; x_wconf 88' lang='lat' dir='ltr'><strong>remaneat,</strong></span> <span class='ocrx_word' id='word_1_62' title='bbox 1396 961 1460 1022; x_wconf 89' lang='lat' dir='ltr'><strong>et</strong></span> <span class='ocrx_word' id='word_1_63' title='bbox 1505 976 1611 1040; x_wconf 90' lang='lat' dir='ltr'><strong>per</strong></span> <span class='ocrx_word' id='word_1_64' title='bbox 1658 975 1767 1021; x_wconf 89' lang='lat' dir='ltr'><strong>nos</strong></span> <span class='ocrx_word' id='word_1_65' title='bbox 1813 957 2151 1036; x_wconf 78' lang='lat' dir='ltr'><strong>roboretur,</strong></span> <span class='ocrx_word' id='word_1_66' title='bbox 2193 955 2291 1020; x_wconf 87' lang='lat' dir='ltr'><strong>his</strong></span> <span class='ocrx_word' id='word_1_67' title='bbox 2336 955 2648 1033; x_wconf 81' lang='lat' dir='ltr'><strong>remediis,</strong></span> <span class='ocrx_word' id='word_1_68' title='bbox 2696 955 2919 1039; x_wconf 86' lang='lat' dir='ltr'><strong>quibus</strong></span> <span class='ocrx_word' id='word_1_69' title='bbox 2983 954 3305 1031; x_wconf 80' lang='lat' dir='ltr'><strong>valemus,</strong></span> 
     </span>
     <span class='ocr_line' id='line_1_8' title="bbox 609 1041 3312 1122; baseline 0 -14"><span class='ocrx_word' id='word_1_70' title='bbox 609 1044 838 1108; x_wconf 87' lang='lat' dir='ltr'><strong>eisdem</strong></span> <span class='ocrx_word' id='word_1_71' title='bbox 885 1043 1145 1122; x_wconf 74' lang='lat' dir='ltr'><strong>civibu5‚</strong></span> <span class='ocrx_word' id='word_1_72' title='bbox 1195 1044 1493 1112; x_wconf 86' lang='lat' dir='ltr'><strong>fratribus</strong></span> <span class='ocrx_word' id='word_1_73' title='bbox 1540 1048 1604 1110; x_wconf 91' lang='lat' dir='ltr'><strong>et</strong></span> <span class='ocrx_word' id='word_1_74' title='bbox 1648 1045 1865 1110; x_wconf 87' lang='lat' dir='ltr'><strong>amicis</strong></span> <span class='ocrx_word' id='word_1_75' title='bbox 1911 1044 2137 1110; x_wconf 89' lang='lat' dir='ltr'><strong>nostris</strong></span> <span class='ocrx_word' id='word_1_76' title='bbox 2186 1044 2527 1109; x_wconf 79' lang='lat' dir='ltr'><strong>carissimis</strong></span> <span class='ocrx_word' id='word_1_77' title='bbox 2571 1044 2636 1108; x_wconf 88' lang='lat' dir='ltr'><strong>et</strong></span> <span class='ocrx_word' id='word_1_78' title='bbox 2702 1042 2948 1108; x_wconf 85' lang='lat' dir='ltr'><strong>dilectis</strong></span> <span class='ocrx_word' id='word_1_79' title='bbox 2992 1041 3165 1107; x_wconf 80' lang='lat' dir='ltr'><strong>dicte</strong></span> <span class='ocrx_word' id='word_1_80' title='bbox 3213 1042 3312 1108; x_wconf 86' lang='lat' dir='ltr'><strong>ci·</strong></span> 
     </span>
     <span class='ocr_line' id='line_1_9' title="bbox 606 1128 3319 1217; baseline 0 -22"><span class='ocrx_word' id='word_1_81' title='bbox 606 1130 820 1196; x_wconf 85' lang='lat' dir='ltr'><strong>vitatis</strong></span> <span class='ocrx_word' id='word_1_82' title='bbox 861 1131 1101 1214; x_wconf 88' lang='lat' dir='ltr'><strong>Spaleti</strong></span> <span class='ocrx_word' id='word_1_83' title='bbox 1149 1135 1550 1215; x_wconf 87' lang='lat' dir='ltr'><strong>providemus</strong></span> <span class='ocrx_word' id='word_1_84' title='bbox 1595 1133 1976 1216; x_wconf 84' lang='lat' dir='ltr'><strong>complacere</strong></span> <span class='ocrx_word' id='word_1_85' title='bbox 2017 1133 2198 1217; x_wconf 85' lang='lat' dir='ltr'><strong>juxta</strong></span> <span class='ocrx_word' id='word_1_86' title='bbox 2227 1150 2440 1197; x_wconf 91' lang='lat' dir='ltr'><strong>eorum</strong></span> <span class='ocrx_word' id='word_1_87' title='bbox 2471 1132 2919 1214; x_wconf 84' lang='lat' dir='ltr'><strong>persvasiones.</strong></span> <span class='ocrx_word' id='word_1_88' title='bbox 2964 1128 3104 1210; x_wconf 81' lang='lat' dir='ltr'><strong>Quo</strong></span> <span class='ocrx_word' id='word_1_89' title='bbox 3136 1130 3319 1195; x_wconf 71' lang='lat' dir='ltr'><strong>circa</strong></span> 
     </span>
     <span class='ocr_line' id='line_1_10' title="bbox 600 1219 3321 1303; baseline 0 -18"><span class='ocrx_word' id='word_1_90' title='bbox 600 1239 707 1285; x_wconf 89' lang='lat' dir='ltr'><strong>nos</strong></span> <span class='ocrx_word' id='word_1_91' title='bbox 757 1222 825 1284; x_wconf 89' lang='lat' dir='ltr'><strong>ut</strong></span> <span class='ocrx_word' id='word_1_92' title='bbox 871 1239 1057 1303; x_wconf 86' lang='lat' dir='ltr'><strong>supra</strong></span> <span class='ocrx_word' id='word_1_93' title='bbox 1102 1222 1431 1288; x_wconf 87' lang='lat' dir='ltr'><strong>consilium</strong></span> <span class='ocrx_word' id='word_1_94' title='bbox 1482 1226 1783 1287; x_wconf 87' lang='lat' dir='ltr'><strong>secretum</strong></span> <span class='ocrx_word' id='word_1_95' title='bbox 1832 1221 1996 1287; x_wconf 90' lang='lat' dir='ltr'><strong>dicte</strong></span> <span class='ocrx_word' id='word_1_96' title='bbox 2042 1221 2327 1287; x_wconf 86' lang='lat' dir='ltr'><strong>civitatis</strong></span> <span class='ocrx_word' id='word_1_97' title='bbox 2370 1219 2663 1298; x_wconf 86' lang='lat' dir='ltr'><strong>Sibenici,</strong></span> <span class='ocrx_word' id='word_1_98' title='bbox 2700 1219 2789 1286; x_wconf 86' lang='lat' dir='ltr'><strong>-ad</strong></span> <span class='ocrx_word' id='word_1_99' title='bbox 2832 1221 2943 1286; x_wconf 87' lang='lat' dir='ltr'><strong>hoc</strong></span> <span class='ocrx_word' id='word_1_100' title='bbox 2968 1223 3040 1284; x_wconf 89' lang='lat' dir='ltr'><strong>et</strong></span> <span class='ocrx_word' id='word_1_101' title='bbox 3070 1219 3151 1283; x_wconf 79' lang='lat' dir='ltr'><strong>ad</strong></span> <span class='ocrx_word' id='word_1_102' title='bbox 3182 1219 3321 1285; x_wconf 76' lang='lat' dir='ltr'><strong>alia</strong></span> 
     </span>
     <span class='ocr_line' id='line_1_11' title="bbox 590 1308 3320 1392; baseline 0 -20"><span class='ocrx_word' id='word_1_103' title='bbox 590 1309 1019 1392; x_wconf 85' lang='lat' dir='ltr'><strong>plenissimam</strong></span> <span class='ocrx_word' id='word_1_104' title='bbox 1072 1313 1386 1392; x_wconf 77' lang='lat' dir='ltr'><strong>gestantes</strong></span> <span class='ocrx_word' id='word_1_105' title='bbox 1432 1310 1894 1388; x_wconf 81' lang='lat' dir='ltr'><strong>auctoritatem,</strong></span> <span class='ocrx_word' id='word_1_106' title='bbox 1942 1309 2223 1375; x_wconf 89' lang='lat' dir='ltr'><strong>omnibus</strong></span> <span class='ocrx_word' id='word_1_107' title='bbox 2269 1312 2337 1375; x_wconf 92' lang='lat' dir='ltr'><strong>et</strong></span> <span class='ocrx_word' id='word_1_108' title='bbox 2380 1308 2665 1392; x_wconf 81' lang='lat' dir='ltr'><strong>singulis,</strong></span> <span class='ocrx_word' id='word_1_109' title='bbox 2735 1308 2813 1373; x_wconf 86' lang='lat' dir='ltr'><strong>ad</strong></span> <span class='ocrx_word' id='word_1_110' title='bbox 2876 1325 3030 1391; x_wconf 90' lang='lat' dir='ltr'><strong>quos</strong></span> <span class='ocrx_word' id='word_1_111' title='bbox 3073 1308 3320 1373; x_wconf 81' lang='lat' dir='ltr'><strong>harum</strong></span> 
     </span>
     <span class='ocr_line' id='line_1_12' title="bbox 595 1396 3316 1482; baseline -0.001 -20"><span class='ocrx_word' id='word_1_112' title='bbox 595 1397 784 1462; x_wconf 89' lang='lat' dir='ltr'><strong>series</strong></span> <span class='ocrx_word' id='word_1_113' title='bbox 821 1397 1190 1481; x_wconf 84' lang='lat' dir='ltr'><strong>pervenerit,</strong></span> <span class='ocrx_word' id='word_1_114' title='bbox 1241 1400 1544 1464; x_wconf 90' lang='lat' dir='ltr'><strong>universis</strong></span> <span class='ocrx_word' id='word_1_115' title='bbox 1588 1399 1825 1482; x_wconf 86' lang='lat' dir='ltr'><strong>optimo</strong></span> <span class='ocrx_word' id='word_1_116' title='bbox 1871 1400 2094 1476; x_wconf 84' lang='lat' dir='ltr'><strong>omine,</strong></span> <span class='ocrx_word' id='word_1_117' title='bbox 2129 1396 2504 1476; x_wconf 85' lang='lat' dir='ltr'><strong>testimonio,</strong></span> <span class='ocrx_word' id='word_1_118' title='bbox 2538 1397 2658 1462; x_wconf 86' lang='lat' dir='ltr'><strong>fide</strong></span> <span class='ocrx_word' id='word_1_119' title='bbox 2689 1396 3001 1462; x_wconf 86' lang='lat' dir='ltr'><strong>evidenter</strong></span> <span class='ocrx_word' id='word_1_120' title='bbox 3030 1396 3316 1461; x_wconf 81' lang='lat' dir='ltr'><strong>facimus</strong></span> 
     </span>
     <span class='ocr_line' id='line_1_13' title="bbox 594 1483 3314 1570; baseline 0 -21"><span class='ocrx_word' id='word_1_121' title='bbox 594 1486 1015 1560; x_wconf 77' lang='lat' dir='ltr'><strong>manifestum,</strong></span> <span class='ocrx_word' id='word_1_122' title='bbox 1059 1485 1240 1570; x_wconf 83' lang='lat' dir='ltr'><strong>quod,</strong></span> <span class='ocrx_word' id='word_1_123' title='bbox 1312 1486 1594 1554; x_wconf 87' lang='lat' dir='ltr'><strong>inclinati</strong></span> <span class='ocrx_word' id='word_1_124' title='bbox 1661 1487 1967 1570; x_wconf 86' lang='lat' dir='ltr'><strong>precibus,</strong></span> <span class='ocrx_word' id='word_1_125' title='bbox 2044 1485 2464 1569; x_wconf 87' lang='lat' dir='ltr'><strong>rogaminibus</strong></span> <span class='ocrx_word' id='word_1_126' title='bbox 2533 1485 2841 1550; x_wconf 88' lang='lat' dir='ltr'><strong>dictorum</strong></span> <span class='ocrx_word' id='word_1_127' title='bbox 2907 1483 3314 1551; x_wconf 85' lang='lat' dir='ltr'><strong>dominorum</strong></span> 
     </span>
     <span class='ocr_line' id='line_1_14' title="bbox 599 1571 3311 1659; baseline -0.001 -19"><span class='ocrx_word' id='word_1_128' title='bbox 599 1573 1078 1655; x_wconf 84' lang='lat' dir='ltr'><strong>Spalatensium‚</strong></span> <span class='ocrx_word' id='word_1_129' title='bbox 1127 1593 1234 1657; x_wconf 91' lang='lat' dir='ltr'><strong>pro</strong></span> <span class='ocrx_word' id='word_1_130' title='bbox 1283 1575 1435 1641; x_wconf 90' lang='lat' dir='ltr'><strong>bone</strong></span> <span class='ocrx_word' id='word_1_131' title='bbox 1482 1574 1807 1658; x_wconf 77' lang='lat' dir='ltr'><strong>agentibus</strong></span> <span class='ocrx_word' id='word_1_132' title='bbox 1855 1573 2289 1659; x_wconf 86' lang='lat' dir='ltr'><strong>fidejubeutes,</strong></span> <span class='ocrx_word' id='word_1_133' title='bbox 2347 1573 2788 1653; x_wconf 77' lang='lat' dir='ltr'><strong>promittimus,</strong></span> <span class='ocrx_word' id='word_1_134' title='bbox 2837 1572 3034 1637; x_wconf 86' lang='lat' dir='ltr'><strong>dictos</strong></span> <span class='ocrx_word' id='word_1_135' title='bbox 3076 1571 3311 1655; x_wconf 80' lang='lat' dir='ltr'><strong>Spala-</strong></span> 
     </span>
     <span class='ocr_line' id='line_1_15' title="bbox 602 1660 3308 1747; baseline -0 -21"><span class='ocrx_word' id='word_1_136' title='bbox 602 1666 825 1739; x_wconf 88' lang='lat' dir='ltr'><strong>teuses‚</strong></span> <span class='ocrx_word' id='word_1_137' title='bbox 876 1663 937 1725; x_wconf 91' lang='lat' dir='ltr'><strong>in</strong></span> <span class='ocrx_word' id='word_1_138' title='bbox 986 1662 1225 1727; x_wconf 91' lang='lat' dir='ltr'><strong>unionis</strong></span> <span class='ocrx_word' id='word_1_139' title='bbox 1270 1682 1420 1746; x_wconf 88' lang='lat' dir='ltr'><strong>pace</strong></span> <span class='ocrx_word' id='word_1_140' title='bbox 1465 1663 1764 1747; x_wconf 81' lang='lat' dir='ltr'><strong>vigentes,</strong></span> <span class='ocrx_word' id='word_1_141' title='bbox 1813 1682 1965 1746; x_wconf 82' lang='lat' dir='ltr'><strong>eque</strong></span> <span class='ocrx_word' id='word_1_142' title='bbox 2008 1662 2288 1746; x_wconf 85' lang='lat' dir='ltr'><strong>diligere,</strong></span> <span class='ocrx_word' id='word_1_143' title='bbox 2330 1663 2537 1729; x_wconf 80' lang='lat' dir='ltr'><strong>favere</strong></span> <span class='ocrx_word' id='word_1_144' title='bbox 2580 1663 2644 1727; x_wconf 90' lang='lat' dir='ltr'><strong>et</strong></span> <span class='ocrx_word' id='word_1_145' title='bbox 2673 1662 2963 1730; x_wconf 84' lang='lat' dir='ltr'><strong>tractare.</strong></span> <span class='ocrx_word' id='word_1_146' title='bbox 3012 1660 3137 1726; x_wconf 90' lang='lat' dir='ltr'><strong>Sed</strong></span> <span class='ocrx_word' id='word_1_147' title='bbox 3196 1660 3308 1725; x_wconf 80' lang='lat' dir='ltr'><strong>ubi</strong></span> 
     </span>
     <span class='ocr_line' id='line_1_16' title="bbox 600 1748 3313 1835; baseline 0 -22"><span class='ocrx_word' id='word_1_148' title='bbox 600 1767 1063 1834; x_wconf 87' lang='lat' dir='ltr'><strong>propugnarum</strong></span> <span class='ocrx_word' id='word_1_149' title='bbox 1108 1752 1360 1816; x_wconf 89' lang='lat' dir='ltr'><strong>humani</strong></span> <span class='ocrx_word' id='word_1_150' title='bbox 1409 1752 1648 1835; x_wconf 88' lang='lat' dir='ltr'><strong>generis</strong></span> <span class='ocrx_word' id='word_1_151' title='bbox 1681 1751 2067 1817; x_wconf 85' lang='lat' dir='ltr'><strong>adversarius</strong></span> <span class='ocrx_word' id='word_1_152' title='bbox 2113 1752 2336 1816; x_wconf 86' lang='lat' dir='ltr'><strong>iterum</strong></span> <span class='ocrx_word' id='word_1_153' title='bbox 2372 1748 2521 1815; x_wconf 86' lang='lat' dir='ltr'><strong>vitio</strong></span> <span class='ocrx_word' id='word_1_154' title='bbox 2562 1749 2846 1815; x_wconf 84' lang='lat' dir='ltr'><strong>diviserit</strong></span> <span class='ocrx_word' id='word_1_155' title='bbox 2889 1767 3013 1826; x_wconf 83' lang='lat' dir='ltr'><strong>eos,</strong></span> <span class='ocrx_word' id='word_1_156' title='bbox 3045 1752 3119 1814; x_wconf 93' lang='lat' dir='ltr'><strong>ut</strong></span> <span class='ocrx_word' id='word_1_157' title='bbox 3160 1767 3313 1832; x_wconf 80' lang='lat' dir='ltr'><strong>pars</strong></span> 
     </span>
     <span class='ocr_line' id='line_1_17' title="bbox 614 1835 3311 1923; baseline 0 -21"><span class='ocrx_word' id='word_1_158' title='bbox 614 1856 734 1902; x_wconf 86' lang='lat' dir='ltr'><strong>una</strong></span> <span class='ocrx_word' id='word_1_159' title='bbox 776 1839 1082 1920; x_wconf 91' lang='lat' dir='ltr'><strong>potentior</strong></span> <span class='ocrx_word' id='word_1_160' title='bbox 1124 1838 1384 1905; x_wconf 86' lang='lat' dir='ltr'><strong>alteram</strong></span> <span class='ocrx_word' id='word_1_161' title='bbox 1431 1841 1507 1905; x_wconf 90' lang='lat' dir='ltr'><strong>de</strong></span> <span class='ocrx_word' id='word_1_162' title='bbox 1555 1840 1807 1904; x_wconf 86' lang='lat' dir='ltr'><strong>civitate</strong></span> <span class='ocrx_word' id='word_1_163' title='bbox 1854 1840 2181 1923; x_wconf 86' lang='lat' dir='ltr'><strong>pepulerit,</strong></span> <span class='ocrx_word' id='word_1_164' title='bbox 2258 1840 2556 1922; x_wconf 83' lang='lat' dir='ltr'><strong>regnante</strong></span> <span class='ocrx_word' id='word_1_165' title='bbox 2598 1838 2664 1902; x_wconf 90' lang='lat' dir='ltr'><strong>in</strong></span> <span class='ocrx_word' id='word_1_166' title='bbox 2710 1856 2814 1902; x_wconf 90' lang='lat' dir='ltr'><strong>eos</strong></span> <span class='ocrx_word' id='word_1_167' title='bbox 2860 1835 2923 1901; x_wconf 91' lang='lat' dir='ltr'><strong>et</strong></span> <span class='ocrx_word' id='word_1_168' title='bbox 2985 1840 3311 1902; x_wconf 76' lang='lat' dir='ltr'><strong>annuente</strong></span> 
     </span>
     <span class='ocr_line' id='line_1_18' title="bbox 610 1924 3315 2011; baseline 0 -20"><span class='ocrx_word' id='word_1_169' title='bbox 610 1926 1000 1991; x_wconf 88' lang='lat' dir='ltr'><strong>serenissimo</strong></span> <span class='ocrx_word' id='word_1_170' title='bbox 1047 1927 1319 2011; x_wconf 84' lang='lat' dir='ltr'><strong>principe</strong></span> <span class='ocrx_word' id='word_1_171' title='bbox 1365 1933 1429 1993; x_wconf 91' lang='lat' dir='ltr'><strong>et</strong></span> <span class='ocrx_word' id='word_1_172' title='bbox 1470 1929 1716 1993; x_wconf 88' lang='lat' dir='ltr'><strong>domiuo</strong></span> <span class='ocrx_word' id='word_1_173' title='bbox 1763 1933 1972 1993; x_wconf 90' lang='lat' dir='ltr'><strong>nostro</strong></span> <span class='ocrx_word' id='word_1_174' title='bbox 2016 1927 2287 1992; x_wconf 87' lang='lat' dir='ltr'><strong>naturali</strong></span> <span class='ocrx_word' id='word_1_175' title='bbox 2332 1928 2577 1992; x_wconf 91' lang='lat' dir='ltr'><strong>domino</strong></span> <span class='ocrx_word' id='word_1_176' title='bbox 2606 1926 2932 1991; x_wconf 85' lang='lat' dir='ltr'><strong>Ladislavo</strong></span> <span class='ocrx_word' id='word_1_177' title='bbox 2964 1924 3069 1989; x_wconf 88' lang='lat' dir='ltr'><strong>dei</strong></span> <span class='ocrx_word' id='word_1_178' title='bbox 3099 1927 3315 2009; x_wconf 85' lang='lat' dir='ltr'><strong>gratia</strong></span> 
     </span>
     <span class='ocr_line' id='line_1_19' title="bbox 607 2014 3313 2099; baseline 0.001 -22"><span class='ocrx_word' id='word_1_179' title='bbox 607 2014 841 2079; x_wconf 88' lang='lat' dir='ltr'><strong>illustri</strong></span> <span class='ocrx_word' id='word_1_180' title='bbox 886 2033 1026 2097; x_wconf 89' lang='lat' dir='ltr'><strong>rege</strong></span> <span class='ocrx_word' id='word_1_181' title='bbox 1072 2014 1412 2099; x_wconf 78' lang='lat' dir='ltr'><strong>Hungarie,</strong></span> <span class='ocrx_word' id='word_1_182' title='bbox 1459 2016 1805 2082; x_wconf 80' lang='lat' dir='ltr'><strong>Jerusalem</strong></span> <span class='ocrx_word' id='word_1_183' title='bbox 1868 2019 1931 2079; x_wconf 90' lang='lat' dir='ltr'><strong>et</strong></span> <span class='ocrx_word' id='word_1_184' title='bbox 2000 2015 2211 2082; x_wconf 89' lang='lat' dir='ltr'><strong>Sicilie</strong></span> <span class='ocrx_word' id='word_1_185' title='bbox 2279 2018 2419 2093; x_wconf 69' lang='lat' dir='ltr'><strong>etc„</strong></span> <span class='ocrx_word' id='word_1_186' title='bbox 2486 2018 2629 2080; x_wconf 88' lang='lat' dir='ltr'><strong>tunc</strong></span> <span class='ocrx_word' id='word_1_187' title='bbox 2672 2014 3103 2096; x_wconf 83' lang='lat' dir='ltr'><strong>promittimus</strong></span> <span class='ocrx_word' id='word_1_188' title='bbox 3173 2017 3313 2079; x_wconf 85' lang='lat' dir='ltr'><strong>toto</strong></span> 
     </span>
     <span class='ocr_line' id='line_1_20' title="bbox 598 2101 3310 2188; baseline 0 -22"><span class='ocrx_word' id='word_1_189' title='bbox 598 2122 777 2187; x_wconf 89' lang='lat' dir='ltr'><strong>posse</strong></span> <span class='ocrx_word' id='word_1_190' title='bbox 824 2107 1050 2180; x_wconf 75' lang='lat' dir='ltr'><strong>nostro,</strong></span> <span class='ocrx_word' id='word_1_191' title='bbox 1100 2102 1334 2169; x_wconf 89' lang='lat' dir='ltr'><strong>viribus</strong></span> <span class='ocrx_word' id='word_1_192' title='bbox 1381 2106 1611 2170; x_wconf 86' lang='lat' dir='ltr'><strong>nostris</strong></span> <span class='ocrx_word' id='word_1_193' title='bbox 1658 2110 1721 2170; x_wconf 92' lang='lat' dir='ltr'><strong>et</strong></span> <span class='ocrx_word' id='word_1_194' title='bbox 1766 2106 1954 2169; x_wconf 86' lang='lat' dir='ltr'><strong>armis</strong></span> <span class='ocrx_word' id='word_1_195' title='bbox 1999 2105 2319 2188; x_wconf 74' lang='lat' dir='ltr'><strong>insurgere</strong></span> <span class='ocrx_word' id='word_1_196' title='bbox 2387 2109 2600 2168; x_wconf 86' lang='lat' dir='ltr'><strong>contra</strong></span> <span class='ocrx_word' id='word_1_197' title='bbox 2664 2101 3034 2168; x_wconf 85' lang='lat' dir='ltr'><strong>tirannicam</strong></span> <span class='ocrx_word' id='word_1_198' title='bbox 3101 2103 3310 2184; x_wconf 75' lang='lat' dir='ltr'><strong>pravi-</strong></span> 
     </span>
     <span class='ocr_line' id='line_1_21' title="bbox 596 2190 3301 2275; baseline -0.001 -18"><span class='ocrx_word' id='word_1_199' title='bbox 596 2193 817 2268; x_wconf 83' lang='lat' dir='ltr'><strong>tatem,</strong></span> <span class='ocrx_word' id='word_1_200' title='bbox 867 2210 987 2273; x_wconf 91' lang='lat' dir='ltr'><strong>quo</strong></span> <span class='ocrx_word' id='word_1_201' title='bbox 1033 2190 1257 2256; x_wconf 85' lang='lat' dir='ltr'><strong>fratres</strong></span> <span class='ocrx_word' id='word_1_202' title='bbox 1304 2196 1369 2258; x_wconf 90' lang='lat' dir='ltr'><strong>et</strong></span> <span class='ocrx_word' id='word_1_203' title='bbox 1413 2193 1689 2259; x_wconf 85' lang='lat' dir='ltr'><strong>concives</strong></span> <span class='ocrx_word' id='word_1_204' title='bbox 1724 2211 1867 2257; x_wconf 88' lang='lat' dir='ltr'><strong>suos</strong></span> <span class='ocrx_word' id='word_1_205' title='bbox 1914 2193 2241 2275; x_wconf 86' lang='lat' dir='ltr'><strong>projecerit</strong></span> <span class='ocrx_word' id='word_1_206' title='bbox 2284 2193 2357 2255; x_wconf 90' lang='lat' dir='ltr'><strong>de</strong></span> <span class='ocrx_word' id='word_1_207' title='bbox 2403 2191 2678 2256; x_wconf 87' lang='lat' dir='ltr'><strong>civitate.</strong></span> <span class='ocrx_word' id='word_1_208' title='bbox 2735 2192 2807 2256; x_wconf 90' lang='lat' dir='ltr'><strong>In</strong></span> <span class='ocrx_word' id='word_1_209' title='bbox 2853 2209 3116 2274; x_wconf 87' lang='lat' dir='ltr'><strong>quorum</strong></span> <span class='ocrx_word' id='word_1_210' title='bbox 3160 2207 3301 2255; x_wconf 90' lang='lat' dir='ltr'><strong>om·</strong></span> 
     </span>
     <span class='ocr_line' id='line_1_22' title="bbox 594 2279 3301 2363; baseline -0.001 -18"><span class='ocrx_word' id='word_1_211' title='bbox 594 2280 768 2345; x_wconf 92' lang='lat' dir='ltr'><strong>nium</strong></span> <span class='ocrx_word' id='word_1_212' title='bbox 820 2279 1026 2354; x_wconf 83' lang='lat' dir='ltr'><strong>fidem,</strong></span> <span class='ocrx_word' id='word_1_213' title='bbox 1074 2280 1500 2346; x_wconf 89' lang='lat' dir='ltr'><strong>testimonium</strong></span> <span class='ocrx_word' id='word_1_214' title='bbox 1550 2286 1613 2345; x_wconf 92' lang='lat' dir='ltr'><strong>et</strong></span> <span class='ocrx_word' id='word_1_215' title='bbox 1659 2279 2095 2346; x_wconf 84' lang='lat' dir='ltr'><strong>certitudinem</strong></span> <span class='ocrx_word' id='word_1_216' title='bbox 2141 2279 2481 2362; x_wconf 88' lang='lat' dir='ltr'><strong>pleniorem</strong></span> <span class='ocrx_word' id='word_1_217' title='bbox 2526 2283 2844 2363; x_wconf 81' lang='lat' dir='ltr'><strong>presentes</strong></span> <span class='ocrx_word' id='word_1_218' title='bbox 2896 2280 3146 2343; x_wconf 81' lang='lat' dir='ltr'><strong>nostras</strong></span> <span class='ocrx_word' id='word_1_219' title='bbox 3169 2279 3301 2361; x_wconf 88' lang='lat' dir='ltr'><strong>pri·</strong></span> 
     </span>
     <span class='ocr_line' id='line_1_23' title="bbox 595 2365 3304 2452; baseline -0.001 -19"><span class='ocrx_word' id='word_1_220' title='bbox 595 2367 915 2450; x_wconf 84' lang='lat' dir='ltr'><strong>vilegiales</strong></span> <span class='ocrx_word' id='word_1_221' title='bbox 962 2369 1206 2433; x_wconf 88' lang='lat' dir='ltr'><strong>litteras</strong></span> <span class='ocrx_word' id='word_1_222' title='bbox 1253 2370 1386 2434; x_wconf 89' lang='lat' dir='ltr'><strong>fieri</strong></span> <span class='ocrx_word' id='word_1_223' title='bbox 1430 2373 1494 2434; x_wconf 91' lang='lat' dir='ltr'><strong>et</strong></span> <span class='ocrx_word' id='word_1_224' title='bbox 1541 2369 1726 2434; x_wconf 90' lang='lat' dir='ltr'><strong>scribi</strong></span> <span class='ocrx_word' id='word_1_225' title='bbox 1765 2369 2068 2452; x_wconf 86' lang='lat' dir='ltr'><strong>jussimus</strong></span> <span class='ocrx_word' id='word_1_226' title='bbox 2114 2387 2302 2434; x_wconf 89' lang='lat' dir='ltr'><strong>manu</strong></span> <span class='ocrx_word' id='word_1_227' title='bbox 2369 2367 2510 2432; x_wconf 89' lang='lat' dir='ltr'><strong>Zilii</strong></span> <span class='ocrx_word' id='word_1_228' title='bbox 2558 2367 2631 2432; x_wconf 85' lang='lat' dir='ltr'><strong>de</strong></span> <span class='ocrx_word' id='word_1_229' title='bbox 2674 2366 2936 2432; x_wconf 85' lang='lat' dir='ltr'><strong>Albanis</strong></span> <span class='ocrx_word' id='word_1_230' title='bbox 2980 2365 3058 2431; x_wconf 87' lang='lat' dir='ltr'><strong>ds</strong></span> <span class='ocrx_word' id='word_1_231' title='bbox 3105 2366 3304 2450; x_wconf 84' lang='lat' dir='ltr'><strong>Regio</strong></span> 
     </span>
     <span class='ocr_line' id='line_1_24' title="bbox 591 2455 3302 2540; baseline -0.001 -18"><span class='ocrx_word' id='word_1_232' title='bbox 591 2455 948 2522; x_wconf 87' lang='lat' dir='ltr'><strong>cancellarii</strong></span> <span class='ocrx_word' id='word_1_233' title='bbox 994 2457 1341 2521; x_wconf 88' lang='lat' dir='ltr'><strong>communis</strong></span> <span class='ocrx_word' id='word_1_234' title='bbox 1380 2458 1579 2522; x_wconf 84' lang='lat' dir='ltr'><strong>nostri</strong></span> <span class='ocrx_word' id='word_1_235' title='bbox 1620 2457 1836 2539; x_wconf 81' lang='lat' dir='ltr'><strong>jurati,</strong></span> <span class='ocrx_word' id='word_1_236' title='bbox 1885 2457 2196 2540; x_wconf 87' lang='lat' dir='ltr'><strong>sigillique</strong></span> <span class='ocrx_word' id='word_1_237' title='bbox 2244 2457 2515 2521; x_wconf 89' lang='lat' dir='ltr'><strong>consueti</strong></span> <span class='ocrx_word' id='word_1_238' title='bbox 2547 2457 2745 2521; x_wconf 90' lang='lat' dir='ltr'><strong>nostri</strong></span> <span class='ocrx_word' id='word_1_239' title='bbox 2794 2455 3001 2538; x_wconf 81' lang='lat' dir='ltr'><strong>magni</strong></span> <span class='ocrx_word' id='word_1_240' title='bbox 3068 2474 3302 2537; x_wconf 85' lang='lat' dir='ltr'><strong>appen-</strong></span> 
     </span>
     <span class='ocr_line' id='line_1_25' title="bbox 598 2542 3309 2627; baseline -0.001 -17"><span class='ocrx_word' id='word_1_241' title='bbox 598 2546 774 2610; x_wconf 89' lang='lat' dir='ltr'><strong>sione</strong></span> <span class='ocrx_word' id='word_1_242' title='bbox 836 2545 1127 2609; x_wconf 89' lang='lat' dir='ltr'><strong>munitas.</strong></span> <span class='ocrx_word' id='word_1_243' title='bbox 1170 2545 1401 2610; x_wconf 87' lang='lat' dir='ltr'><strong>Datum</strong></span> <span class='ocrx_word' id='word_1_244' title='bbox 1453 2544 1723 2611; x_wconf 90' lang='lat' dir='ltr'><strong>Sibenici</strong></span> <span class='ocrx_word' id='word_1_245' title='bbox 1769 2546 1834 2610; x_wconf 91' lang='lat' dir='ltr'><strong>in</strong></span> <span class='ocrx_word' id='word_1_246' title='bbox 1881 2547 2045 2610; x_wconf 87' lang='lat' dir='ltr'><strong>dicte</strong></span> <span class='ocrx_word' id='word_1_247' title='bbox 2089 2546 2298 2610; x_wconf 89' lang='lat' dir='ltr'><strong>nostre</strong></span> <span class='ocrx_word' id='word_1_248' title='bbox 2344 2544 2619 2609; x_wconf 88' lang='lat' dir='ltr'><strong>civitatis</strong></span> <span class='ocrx_word' id='word_1_249' title='bbox 2664 2543 2895 2627; x_wconf 84' lang='lat' dir='ltr'><strong>palatio</strong></span> <span class='ocrx_word' id='word_1_250' title='bbox 2957 2542 3062 2608; x_wconf 89' lang='lat' dir='ltr'><strong>die</strong></span> <span class='ocrx_word' id='word_1_251' title='bbox 3107 2551 3309 2608; x_wconf 83' lang='lat' dir='ltr'><strong>sexto—</strong></span> 
     </span>
     <span class='ocr_line' id='line_1_26' title="bbox 594 2632 3309 2711; baseline -0 -12"><span class='ocrx_word' id='word_1_252' title='bbox 594 2633 850 2699; x_wconf 87' lang='lat' dir='ltr'><strong>decimo</strong></span> <span class='ocrx_word' id='word_1_253' title='bbox 895 2633 1129 2699; x_wconf 86' lang='lat' dir='ltr'><strong>mensis</strong></span> <span class='ocrx_word' id='word_1_254' title='bbox 1176 2634 1461 2711; x_wconf 81' lang='lat' dir='ltr'><strong>ianuarii,</strong></span> <span class='ocrx_word' id='word_1_255' title='bbox 1510 2653 1670 2700; x_wconf 89' lang='lat' dir='ltr'><strong>anno</strong></span> <span class='ocrx_word' id='word_1_256' title='bbox 1715 2653 1754 2699; x_wconf 85' lang='lat' dir='ltr'><strong>a</strong></span> <span class='ocrx_word' id='word_1_257' title='bbox 1800 2633 2128 2700; x_wconf 83' lang='lat' dir='ltr'><strong>nativitate</strong></span> <span class='ocrx_word' id='word_1_258' title='bbox 2172 2632 2408 2699; x_wconf 89' lang='lat' dir='ltr'><strong>domini</strong></span> <span class='ocrx_word' id='word_1_259' title='bbox 2451 2634 2649 2700; x_wconf 90' lang='lat' dir='ltr'><strong>nostri</strong></span> <span class='ocrx_word' id='word_1_260' title='bbox 2692 2634 2825 2699; x_wconf 89' lang='lat' dir='ltr'><strong>iesu</strong></span> <span class='ocrx_word' id='word_1_261' title='bbox 2856 2632 3072 2698; x_wconf 86' lang='lat' dir='ltr'><strong>christi</strong></span> <span class='ocrx_word' id='word_1_262' title='bbox 3106 2632 3309 2698; x_wconf 69' lang='lat' dir='ltr'><strong>mille—</strong></span> 
     </span>
     <span class='ocr_line' id='line_1_27' title="bbox 606 2720 3307 2805; baseline 0 -18"><span class='ocrx_word' id='word_1_263' title='bbox 606 2723 768 2787; x_wconf 90' lang='lat' dir='ltr'><strong>simo</strong></span> <span class='ocrx_word' id='word_1_264' title='bbox 815 2721 1376 2805; x_wconf 88' lang='lat' dir='ltr'><strong>quadrigentesimo</strong></span> <span class='ocrx_word' id='word_1_265' title='bbox 1426 2724 1634 2803; x_wconf 85' lang='lat' dir='ltr'><strong>tertie,</strong></span> <span class='ocrx_word' id='word_1_266' title='bbox 1677 2723 2001 2788; x_wconf 89' lang='lat' dir='ltr'><strong>undecima</strong></span> <span class='ocrx_word' id='word_1_267' title='bbox 2045 2721 2400 2788; x_wconf 88' lang='lat' dir='ltr'><strong>indictione.</strong></span> <span class='ocrx_word' id='word_1_268' title='bbox 2447 2723 2530 2787; x_wconf 85' lang='lat' dir='ltr'><strong>Et</strong></span> <span class='ocrx_word' id='word_1_269' title='bbox 2574 2740 2689 2805; x_wconf 91' lang='lat' dir='ltr'><strong>ego</strong></span> <span class='ocrx_word' id='word_1_270' title='bbox 2755 2720 2951 2786; x_wconf 87' lang='lat' dir='ltr'><strong>Zilius</strong></span> <span class='ocrx_word' id='word_1_271' title='bbox 2997 2721 3307 2804; x_wconf 86' lang='lat' dir='ltr'><strong>quondam</strong></span> 
     </span>
     <span class='ocr_line' id='line_1_28' title="bbox 602 2809 3305 2896; baseline -0.001 -18"><span class='ocrx_word' id='word_1_272' title='bbox 602 2810 941 2894; x_wconf 86' lang='lat' dir='ltr'><strong>Guglielmi</strong></span> <span class='ocrx_word' id='word_1_273' title='bbox 989 2812 1063 2875; x_wconf 89' lang='lat' dir='ltr'><strong>de</strong></span> <span class='ocrx_word' id='word_1_274' title='bbox 1111 2811 1372 2876; x_wconf 86' lang='lat' dir='ltr'><strong>Albanis</strong></span> <span class='ocrx_word' id='word_1_275' title='bbox 1417 2813 1490 2876; x_wconf 91' lang='lat' dir='ltr'><strong>de</strong></span> <span class='ocrx_word' id='word_1_276' title='bbox 1539 2813 1709 2896; x_wconf 87' lang='lat' dir='ltr'><strong>regio</strong></span> <span class='ocrx_word' id='word_1_277' title='bbox 1757 2810 2041 2895; x_wconf 87' lang='lat' dir='ltr'><strong>publicus</strong></span> <span class='ocrx_word' id='word_1_278' title='bbox 2108 2810 2415 2894; x_wconf 86' lang='lat' dir='ltr'><strong>imperiali</strong></span> <span class='ocrx_word' id='word_1_279' title='bbox 2481 2810 2843 2876; x_wconf 88' lang='lat' dir='ltr'><strong>auctoritate</strong></span> <span class='ocrx_word' id='word_1_280' title='bbox 2907 2809 3187 2876; x_wconf 86' lang='lat' dir='ltr'><strong>notarius</strong></span> <span class='ocrx_word' id='word_1_281' title='bbox 3240 2813 3305 2876; x_wconf 87' lang='lat' dir='ltr'><strong>et</strong></span> 
     </span>
     <span class='ocr_line' id='line_1_29' title="bbox 594 2897 3285 2981; baseline -0.001 -17"><span class='ocrx_word' id='word_1_282' title='bbox 594 2917 754 2964; x_wconf 89' lang='lat' dir='ltr'><strong>nunc</strong></span> <span class='ocrx_word' id='word_1_283' title='bbox 800 2898 1201 2964; x_wconf 87' lang='lat' dir='ltr'><strong>cancellarius</strong></span> <span class='ocrx_word' id='word_1_284' title='bbox 1243 2899 1493 2981; x_wconf 84' lang='lat' dir='ltr'><strong>juratus</strong></span> <span class='ocrx_word' id='word_1_285' title='bbox 1540 2899 1885 2965; x_wconf 89' lang='lat' dir='ltr'><strong>communis</strong></span> <span class='ocrx_word' id='word_1_286' title='bbox 1954 2898 2368 2965; x_wconf 87' lang='lat' dir='ltr'><strong>Sibenicensis</strong></span> <span class='ocrx_word' id='word_1_287' title='bbox 2430 2898 2547 2964; x_wconf 87' lang='lat' dir='ltr'><strong>hoc</strong></span> <span class='ocrx_word' id='word_1_288' title='bbox 2614 2897 2917 2964; x_wconf 89' lang='lat' dir='ltr'><strong>scribendi</strong></span> <span class='ocrx_word' id='word_1_289' title='bbox 2984 2917 3022 2963; x_wconf 88' lang='lat' dir='ltr'><strong>a</strong></span> <span class='ocrx_word' id='word_1_290' title='bbox 3064 2916 3285 2981; x_wconf 83' lang='lat' dir='ltr'><strong>supra-</strong></span> 
     </span>
     <span class='ocr_line' id='line_1_30' title="bbox 601 2985 3303 3071; baseline 0.001 -19"><span class='ocrx_word' id='word_1_291' title='bbox 601 2986 785 3052; x_wconf 88' lang='lat' dir='ltr'><strong>dictis</strong></span> <span class='ocrx_word' id='word_1_292' title='bbox 834 2988 1096 3052; x_wconf 89' lang='lat' dir='ltr'><strong>dominis</strong></span> <span class='ocrx_word' id='word_1_293' title='bbox 1143 2987 1360 3054; x_wconf 89' lang='lat' dir='ltr'><strong>habita</strong></span> <span class='ocrx_word' id='word_1_294' title='bbox 1404 2990 1469 3054; x_wconf 90' lang='lat' dir='ltr'><strong>in</strong></span> <span class='ocrx_word' id='word_1_295' title='bbox 1518 2990 1869 3053; x_wconf 85' lang='lat' dir='ltr'><strong>commissis</strong></span> <span class='ocrx_word' id='word_1_296' title='bbox 1916 2987 2155 3070; x_wconf 84' lang='lat' dir='ltr'><strong>scripsi,</strong></span> <span class='ocrx_word' id='word_1_297' title='bbox 2203 2990 2268 3052; x_wconf 88' lang='lat' dir='ltr'><strong>et</strong></span> <span class='ocrx_word' id='word_1_298' title='bbox 2311 2987 2376 3052; x_wconf 95' lang='lat' dir='ltr'><strong>in</strong></span> <span class='ocrx_word' id='word_1_299' title='bbox 2421 2988 2776 3071; x_wconf 89' lang='lat' dir='ltr'><strong>presentem</strong></span> <span class='ocrx_word' id='word_1_300' title='bbox 2820 2986 3134 3070; x_wconf 82' lang='lat' dir='ltr'><strong>publicam</strong></span> <span class='ocrx_word' id='word_1_301' title='bbox 3180 2985 3303 3054; x_wconf 76' lang='lat' dir='ltr'><strong>for-</strong></span> 
     </span>
     <span class='ocr_line' id='line_1_31' title="bbox 609 3076 1666 3160; baseline 0.001 -19"><span class='ocrx_word' id='word_1_302' title='bbox 609 3094 779 3141; x_wconf 88' lang='lat' dir='ltr'><strong>mam</strong></span> <span class='ocrx_word' id='word_1_303' title='bbox 829 3076 1039 3158; x_wconf 87' lang='lat' dir='ltr'><strong>redegi</strong></span> <span class='ocrx_word' id='word_1_304' title='bbox 1086 3078 1148 3140; x_wconf 89' lang='lat' dir='ltr'><strong>et</strong></span> <span class='ocrx_word' id='word_1_305' title='bbox 1191 3077 1502 3160; x_wconf 90' lang='lat' dir='ltr'><strong>publicavi</strong></span> <span class='ocrx_word' id='word_1_306' title='bbox 1550 3080 1666 3142; x_wconf 90' lang='lat' dir='ltr'><strong>etc.</strong></span> 
     </span>
    </p>
   </div>
   <div class='ocr_carea' id='block_1_4' title="bbox 692 3183 3313 3259">
    <p class='ocr_par' dir='ltr' id='par_1_4' title="bbox 692 3183 3313 3259">
     <span class='ocr_line' id='line_1_32' title="bbox 692 3183 3313 3259; baseline -0 -15"><span class='ocrx_word' id='word_1_307' title='bbox 692 3185 1198 3259; x_wconf 71' lang='lat' dir='ltr'><strong>Dipzomatariwm</strong></span> <span class='ocrx_word' id='word_1_308' title='bbox 1244 3186 1616 3247; x_wconf 73' lang='lat' dir='ltr'><strong>Sibenicense</strong></span> <span class='ocrx_word' id='word_1_309' title='bbox 1660 3202 1702 3244; x_wconf 81' lang='lat' dir='ltr'><strong>u</strong></span> <span class='ocrx_word' id='word_1_310' title='bbox 1746 3202 1871 3246; x_wconf 81' lang='lat' dir='ltr'><strong>car.</strong></span> <span class='ocrx_word' id='word_1_311' title='bbox 1919 3184 2209 3259; x_wconf 62' lang='lat' dir='ltr'><strong>knjibnici</strong></span> <span class='ocrx_word' id='word_1_312' title='bbox 2250 3201 2294 3244; x_wconf 83' lang='lat' dir='ltr'><strong>u</strong></span> <span class='ocrx_word' id='word_1_313' title='bbox 2336 3185 2501 3246; x_wconf 63' lang='lat' dir='ltr'><strong>Beda</strong></span> <span class='ocrx_word' id='word_1_314' title='bbox 2547 3183 2688 3246; x_wconf 81' lang='lat' dir='ltr'><strong>God.</strong></span> <span class='ocrx_word' id='word_1_315' title='bbox 2735 3184 2880 3259; x_wconf 68' lang='lat' dir='ltr'><strong>Sap.</strong></span> <span class='ocrx_word' id='word_1_316' title='bbox 2931 3185 3056 3246; x_wconf 76' lang='lat'><strong>531</strong></span> <span class='ocrx_word' id='word_1_317' title='bbox 3091 3203 3162 3259; x_wconf 71' lang='lat' dir='ltr'><strong>p.</strong></span> <span class='ocrx_word' id='word_1_318' title='bbox 3209 3186 3313 3244; x_wconf 80' lang='lat'><strong>66.</strong></span> 
     </span>
    </p>
   </div>
   <div class='ocr_carea' id='block_1_5' title="bbox 853 3428 3046 3533">
    <p class='ocr_par' dir='ltr' id='par_1_5' title="bbox 853 3428 3046 3533">
     <span class='ocr_line' id='line_1_33' title="bbox 853 3428 3046 3533; baseline -0.001 -20"><span class='ocrx_word' id='word_1_319' title='bbox 853 3429 1394 3514; x_wconf 83' lang='lat' dir='ltr'><strong>DCXXXVI.</strong></span> <span class='ocrx_word' id='word_1_320' title='bbox 1449 3431 1657 3515; x_wconf 63' lang='lat'><strong>(3011.</strong></span> <span class='ocrx_word' id='word_1_321' title='bbox 1713 3430 1940 3513; x_wconf 84' lang='lat'>1403.</span> <span class='ocrx_word' id='word_1_322' title='bbox 1997 3428 2097 3512; x_wconf 78' lang='lat'><strong>16</strong></span> <span class='ocrx_word' id='word_1_323' title='bbox 2152 3430 2490 3533; x_wconf 67' lang='lat' dir='ltr'><strong>ozmka,</strong></span> <span class='ocrx_word' id='word_1_324' title='bbox 2542 3451 2602 3511; x_wconf 91' lang='lat' dir='ltr'><strong>u</strong></span> <span class='ocrx_word' id='word_1_325' title='bbox 2653 3428 3046 3512; x_wconf 82' lang='lat' dir='ltr'><strong>Mletcih.</strong></span> 
     </span>
    </p>
   </div>
   <div class='ocr_carea' id='block_1_6' title="bbox 600 3563 3311 3741">
    <p class='ocr_par' dir='ltr' id='par_1_6' title="bbox 600 3563 3311 3741">
     <span class='ocr_line' id='line_1_34' title="bbox 600 3563 3311 3650; baseline -0 -15"><span class='ocrx_word' id='word_1_326' title='bbox 600 3563 763 3649; x_wconf 75' lang='lat' dir='ltr'><strong>Sazje</strong></span> <span class='ocrx_word' id='word_1_327' title='bbox 806 3593 868 3636; x_wconf 84' lang='lat' dir='ltr'><strong>se</strong></span> <span class='ocrx_word' id='word_1_328' title='bbox 904 3577 1191 3650; x_wconf 70' lang='lat' dir='ltr'><strong>pastun-ik</strong></span> <span class='ocrx_word' id='word_1_329' title='bbox 1234 3578 1422 3636; x_wconf 80' lang='lat' dir='ltr'><strong>knezu</strong></span> <span class='ocrx_word' id='word_1_330' title='bbox 1460 3578 1741 3636; x_wconf 75' lang='lat' dir='ltr'><strong>raskomu</strong></span> <span class='ocrx_word' id='word_1_331' title='bbox 1782 3574 2075 3649; x_wconf 77' lang='lat' dir='ltr'><strong>Stjepanu</strong></span> <span class='ocrx_word' id='word_1_332' title='bbox 2105 3575 2486 3635; x_wconf 70' lang='lat' dir='ltr'><strong>Lazarovic‘u</strong></span> <span class='ocrx_word' id='word_1_333' title='bbox 2534 3592 2564 3634; x_wconf 84' lang='lat' dir='ltr'><strong>s</strong></span> <span class='ocrx_word' id='word_1_334' title='bbox 2585 3574 2846 3644; x_wconf 77' lang='lat' dir='ltr'><strong>nwlbom,</strong></span> <span class='ocrx_word' id='word_1_335' title='bbox 2888 3574 3040 3634; x_wconf 66' lang='lat' dir='ltr'><strong>nelca</strong></span> <span class='ocrx_word' id='word_1_336' title='bbox 3070 3573 3311 3646; x_wconf 57' lang='lat' dir='ltr'><strong>darnoli,</strong></span> 
     </span>
     <span class='ocr_line' id='line_1_35' title="bbox 842 3662 3071 3741; baseline -0.001 -17"><span class='ocrx_word' id='word_1_337' title='bbox 842 3664 924 3724; x_wconf 82' lang='lat' dir='ltr'><strong>da</strong></span> <span class='ocrx_word' id='word_1_338' title='bbox 966 3666 1238 3724; x_wconf 70' lang='lat' dir='ltr'><strong>mletacki</strong></span> <span class='ocrx_word' id='word_1_339' title='bbox 1279 3666 1568 3741; x_wconf 68' lang='lat' dir='ltr'><strong>yradJ&#39;ani</strong></span> <span class='ocrx_word' id='word_1_340' title='bbox 1597 3682 1767 3741; x_wconf 74' lang='lat' dir='ltr'><strong>moyn</strong></span> <span class='ocrx_word' id='word_1_341' title='bbox 1813 3665 2091 3724; x_wconf 77' lang='lat' dir='ltr'><strong>slobodno</strong></span> <span class='ocrx_word' id='word_1_342' title='bbox 2134 3664 2387 3739; x_wconf 71' lang='lat' dir='ltr'><strong>tryovati</strong></span> <span class='ocrx_word' id='word_1_343' title='bbox 2429 3680 2506 3737; x_wconf 79' lang='lat' dir='ltr'><strong>po</strong></span> <span class='ocrx_word' id='word_1_344' title='bbox 2551 3664 2817 3738; x_wconf 72' lang='lat' dir='ltr'><strong>njeyovoj</strong></span> <span class='ocrx_word' id='word_1_345' title='bbox 2858 3662 3071 3737; x_wconf 71' lang='lat' dir='ltr'><strong>zendji.</strong></span> 
     </span>
    </p>
   </div>
   <div class='ocr_carea' id='block_1_7' title="bbox 602 3782 3326 4842">
    <p class='ocr_par' dir='ltr' id='par_1_7' title="bbox 602 3782 3326 4842">
     <span class='ocr_line' id='line_1_36' title="bbox 817 3782 3312 3864; baseline 0.001 -16"><span class='ocrx_word' id='word_1_346' title='bbox 817 3784 1004 3851; x_wconf 79' lang='lat'>1403.</span> <span class='ocrx_word' id='word_1_347' title='bbox 1064 3787 1141 3852; x_wconf 83' lang='lat'><strong>16</strong></span> <span class='ocrx_word' id='word_1_348' title='bbox 1188 3786 1425 3851; x_wconf 86' lang='lat' dir='ltr'><strong>marcii.</strong></span> <span class='ocrx_word' id='word_1_349' title='bbox 1498 3784 1653 3852; x_wconf 89' lang='lat' dir='ltr'><strong>Cum</strong></span> <span class='ocrx_word' id='word_1_350' title='bbox 1726 3786 2042 3851; x_wconf 89' lang='lat' dir='ltr'><strong>territoria</strong></span> <span class='ocrx_word' id='word_1_351' title='bbox 2098 3791 2162 3851; x_wconf 91' lang='lat' dir='ltr'><strong>et</strong></span> <span class='ocrx_word' id='word_1_352' title='bbox 2232 3785 2364 3850; x_wconf 90' lang='lat' dir='ltr'><strong>loca</strong></span> <span class='ocrx_word' id='word_1_353' title='bbox 2427 3782 2741 3864; x_wconf 88' lang='lat' dir='ltr'><strong>magnifici</strong></span> <span class='ocrx_word' id='word_1_354' title='bbox 2786 3782 3016 3849; x_wconf 90' lang='lat' dir='ltr'><strong>domini</strong></span> <span class='ocrx_word' id='word_1_355' title='bbox 3066 3784 3312 3851; x_wconf 79' lang='lat' dir='ltr'><strong>comitis</strong></span> 
     </span>
     <span class='ocr_line' id='line_1_37' title="bbox 602 3871 3311 3956; baseline -0.001 -17"><span class='ocrx_word' id='word_1_356' title='bbox 602 3873 841 3940; x_wconf 86' lang='lat' dir='ltr'><strong>Stefaui</strong></span> <span class='ocrx_word' id='word_1_357' title='bbox 892 3875 963 3937; x_wconf 90' lang='lat' dir='ltr'><strong>de</strong></span> <span class='ocrx_word' id='word_1_358' title='bbox 1013 3874 1210 3939; x_wconf 77' lang='lat' dir='ltr'><strong>Baria</strong></span> <span class='ocrx_word' id='word_1_359' title='bbox 1259 3876 1530 3956; x_wconf 84' lang='lat' dir='ltr'><strong>proxima</strong></span> <span class='ocrx_word' id='word_1_360' title='bbox 1578 3874 1706 3939; x_wconf 86' lang='lat' dir='ltr'><strong>sint</strong></span> <span class='ocrx_word' id='word_1_361' title='bbox 1747 3874 2079 3939; x_wconf 85' lang='lat' dir='ltr'><strong>territoriis</strong></span> <span class='ocrx_word' id='word_1_362' title='bbox 2145 3874 2208 3938; x_wconf 89' lang='lat' dir='ltr'><strong>et</strong></span> <span class='ocrx_word' id='word_1_363' title='bbox 2266 3871 2421 3938; x_wconf 91' lang='lat' dir='ltr'><strong>locis</strong></span> <span class='ocrx_word' id='word_1_364' title='bbox 2482 3872 2715 3937; x_wconf 87' lang='lat' dir='ltr'><strong>nostris</strong></span> <span class='ocrx_word' id='word_1_365' title='bbox 2765 3871 3008 3938; x_wconf 88' lang='lat' dir='ltr'><strong>Scutari</strong></span> <span class='ocrx_word' id='word_1_366' title='bbox 3058 3874 3122 3936; x_wconf 90' lang='lat' dir='ltr'><strong>et</strong></span> <span class='ocrx_word' id='word_1_367' title='bbox 3169 3873 3311 3937; x_wconf 92' lang='lat' dir='ltr'><strong>Dri-</strong></span> 
     </span>
     <span class='ocr_line' id='line_1_38' title="bbox 606 3958 3310 4044; baseline 0 -17"><span class='ocrx_word' id='word_1_368' title='bbox 606 3963 782 4035; x_wconf 86' lang='lat' dir='ltr'><strong>vasti‚</strong></span> <span class='ocrx_word' id='word_1_369' title='bbox 830 3966 892 4026; x_wconf 90' lang='lat' dir='ltr'><strong>et</strong></span> <span class='ocrx_word' id='word_1_370' title='bbox 930 3963 1100 4027; x_wconf 89' lang='lat' dir='ltr'><strong>sicut</strong></span> <span class='ocrx_word' id='word_1_371' title='bbox 1147 3965 1362 4026; x_wconf 88' lang='lat' dir='ltr'><strong>uotum</strong></span> <span class='ocrx_word' id='word_1_372' title='bbox 1410 3966 1506 4029; x_wconf 87' lang='lat' dir='ltr'><strong>est</strong></span> <span class='ocrx_word' id='word_1_373' title='bbox 1551 3963 1861 4038; x_wconf 82' lang='lat' dir='ltr'><strong>omnibuS‚</strong></span> <span class='ocrx_word' id='word_1_374' title='bbox 1911 3964 1971 4027; x_wconf 89' lang='lat' dir='ltr'><strong>in</strong></span> <span class='ocrx_word' id='word_1_375' title='bbox 2005 3962 2158 4027; x_wconf 88' lang='lat' dir='ltr'><strong>locis</strong></span> <span class='ocrx_word' id='word_1_376' title='bbox 2200 3964 2264 4026; x_wconf 90' lang='lat' dir='ltr'><strong>et</strong></span> <span class='ocrx_word' id='word_1_377' title='bbox 2294 3958 2578 4044; x_wconf 87' lang='lat' dir='ltr'><strong>partibus</strong></span> <span class='ocrx_word' id='word_1_378' title='bbox 2609 3960 2764 4026; x_wconf 86' lang='lat' dir='ltr'><strong>dicti</strong></span> <span class='ocrx_word' id='word_1_379' title='bbox 2797 3960 3028 4026; x_wconf 87' lang='lat' dir='ltr'><strong>domini</strong></span> <span class='ocrx_word' id='word_1_380' title='bbox 3066 3962 3310 4028; x_wconf 86' lang='lat' dir='ltr'><strong>comitis</strong></span> 
     </span>
     <span class='ocr_line' id='line_1_39' title="bbox 609 4048 3317 4136; baseline 0.001 -21"><span class='ocrx_word' id='word_1_381' title='bbox 609 4051 877 4115; x_wconf 89' lang='lat' dir='ltr'><strong>multum</strong></span> <span class='ocrx_word' id='word_1_382' title='bbox 922 4050 993 4115; x_wconf 84' lang='lat' dir='ltr'><strong>fit</strong></span> <span class='ocrx_word' id='word_1_383' title='bbox 1040 4050 1115 4115; x_wconf 90' lang='lat' dir='ltr'><strong>de</strong></span> <span class='ocrx_word' id='word_1_384' title='bbox 1162 4052 1500 4115; x_wconf 88' lang='lat' dir='ltr'><strong>mercantia</strong></span> <span class='ocrx_word' id='word_1_385' title='bbox 1546 4056 1609 4115; x_wconf 89' lang='lat' dir='ltr'><strong>et</strong></span> <span class='ocrx_word' id='word_1_386' title='bbox 1650 4070 1875 4136; x_wconf 85' lang='lat' dir='ltr'><strong>magna</strong></span> <span class='ocrx_word' id='word_1_387' title='bbox 1920 4052 2113 4129; x_wconf 81' lang='lat' dir='ltr'><strong>lucra,</strong></span> <span class='ocrx_word' id='word_1_388' title='bbox 2166 4053 2229 4115; x_wconf 89' lang='lat' dir='ltr'><strong>et</strong></span> <span class='ocrx_word' id='word_1_389' title='bbox 2297 4048 2650 4131; x_wconf 86' lang='lat' dir='ltr'><strong>specialiter</strong></span> <span class='ocrx_word' id='word_1_390' title='bbox 2716 4069 2823 4132; x_wconf 90' lang='lat' dir='ltr'><strong>per</strong></span> <span class='ocrx_word' id='word_1_391' title='bbox 2884 4048 3205 4132; x_wconf 83' lang='lat' dir='ltr'><strong>Raguseos</strong></span> <span class='ocrx_word' id='word_1_392' title='bbox 3249 4051 3317 4117; x_wconf 83' lang='lat' dir='ltr'><strong>et</strong></span> 
     </span>
     <span class='ocr_line' id='line_1_40' title="bbox 609 4137 3315 4223; baseline 0 -19"><span class='ocrx_word' id='word_1_393' title='bbox 609 4139 796 4214; x_wconf 84' lang='lat' dir='ltr'><strong>alios;</strong></span> <span class='ocrx_word' id='word_1_394' title='bbox 844 4139 1005 4203; x_wconf 90' lang='lat' dir='ltr'><strong>unde</strong></span> <span class='ocrx_word' id='word_1_395' title='bbox 1052 4141 1458 4217; x_wconf 84' lang='lat' dir='ltr'><strong>considerato,</strong></span> <span class='ocrx_word' id='word_1_396' title='bbox 1508 4139 1671 4221; x_wconf 85' lang='lat' dir='ltr'><strong>quod</strong></span> <span class='ocrx_word' id='word_1_397' title='bbox 1716 4140 1945 4204; x_wconf 87' lang='lat' dir='ltr'><strong>bonum</strong></span> <span class='ocrx_word' id='word_1_398' title='bbox 1978 4159 2121 4223; x_wconf 83' lang='lat' dir='ltr'><strong>ymo</strong></span> <span class='ocrx_word' id='word_1_399' title='bbox 2153 4139 2568 4207; x_wconf 83' lang='lat' dir='ltr'><strong>necessarium</strong></span> <span class='ocrx_word' id='word_1_400' title='bbox 2600 4141 2696 4202; x_wconf 89' lang='lat' dir='ltr'><strong>est</strong></span> <span class='ocrx_word' id='word_1_401' title='bbox 2729 4140 2873 4202; x_wconf 86' lang='lat' dir='ltr'><strong>dare</strong></span> <span class='ocrx_word' id='word_1_402' title='bbox 2907 4137 3118 4215; x_wconf 88' lang='lat' dir='ltr'><strong>etiam,</strong></span> <span class='ocrx_word' id='word_1_403' title='bbox 3151 4139 3315 4222; x_wconf 86' lang='lat' dir='ltr'><strong>quod</strong></span> 
     </span>
     <span class='ocr_line' id='line_1_41' title="bbox 610 4225 3317 4310; baseline 0.001 -18"><span class='ocrx_word' id='word_1_404' title='bbox 610 4230 983 4292; x_wconf 85' lang='lat' dir='ltr'><strong>mercatores</strong></span> <span class='ocrx_word' id='word_1_405' title='bbox 1037 4229 1231 4292; x_wconf 88' lang='lat' dir='ltr'><strong>nostri</strong></span> <span class='ocrx_word' id='word_1_406' title='bbox 1280 4229 1521 4309; x_wconf 85' lang='lat' dir='ltr'><strong>possint</strong></span> <span class='ocrx_word' id='word_1_407' title='bbox 1561 4229 1649 4292; x_wconf 90' lang='lat' dir='ltr'><strong>ire</strong></span> <span class='ocrx_word' id='word_1_408' title='bbox 1696 4231 1759 4293; x_wconf 89' lang='lat' dir='ltr'><strong>et</strong></span> <span class='ocrx_word' id='word_1_409' title='bbox 1806 4228 2099 4292; x_wconf 85' lang='lat' dir='ltr'><strong>traficare</strong></span> <span class='ocrx_word' id='word_1_410' title='bbox 2138 4228 2198 4290; x_wconf 92' lang='lat' dir='ltr'><strong>in</strong></span> <span class='ocrx_word' id='word_1_411' title='bbox 2231 4225 2416 4293; x_wconf 88' lang='lat' dir='ltr'><strong>dictis</strong></span> <span class='ocrx_word' id='word_1_412' title='bbox 2447 4227 2752 4310; x_wconf 41' lang='lat' dir='ltr'><strong>partibus</strong></span> <span class='ocrx_word' id='word_1_413' title='bbox 2787 4225 2999 4291; x_wconf 85' lang='lat' dir='ltr'><strong>habito</strong></span> <span class='ocrx_word' id='word_1_414' title='bbox 3030 4228 3317 4309; x_wconf 87' lang='lat' dir='ltr'><strong>respectu</strong></span> 
     </span>
     <span class='ocr_line' id='line_1_42' title="bbox 614 4298 3312 4398; baseline 0.001 -19"><span class='ocrx_word' id='word_1_415' title='bbox 614 4316 687 4379; x_wconf 87' lang='lat' dir='ltr'><strong>ad</strong></span> <span class='ocrx_word' id='word_1_416' title='bbox 738 4298 1121 4381; x_wconf 72' lang='lat' dir='ltr'><strong>comfitiones</strong></span> <span class='ocrx_word' id='word_1_417' title='bbox 1166 4315 1429 4380; x_wconf 80' lang='lat' dir='ltr'><strong>aliarum</strong></span> <span class='ocrx_word' id='word_1_418' title='bbox 1480 4318 1747 4398; x_wconf 80' lang='lat' dir='ltr'><strong>partium</strong></span> <span class='ocrx_word' id='word_1_419' title='bbox 1795 4320 1863 4381; x_wconf 91' lang='lat' dir='ltr'><strong>et</strong></span> <span class='ocrx_word' id='word_1_420' title='bbox 1928 4316 2221 4392; x_wconf 81' lang='lat' dir='ltr'><strong>locorum,</strong></span> <span class='ocrx_word' id='word_1_421' title='bbox 2292 4315 2357 4380; x_wconf 90' lang='lat' dir='ltr'><strong>iu</strong></span> <span class='ocrx_word' id='word_1_422' title='bbox 2423 4315 2652 4398; x_wconf 87' lang='lat' dir='ltr'><strong>quibus</strong></span> <span class='ocrx_word' id='word_1_423' title='bbox 2693 4314 2887 4379; x_wconf 86' lang='lat' dir='ltr'><strong>nostri</strong></span> <span class='ocrx_word' id='word_1_424' title='bbox 2938 4318 3312 4381; x_wconf 80' lang='lat' dir='ltr'><strong>mercatores</strong></span> 
     </span>
     <span class='ocr_line' id='line_1_43' title="bbox 613 4402 3319 4488; baseline 0 -19"><span class='ocrx_word' id='word_1_425' title='bbox 613 4406 891 4469; x_wconf 87' lang='lat' dir='ltr'><strong>consueti</strong></span> <span class='ocrx_word' id='word_1_426' title='bbox 934 4408 1077 4469; x_wconf 89' lang='lat' dir='ltr'><strong>sunt</strong></span> <span class='ocrx_word' id='word_1_427' title='bbox 1125 4406 1427 4481; x_wconf 88' lang='lat' dir='ltr'><strong>mercari;</strong></span> <span class='ocrx_word' id='word_1_428' title='bbox 1475 4404 1642 4477; x_wconf 82' lang='lat' dir='ltr'><strong>vadit</strong></span> <span class='ocrx_word' id='word_1_429' title='bbox 1689 4423 1850 4486; x_wconf 84' lang='lat' dir='ltr'><strong>pars,</strong></span> <span class='ocrx_word' id='word_1_430' title='bbox 1900 4404 2060 4488; x_wconf 88' lang='lat' dir='ltr'><strong>quod</strong></span> <span class='ocrx_word' id='word_1_431' title='bbox 2100 4404 2265 4468; x_wconf 90' lang='lat' dir='ltr'><strong>mitti</strong></span> <span class='ocrx_word' id='word_1_432' title='bbox 2311 4402 2535 4469; x_wconf 87' lang='lat' dir='ltr'><strong>debeat</strong></span> <span class='ocrx_word' id='word_1_433' title='bbox 2565 4403 2642 4469; x_wconf 86' lang='lat' dir='ltr'><strong>ad</strong></span> <span class='ocrx_word' id='word_1_434' title='bbox 2675 4402 2992 4471; x_wconf 89' lang='lat' dir='ltr'><strong>dominum</strong></span> <span class='ocrx_word' id='word_1_435' title='bbox 3024 4405 3319 4470; x_wconf 79' lang='lat' dir='ltr'><strong>comitem</strong></span> 
     </span>
     <span class='ocr_line' id='line_1_44' title="bbox 607 4491 3325 4575; baseline 0.001 -19"><span class='ocrx_word' id='word_1_436' title='bbox 607 4492 938 4557; x_wconf 79' lang='lat' dir='ltr'><strong>Stefauum</strong></span> <span class='ocrx_word' id='word_1_437' title='bbox 992 4493 1341 4575; x_wconf 86' lang='lat' dir='ltr'><strong>predictum</strong></span> <span class='ocrx_word' id='word_1_438' title='bbox 1387 4512 1547 4557; x_wconf 88' lang='lat' dir='ltr'><strong>unus</strong></span> <span class='ocrx_word' id='word_1_439' title='bbox 1594 4498 1796 4558; x_wconf 90' lang='lat' dir='ltr'><strong>noster</strong></span> <span class='ocrx_word' id='word_1_440' title='bbox 1844 4493 2229 4558; x_wconf 76' lang='lat' dir='ltr'><strong>ambariator</strong></span> <span class='ocrx_word' id='word_1_441' title='bbox 2275 4510 2414 4557; x_wconf 88' lang='lat' dir='ltr'><strong>cum</strong></span> <span class='ocrx_word' id='word_1_442' title='bbox 2484 4491 2597 4557; x_wconf 89' lang='lat' dir='ltr'><strong>illa</strong></span> <span class='ocrx_word' id='word_1_443' title='bbox 2665 4491 3050 4563; x_wconf 84' lang='lat' dir='ltr'><strong>comissione,</strong></span> <span class='ocrx_word' id='word_1_444' title='bbox 3099 4511 3219 4575; x_wconf 88' lang='lat' dir='ltr'><strong>que</strong></span> <span class='ocrx_word' id='word_1_445' title='bbox 3264 4494 3325 4558; x_wconf 87' lang='lat' dir='ltr'><strong>ei</strong></span> 
     </span>
     <span class='ocr_line' id='line_1_45' title="bbox 613 4579 3325 4664; baseline 0.001 -21"><span class='ocrx_word' id='word_1_446' title='bbox 613 4580 867 4644; x_wconf 89' lang='lat' dir='ltr'><strong>dabitur</strong></span> <span class='ocrx_word' id='word_1_447' title='bbox 908 4600 1020 4663; x_wconf 89' lang='lat' dir='ltr'><strong>per</strong></span> <span class='ocrx_word' id='word_1_448' title='bbox 1065 4580 1233 4646; x_wconf 89' lang='lat' dir='ltr'><strong>istud</strong></span> <span class='ocrx_word' id='word_1_449' title='bbox 1281 4580 1625 4658; x_wconf 81' lang='lat' dir='ltr'><strong>consilium,</strong></span> <span class='ocrx_word' id='word_1_450' title='bbox 1676 4580 1780 4664; x_wconf 91' lang='lat' dir='ltr'><strong>qui</strong></span> <span class='ocrx_word' id='word_1_451' title='bbox 1827 4582 2212 4647; x_wconf 77' lang='lat' dir='ltr'><strong>ambariator</strong></span> <span class='ocrx_word' id='word_1_452' title='bbox 2259 4579 2410 4664; x_wconf 87' lang='lat' dir='ltr'><strong>eligi</strong></span> <span class='ocrx_word' id='word_1_453' title='bbox 2458 4580 2679 4647; x_wconf 86' lang='lat' dir='ltr'><strong>debeat</strong></span> <span class='ocrx_word' id='word_1_454' title='bbox 2744 4598 2851 4662; x_wconf 89' lang='lat' dir='ltr'><strong>per</strong></span> <span class='ocrx_word' id='word_1_455' title='bbox 2900 4579 3054 4645; x_wconf 85' lang='lat' dir='ltr'><strong>duas</strong></span> <span class='ocrx_word' id='word_1_456' title='bbox 3104 4598 3325 4647; x_wconf 81' lang='lat' dir='ltr'><strong>manus</strong></span> 
     </span>
     <span class='ocr_line' id='line_1_46' title="bbox 615 4667 3326 4752; baseline 0 -19"><span class='ocrx_word' id='word_1_457' title='bbox 615 4668 988 4733; x_wconf 87' lang='lat' dir='ltr'><strong>electionum</strong></span> <span class='ocrx_word' id='word_1_458' title='bbox 1043 4670 1103 4733; x_wconf 90' lang='lat' dir='ltr'><strong>iu</strong></span> <span class='ocrx_word' id='word_1_459' title='bbox 1154 4671 1266 4734; x_wconf 92' lang='lat' dir='ltr'><strong>hoc</strong></span> <span class='ocrx_word' id='word_1_460' title='bbox 1308 4669 1567 4736; x_wconf 85' lang='lat' dir='ltr'><strong>consilio</strong></span> <span class='ocrx_word' id='word_1_461' title='bbox 1614 4672 1677 4734; x_wconf 91' lang='lat' dir='ltr'><strong>et</strong></span> <span class='ocrx_word' id='word_1_462' title='bbox 1725 4688 1909 4734; x_wconf 91' lang='lat' dir='ltr'><strong>uuam</strong></span> <span class='ocrx_word' id='word_1_463' title='bbox 1954 4689 2062 4752; x_wconf 88' lang='lat' dir='ltr'><strong>per</strong></span> <span class='ocrx_word' id='word_1_464' title='bbox 2111 4669 2520 4752; x_wconf 88' lang='lat' dir='ltr'><strong>scruptiuium</strong></span> <span class='ocrx_word' id='word_1_465' title='bbox 2584 4669 2748 4734; x_wconf 86' lang='lat' dir='ltr'><strong>inter</strong></span> <span class='ocrx_word' id='word_1_466' title='bbox 2793 4667 3135 4743; x_wconf 80' lang='lat' dir='ltr'><strong>dominum,</strong></span> <span class='ocrx_word' id='word_1_467' title='bbox 3182 4687 3326 4734; x_wconf 88' lang='lat' dir='ltr'><strong>cou-</strong></span> 
     </span>
     <span class='ocr_line' id='line_1_47' title="bbox 617 4756 3319 4842; baseline 0.001 -21"><span class='ocrx_word' id='word_1_468' title='bbox 617 4756 910 4837; x_wconf 56' lang='lat' dir='ltr'><strong>,siliarios,</strong></span> <span class='ocrx_word' id='word_1_469' title='bbox 966 4757 1167 4841; x_wconf 84' lang='lat' dir='ltr'><strong>capita</strong></span> <span class='ocrx_word' id='word_1_470' title='bbox 1212 4759 1285 4823; x_wconf 90' lang='lat' dir='ltr'><strong>de</strong></span> <span class='ocrx_word' id='word_1_471' title='bbox 1333 4758 1444 4824; x_wconf 87' lang='lat' dir='ltr'><strong>XL</strong></span> <span class='ocrx_word' id='word_1_472' title='bbox 1489 4760 1550 4823; x_wconf 90' lang='lat' dir='ltr'><strong>et</strong></span> <span class='ocrx_word' id='word_1_473' title='bbox 1596 4758 1906 4841; x_wconf 87' lang='lat' dir='ltr'><strong>sapientes</strong></span> <span class='ocrx_word' id='word_1_474' title='bbox 1953 4759 2278 4826; x_wconf 85' lang='lat' dir='ltr'><strong>ambarum</strong></span> <span class='ocrx_word' id='word_1_475' title='bbox 2327 4774 2646 4838; x_wconf 84' lang='lat' dir='ltr'><strong>manuum,</strong></span> <span class='ocrx_word' id='word_1_476' title='bbox 2691 4761 2756 4825; x_wconf 88' lang='lat' dir='ltr'><strong>et</strong></span> <span class='ocrx_word' id='word_1_477' title='bbox 2786 4757 2980 4842; x_wconf 84' lang='lat' dir='ltr'><strong>possit</strong></span> <span class='ocrx_word' id='word_1_478' title='bbox 3014 4756 3216 4842; x_wconf 82' lang='lat' dir='ltr'><strong>accipi</strong></span> <span class='ocrx_word' id='word_1_479' title='bbox 3242 4757 3319 4824; x_wconf 80' lang='lat' dir='ltr'><strong>de</strong></span> 
     </span>
    </p>
   </div>
   <div class='ocr_carea' id='block_1_8' title="bbox 3500 554 3509 2723">
    <p class='ocr_par' dir='ltr' id='par_1_8' title="bbox 3500 554 3509 2723">
     <span class='ocr_line' id='line_1_48' title="bbox 3500 554 3509 2723; baseline 0 0"><span class='ocrx_word' id='word_1_480' title='bbox 3500 554 3509 2723; x_wconf 95' lang='lat' dir='ltr'><strong> </strong></span> 
     </span>
    </p>
   </div>
   <div class='ocr_carea' id='block_1_9' title="bbox 3503 4170 3506 4865">
    <p class='ocr_par' dir='ltr' id='par_1_9' title="bbox 3503 4170 3506 4865">
     <span class='ocr_line' id='line_1_49' title="bbox 3503 4170 3506 4865; baseline 0 0"><span class='ocrx_word' id='word_1_481' title='bbox 3503 4170 3506 4865; x_wconf 95' lang='lat' dir='ltr'><strong> </strong></span> 
     </span>
    </p>
   </div>
  </div>
 </body>
</html>
