3620 5282
2965 361 3098 426 405

766 541 1065 624 DLIV.
1122 541 1331 625 God.
1384 543 1608 626 1397.
1667 544 1710 625 7
1764 545 2138 644 travnja,
2195 566 2254 625 u
2309 542 2702 625 Mletcih.

875 686 1033 758 Daje
1078 704 1141 746 se
1187 688 1458 759 napatak
1497 688 1876 760 poslanikom
1921 687 2143 746 iducim
2191 706 2231 745 u
2292 686 2590 761 Uyarsku.

591 805 774 871 1397.
827 807 1160 870 indictione
1208 807 1444 886 quinta,
1493 806 1589 869 die-
1632 808 1898 887 septimo
1944 807 2182 888 aprilis.
2235 804 2344 870 Ser
2379 807 2598 869 Petrus
2632 805 2927 870 Cornario
2964 826 3103 888 pro-

372 898 642 971 curator,
691 914 790 957 ser
836 893 1151 958 Johannes
1200 894 1402 956 Barbo
1454 899 1829 975 procurator,
1879 914 1975 957 ser
2046 894 2398 957 Leonardus
2461 894 2715 964 Bembo,
2787 895 3103 975 sapientes

373 981 651 1055 consilii;
701 1001 799 1044 ser
847 982 1145 1044 Fantinus
1195 979 1470 1058 Quirine,
1520 1001 1618 1044 ser
1666 980 1995 1045 Bertucius
2045 983 2275 1056 Pisani,
2326 1001 2422 1042 ser
2470 981 2838 1045 Franciscus
2903 982 3102 1064 Supe-

373 1071 595 1145 ranti0,
646 1089 743 1132 ser
788 1068 1150 1132 Dominicus
1185 1069 1364 1143 Zane‚
1401 1088 1500 1132 ser
1536 1069 1883 1133 Alexander
1919 1069 2201 1151 Georgio‚
2236 1070 2543 1149 sapientes
2575 1069 2881 1132 ordinum.
2930 1068 3103 1147 Quod

374 1156 485 1219 fiat
554 1156 906 1220 commissio
975 1156 1496 1220 ambasiatoribus
1568 1157 1792 1219 nostris
1864 1157 2046 1220 ituris
2118 1156 2197 1218 ad
2268 1155 2731 1219 serenissimum
2781 1157 3100 1220 dominum

379 1262 592 1325 regem
642 1244 963 1326 Hungarie
1011 1243 1072 1306 in
1121 1245 1241 1308 ista
1288 1246 1516 1308 forma:

587 1330 814 1411 Capta:
888 1332 1017 1394 Nos
1088 1332 1396 1394 Antonius
1468 1331 1728 1395 Venerio
1803 1331 1899 1394 dei
1971 1332 2173 1411 gratia
2236 1330 2354 1394 dux
2421 1331 2824 1393 Venetiarum
2872 1332 2937 1395 et
2982 1334 3100 1407 cet,

378 1418 843 1481 Committimus
893 1419 1067 1481 vobis
1119 1419 1267 1481 viris
1303 1419 1613 1481 nobilibus
1648 1417 1938 1482 Michaeli
1979 1420 2164 1483 Steno
2197 1417 2575 1499 procurat-ori
2611 1418 2867 1482 ecclesie
2902 1420 3102 1482 sancti

379 1506 596 1580 Marci,
650 1505 913 1569 Fantino
961 1505 1226 1588 Georgio
1276 1506 1463 1569 militi
1512 1510 1576 1569 et
1621 1506 1857 1569 Thome
1902 1507 2247 1586 Mecenigo,
2299 1504 2542 1568 dilectis
2613 1506 2851 1569 civibus
2922 1510 2988 1569 et
3031 1508 3105 1570 fi-

377 1593 620 1654 delibus
672 1594 915 1667 nostrie,
968 1594 1126 1674 quod
1176 1595 1264 1657 ire
1313 1594 1589 1657 debeatis
1662 1594 1855 1656 nostri
1927 1594 2373 1657 ambasiatores
2443 1592 2748 1655 solemnes
2819 1592 2896 1655 ad
2965 1612 3106 1674 pre-

376 1682 638 1742 sentiam
684 1680 1061 1743 serenissimi
1113 1681 1346 1744 domini
1396 1681 1561 1763 regis
1609 1681 1946 1761 Hungarie,
2022 1681 2217 1744 eundo
2282 1680 2358 1742 ad
2432 1680 2639 1761 partes
2711 1678 2956 1761 Segnie,
3026 1683 3102 1743 ad

377 1784 534 1846 quas
582 1766 885 1831 faciamus
935 1786 1041 1832 vos
1088 1770 1347 1832 conduci
1390 1788 1496 1850 per
1544 1769 1752 1849 galeas
1800 1771 2046 1832 nostras
2095 1766 2326 1847 culphi,
2395 1770 2464 1830 ut
2529 1767 2847 1831 comodius
2897 1770 2960 1830 et
3007 1786 3106 1831 ce-

375 1852 568 1917 lerius
617 1854 705 1918 ire
752 1855 1007 1937 possitis
1055 1857 1131 1941 ad
1184 1859 1386 1936 partes
1436 1856 1762 1937 predicta8‚
1806 1860 1871 1919 et
1916 1856 2134 1919 deinde
2182 1857 2394 1937 postea
2440 1856 2517 1918 ad
2550 1855 2751 1935 ipsum
2787 1856 3104 1918 dominum

378 1960 608 2022 regem.
658 1943 741 2006 Et
786 1961 927 2006 cum
973 1945 1148 2006 eritis
1195 1946 1272 2008 ad
1321 1943 1695 2026 presentiam
1747 1962 1943 2021 suam,
1994 1941 2434 2025 presentabitis
2468 1962 2574 2005 sue
2606 1942 2924 2006 serenitati
2960 1961 3103 2007 nos-

376 2031 503 2091 tras
552 2030 765 2094 literas
815 2030 1226 2106 credulitatis,
1276 2049 1431 2113 quas
1478 2032 1650 2094 vobis
1700 2030 1834 2094 fieri
1881 2031 2162 2107 fecimus,
2205 2033 2270 2093 et
2313 2030 2442 2092 illis
2470 2031 2841 2110 presentatis
2888 2033 3098 2111 porta-

377 2115 526 2179 bitis
566 2118 683 2180 sibi
730 2124 903 2199 parte
954 2123 1163 2182 nostra
1200 2119 1590 2183 honorabiles
1639 2122 1703 2183 et
1748 2119 2108 2183 amicabiles
2159 2118 2591 2193 salutationes,
2642 2117 2952 2180 offerendo
2990 2136 3100 2181 nos

373 2204 451 2266 ad
500 2207 724 2267 cuncta
771 2207 1199 2271 concernentia
1244 2226 1352 2271 sue
1400 2207 1750 2270 maiestatis
1787 2208 2082 2270 honorem
2131 2208 2196 2269 et
2241 2206 2692 2268 incrementum
2764 2224 2904 2269 cum
2972 2205 3101 2269 illis

371 2293 827 2371 pertinentibus
875 2294 1077 2357 verbis
1121 2295 1346 2358 amoris
1394 2296 1458 2357 et
1498 2294 1863 2371 dilectioni8‚
1912 2314 2031 2377 que
2078 2296 2280 2358 vestre
2351 2292 2650 2373 sapientie
2701 2292 3098 2357 videbuntur.

582 2378 1038 2461 Subsequenter
1084 2383 1400 2463 exponetis
1470 2383 1691 2456 eidem,
1762 2384 1923 2463 quod
1972 2381 2136 2445 sicut
2180 2399 2291 2444 sua
2338 2380 2637 2443 serenitas
2686 2381 2843 2443 scire
2892 2382 3102 2462 potuit

376 2483 485 2544 per
531 2467 894 2531 relationem
944 2488 1191 2532 suorum
1240 2471 1745 2546 ambasiatorum,
1793 2487 1945 2550 quos
1991 2468 2184 2550 pridie
2247 2469 2321 2531 ad
2383 2469 2656 2530 nostram
2723 2469 3099 2548 presentiam
3183 2476 3186 2479 ’

372 2553 726 2631 destinavit,
777 2575 886 2619 nos
933 2556 1212 2637 requisiti
1262 2576 1374 2621 suo
1423 2559 1669 2621 nomine
1718 2576 1825 2636 per
1870 2557 2136 2626 eosdem,
2209 2557 2510 2636 quatenus
2583 2556 2757 2618 nobis
2806 2555 3099 2635 placeret,

379 2641 439 2704 in
490 2660 635 2705 casu
685 2662 801 2726 quo
851 2645 1149 2708 vellemus
1195 2645 1484 2727 amplecti
1536 2664 1742 2709 secum
1797 2646 2031 2708 factum
2072 2644 2471 2718 Turonorum,
2522 2643 2772 2707 mittere
2831 2644 3100 2707 ambasi-

370 2730 538 2792 atam
581 2735 854 2794 nostram
905 2734 979 2794 ad
1026 2751 1200 2795 suam
1253 2735 1625 2814 presentiam
1677 2752 1818 2796 cum
1873 2732 2054 2813 plena
2094 2733 2384 2795 libertate
2434 2731 2738 2794 tractandi
2791 2731 2984 2812 ligam
3036 2734 3100 2794 et

370 2817 645 2897 quelibet
690 2819 814 2883 alia
864 2819 1146 2896 faciendi,
1197 2819 1679 2883 deliberavimus
1726 2820 2022 2883 diferrere
2071 2822 2270 2899 ipsam
2346 2823 2615 2882 nostram
2684 2818 3098 2882 ambasiatam

372 2904 645 2982 mittere,
693 2907 834 2988 quia
885 2907 1409 2970 consideravimus
1458 2927 1600 2970 vera
1642 2927 1773 2970 esse
1823 2905 1950 2981 illa,
2001 2925 2119 2988 que
2167 2925 2279 2969 sua
2327 2907 2618 2969 maiestas
2667 2906 2979 2986 sapienter
3033 2909 3097 2970 et

371 2995 613 3055 mature
655 2994 1170 3068 consideraverat,
1216 2994 1524 3072 videlicet,
1574 2995 1732 3075 quod
1785 2996 2033 3074 propter
2081 2995 2324 3069 damna,
2384 3013 2500 3074 que
2559 3012 2778 3073 passus
2848 2999 2985 3057 erat
3032 2996 3098 3057 et

374 3095 620 3142 suarum
673 3082 954 3162 gentium
1002 3082 1467 3162 dispositionem
1520 3084 1650 3144 sine
1696 3082 1905 3163 aliquo
1952 3080 2179 3145 auxilio
2226 3087 2398 3143 extra
2461 3099 2719 3162 reguum
2766 3082 2929 3144 exire
2977 3100 3096 3144 non

370 3169 626 3245 possent
670 3186 809 3231 cum
865 3168 1085 3233 bellico
1133 3175 1450 3250 apparatu.
1499 3168 2037 3233 Consideravaus
2088 3170 2276 3232 etiam
2330 3167 2795 3231 multitudinem
2870 3171 2934 3231 et
2992 3186 3098 3249 po-

372 3254 634 3317 tentiam
683 3256 1021 3319 infidelium
1074 3259 1508 3336 predictorum,
1559 3262 1620 3320 et
1660 3259 1818 3337 quod
1869 3275 2116 3319 necesse
2164 3260 2316 3330 erat,
2368 3260 2437 3318 ut
2481 3257 2545 3319 in
2594 3256 2710 3318 hoc
2757 3254 2920 3318 sacto
2954 3274 3098 3319 con-

369 3345 648 3405 curreret
685 3343 981 3406 auxilium
1032 3347 1094 3407 et
1140 3344 1486 3407 subsidium
1543 3345 1801 3407 aliorum
1854 3363 2067 3424 regum
2118 3347 2181 3405 et
2213 3345 2560 3423 principum
2594 3342 3092 3414 christianitatis,

369 3432 439 3490 ut
489 3428 666 3504 illud,
708 3434 867 3511 quod
916 3431 1047 3496 fieri
1091 3432 1370 3507 debebat,
1422 3432 1596 3495 fieret
1645 3433 1732 3494 ita
1777 3433 2060 3512 potenter
2107 3434 2168 3493 et
2215 3450 2354 3493 cum
2419 3430 2576 3492 bono
2639 3431 2869 3505 ordine,
2938 3433 3096 3510 quod

375 3516 700 3579 sinistrum
753 3518 1021 3599 amplius
1067 3538 1184 3582 non
1234 3522 1487 3593 veniret,
1534 3521 1679 3600 quia
1716 3518 1765 3580 si
1830 3520 2152 3590 accideret,
2217 3518 2375 3598 quod
2440 3517 2624 3591 absit,
2674 3521 2887 3597 postea
2934 3517 3096 3581 diffi-

372 3603 553 3665 cilius
603 3607 1016 3669 mendaretur.
1067 3607 1146 3670 Et
1195 3608 1339 3686 quia
1386 3607 1499 3670 hec
1544 3610 1634 3670 ita
1683 3610 1888 3687 presto
1935 3605 2290 3668 videbamus
2335 3623 2449 3668 non
2501 3624 2675 3686 posse
2715 3604 2866 3680 fieri,
2916 3625 3098 3687 prop-

377 3690 547 3753 terea
628 3693 801 3755 nobis
879 3693 1035 3756 utile
1105 3695 1465 3774 apparebat,
1533 3694 1696 3774 quod
1759 3693 2146 3776 requirentur
2217 3693 2413 3774 primo
2462 3711 2635 3772 reges
2683 3693 2748 3754 et
2788 3692 3094 3774 principes

376 3778 696 3850 antedicti,
747 3781 891 3861 quia
937 3782 1403 3862 disponentibus
1453 3800 1518 3844 se
1564 3782 1642 3844 ad
1688 3781 1822 3853 hoc,
1891 3800 2135 3845 eramus
2203 3781 2399 3861 parati
2475 3780 2724 3844 mittere
2766 3785 2827 3844 et
2875 3782 3093 3856 iacere,

375 3866 541 3929 sicut
585 3868 643 3930 in
694 3868 939 3931 casibus
985 3869 1295 3932 similibus
1342 3869 1621 3932 facerunt
1670 3869 1860 3932 nostri
1915 3869 2352 3950 progenitores,

577 3954 807 4017 Verum
853 3957 996 4038 quia
1043 3960 1321 4037 potestea
1370 3963 1432 4019 et
1480 3975 1637 4019 nunc
1677 3959 1749 4019 de
1800 3975 1954 4019 novo
2001 3956 2114 4018 sub
2163 3956 2290 4018 suis
2358 3954 2559 4018 literis
2608 3953 3094 4018 credentialibus

363 4043 711 4123 comparint
745 4045 819 4106 ad
871 4047 1142 4106 nostram
1198 4044 1570 4125 presentiam
1621 4045 1867 4124 sapiens
1914 4043 2006 4106 vir
2055 4062 2151 4106 ser
2199 4042 2563 4105 Franciscus
2610 4042 2684 4104 de
2753 4042 3088 4119 Bernard0‚

362 4130 729 4211 requirendo
794 4135 1069 4194 nostrum
1136 4131 1505 4208 dominium,
1572 4134 1878 4212 quatenus
1951 4131 2222 4211 placeret
2292 4129 2465 4193 nobis
2534 4130 2597 4193 in
2667 4148 2960 4209 magnam
3032 4132 3095 4193 et

361 4218 738 4298 singularem
789 4220 1304 4300 complacentiam
1356 4240 1464 4282 sne
1514 4218 1867 4281 serenitatis
1918 4219 2167 4281 mittere
2215 4219 2290 4280 ad
2339 4235 2514 4280 suam
2553 4218 2925 4297 presentiam
2954 4237 3089 4281 nos·

363 4308 524 4367 tram
575 4305 1009 4379 ambasiatam,
1059 4312 1127 4370 ut
1173 4309 1384 4386 posset
1431 4305 1702 4368 conferre
1751 4308 1815 4367 et
1856 4324 1989 4368 esse
2062 4324 2290 4381 secum,
2342 4323 2459 4366 non
2531 4323 2816 4384 expressa
2879 4305 3087 4385 aliqua

359 4390 481 4455 alia
528 4409 714 4456 causa
762 4394 1036 4475 speciali,
1087 4393 1591 4470 deliberavimus,
1641 4392 1925 4474 dispositi
1974 4392 2495 4475 quemadmodum
2546 4409 2788 4472 semper
2837 4390 3088 4464 fuimuS,

360 4497 467 4559 pro
513 4483 582 4543 ut
626 4481 830 4543 videre
879 4481 1081 4561 potnit
1129 4500 1233 4562 per
1281 4480 1590 4554 effectum,
1641 4482 1714 4545 ad
1764 4499 1878 4542 sua
1925 4479 2311 4578 beneplacita
2356 4481 2422 4542 et
2492 4497 2713 4542 corone
2778 4497 2888 4541 sue
2938 4478 3086 4542 mit-

359 4569 486 4628 tere
538 4585 643 4630 vos
691 4568 765 4630 ad
814 4571 1208 4647 conspectum
1256 4587 1436 4631 suum
1486 4568 1659 4632 iuxta
1734 4566 2201 4648 requisitionem
2278 4566 2452 4629 nobis
2523 4565 2771 4640 factam,
2823 4583 2931 4647 pro
2980 4583 3089 4628 au-

356 4650 578 4716 diendo
625 4656 688 4717 et
735 4654 1140 4736 intelligendo
1185 4656 1390 4719 omnia
1438 4654 1568 4744 illa
1616 4674 1735 4735 que
1778 4672 1891 4718 sua
1962 4653 2329 4717 excellentia
2396 4652 2571 4715 nobis
2640 4653 2842 4716 dicere
2889 4653 2955 4716 et
3001 4652 3090 4715 fa-

357 4757 491 4805 cere
537 4741 804 4807 voluerit
849 4742 1202 4807 manifesta.
1252 4741 1366 4807 Cui
1414 4704 1805 4820 denotamuS,
1874 4741 2031 4822 quod
2104 4742 2264 4805 sicut
2333 4739 2408 4804 de
2473 4739 2899 4804 infelicissimo
2945 4757 3088 4802 casu
