3620 5282
516 243 646 311 328

766 425 1325 510 ccchXVI.
1380 427 1580 511 Gon.
1634 428 1857 512 1394.
1912 429 2026 512 21.
2081 428 2450 529 svibnjm
2504 449 2563 508 u
2616 425 3006 508 Mletcih.

520 571 817 632 Mletcani
858 573 1107 647 nastojc,
1152 573 1233 632 da
1281 572 1341 633 si
1362 574 1560 646 Kroju
1593 574 1879 647 prisvoje.
1928 572 2119 633 Sesto-i
2155 573 2296 646 pok.
2349 573 2523 633 Tomc
2548 572 2889 647 qospodara
2918 569 3245 644 Drackoya

1443 657 1684 736 obetuju
1717 662 1999 737 qodis'nju
2034 661 2327 735 podporu.

739 778 927 845 1394.
973 779 1075 845 die
1118 779 1288 845 XXI.
1336 779 1505 861 maii,
1554 781 1886 846 indictione
1933 781 2219 847 secunda.
2314 779 2639 865 Sapientes
2686 778 2928 845 consilii
2960 780 3024 843 et
3065 777 3229 859 sapi-

535 867 711 932 entes
750 867 1056 933 ordinum.
1148 867 1379 953 Captat
1428 871 1586 952 quod
1632 870 2011 935 rescribatur
2069 869 2275 934 baiulo
2335 873 2397 934 et
2458 869 2778 951 capitaneo
2846 869 3051 933 nostro
3098 866 3231 929 Du-

531 953 746 1030 rachii,
792 957 953 1058 quod
1001 974 1108 1021 nos
1153 976 1262 1040 per
1308 958 1496 1023 istam
1524 976 1699 1023 suam
1732 958 2022 1023 barcham
2067 958 2414 1040 recepimus
2459 975 2671 1022 omnes
2720 956 2929 1021 literas
2976 973 3118 1018 suas
3165 956 3231 1018 et

526 1042 832 1125 capitanei
878 1046 1074 1110 nostri
1123 1044 1367 1129 culphy,
1419 1066 1529 1129 per
1570 1064 1723 1130 quas
1759 1047 1835 1110 ad
1887 1046 2142 1128 plenum
2205 1046 2436 1110 fuimus
2482 1045 2793 1110 informati
2839 1044 2915 1108 de
2960 1044 3229 1107 condici-

523 1131 743 1196 onibus
789 1133 1062 1214 partium
1111 1133 1328 1199 deinde
1376 1136 1439 1199 et
1483 1134 1556 1199 de
1602 1134 1877 1199 motibus
1922 1134 2303 1199 Turchorum
2349 1153 2418 1199 ac
2465 1135 2537 1198 de
2567 1134 2761 1216 gestis
2796 1153 2901 1214 per
2933 1151 3031 1196 ser
3063 1131 3236 1195 Mar-

523 1237 665 1285 cum
711 1219 1073 1300 Barbadico,
1121 1222 1226 1305 qui
1268 1222 1507 1287 videtur
1551 1223 1737 1288 ivisse
1784 1222 1862 1286 ad
1908 1222 2330 1288 inclinandum
2374 1223 2622 1287 Basaito
2665 1222 2728 1286 et
2770 1224 2886 1285 cet.
2932 1218 3031 1283 Ad
3080 1237 3235 1301 quas

522 1324 888 1389 responsum
934 1309 1154 1374 damus
1201 1311 1265 1375 et
1306 1310 1505 1392 primo
1551 1310 1628 1375 ad
1675 1312 1914 1392 partem
1975 1310 2129 1376 dicti
2191 1329 2291 1375 ser
2351 1311 2567 1386 Marci,
2636 1310 2793 1393 quod
2866 1308 3040 1373 nobis
3104 1306 3237 1371 dis·-

523 1395 717 1479 plicet
765 1397 943 1463 valde
991 1398 1165 1477 illud,
1214 1398 1374 1481 quod
1422 1397 1554 1479 ipse
1599 1397 1768 1476 fecit,
1841 1398 2001 1482 quod
2065 1404 2160 1464 est
2222 1399 2438 1463 contra
2483 1399 2761 1464 nostrum
2829 1397 3127 1461 honorem
3172 1396 3239 1458 et

527 1481 589 1547 in
633 1484 926 1551 damnum
959 1488 1237 1551 contrate
1283 1487 1347 1551 et
1391 1486 1662 1551 civitatis
1710 1489 1920 1552 nostre
1967 1487 2283 1552 Durachii,
2327 1485 2782 1552 Nichilominus
2830 1484 3233 1549 consideratis

525 1569 813 1638 omnibus
858 1574 1061 1657 placet
1106 1573 1303 1654 nobis,
1351 1575 1508 1657 quod
1557 1575 1620 1638 in
1664 1593 1828 1652 casu,
1875 1593 1994 1658 quo
2043 1575 2246 1641 videat
2291 1594 2468 1659 posse
2515 1576 2723 1639 tenere
2769 1574 3037 1647 modum,
3075 1572 3235 1654 quod

526 1658 661 1743 ipse
698 1680 797 1726 ser
843 1663 1092 1728 Marcus
1133 1681 1273 1728 cum
1324 1680 1507 1729 uxore
1556 1680 1669 1728 sua
1714 1666 1776 1727 et
1823 1665 2024 1728 castro
2072 1662 2233 1747 Croy
2278 1663 2489 1728 redeat
2534 1664 2612 1727 ad
2657 1662 3038 1727 obdientiam
3086 1679 3225 1724 nos-

530 1748 716 1829 tram,
764 1767 887 1815 non
932 1750 1220 1816 obstante
1266 1750 1416 1815 fallo
1463 1768 1574 1816 suo
1616 1750 1839 1816 debeat
1883 1752 1994 1816 hoc
2041 1751 2239 1817 facere
2288 1753 2351 1816 et
2419 1753 2494 1815 ad
2541 1752 2654 1815 hoc
2699 1754 2876 1833 parte
2936 1768 3048 1814 sua
3091 1748 3238 1813 dare

529 1854 775 1918 operam
821 1840 951 1903 toto
997 1857 1196 1922 posse.
1255 1837 1510 1916 Quando
1557 1841 1766 1903 autem
1815 1840 2050 1904 videret
2092 1838 2207 1905 hoc
2253 1839 2452 1904 facere
2499 1858 2618 1903 non
2666 1857 2840 1920 posse
2886 1857 2996 1921 per
3043 1837 3234 1901 istum

525 1926 798 2007 modum,
847 1928 910 1991 et
955 1927 1366 2009 cognosceret,
1415 1926 1576 2009 quod
1626 1947 1733 2010 per
1780 1928 1943 1991 viam
1995 1930 2301 1993 tractatus
2332 1930 2540 2010 posset
2569 1927 2795 1991 habere
2826 1925 3065 1992 dictum
3097 1943 3234 1988 cas-

524 2015 714 2093 trum,
761 2016 911 2079 tunc
955 2034 1171 2081 sumus
1217 2015 1508 2093 contenti,
1556 2016 1715 2098 quod
1762 2015 1965 2098 ipsum
2018 2017 2291 2100 accipere
2338 2015 2577 2092 debeat,
2627 2016 2899 2097 ponendo
2946 2015 3248 2090 mentem,

526 2101 687 2186 quod
735 2120 855 2168 non
900 2103 1298 2185 deciperetur,
1347 2105 1411 2168 et
1455 2106 1612 2186 quod
1656 2106 1890 2188 gentes,
1942 2123 2095 2187 quas
2154 2104 2305 2169 illuc
2371 2105 2649 2168 mitteret
2697 2104 2774 2167 ad
2819 2101 2983 2166 hunc
3033 2103 3244 2177 finem,

530 2208 652 2262 non
696 2194 1067 2272 ponerentur
1107 2194 1184 2256 ad
1230 2192 1569 2274 periculum
1618 2191 2037 2256 manifestum.
2087 2193 2171 2257 Et
2215 2192 2362 2277 quia
2403 2191 2700 2269 videmuS,
2749 2192 2911 2275 quod
2958 2190 3073 2254 hoc
3113 2190 3246 2253 fieri

529 2296 649 2343 non
692 2281 903 2361 posset
948 2280 1078 2345 sine
1124 2279 1407 2363 pecumia
1452 2283 1515 2343 et
1561 2299 1667 2361 spe
1712 2280 1956 2363 premii,
2005 2299 2220 2345 sumus
2265 2280 2561 2357 contenti,
2626 2280 2785 2362 quod
2854 2280 2984 2361 ipse
3047 2279 3248 2362 possit

529 2367 923 2448 promitterre
971 2367 1120 2448 illis,
1169 2368 1277 2452 qui
1321 2368 1541 2432 darent
1598 2368 1715 2432 sibi
1780 2368 2019 2433 dictum
2083 2369 2310 2447 locum,
2370 2367 2802 2450 provisionem,
2876 2386 3066 2448 quam
3140 2367 3246 2429 da-

528 2454 751 2519 bamus
797 2455 964 2521 dicto
1005 2475 1106 2522 ser
1151 2456 1363 2520 Marco
1410 2459 1473 2520 et
1519 2457 1710 2537 uxori,
1754 2457 2086 2522 secundum
2136 2456 2294 2538 quod
2328 2456 2447 2521 sibi
2486 2454 2816 2532 videbitur,
2853 2459 2917 2517 et
2950 2454 3243 2518 similiter

534 2542 871 2621 territoria,
919 2563 1037 2627 que
1080 2544 1549 2628 possidebantur
1591 2563 1703 2627 per
1750 2564 1870 2623 eoS,
1922 2546 1995 2609 ad
2044 2544 2438 2626 gaudendum
2483 2546 2547 2609 et
2614 2543 3132 2608 usufructandum
3185 2544 3245 2606 in

530 2631 704 2714 parte
751 2633 814 2698 et
857 2633 1010 2707 toto,
1058 2635 1129 2699 ut
1168 2631 1366 2717 possit
1410 2632 1685 2698 nostram
1731 2632 2135 2698 intentionem
2183 2633 2480 2698 obtinere.
2532 2631 2614 2698 Et
2659 2633 2714 2696 si
2745 2632 2858 2697 hoc
2888 2630 3088 2697 facere
3123 2650 3245 2696 non

529 2721 742 2803 posset
786 2740 894 2805 per
939 2721 1210 2806 aliquem
1258 2721 1565 2786 dictorum
1614 2722 1958 2798 modorum,
2009 2723 2160 2786 tuuc
2208 2722 2440 2787 scribat
2486 2721 2662 2786 nobis
2708 2722 2936 2804 presto,
2985 2721 3243 2802 quiquid

533 2808 792 2875 habebit
837 2811 902 2874 et
945 2812 1011 2875 in
1051 2810 1271 2894 quibus
1315 2809 1600 2874 terminis
1647 2810 1817 2875 facta
1862 2809 2223 2887 consistent,
2280 2812 2350 2875 ut
2406 2810 2720 2892 providere
2788 2807 3097 2890 possimus
3143 2828 3244 2872 se-

531 2897 798 2962 cundum
887 2899 1045 2982 quod
1144 2899 1319 2964 nobis
1407 2897 1559 2962 utile
1617 2899 1954 2981 appareret.
2045 2898 2139 2963 De
2199 2899 2375 2982 parte
2449 2897 2592 2977 110,
2657 2897 2733 2961 de
2790 2916 2910 2962 non
2972 2896 3037 2975 2,
3130 2916 3247 2961 non

532 2985 754 3050 sinceri
808 2986 864 3050 1.

747 3071 976 3157 Capta:
1023 3074 1280 3157 Insuper
1325 3074 1636 3139 scribatur
1682 3074 1847 3139 dicto
1894 3073 2103 3139 baiulo
2129 3073 2206 3139 ad
2231 3075 2493 3158 partem,
2542 3091 2728 3157 quam
2768 3072 2942 3137 nobis
2975 3072 3248 3155 scripsit,

543 3161 618 3226 de
655 3160 818 3227 facto
864 3164 1066 3245 uxoris
1113 3162 1417 3246 quondam
1465 3161 1804 3238 Cursachii,
1878 3164 2104 3228 sororis
2155 3163 2462 3245 quondam
2524 3163 2754 3225 domini
2811 3160 3135 3239 Durachii,
3185 3164 3250 3225 et

539 3248 903 3332 provisionis
947 3270 1132 3334 quam
1178 3253 1356 3334 petit,
1404 3250 1563 3333 quod
1612 3254 1683 3315 ut
1727 3250 1893 3315 dicta
1938 3253 2186 3316 domina
2220 3251 2425 3315 videat
2476 3255 2538 3314 et
2567 3252 2899 3331 cognoscat
2942 3249 3242 3331 optimam

540 3336 1006 3419 dispositionem
1054 3342 1331 3406 nostram
1378 3342 1443 3403 et
1490 3357 1781 3419 amorem,
1831 3357 2013 3422 quem
2060 3340 2441 3422 portavimus
2484 3338 2663 3402 fratri
2705 3356 2812 3402 suo
2841 3340 2905 3400 et
2936 3336 3053 3401 sibi
3098 3355 3240 3418 por-

539 3428 770 3502 tamus,
820 3446 1033 3491 sumus
1077 3428 1346 3493 contenti
1393 3427 1468 3490 de
1514 3428 1709 3492 dando
1748 3427 1869 3492 sibi
1911 3429 1987 3492 ad
2027 3426 2324 3510 placitum
2365 3429 2644 3491 nostrum
2679 3425 3092 3509 provisionem
3128 3424 3253 3489 du-

536 3513 817 3579 catorum
865 3516 1113 3580 centum
1161 3516 1224 3580 in
1266 3533 1442 3593 anno,
1489 3534 1677 3598 quam
1719 3514 2022 3580 dabamus
2071 3515 2200 3580 viro
2249 3534 2358 3579 suo
2397 3516 2461 3580 et
2498 3513 2638 3587 sibi,
2689 3517 2760 3577 ut
2823 3514 3020 3596 possit
3064 3510 3249 3578 habi-

534 3600 680 3666 liter
720 3600 939 3667 ducere
985 3602 1179 3667 vitam
1225 3622 1424 3683 suam,
1486 3622 1624 3669 cum
1675 3603 2047 3680 conditione,
2118 3603 2280 3686 quod
2349 3604 2401 3668 si
2472 3622 2536 3667 se
2597 3602 2893 3666 maritare
2958 3602 3247 3678 voluerit,

535 3690 652 3756 hoc
696 3689 894 3755 facere
938 3693 1226 3755 teneatur
1270 3711 1412 3757 cum
1459 3692 1832 3757 conscientia
1877 3693 1939 3756 et
1985 3692 2308 3757 voluntate
2378 3694 2609 3768 nostra,
2655 3693 2725 3755 ut
2778 3708 2846 3755 se
2908 3690 3252 3774 coniungat

535 3796 814 3862 persone,
864 3797 982 3861 que
1028 3780 1114 3845 sit
1156 3779 1222 3843 in
1267 3798 1476 3845 amore
1523 3782 1586 3845 et
1632 3778 2048 3845 benivolentia
2095 3779 2293 3845 nostri
2340 3780 2707 3845 communis.

625 3887 809 3948 Misti
857 3886 1121 3948 XLIII.
1170 3890 1228 3959 4,
1287 3905 1332 3948 u
1373 3883 1532 3951 mlet.
1580 3889 1817 3951 arkivu.

747 4075 1345 4161 ccchXVII.
1398 4076 1605 4160 Gon.
1662 4078 1888 4161 1494.
1944 4078 2040 4161 12
2093 4077 2458 4179 svibnja‚
2513 4098 2572 4157 u
2625 4075 3016 4159 Mletcih.

1012 4222 1321 4297 Obdarm'u
1366 4240 1429 4283 se
1472 4223 1590 4294 oni,
1635 4223 1760 4295 koji
1797 4239 1872 4282 su
1903 4222 2145 4297 predali
2189 4219 2419 4281 Alcksu
2463 4221 2778 4294 republiki.

750 4324 933 4391 1394.
959 4325 1289 4391 indictione
1317 4326 1600 4403 secunda,
1626 4326 1725 4392 die
1747 4326 1871 4391 XII
1888 4326 2056 4391 maii.
2082 4324 2397 4408 Sapientes
2423 4324 2678 4390 consilii.
2709 4320 2941 4407 Capta:
2968 4343 3108 4389 cum
3137 4325 3245 4390 isti

534 4414 776 4481 nobiles
817 4413 1162 4499 Duchayni‚
1206 4415 1316 4499 qui
1362 4414 1461 4479 hic
1508 4416 1655 4480 sunt
1698 4418 1759 4479 et
1804 4433 1841 4478 a
1888 4414 2109 4497 quibus
2154 4413 2491 4478 dominatio
2558 4414 2772 4477 nostra
2831 4413 3047 4478 habuit
3110 4431 3247 4477 cas-

537 4506 702 4567 trum
752 4502 942 4582 Lexii,
990 4502 1144 4584 quod
1192 4505 1291 4566 est
1336 4502 1541 4568 circha
1575 4505 1783 4584 partes
1831 4501 2149 4578 Durachii,
2197 4500 2686 4583 supplicaverint
2717 4506 2924 4565 nostro
2952 4500 3246 4577 dominio,

537 4590 700 4673 quod
748 4590 910 4654 sicut
951 4590 1289 4655 secundum
1333 4588 1592 4655 formam
1638 4592 1961 4674 pactorum
2008 4587 2302 4654 initorum
2349 4608 2460 4673 per
2503 4589 2888 4671 capiteneum
2962 4591 3241 4653 nostrum

537 4677 769 4765 culphy
812 4676 975 4742 inter
1021 4695 1130 4743 nos
1177 4681 1240 4744 et
1285 4696 1409 4762 eos,
1433 4678 1555 4762 ipsi
1583 4678 1814 4745 debent
1842 4678 2069 4743 habere
2101 4678 2358 4743 tercium
2391 4678 2736 4743 utilitatum
2768 4678 2832 4741 et
2873 4675 3246 4742 introituum
