3620 5282
3072 371 3198 437 119

474 538 829 603 revocantes
872 538 1295 604 sinceritatem
1342 541 1407 604 et
1445 540 1842 606 dilectionem
1907 543 2187 608 mutuam
2249 542 2413 607 inter
2472 543 2896 627 progenitores
2957 548 3195 612 vestros

473 626 538 689 et
583 626 1035 707 predecessores
1081 629 1325 691 nostros
1389 630 1452 691 et
1516 647 1625 692 nos
1683 629 2034 711 vigentem,
2099 630 2175 693 ad
2224 629 2391 712 ipsas
2454 631 2747 713 treuguas
2806 651 2914 714 per
2959 632 3194 698 dictum

474 714 770 795 temporis
817 716 1096 795 spacium
1158 714 1220 779 in
1286 715 1633 779 maiestatis
1697 717 1898 781 vestre
1961 716 2187 780 litteris
2253 715 2635 782 declaratam
2685 736 2751 782 se
2813 718 3198 786 firmavimus

476 800 847 865 altrinsecus
892 801 1287 882 copulandaS,
1337 804 1409 866 ut
1453 803 1526 867 ad
1570 821 1784 885 pacem
1839 804 2206 868 firmandam
2273 806 2598 886 propterea
2664 805 2911 870 additus
2958 808 3023 871 et
3068 826 3199 873 me-

478 888 700 951 thodus
748 891 959 970 posset
1002 889 1247 953 facilius
1294 889 1567 972 reperiri,
1617 891 1779 954 sicut
1832 889 1897 954 in
1945 891 2172 955 eisdem
2224 893 2453 955 nostris
2512 892 2945 974 scriptionibus
3002 895 3199 959 conti-

474 977 675 1038 netur.
724 974 809 1039 Et
853 975 1000 1039 licet
1047 977 1124 1039 ad
1172 977 1427 1041 eundem
1473 979 1855 1059 propositum
1925 980 2136 1045 nostra
2196 979 2457 1043 intentio
2520 980 2840 1062 vigilaret,
2906 984 2970 1045 et
3015 981 3190 1046 nobis

469 1062 852 1143 precordium
900 1065 1263 1141 remaneret,
1312 1067 1383 1128 ut
1426 1065 1595 1146 pacis
1645 1069 1709 1129 et
1750 1064 2058 1129 concordii
2101 1063 2432 1130 zelatores:
2502 1067 2711 1130 tamen
2758 1070 2903 1149 quia
2949 1068 3196 1134 intelle-

475 1149 696 1226 ximuS,
745 1150 809 1213 in
854 1151 1135 1232 partibus
1192 1155 1394 1216 vestre
1460 1152 1772 1217 maiestati
1839 1152 2139 1216 subdictis
2201 1153 2603 1217 mortalitatis
2651 1154 2953 1236 epidemia
2997 1154 3195 1219 inma-

467 1237 626 1299 niter
671 1238 980 1313 desevire,
1031 1239 1278 1320 tempus
1341 1238 1546 1303 babile
1592 1243 1656 1303 et
1699 1241 2003 1321 precisum
2054 1257 2236 1321 super
2281 1240 2633 1304 h..iusmodi
2681 1240 2953 1324 negociis
2999 1241 3193 1306 refor-

468 1324 712 1388 mandis
757 1343 872 1390 non
896 1324 1142 1413 ‘videtur
1174 1345 1307 1389 esse
1353 1325 1449 1395 ad¹
1478 1326 1871 1390 ambaxatam
1906 1327 2174 1409 aliquam
2202 1326 2654 1404 destinandam,
2703 1329 2830 1406 sed,
2878 1330 2989 1393 deo
3022 1329 3196 1405 duce,

467 1410 532 1474 in
580 1412 754 1475 cuius
804 1411 1224 1477 misericordia
1286 1415 1383 1477 est
1445 1414 1852 1495 sperandum,
1916 1413 2051 1496 ipsa
2109 1415 2493 1479 mortalitate
2554 1417 2816 1494 cessata,
2881 1417 3196 1481 decentius

476 1501 540 1561 et
581 1498 895 1562 comodius
934 1500 1164 1582 poterit
1207 1500 1269 1563 in
1315 1500 1428 1565 hoc
1473 1500 1796 1583 provideri,
1846 1503 2025 1583 prout
2072 1501 2286 1566 honori
2333 1521 2440 1566 sue
2488 1501 2853 1567 excellencie
2885 1505 2950 1568 et
2981 1506 3191 1569 nostro

472 1584 846 1650 incumberit
888 1588 955 1651 et
997 1589 1443 1652 conservationi
1493 1588 1657 1669 pacis
1704 1590 1953 1664 mutue3
2009 1607 2149 1652 cum
2207 1588 2329 1653 hiis
2391 1591 2456 1653 et
2514 1589 2655 1653 aliis
2713 1588 2951 1669 verbis,
3015 1611 3196 1674 super

473 1671 594 1737 hiis
640 1674 1023 1755 opportunis,
1074 1675 1134 1752 7,
1182 1693 1303 1739 non
1347 1676 1410 1752 O,
1460 1695 1575 1741 non
1620 1676 1841 1740 sinceri
1890 1676 1950 1740 3.

551 1762 730 1822 Misti
780 1758 976 1825 XXV
1002 1768 1059 1843 9,
1097 1783 1140 1823 u
1182 1765 1519 1825 mlctadkom
1569 1767 1800 1824 arkivu.

730 1952 1275 2035 CLXXXIV.
1348 1954 1554 2036 Gon.
1609 1956 1840 2037 1349.
1898 1955 1949 2036 6
2001 1953 2374 2055 travnja,
2430 1974 2489 2033 u
2541 1952 2934 2035 Mletclh.

468 2077 797 2152 Primec‘ujc
841 2095 903 2137 se
938 2079 1268 2152 poslaniku
1312 2079 1584 2139 iducemu
1628 2082 1667 2138 k
1710 2081 2017 2140 srbskomu
2056 2079 2276 2152 kralju,
2318 2079 2398 2137 da
2450 2079 2606 2138 trabi
2648 2078 2948 2138 nakzoniti
2992 2078 3196 2152 krah‘a

462 2183 547 2224 na
589 2167 712 2224 mir
754 2183 826 2225 sa
869 2166 1140 2225 istocnim
1184 2184 1378 2227 curem
1422 2169 1446 2225 i
1487 2185 1560 2226 sa
1605 2169 2213 2329 ῗθῖνῖεγξῖῗαέαηοω,
2261 2170 2315 2224 te
2360 2166 2441 2224 da
2480 2165 2639 2226 mole
2681 2170 2815 2241 toqa
2858 2166 2999 2224 radi
3021 2165 3195 2238 procu·

674 2372 788 2437 Die
838 2372 927 2436 VI
970 2373 1187 2456 aprilis
1235 2374 1417 2437 1349.
1466 2374 1798 2439 indictione
1860 2373 2146 2447 secunda,
2192 2372 2413 2454 capta:
2479 2373 2635 2454 quod
2697 2389 2808 2454 pro
2854 2369 2954 2436 dei
3014 2389 3191 2437 reve-

462 2459 663 2523 rentia
709 2461 771 2523 et
814 2461 1043 2525 honore
1090 2463 1297 2526 nostro
1336 2480 1409 2526 ac
1454 2481 1563 2545 pro
1611 2462 1777 2526 omni
1835 2461 1994 2525 bona
2056 2478 2242 2523 causa
2307 2459 2735 2524 committatur
2798 2458 3182 2524 ambaxatori

461 2546 627 2610 ituro
668 2548 743 2610 ad
796 2547 1116 2613 dominum
1163 2568 1375 2633 regem
1421 2548 1649 2627 Servie,
1716 2548 1896 2631 quod,
1947 2550 2109 2611 tacto
2157 2546 2358 2629 primo
2406 2548 2470 2611 et
2515 2546 2943 2629 principaliter
2987 2546 3193 2611 eidem

462 2636 595 2718 regi
633 2636 884 2719 negocio
930 2636 1361 2719 Raguseorum
1423 2638 1486 2702 et
1533 2638 1879 2702 nostrorum
1930 2635 2345 2712 Venetorum,
2394 2653 2502 2716 pro
2547 2635 2771 2718 quibus
2831 2633 3191 2716 specialiter

464 2723 829 2800 destinatur,
880 2723 1105 2789 debeat
1151 2743 1293 2789 cum
1339 2725 1542 2790 verbis
1576 2724 2050 2789 condecentibus
2090 2741 2332 2786 movere
2363 2723 2549 2786 verba
2575 2721 2775 2786 eidem
2816 2721 2950 2805 regi
2980 2718 3190 2786 Servio

462 2809 539 2874 de
585 2811 905 2876 tractando
952 2812 1273 2876 concordio
1322 2813 1483 2877 inter
1549 2813 1755 2894 ipsum
1820 2811 1884 2875 et
1941 2810 2221 2874 dominos
2281 2808 2686 2891 imperatores
2751 2806 3194 2873 Constantino-

466 2897 647 2980 polis
687 2899 769 2962 Et
809 2900 861 2963 si
907 2897 1041 2981 ipse
1087 2918 1193 2963 rex
1239 2899 1548 2965 videbitur
1609 2898 1929 2964 attendere
1989 2896 2067 2961 ad
2130 2897 2333 2978 ipsum
2397 2895 2826 2974 concordium,
2891 2899 2955 2961 et
3027 2896 3193 2961 dicto

467 2985 857 3050 ambaxaton
900 2986 1228 3063 videbitur,
1277 2986 1553 3053 notificet
1610 2988 1727 3052 hoc
1788 2984 2175 3049 ambaxatori
2235 2984 2446 3047 nostro
2493 2982 3194 3065 Constantinopolitano,

462 3073 790 3137 scribendo
834 3073 912 3150 ei,
962 3075 1119 3157 quod
1181 3076 1521 3156 persentiat
1582 3074 1962 3139 voluntatem
2022 3072 2216 3154 ipsius
2277 3069 2513 3134 domini
2576 3071 2971 3153 imperatoris
3036 3069 3193 3136 Con·

461 3160 902 3242 stantinopolis
948 3161 1013 3226 in
1058 3161 1223 3226 facto
1264 3162 1417 3226 dicti
1455 3161 1780 3237 concordii,
1829 3159 2129 3224 trahendo
2177 3158 2252 3223 ab
2299 3157 2434 3240 ipso
2480 3157 2853 3241 imperatore
2901 3157 3195 3241 quicquid

460 3248 526 3311 in
573 3248 686 3312 hoc
726 3248 970 3330 poterit,
1021 3250 1085 3313 et
1130 3249 1423 3314 velociter
1459 3249 1850 3314 rescribendo
1893 3247 2056 3312 dicto
2099 3245 2541 3324 ambassatori,
2614 3247 2803 3311 misso
2849 3246 2927 3310 ad
2971 3263 3186 3329 regem

466 3333 700 3399 Servie.
747 3336 827 3400 Et
872 3336 926 3400 si
973 3337 1094 3417 ipsi
1140 3337 1526 3401 ambaxatori
1571 3340 1780 3401 nostro
1836 3334 2026 3398 misso
2071 3332 2136 3397 in
2184 3331 2462 3398 Serviam
2528 3333 2868 3398 secundum
2915 3351 3024 3412 ea,
3073 3352 3191 3416 que

464 3422 723 3487 habebit
768 3425 900 3487 tam
946 3441 984 3487 a
1030 3443 1176 3507 rege
1222 3423 1430 3488 Servie
1477 3442 1660 3507 quam
1707 3422 1783 3488 ab
1832 3422 2233 3486 ambaxatore
2265 3419 2971 3504 Constantinopolitano,
3020 3419 3193 3486 vide-

463 3509 636 3573 bitur
682 3511 755 3573 de
802 3510 999 3574 eundo
1049 3530 1240 3592 usque
1303 3509 1900 3592 Constantinopolim
1963 3508 2039 3573 ad
2101 3507 2381 3572 dominos
2441 3507 2845 3591 imperatores
2898 3527 3008 3591 pro
3053 3508 3192 3590 ipsa

461 3615 647 3661 causa
689 3597 1013 3674 concordii,
1062 3597 1250 3662 vadat
1291 3600 1354 3663 in
1403 3599 1563 3663 bona
1604 3597 1846 3681 gratia,
1897 3599 1960 3660 et
2004 3595 2069 3659 in
2113 3590 2231 3659 hoc
2293 3594 2515 3671 faciat,
2564 3594 2856 3677 quicquid
2900 3594 3044 3660 boni
3081 3614 3191 3678 po-

463 3685 632 3749 terit.
682 3684 766 3748 Et
804 3685 879 3749 ad
923 3685 1232 3750 cautelam
1279 3685 1504 3750 dentur
1549 3686 1668 3750 sibi
1710 3685 1856 3750 hinc
1903 3683 2113 3748 littere
2160 3681 2545 3746 credulitatis
2591 3701 2701 3765 pro
2736 3682 3011 3748 faciendo
3058 3699 3194 3746 am-

458 3771 774 3836 baxiatam
825 3771 979 3854 ipsis
1018 3773 1285 3838 dominis
1330 3772 1827 3856 imperatoribus.
1888 3771 2180 3835 Preterea
2226 3769 2589 3834 comittatur
2651 3771 2848 3836 eidem
2898 3768 3191 3834 ambaxa-

459 3858 602 3936 tori,
654 3859 809 3941 quod
859 3878 978 3923 non
1026 3860 1412 3942 impediendo
1459 3861 1783 3942 propterea
1831 3858 2109 3941 predicta
2157 3857 2277 3921 duo
2325 3856 2594 3940 negocia,
2644 3857 2937 3922 videlicet
2983 3856 3194 3940 Ragu-

458 3965 704 4010 seorum
741 3950 804 4010 et
841 3947 1217 4011 Venetorum
1266 3950 1615 4012 nostrorum
1663 3948 1727 4012 et
1764 3947 2210 4028 imperatorum
2259 3942 2845 4028 Constantinopolis,
2903 3943 3011 4008 sed
3053 3942 3194 4026 ipsa

459 4033 661 4116 primo
707 4035 773 4097 et
817 4033 1243 4116 principaliter
1266 4037 1667 4118 procurando,
1716 4034 1767 4098 si
1816 4033 1936 4098 sibi
1962 4032 2268 4098 videbitur
2315 4049 2491 4112 posse
2517 4035 2756 4096 tentare
2797 4030 3191 4097 concordiam

459 4122 626 4185 inter
666 4121 984 4186 dominum
1040 4140 1245 4205 regem
1300 4121 1509 4187 Servie
1550 4124 1619 4186 'et
1664 4121 1984 4199 dominnm
2033 4119 2261 4184 banum
2310 4119 2558 4197 Bosine,
2604 4119 2828 4184 debeat
2872 4120 3016 4184 dare
3057 4136 3191 4184 om-

460 4226 606 4272 nem
650 4226 915 4290 operam,
961 4227 1146 4292 quam
1193 4211 1442 4292 poterit,
1492 4228 1601 4292 pro
1646 4211 1805 4275 bono
1852 4208 2048 4290 ipsius
2098 4205 2421 4282 concordii,
2471 4206 2631 4271 sicut
2674 4208 2738 4271 et
2781 4207 3019 4289 quando
3066 4205 3189 4270 sibi

465 4294 795 4373 videbitur,
848 4296 1145 4377 possendo
1194 4299 1382 4361 etiam
1431 4299 1519 4361 ire
1560 4297 1637 4361 ad
1684 4297 1886 4378 ipsum
1933 4294 2250 4359 dominum
2299 4293 2547 4370 banum,
2606 4296 2669 4358 et
2713 4294 2831 4358 sibi
2879 4293 3195 4358 ambaxia-

461 4385 593 4448 tam
646 4402 756 4467 pro
803 4386 978 4467 parte
1025 4387 1237 4449 nostra
1285 4384 1486 4449 facere
1533 4384 1851 4448 occasione
1901 4383 2199 4464 predicta,
2249 4400 2368 4445 non
2415 4381 2802 4463 impediendo
2835 4381 3039 4463 prima
3071 4381 3189 4445 duo

464 4471 735 4555 negocia,
786 4474 855 4536 ut
900 4474 1001 4536 est
1046 4472 1302 4537 dictum.
1349 4472 1435 4536 Et
1479 4473 1700 4535 dentur
1745 4471 1935 4535 etiam
1983 4486 2091 4551 pro
2138 4468 2257 4533 isto
2303 4472 2585 4550 respectu
2632 4469 2753 4532 sibi
2799 4469 3008 4532 littere
3055 4486 3190 4533 cre·
3303 4467 3322 4476 “

462 4558 748 4624 dulitatis
792 4558 871 4623 ad
919 4561 1261 4641 predictum
1307 4559 1625 4624 dominum
1669 4559 1917 4623 banum.
1967 4556 2059 4620 De
2105 4574 2224 4620 non
2270 4556 2330 4633 3,
2374 4573 2496 4619 non
2544 4556 2766 4621 sinceri
2809 4556 2873 4620 5.

674 4644 904 4729 Capta:
949 4648 1014 4711 et
1059 4647 1206 4729 quia
1251 4647 1423 4712 labor
1468 4646 1715 4719 additur
1768 4643 2005 4726 prefato
2060 4643 2510 4719 ambassatori,
2559 4644 2625 4707 et
2670 4643 3037 4708 conveniens
3084 4640 3189 4715 sit,

465 4734 542 4799 ut
587 4733 776 4799 etiam
820 4735 1130 4818 premium
1176 4737 1508 4817 augeatur,
1570 4733 1756 4799 vadat
1801 4749 1984 4813 pars:
2047 4729 2210 4812 quod
2273 4730 2326 4794 si
2374 4729 2577 4794 dictus
2643 4728 3030 4795 ambassator
3069 4743 3190 4790 non
