<?xml version="1.0" encoding="UTF-8"?>
<!DOCTYPE html PUBLIC "-//W3C//DTD XHTML 1.0 Transitional//EN"
    "http://www.w3.org/TR/xhtml1/DTD/xhtml1-transitional.dtd">
<html xmlns="http://www.w3.org/1999/xhtml" xml:lang="en" lang="en">
 <head>
  <title>
</title>
<meta http-equiv="Content-Type" content="text/html;charset=utf-8" />
  <meta name='ocr-system' content='tesseract 3.04.00' />
  <meta name='ocr-capabilities' content='ocr_page ocr_carea ocr_par ocr_line ocrx_word'/>
</head>
<body>
  <div class='ocr_page' id='page_1' title='image "./monumentaspecta02umjegoog_0718.png"; bbox 0 0 3620 5282; ppageno 0'>
   <div class='ocr_carea' id='block_1_1' title="bbox 519 411 646 478">
    <p class='ocr_par' dir='ltr' id='par_1_1' title="bbox 519 411 646 478">
     <span class='ocr_line' id='line_1_1' title="bbox 519 411 646 478; baseline 0.008 -1"><span class='ocrx_word' id='word_1_1' title='bbox 519 411 646 478; x_wconf 87' lang='lat'><strong>166</strong></span> 
     </span>
    </p>
   </div>
   <div class='ocr_carea' id='block_1_2' title="bbox 506 587 3239 1894">
    <p class='ocr_par' dir='ltr' id='par_1_2' title="bbox 506 587 3239 1894">
     <span class='ocr_line' id='line_1_2' title="bbox 509 587 3239 672; baseline -0 -18"><span class='ocrx_word' id='word_1_2' title='bbox 509 587 954 671; x_wconf 75' lang='lat' dir='ltr'><strong>stipulantibus</strong></span> <span class='ocrx_word' id='word_1_3' title='bbox 1001 588 1065 653; x_wconf 92' lang='lat' dir='ltr'><strong>et</strong></span> <span class='ocrx_word' id='word_1_4' title='bbox 1123 588 1563 672; x_wconf 79' lang='lat' dir='ltr'><strong>recipientibus</strong></span> <span class='ocrx_word' id='word_1_5' title='bbox 1611 589 1775 669; x_wconf 85' lang='lat' dir='ltr'><strong>dare,</strong></span> <span class='ocrx_word' id='word_1_6' title='bbox 1838 588 2073 655; x_wconf 86' lang='lat' dir='ltr'><strong>solvere</strong></span> <span class='ocrx_word' id='word_1_7' title='bbox 2135 589 2201 654; x_wconf 90' lang='lat' dir='ltr'><strong>et</strong></span> <span class='ocrx_word' id='word_1_8' title='bbox 2257 589 2583 655; x_wconf 85' lang='lat' dir='ltr'><strong>restituere</strong></span> <span class='ocrx_word' id='word_1_9' title='bbox 2646 587 3103 654; x_wconf 76' lang='lat' dir='ltr'><strong>extimationem</strong></span> <span class='ocrx_word' id='word_1_10' title='bbox 3172 588 3239 653; x_wconf 89' lang='lat' dir='ltr'><strong>et</strong></span> 
     </span>
     <span class='ocr_line' id='line_1_3' title="bbox 509 676 3234 761; baseline -0.001 -18"><span class='ocrx_word' id='word_1_11' title='bbox 509 678 780 743; x_wconf 88' lang='lat' dir='ltr'><strong>valorem</strong></span> <span class='ocrx_word' id='word_1_12' title='bbox 827 678 1019 742; x_wconf 88' lang='lat' dir='ltr'><strong>totius</strong></span> <span class='ocrx_word' id='word_1_13' title='bbox 1063 677 1214 756; x_wconf 89' lang='lat' dir='ltr'><strong>eius,</strong></span> <span class='ocrx_word' id='word_1_14' title='bbox 1262 678 1418 761; x_wconf 89' lang='lat' dir='ltr'><strong>quod</strong></span> <span class='ocrx_word' id='word_1_15' title='bbox 1466 697 1572 760; x_wconf 90' lang='lat' dir='ltr'><strong>per</strong></span> <span class='ocrx_word' id='word_1_16' title='bbox 1614 678 1851 743; x_wconf 89' lang='lat' dir='ltr'><strong>dictum</strong></span> <span class='ocrx_word' id='word_1_17' title='bbox 1898 676 2378 744; x_wconf 73' lang='lat' dir='ltr'><strong>instrumentum</strong></span> <span class='ocrx_word' id='word_1_18' title='bbox 2437 677 2764 760; x_wconf 80' lang='lat' dir='ltr'><strong>apparebit</strong></span> <span class='ocrx_word' id='word_1_19' title='bbox 2822 676 3059 742; x_wconf 89' lang='lat' dir='ltr'><strong>dictum</strong></span> <span class='ocrx_word' id='word_1_20' title='bbox 3128 677 3234 741; x_wconf 92' lang='lat' dir='ltr'><strong>do-</strong></span> 
     </span>
     <span class='ocr_line' id='line_1_4' title="bbox 511 765 3235 849; baseline -0.002 -15"><span class='ocrx_word' id='word_1_21' title='bbox 511 766 744 834; x_wconf 87' lang='lat' dir='ltr'><strong>minum</strong></span> <span class='ocrx_word' id='word_1_22' title='bbox 797 765 1061 830; x_wconf 90' lang='lat' dir='ltr'><strong>Paulum</strong></span> <span class='ocrx_word' id='word_1_23' title='bbox 1110 766 1398 831; x_wconf 87' lang='lat' dir='ltr'><strong>habuisse</strong></span> <span class='ocrx_word' id='word_1_24' title='bbox 1444 769 1508 831; x_wconf 92' lang='lat' dir='ltr'><strong>et</strong></span> <span class='ocrx_word' id='word_1_25' title='bbox 1553 767 1852 849; x_wconf 81' lang='lat' dir='ltr'><strong>recepisse</strong></span> <span class='ocrx_word' id='word_1_26' title='bbox 1908 765 1984 832; x_wconf 92' lang='lat' dir='ltr'><strong>de</strong></span> <span class='ocrx_word' id='word_1_27' title='bbox 2041 765 2383 831; x_wconf 90' lang='lat' dir='ltr'><strong>munitione</strong></span> <span class='ocrx_word' id='word_1_28' title='bbox 2443 765 2594 831; x_wconf 90' lang='lat' dir='ltr'><strong>dicti</strong></span> <span class='ocrx_word' id='word_1_29' title='bbox 2654 765 2860 843; x_wconf 85' lang='lat' dir='ltr'><strong>castri,</strong></span> <span class='ocrx_word' id='word_1_30' title='bbox 2924 766 2995 829; x_wconf 92' lang='lat' dir='ltr'><strong>ut</strong></span> <span class='ocrx_word' id='word_1_31' title='bbox 3057 783 3235 848; x_wconf 85' lang='lat' dir='ltr'><strong>supe-</strong></span> 
     </span>
     <span class='ocr_line' id='line_1_5' title="bbox 508 852 3235 939; baseline -0.001 -19"><span class='ocrx_word' id='word_1_32' title='bbox 508 854 638 920; x_wconf 89' lang='lat' dir='ltr'><strong>rius</strong></span> <span class='ocrx_word' id='word_1_33' title='bbox 684 854 918 919; x_wconf 87' lang='lat' dir='ltr'><strong>dictum</strong></span> <span class='ocrx_word' id='word_1_34' title='bbox 963 856 1078 930; x_wconf 89' lang='lat' dir='ltr'><strong>est,</strong></span> <span class='ocrx_word' id='word_1_35' title='bbox 1121 858 1231 920; x_wconf 89' lang='lat' dir='ltr'><strong>aut</strong></span> <span class='ocrx_word' id='word_1_36' title='bbox 1276 857 1514 920; x_wconf 86' lang='lat' dir='ltr'><strong>tantam</strong></span> <span class='ocrx_word' id='word_1_37' title='bbox 1564 856 1973 939; x_wconf 88' lang='lat' dir='ltr'><strong>quantitatem</strong></span> <span class='ocrx_word' id='word_1_38' title='bbox 2016 854 2326 920; x_wconf 88' lang='lat' dir='ltr'><strong>defalcare</strong></span> <span class='ocrx_word' id='word_1_39' title='bbox 2372 854 2438 919; x_wconf 88' lang='lat' dir='ltr'><strong>et</strong></span> <span class='ocrx_word' id='word_1_40' title='bbox 2493 852 2835 919; x_wconf 88' lang='lat' dir='ltr'><strong>diminuere</strong></span> <span class='ocrx_word' id='word_1_41' title='bbox 2895 852 3062 918; x_wconf 89' lang='lat' dir='ltr'><strong>dicto</strong></span> <span class='ocrx_word' id='word_1_42' title='bbox 3128 854 3235 918; x_wconf 94' lang='lat' dir='ltr'><strong>do-</strong></span> 
     </span>
     <span class='ocr_line' id='line_1_6' title="bbox 510 941 3233 1027; baseline -0.001 -19"><span class='ocrx_word' id='word_1_43' title='bbox 510 943 677 1008; x_wconf 89' lang='lat' dir='ltr'><strong>mino</strong></span> <span class='ocrx_word' id='word_1_44' title='bbox 723 943 859 1007; x_wconf 89' lang='lat' dir='ltr'><strong>duci</strong></span> <span class='ocrx_word' id='word_1_45' title='bbox 908 942 972 1006; x_wconf 88' lang='lat' dir='ltr'><strong>et</strong></span> <span class='ocrx_word' id='word_1_46' title='bbox 1014 942 1325 1008; x_wconf 86' lang='lat' dir='ltr'><strong>communi</strong></span> <span class='ocrx_word' id='word_1_47' title='bbox 1372 943 1771 1009; x_wconf 87' lang='lat' dir='ltr'><strong>Venetiarum</strong></span> <span class='ocrx_word' id='word_1_48' title='bbox 1819 944 1895 1010; x_wconf 90' lang='lat' dir='ltr'><strong>de</strong></span> <span class='ocrx_word' id='word_1_49' title='bbox 1944 941 2320 1027; x_wconf 85' lang='lat' dir='ltr'><strong>prestatione</strong></span> <span class='ocrx_word' id='word_1_50' title='bbox 2366 941 2661 1025; x_wconf 89' lang='lat' dir='ltr'><strong>predicta,</strong></span> <span class='ocrx_word' id='word_1_51' title='bbox 2718 960 2906 1025; x_wconf 90' lang='lat' dir='ltr'><strong>quam</strong></span> <span class='ocrx_word' id='word_1_52' title='bbox 2949 941 3233 1007; x_wconf 89' lang='lat' dir='ltr'><strong>dominus</strong></span> 
     </span>
     <span class='ocr_line' id='line_1_7' title="bbox 509 1030 3231 1113; baseline -0 -19"><span class='ocrx_word' id='word_1_53' title='bbox 509 1031 629 1095; x_wconf 81' lang='lat' dir='ltr'><strong>dux</strong></span> <span class='ocrx_word' id='word_1_54' title='bbox 670 1033 735 1095; x_wconf 91' lang='lat' dir='ltr'><strong>et</strong></span> <span class='ocrx_word' id='word_1_55' title='bbox 780 1048 1102 1095; x_wconf 91' lang='lat' dir='ltr'><strong>commune</strong></span> <span class='ocrx_word' id='word_1_56' title='bbox 1151 1032 1555 1097; x_wconf 86' lang='lat' dir='ltr'><strong>Venetiarum</strong></span> <span class='ocrx_word' id='word_1_57' title='bbox 1601 1031 1837 1097; x_wconf 85' lang='lat' dir='ltr'><strong>solvere</strong></span> <span class='ocrx_word' id='word_1_58' title='bbox 1884 1032 2111 1098; x_wconf 91' lang='lat' dir='ltr'><strong>debent</strong></span> <span class='ocrx_word' id='word_1_59' title='bbox 2157 1032 2221 1096; x_wconf 90' lang='lat' dir='ltr'><strong>et</strong></span> <span class='ocrx_word' id='word_1_60' title='bbox 2264 1032 2556 1096; x_wconf 88' lang='lat' dir='ltr'><strong>tenentur</strong></span> <span class='ocrx_word' id='word_1_61' title='bbox 2599 1049 2706 1113; x_wconf 91' lang='lat' dir='ltr'><strong>pro</strong></span> <span class='ocrx_word' id='word_1_62' title='bbox 2752 1047 2911 1095; x_wconf 89' lang='lat' dir='ltr'><strong>anno</strong></span> <span class='ocrx_word' id='word_1_63' title='bbox 2942 1030 3231 1113; x_wconf 87' lang='lat' dir='ltr'><strong>presenti,</strong></span> 
     </span>
     <span class='ocr_line' id='line_1_8' title="bbox 510 1119 3235 1204; baseline -0 -20"><span class='ocrx_word' id='word_1_64' title='bbox 510 1123 740 1201; x_wconf 89' lang='lat' dir='ltr'><strong>quanta</strong></span> <span class='ocrx_word' id='word_1_65' title='bbox 802 1119 988 1183; x_wconf 87' lang='lat' dir='ltr'><strong>fuerit</strong></span> <span class='ocrx_word' id='word_1_66' title='bbox 1054 1121 1376 1186; x_wconf 81' lang='lat' dir='ltr'><strong>extimatio</strong></span> <span class='ocrx_word' id='word_1_67' title='bbox 1424 1121 1787 1204; x_wconf 86' lang='lat' dir='ltr'><strong>supradicta</strong></span> <span class='ocrx_word' id='word_1_68' title='bbox 1832 1121 1897 1186; x_wconf 86' lang='lat' dir='ltr'><strong>et</strong></span> <span class='ocrx_word' id='word_1_69' title='bbox 1933 1120 2124 1186; x_wconf 86' lang='lat' dir='ltr'><strong>fuisse</strong></span> <span class='ocrx_word' id='word_1_70' title='bbox 2169 1119 2528 1203; x_wconf 89' lang='lat' dir='ltr'><strong>apparuerit</strong></span> <span class='ocrx_word' id='word_1_71' title='bbox 2585 1138 2693 1202; x_wconf 89' lang='lat' dir='ltr'><strong>per</strong></span> <span class='ocrx_word' id='word_1_72' title='bbox 2752 1119 3235 1184; x_wconf 83' lang='lat' dir='ltr'><strong>instrumentum</strong></span> 
     </span>
     <span class='ocr_line' id='line_1_9' title="bbox 510 1206 3235 1292; baseline -0 -21"><span class='ocrx_word' id='word_1_73' title='bbox 510 1207 894 1290; x_wconf 84' lang='lat' dir='ltr'><strong>predictum;</strong></span> <span class='ocrx_word' id='word_1_74' title='bbox 962 1208 1394 1288; x_wconf 86' lang='lat' dir='ltr'><strong>promittentes</strong></span> <span class='ocrx_word' id='word_1_75' title='bbox 1463 1209 1878 1292; x_wconf 86' lang='lat' dir='ltr'><strong>procuratorio</strong></span> <span class='ocrx_word' id='word_1_76' title='bbox 1945 1211 2010 1274; x_wconf 93' lang='lat' dir='ltr'><strong>et</strong></span> <span class='ocrx_word' id='word_1_77' title='bbox 2067 1209 2299 1275; x_wconf 90' lang='lat' dir='ltr'><strong>actorio</strong></span> <span class='ocrx_word' id='word_1_78' title='bbox 2362 1207 2611 1272; x_wconf 90' lang='lat' dir='ltr'><strong>nomine</strong></span> <span class='ocrx_word' id='word_1_79' title='bbox 2678 1208 2940 1290; x_wconf 87' lang='lat' dir='ltr'><strong>predicti</strong></span> <span class='ocrx_word' id='word_1_80' title='bbox 3000 1206 3235 1271; x_wconf 90' lang='lat' dir='ltr'><strong>domini</strong></span> 
     </span>
     <span class='ocr_line' id='line_1_10' title="bbox 506 1294 3235 1382; baseline -0 -22"><span class='ocrx_word' id='word_1_81' title='bbox 506 1294 665 1379; x_wconf 87' lang='lat' dir='ltr'><strong>regii</strong></span> <span class='ocrx_word' id='word_1_82' title='bbox 732 1295 1204 1375; x_wconf 67' lang='lat' dir='ltr'><strong>ambasiatoreS,</strong></span> <span class='ocrx_word' id='word_1_83' title='bbox 1269 1297 1623 1364; x_wconf 84' lang='lat' dir='ltr'><strong>solennibus</strong></span> <span class='ocrx_word' id='word_1_84' title='bbox 1682 1297 2192 1382; x_wconf 87' lang='lat' dir='ltr'><strong>stipulationibus</strong></span> <span class='ocrx_word' id='word_1_85' title='bbox 2254 1296 2399 1361; x_wconf 91' lang='lat' dir='ltr'><strong>hinc</strong></span> <span class='ocrx_word' id='word_1_86' title='bbox 2459 1295 2601 1361; x_wconf 92' lang='lat' dir='ltr'><strong>inde</strong></span> <span class='ocrx_word' id='word_1_87' title='bbox 2662 1294 3235 1372; x_wconf 82' lang='lat' dir='ltr'><strong>intervenientibuS,</strong></span> 
     </span>
     <span class='ocr_line' id='line_1_11' title="bbox 508 1382 3239 1466; baseline 0.001 -20"><span class='ocrx_word' id='word_1_88' title='bbox 508 1383 692 1449; x_wconf 87' lang='lat' dir='ltr'><strong>dictis</strong></span> <span class='ocrx_word' id='word_1_89' title='bbox 742 1383 1267 1450; x_wconf 81' lang='lat' dir='ltr'><strong>ambaxiatoribus</strong></span> <span class='ocrx_word' id='word_1_90' title='bbox 1315 1385 1545 1450; x_wconf 88' lang='lat' dir='ltr'><strong>domini</strong></span> <span class='ocrx_word' id='word_1_91' title='bbox 1593 1385 1768 1451; x_wconf 90' lang='lat' dir='ltr'><strong>ducis</strong></span> <span class='ocrx_word' id='word_1_92' title='bbox 1815 1388 1879 1452; x_wconf 93' lang='lat' dir='ltr'><strong>et</strong></span> <span class='ocrx_word' id='word_1_93' title='bbox 1945 1383 2290 1452; x_wconf 90' lang='lat' dir='ltr'><strong>communis</strong></span> <span class='ocrx_word' id='word_1_94' title='bbox 2332 1383 2729 1450; x_wconf 76' lang='lat' dir='ltr'><strong>venetiarum</strong></span> <span class='ocrx_word' id='word_1_95' title='bbox 2792 1382 3037 1449; x_wconf 90' lang='lat' dir='ltr'><strong>nomine</strong></span> <span class='ocrx_word' id='word_1_96' title='bbox 3097 1402 3239 1466; x_wconf 90' lang='lat' dir='ltr'><strong>pre—</strong></span> 
     </span>
     <span class='ocr_line' id='line_1_12' title="bbox 508 1470 3239 1556; baseline -0 -20"><span class='ocrx_word' id='word_1_97' title='bbox 508 1470 672 1536; x_wconf 88' lang='lat' dir='ltr'><strong>dicto</strong></span> <span class='ocrx_word' id='word_1_98' title='bbox 719 1471 950 1537; x_wconf 91' lang='lat' dir='ltr'><strong>domini</strong></span> <span class='ocrx_word' id='word_1_99' title='bbox 998 1471 1173 1538; x_wconf 88' lang='lat' dir='ltr'><strong>ducis</strong></span> <span class='ocrx_word' id='word_1_100' title='bbox 1217 1476 1282 1538; x_wconf 88' lang='lat' dir='ltr'><strong>et</strong></span> <span class='ocrx_word' id='word_1_101' title='bbox 1327 1474 1679 1539; x_wconf 87' lang='lat' dir='ltr'><strong>communis</strong></span> <span class='ocrx_word' id='word_1_102' title='bbox 1723 1475 2132 1540; x_wconf 87' lang='lat' dir='ltr'><strong>Veneciarum</strong></span> <span class='ocrx_word' id='word_1_103' title='bbox 2191 1471 2632 1556; x_wconf 86' lang='lat' dir='ltr'><strong>recipientibus</strong></span> <span class='ocrx_word' id='word_1_104' title='bbox 2691 1471 2968 1555; x_wconf 90' lang='lat' dir='ltr'><strong>predicta</strong></span> <span class='ocrx_word' id='word_1_105' title='bbox 3028 1471 3239 1536; x_wconf 91' lang='lat' dir='ltr'><strong>omnia</strong></span> 
     </span>
     <span class='ocr_line' id='line_1_13' title="bbox 508 1558 3235 1643; baseline 0 -19"><span class='ocrx_word' id='word_1_106' title='bbox 508 1560 573 1624; x_wconf 92' lang='lat' dir='ltr'><strong>et</strong></span> <span class='ocrx_word' id='word_1_107' title='bbox 616 1559 865 1643; x_wconf 89' lang='lat' dir='ltr'><strong>singula</strong></span> <span class='ocrx_word' id='word_1_108' title='bbox 910 1558 1088 1626; x_wconf 88' lang='lat' dir='ltr'><strong>firma</strong></span> <span class='ocrx_word' id='word_1_109' title='bbox 1133 1562 1197 1626; x_wconf 92' lang='lat' dir='ltr'><strong>et</strong></span> <span class='ocrx_word' id='word_1_110' title='bbox 1255 1564 1392 1628; x_wconf 92' lang='lat' dir='ltr'><strong>rata</strong></span> <span class='ocrx_word' id='word_1_111' title='bbox 1437 1562 1681 1643; x_wconf 87' lang='lat' dir='ltr'><strong>habere,</strong></span> <span class='ocrx_word' id='word_1_112' title='bbox 1753 1565 1979 1643; x_wconf 89' lang='lat' dir='ltr'><strong>tenere,</strong></span> <span class='ocrx_word' id='word_1_113' title='bbox 2021 1563 2343 1628; x_wconf 86' lang='lat' dir='ltr'><strong>observare</strong></span> <span class='ocrx_word' id='word_1_114' title='bbox 2388 1563 2452 1626; x_wconf 90' lang='lat' dir='ltr'><strong>et</strong></span> <span class='ocrx_word' id='word_1_115' title='bbox 2496 1578 2618 1626; x_wconf 89' lang='lat' dir='ltr'><strong>uon</strong></span> <span class='ocrx_word' id='word_1_116' title='bbox 2663 1559 3074 1626; x_wconf 88' lang='lat' dir='ltr'><strong>contrafacere</strong></span> <span class='ocrx_word' id='word_1_117' title='bbox 3136 1559 3235 1624; x_wconf 87' lang='lat' dir='ltr'><strong>vel</strong></span> 
     </span>
     <span class='ocr_line' id='line_1_14' title="bbox 509 1647 3238 1733; baseline -0.001 -19"><span class='ocrx_word' id='word_1_118' title='bbox 509 1647 716 1714; x_wconf 86' lang='lat' dir='ltr'><strong>venire</strong></span> <span class='ocrx_word' id='word_1_119' title='bbox 762 1648 971 1733; x_wconf 88' lang='lat' dir='ltr'><strong>aliqua</strong></span> <span class='ocrx_word' id='word_1_120' title='bbox 1015 1649 1249 1715; x_wconf 80' lang='lat' dir='ltr'><strong>ratione</strong></span> <span class='ocrx_word' id='word_1_121' title='bbox 1310 1650 1407 1716; x_wconf 86' lang='lat' dir='ltr'><strong>vel</strong></span> <span class='ocrx_word' id='word_1_122' title='bbox 1453 1669 1658 1731; x_wconf 90' lang='lat' dir='ltr'><strong>causa,</strong></span> <span class='ocrx_word' id='word_1_123' title='bbox 1723 1650 1798 1716; x_wconf 89' lang='lat' dir='ltr'><strong>de</strong></span> <span class='ocrx_word' id='word_1_124' title='bbox 1843 1650 1977 1717; x_wconf 89' lang='lat' dir='ltr'><strong>iure</strong></span> <span class='ocrx_word' id='word_1_125' title='bbox 2023 1648 2118 1717; x_wconf 85' lang='lat' dir='ltr'><strong>vel</strong></span> <span class='ocrx_word' id='word_1_126' title='bbox 2175 1649 2251 1716; x_wconf 89' lang='lat' dir='ltr'><strong>de</strong></span> <span class='ocrx_word' id='word_1_127' title='bbox 2296 1649 2457 1714; x_wconf 86' lang='lat' dir='ltr'><strong>facto</strong></span> <span class='ocrx_word' id='word_1_128' title='bbox 2502 1648 2617 1714; x_wconf 92' lang='lat' dir='ltr'><strong>sub</strong></span> <span class='ocrx_word' id='word_1_129' title='bbox 2689 1666 2845 1732; x_wconf 90' lang='lat' dir='ltr'><strong>pena</strong></span> <span class='ocrx_word' id='word_1_130' title='bbox 2889 1650 2953 1714; x_wconf 91' lang='lat' dir='ltr'><strong>et</strong></span> <span class='ocrx_word' id='word_1_131' title='bbox 2996 1648 3238 1732; x_wconf 87' lang='lat' dir='ltr'><strong>obliga-</strong></span> 
     </span>
     <span class='ocr_line' id='line_1_15' title="bbox 508 1735 3233 1823; baseline 0 -23"><span class='ocrx_word' id='word_1_132' title='bbox 508 1735 673 1800; x_wconf 86' lang='lat' dir='ltr'><strong>tione</strong></span> <span class='ocrx_word' id='word_1_133' title='bbox 735 1735 1010 1801; x_wconf 92' lang='lat' dir='ltr'><strong>omnium</strong></span> <span class='ocrx_word' id='word_1_134' title='bbox 1075 1737 1377 1804; x_wconf 89' lang='lat' dir='ltr'><strong>bonorum</strong></span> <span class='ocrx_word' id='word_1_135' title='bbox 1440 1739 1502 1804; x_wconf 90' lang='lat' dir='ltr'><strong>in</strong></span> <span class='ocrx_word' id='word_1_136' title='bbox 1564 1738 1716 1804; x_wconf 90' lang='lat' dir='ltr'><strong>dicti</strong></span> <span class='ocrx_word' id='word_1_137' title='bbox 1779 1739 2012 1804; x_wconf 89' lang='lat' dir='ltr'><strong>domini</strong></span> <span class='ocrx_word' id='word_1_138' title='bbox 2073 1739 2237 1823; x_wconf 85' lang='lat' dir='ltr'><strong>regis</strong></span> <span class='ocrx_word' id='word_1_139' title='bbox 2296 1736 2676 1821; x_wconf 88' lang='lat' dir='ltr'><strong>presentium</strong></span> <span class='ocrx_word' id='word_1_140' title='bbox 2748 1740 2813 1802; x_wconf 90' lang='lat' dir='ltr'><strong>et</strong></span> <span class='ocrx_word' id='word_1_141' title='bbox 2857 1736 3233 1802; x_wconf 83' lang='lat' dir='ltr'><strong>futurorum.</strong></span> 
     </span>
     <span class='ocr_line' id='line_1_16' title="bbox 508 1823 3233 1894; baseline -0.001 -4"><span class='ocrx_word' id='word_1_142' title='bbox 508 1823 668 1890; x_wconf 90' lang='lat' dir='ltr'><strong>Acta</strong></span> <span class='ocrx_word' id='word_1_143' title='bbox 713 1823 962 1889; x_wconf 81' lang='lat' dir='ltr'><strong>fuerunt</strong></span> <span class='ocrx_word' id='word_1_144' title='bbox 1004 1825 1118 1890; x_wconf 88' lang='lat' dir='ltr'><strong>hec</strong></span> <span class='ocrx_word' id='word_1_145' title='bbox 1161 1825 1457 1892; x_wconf 89' lang='lat' dir='ltr'><strong>Thaurini</strong></span> <span class='ocrx_word' id='word_1_146' title='bbox 1505 1827 1567 1892; x_wconf 91' lang='lat' dir='ltr'><strong>in</strong></span> <span class='ocrx_word' id='word_1_147' title='bbox 1614 1827 1758 1892; x_wconf 91' lang='lat' dir='ltr'><strong>aula</strong></span> <span class='ocrx_word' id='word_1_148' title='bbox 1824 1829 2043 1894; x_wconf 90' lang='lat' dir='ltr'><strong>domus</strong></span> <span class='ocrx_word' id='word_1_149' title='bbox 2090 1826 2385 1893; x_wconf 88' lang='lat' dir='ltr'><strong>heredum</strong></span> <span class='ocrx_word' id='word_1_150' title='bbox 2450 1825 2689 1891; x_wconf 86' lang='lat' dir='ltr'><strong>Mathei</strong></span> <span class='ocrx_word' id='word_1_151' title='bbox 2749 1825 2827 1891; x_wconf 91' lang='lat' dir='ltr'><strong>de</strong></span> <span class='ocrx_word' id='word_1_152' title='bbox 2888 1824 3233 1890; x_wconf 78' lang='lat' dir='ltr'><strong>PanareliO.</strong></span> 
     </span>
    </p>
   </div>
   <div class='ocr_carea' id='block_1_3' title="bbox 416 1911 3232 1997">
    <p class='ocr_par' dir='ltr' id='par_1_3' title="bbox 416 1911 3232 1997">
     <span class='ocr_line' id='line_1_17' title="bbox 416 1911 3232 1997; baseline 0 -20"><span class='ocrx_word' id='word_1_153' title='bbox 416 1912 420 1918; x_wconf 81' lang='grc'><em>’</em></span> <span class='ocrx_word' id='word_1_154' title='bbox 511 1911 913 1977; x_wconf 86' lang='lat' dir='ltr'><strong>Prosentibus</strong></span> <span class='ocrx_word' id='word_1_155' title='bbox 959 1914 1039 1978; x_wconf 89' lang='lat' dir='ltr'><strong>ad</strong></span> <span class='ocrx_word' id='word_1_156' title='bbox 1082 1933 1151 1979; x_wconf 90' lang='lat' dir='ltr'><strong>ea</strong></span> <span class='ocrx_word' id='word_1_157' title='bbox 1203 1917 1436 1981; x_wconf 89' lang='lat' dir='ltr'><strong>vocatis</strong></span> <span class='ocrx_word' id='word_1_158' title='bbox 1483 1916 1781 1982; x_wconf 86' lang='lat' dir='ltr'><strong>testibus:</strong></span> <span class='ocrx_word' id='word_1_159' title='bbox 1831 1916 2076 1981; x_wconf 91' lang='lat' dir='ltr'><strong>domino</strong></span> <span class='ocrx_word' id='word_1_160' title='bbox 2115 1915 2347 1982; x_wconf 86' lang='lat' dir='ltr'><strong>Jacobo</strong></span> <span class='ocrx_word' id='word_1_161' title='bbox 2396 1913 2473 1979; x_wconf 89' lang='lat' dir='ltr'><strong>de</strong></span> <span class='ocrx_word' id='word_1_162' title='bbox 2518 1913 2840 1997; x_wconf 85' lang='lat' dir='ltr'><strong>Raduquis</strong></span> <span class='ocrx_word' id='word_1_163' title='bbox 2894 1913 2970 1977; x_wconf 89' lang='lat' dir='ltr'><strong>de</strong></span> <span class='ocrx_word' id='word_1_164' title='bbox 3018 1912 3232 1991; x_wconf 86' lang='lat' dir='ltr'><strong>Jadra,</strong></span> 
     </span>
    </p>
   </div>
   <div class='ocr_carea' id='block_1_4' title="bbox 506 2000 3241 2699">
    <p class='ocr_par' dir='ltr' id='par_1_4' title="bbox 506 2000 3241 2699">
     <span class='ocr_line' id='line_1_18' title="bbox 510 2000 3236 2087; baseline 0 -22"><span class='ocrx_word' id='word_1_165' title='bbox 510 2001 718 2084; x_wconf 86' lang='lat' dir='ltr'><strong>legum</strong></span> <span class='ocrx_word' id='word_1_166' title='bbox 769 2002 1030 2078; x_wconf 88' lang='lat' dir='ltr'><strong>doctore,</strong></span> <span class='ocrx_word' id='word_1_167' title='bbox 1080 2003 1322 2068; x_wconf 91' lang='lat' dir='ltr'><strong>domino</strong></span> <span class='ocrx_word' id='word_1_168' title='bbox 1369 2004 1694 2087; x_wconf 88' lang='lat' dir='ltr'><strong>Rodulpho</strong></span> <span class='ocrx_word' id='word_1_169' title='bbox 1738 2004 2036 2070; x_wconf 89' lang='lat' dir='ltr'><strong>Vasmudi</strong></span> <span class='ocrx_word' id='word_1_170' title='bbox 2098 2001 2477 2070; x_wconf 84' lang='lat' dir='ltr'><strong>thesaurario</strong></span> <span class='ocrx_word' id='word_1_171' title='bbox 2512 2000 2792 2087; x_wconf 81' lang='lat' dir='ltr'><strong>Quinque</strong></span> <span class='ocrx_word' id='word_1_172' title='bbox 2826 2000 3236 2080; x_wconf 78' lang='lat' dir='ltr'><strong>ecclesiensiS,</strong></span> 
     </span>
     <span class='ocr_line' id='line_1_19' title="bbox 512 2088 3239 2176; baseline 0 -22"><span class='ocrx_word' id='word_1_173' title='bbox 512 2088 785 2154; x_wconf 89' lang='lat' dir='ltr'><strong>Antonio</strong></span> <span class='ocrx_word' id='word_1_174' title='bbox 834 2089 1268 2156; x_wconf 85' lang='lat' dir='ltr'><strong>Bartholameo</strong></span> <span class='ocrx_word' id='word_1_175' title='bbox 1315 2093 1692 2158; x_wconf 88' lang='lat' dir='ltr'><strong>marescalco</strong></span> <span class='ocrx_word' id='word_1_176' title='bbox 1736 2094 1810 2158; x_wconf 89' lang='lat' dir='ltr'><strong>de</strong></span> <span class='ocrx_word' id='word_1_177' title='bbox 1855 2092 2150 2170; x_wconf 90' lang='lat' dir='ltr'><strong>Venetiis,</strong></span> <span class='ocrx_word' id='word_1_178' title='bbox 2214 2095 2277 2156; x_wconf 90' lang='lat' dir='ltr'><strong>et</strong></span> <span class='ocrx_word' id='word_1_179' title='bbox 2336 2092 2620 2176; x_wconf 88' lang='lat' dir='ltr'><strong>pluribus</strong></span> <span class='ocrx_word' id='word_1_180' title='bbox 2680 2090 2840 2156; x_wconf 90' lang='lat' dir='ltr'><strong>aliis.</strong></span> <span class='ocrx_word' id='word_1_181' title='bbox 2905 2090 3034 2174; x_wconf 81' lang='lat' dir='ltr'><strong>Ego</strong></span> <span class='ocrx_word' id='word_1_182' title='bbox 3095 2108 3239 2154; x_wconf 88' lang='lat' dir='ltr'><strong>vero</strong></span> 
     </span>
     <span class='ocr_line' id='line_1_20' title="bbox 511 2177 3239 2262; baseline -0.001 -18"><span class='ocrx_word' id='word_1_183' title='bbox 511 2177 710 2261; x_wconf 87' lang='lat' dir='ltr'><strong>Gingo</strong></span> <span class='ocrx_word' id='word_1_184' title='bbox 758 2177 1166 2257; x_wconf 88' lang='lat' dir='ltr'><strong>Marchiandi‚</strong></span> <span class='ocrx_word' id='word_1_185' title='bbox 1215 2179 1481 2246; x_wconf 89' lang='lat' dir='ltr'><strong>illustris</strong></span> <span class='ocrx_word' id='word_1_186' title='bbox 1527 2181 1759 2246; x_wconf 91' lang='lat' dir='ltr'><strong>domiui</strong></span> <span class='ocrx_word' id='word_1_187' title='bbox 1828 2181 2073 2247; x_wconf 87' lang='lat' dir='ltr'><strong>comitis</strong></span> <span class='ocrx_word' id='word_1_188' title='bbox 2120 2181 2420 2248; x_wconf 88' lang='lat' dir='ltr'><strong>Sabaudie</strong></span> <span class='ocrx_word' id='word_1_189' title='bbox 2476 2179 2866 2257; x_wconf 86' lang='lat' dir='ltr'><strong>secretarius,</strong></span> <span class='ocrx_word' id='word_1_190' title='bbox 2929 2177 3239 2262; x_wconf 89' lang='lat' dir='ltr'><strong>imperiali</strong></span> 
     </span>
     <span class='ocr_line' id='line_1_21' title="bbox 506 2266 3241 2354; baseline 0.001 -24"><span class='ocrx_word' id='word_1_191' title='bbox 506 2266 874 2332; x_wconf 87' lang='lat' dir='ltr'><strong>auctoritate</strong></span> <span class='ocrx_word' id='word_1_192' title='bbox 922 2268 1197 2332; x_wconf 89' lang='lat' dir='ltr'><strong>notarius</strong></span> <span class='ocrx_word' id='word_1_193' title='bbox 1244 2269 1550 2351; x_wconf 87' lang='lat' dir='ltr'><strong>publicus,</strong></span> <span class='ocrx_word' id='word_1_194' title='bbox 1603 2270 1708 2352; x_wconf 91' lang='lat' dir='ltr'><strong>qui</strong></span> <span class='ocrx_word' id='word_1_195' title='bbox 1754 2288 1943 2334; x_wconf 90' lang='lat' dir='ltr'><strong>unam</strong></span> <span class='ocrx_word' id='word_1_196' title='bbox 1992 2289 2133 2335; x_wconf 90' lang='lat' dir='ltr'><strong>cum</strong></span> <span class='ocrx_word' id='word_1_197' title='bbox 2178 2266 2628 2354; x_wconf 89' lang='lat' dir='ltr'><strong>prenominatis</strong></span> <span class='ocrx_word' id='word_1_198' title='bbox 2669 2267 2932 2333; x_wconf 88' lang='lat' dir='ltr'><strong>testibus</strong></span> <span class='ocrx_word' id='word_1_199' title='bbox 2978 2267 3054 2332; x_wconf 92' lang='lat' dir='ltr'><strong>ad</strong></span> <span class='ocrx_word' id='word_1_200' title='bbox 3101 2285 3241 2349; x_wconf 89' lang='lat' dir='ltr'><strong>pre·</strong></span> 
     </span>
     <span class='ocr_line' id='line_1_22' title="bbox 508 2354 3241 2440; baseline 0.001 -21"><span class='ocrx_word' id='word_1_201' title='bbox 508 2355 720 2433; x_wconf 89' lang='lat' dir='ltr'><strong>missa,</strong></span> <span class='ocrx_word' id='word_1_202' title='bbox 768 2354 917 2420; x_wconf 90' lang='lat' dir='ltr'><strong>dum</strong></span> <span class='ocrx_word' id='word_1_203' title='bbox 964 2357 1056 2420; x_wconf 89' lang='lat' dir='ltr'><strong>sic</strong></span> <span class='ocrx_word' id='word_1_204' title='bbox 1100 2354 1348 2432; x_wconf 88' lang='lat' dir='ltr'><strong>fiebant,</strong></span> <span class='ocrx_word' id='word_1_205' title='bbox 1397 2377 1647 2440; x_wconf 87' lang='lat' dir='ltr'><strong>presens</strong></span> <span class='ocrx_word' id='word_1_206' title='bbox 1703 2357 1977 2436; x_wconf 87' lang='lat' dir='ltr'><strong>interfui,</strong></span> <span class='ocrx_word' id='word_1_207' title='bbox 2037 2359 2155 2424; x_wconf 90' lang='lat' dir='ltr'><strong>hoc</strong></span> <span class='ocrx_word' id='word_1_208' title='bbox 2215 2357 2533 2440; x_wconf 89' lang='lat' dir='ltr'><strong>publicum</strong></span> <span class='ocrx_word' id='word_1_209' title='bbox 2592 2356 3078 2421; x_wconf 89' lang='lat' dir='ltr'><strong>instrumentum</strong></span> <span class='ocrx_word' id='word_1_210' title='bbox 3139 2374 3241 2421; x_wconf 85' lang='lat' dir='ltr'><strong>ro—</strong></span> 
     </span>
     <span class='ocr_line' id='line_1_23' title="bbox 506 2443 3240 2530; baseline -0.001 -21"><span class='ocrx_word' id='word_1_211' title='bbox 506 2443 690 2527; x_wconf 85' lang='lat' dir='ltr'><strong>gatus</strong></span> <span class='ocrx_word' id='word_1_212' title='bbox 737 2443 958 2526; x_wconf 88' lang='lat' dir='ltr'><strong>recepi,</strong></span> <span class='ocrx_word' id='word_1_213' title='bbox 1008 2462 1192 2509; x_wconf 91' lang='lat' dir='ltr'><strong>manu</strong></span> <span class='ocrx_word' id='word_1_214' title='bbox 1240 2465 1374 2511; x_wconf 89' lang='lat' dir='ltr'><strong>mea</strong></span> <span class='ocrx_word' id='word_1_215' title='bbox 1421 2448 1663 2529; x_wconf 89' lang='lat' dir='ltr'><strong>propria</strong></span> <span class='ocrx_word' id='word_1_216' title='bbox 1711 2446 2067 2530; x_wconf 90' lang='lat' dir='ltr'><strong>subscripsi,</strong></span> <span class='ocrx_word' id='word_1_217' title='bbox 2115 2448 2180 2512; x_wconf 92' lang='lat' dir='ltr'><strong>et</strong></span> <span class='ocrx_word' id='word_1_218' title='bbox 2224 2446 2472 2530; x_wconf 88' lang='lat' dir='ltr'><strong>signum</strong></span> <span class='ocrx_word' id='word_1_219' title='bbox 2516 2464 2721 2510; x_wconf 89' lang='lat' dir='ltr'><strong>meum</strong></span> <span class='ocrx_word' id='word_1_220' title='bbox 2769 2445 3025 2529; x_wconf 87' lang='lat' dir='ltr'><strong>apposui</strong></span> <span class='ocrx_word' id='word_1_221' title='bbox 3094 2461 3240 2509; x_wconf 90' lang='lat' dir='ltr'><strong>con-</strong></span> 
     </span>
     <span class='ocr_line' id='line_1_24' title="bbox 506 2531 3240 2615; baseline 0.001 -20"><span class='ocrx_word' id='word_1_222' title='bbox 506 2532 751 2596; x_wconf 89' lang='lat' dir='ltr'><strong>suetum</strong></span> <span class='ocrx_word' id='word_1_223' title='bbox 799 2531 862 2595; x_wconf 90' lang='lat' dir='ltr'><strong>in</strong></span> <span class='ocrx_word' id='word_1_224' title='bbox 907 2532 1149 2598; x_wconf 88' lang='lat' dir='ltr'><strong>roburis</strong></span> <span class='ocrx_word' id='word_1_225' title='bbox 1197 2534 1262 2599; x_wconf 91' lang='lat' dir='ltr'><strong>et</strong></span> <span class='ocrx_word' id='word_1_226' title='bbox 1307 2534 1589 2600; x_wconf 83' lang='lat' dir='ltr'><strong>veritatis</strong></span> <span class='ocrx_word' id='word_1_227' title='bbox 1637 2534 2071 2603; x_wconf 88' lang='lat' dir='ltr'><strong>testimonium</strong></span> <span class='ocrx_word' id='word_1_228' title='bbox 2115 2536 2544 2602; x_wconf 87' lang='lat' dir='ltr'><strong>contentorum</strong></span> <span class='ocrx_word' id='word_1_229' title='bbox 2589 2534 2652 2600; x_wconf 92' lang='lat' dir='ltr'><strong>in</strong></span> <span class='ocrx_word' id='word_1_230' title='bbox 2697 2535 2933 2615; x_wconf 91' lang='lat' dir='ltr'><strong>eodem,</strong></span> <span class='ocrx_word' id='word_1_231' title='bbox 2991 2550 3065 2599; x_wconf 91' lang='lat' dir='ltr'><strong>ac</strong></span> <span class='ocrx_word' id='word_1_232' title='bbox 3110 2533 3240 2598; x_wconf 90' lang='lat' dir='ltr'><strong>tra-</strong></span> 
     </span>
     <span class='ocr_line' id='line_1_25' title="bbox 506 2617 1726 2699; baseline 0.002 -13"><span class='ocrx_word' id='word_1_233' title='bbox 506 2619 654 2699; x_wconf 88' lang='lat' dir='ltr'><strong>didi,</strong></span> <span class='ocrx_word' id='word_1_234' title='bbox 702 2617 854 2686; x_wconf 87' lang='lat' dir='ltr'><strong>facti</strong></span> <span class='ocrx_word' id='word_1_235' title='bbox 900 2620 1248 2688; x_wconf 88' lang='lat' dir='ltr'><strong>substantia</strong></span> <span class='ocrx_word' id='word_1_236' title='bbox 1295 2641 1415 2690; x_wconf 92' lang='lat' dir='ltr'><strong>non</strong></span> <span class='ocrx_word' id='word_1_237' title='bbox 1462 2625 1726 2691; x_wconf 90' lang='lat' dir='ltr'><strong>mutata.</strong></span> 
     </span>
    </p>
   </div>
   <div class='ocr_carea' id='block_1_5' title="bbox 583 2727 1834 2808">
    <p class='ocr_par' dir='ltr' id='par_1_5' title="bbox 583 2727 1834 2808">
     <span class='ocr_line' id='line_1_26' title="bbox 583 2727 1834 2808; baseline 0.004 -19"><span class='ocrx_word' id='word_1_238' title='bbox 583 2730 905 2792; x_wconf 76' lang='lat' dir='ltr'><strong>Paetorum</strong></span> <span class='ocrx_word' id='word_1_239' title='bbox 961 2727 1065 2808; x_wconf 88' lang='lat' dir='ltr'><strong>VI,</strong></span> <span class='ocrx_word' id='word_1_240' title='bbox 1115 2732 1259 2803; x_wconf 86' lang='lat'><strong>105,</strong></span> <span class='ocrx_word' id='word_1_241' title='bbox 1304 2750 1348 2792; x_wconf 79' lang='lat' dir='ltr'><em>u</em></span> <span class='ocrx_word' id='word_1_242' title='bbox 1389 2732 1548 2797; x_wconf 80' lang='lat' dir='ltr'><strong>mlet.</strong></span> <span class='ocrx_word' id='word_1_243' title='bbox 1595 2733 1834 2794; x_wconf 79' lang='lat' dir='ltr'><strong>arkivu.</strong></span> 
     </span>
    </p>
   </div>
   <div class='ocr_carea' id='block_1_6' title="bbox 857 2971 2874 3076">
    <p class='ocr_par' dir='ltr' id='par_1_6' title="bbox 857 2971 2874 3076">
     <span class='ocr_line' id='line_1_27' title="bbox 857 2971 2874 3076; baseline -0.001 -19"><span class='ocrx_word' id='word_1_244' title='bbox 857 2971 1290 3057; x_wconf 83' lang='lat' dir='ltr'>CCXLIV.</span> <span class='ocrx_word' id='word_1_245' title='bbox 1344 2973 1550 3058; x_wconf 68' lang='lat' dir='ltr'><strong>flod.</strong></span> <span class='ocrx_word' id='word_1_246' title='bbox 1604 2973 1824 3058; x_wconf 83' lang='lat'>1381.</span> <span class='ocrx_word' id='word_1_247' title='bbox 1875 2972 1975 3056; x_wconf 76' lang='lat'><strong>26</strong></span> <span class='ocrx_word' id='word_1_248' title='bbox 2029 2975 2317 3076; x_wconf 64' lang='lat' dir='ltr'><strong>ruma,</strong></span> <span class='ocrx_word' id='word_1_249' title='bbox 2370 2995 2431 3056; x_wconf 87' lang='lat' dir='ltr'><strong>u</strong></span> <span class='ocrx_word' id='word_1_250' title='bbox 2483 2972 2874 3057; x_wconf 72' lang='lat' dir='ltr'><strong>Mletcssl.</strong></span> 
     </span>
    </p>
   </div>
   <div class='ocr_carea' id='block_1_7' title="bbox 509 3118 3238 3283">
    <p class='ocr_par' dir='ltr' id='par_1_7' title="bbox 509 3118 3238 3283">
     <span class='ocr_line' id='line_1_28' title="bbox 509 3118 3238 3194; baseline 0.001 -16"><span class='ocrx_word' id='word_1_251' title='bbox 509 3119 799 3179; x_wconf 66' lang='lat' dir='ltr'><strong>Mletabki</strong></span> <span class='ocrx_word' id='word_1_252' title='bbox 858 3118 1248 3193; x_wconf 76' lang='lat' dir='ltr'><strong>zapoviednik</strong></span> <span class='ocrx_word' id='word_1_253' title='bbox 1306 3137 1349 3179; x_wconf 77' lang='lat' dir='ltr'><strong>u</strong></span> <span class='ocrx_word' id='word_1_254' title='bbox 1407 3119 1640 3179; x_wconf 82' lang='lat' dir='ltr'><strong>Kotoru</strong></span> <span class='ocrx_word' id='word_1_255' title='bbox 1700 3119 1898 3179; x_wconf 80' lang='lat' dir='ltr'><strong>Jakov</strong></span> <span class='ocrx_word' id='word_1_256' title='bbox 1957 3120 2028 3178; x_wconf 81' lang='lat' dir='ltr'><strong>de</strong></span> <span class='ocrx_word' id='word_1_257' title='bbox 2071 3120 2238 3193; x_wconf 73' lang='lat' dir='ltr'><strong>Ripa</strong></span> <span class='ocrx_word' id='word_1_258' title='bbox 2282 3137 2326 3179; x_wconf 81' lang='lat' dir='ltr'><strong>u</strong></span> <span class='ocrx_word' id='word_1_259' title='bbox 2369 3121 2485 3179; x_wconf 76' lang='lat' dir='ltr'><strong>ime</strong></span> <span class='ocrx_word' id='word_1_260' title='bbox 2527 3120 2686 3192; x_wconf 72' lang='lat' dir='ltr'><strong>quq‘e</strong></span> <span class='ocrx_word' id='word_1_261' title='bbox 2751 3119 2924 3179; x_wconf 70' lang='lat' dir='ltr'><strong>clade</strong></span> <span class='ocrx_word' id='word_1_262' title='bbox 2985 3119 3238 3194; x_wconf 74' lang='lat' dir='ltr'><strong>predaje</strong></span> 
     </span>
     <span class='ocr_line' id='line_1_29' title="bbox 781 3202 2949 3283; baseline 0 -17"><span class='ocrx_word' id='word_1_263' title='bbox 781 3207 887 3266; x_wconf 73' lang='lat' dir='ltr'><strong>isti</strong></span> <span class='ocrx_word' id='word_1_264' title='bbox 924 3207 1080 3282; x_wconf 64' lang='lat' dir='ltr'><strong>prad</strong></span> <span class='ocrx_word' id='word_1_265' title='bbox 1123 3207 1317 3267; x_wconf 76' lang='lat' dir='ltr'><strong>Pavlu</strong></span> <span class='ocrx_word' id='word_1_266' title='bbox 1363 3207 1740 3283; x_wconf 67' lang='lat' dir='ltr'><strong>Gq&#39;orw&#39;evibu</strong></span> <span class='ocrx_word' id='word_1_267' title='bbox 1784 3209 1898 3267; x_wconf 81' lang='lat' dir='ltr'><strong>kao</strong></span> <span class='ocrx_word' id='word_1_268' title='bbox 1943 3209 2308 3281; x_wconf 71' lang='lat' dir='ltr'><strong>zastupniku</strong></span> <span class='ocrx_word' id='word_1_269' title='bbox 2346 3209 2686 3283; x_wconf 58' lang='lat' dir='ltr'><strong>aqam-hro.</strong></span> <span class='ocrx_word' id='word_1_270' title='bbox 2725 3202 2949 3281; x_wconf 75' lang='lat' dir='ltr'><strong>kralja.</strong></span> 
     </span>
    </p>
   </div>
   <div class='ocr_carea' id='block_1_8' title="bbox 509 3328 3240 4916">
    <p class='ocr_par' dir='ltr' id='par_1_8' title="bbox 516 3328 3236 3592">
     <span class='ocr_line' id='line_1_30' title="bbox 721 3328 3233 3413; baseline 0 -20"><span class='ocrx_word' id='word_1_271' title='bbox 721 3329 1087 3394; x_wconf 88' lang='lat' dir='ltr'><strong>Mandatum</strong></span> <span class='ocrx_word' id='word_1_272' title='bbox 1134 3328 1364 3395; x_wconf 85' lang='lat' dir='ltr'><strong>factum</strong></span> <span class='ocrx_word' id='word_1_273' title='bbox 1412 3329 1544 3395; x_wconf 90' lang='lat' dir='ltr'><strong>viro</strong></span> <span class='ocrx_word' id='word_1_274' title='bbox 1591 3329 1782 3396; x_wconf 84' lang='lat' dir='ltr'><strong>nobili</strong></span> <span class='ocrx_word' id='word_1_275' title='bbox 1829 3329 2065 3396; x_wconf 87' lang='lat' dir='ltr'><strong>Jacobo</strong></span> <span class='ocrx_word' id='word_1_276' title='bbox 2111 3331 2185 3395; x_wconf 89' lang='lat' dir='ltr'><strong>de</strong></span> <span class='ocrx_word' id='word_1_277' title='bbox 2233 3328 2396 3413; x_wconf 89' lang='lat' dir='ltr'><strong>Ripa</strong></span> <span class='ocrx_word' id='word_1_278' title='bbox 2440 3348 2549 3412; x_wconf 89' lang='lat' dir='ltr'><strong>per</strong></span> <span class='ocrx_word' id='word_1_279' title='bbox 2617 3328 2831 3394; x_wconf 89' lang='lat' dir='ltr'><strong>ducale</strong></span> <span class='ocrx_word' id='word_1_280' title='bbox 2886 3328 3233 3394; x_wconf 90' lang='lat' dir='ltr'><strong>dominium</strong></span> 
     </span>
     <span class='ocr_line' id='line_1_31' title="bbox 516 3416 3236 3502; baseline 0 -20"><span class='ocrx_word' id='word_1_281' title='bbox 516 3418 590 3482; x_wconf 89' lang='lat' dir='ltr'><strong>de</strong></span> <span class='ocrx_word' id='word_1_282' title='bbox 637 3416 1052 3502; x_wconf 86' lang='lat' dir='ltr'><strong>assignatione</strong></span> <span class='ocrx_word' id='word_1_283' title='bbox 1098 3418 1371 3483; x_wconf 87' lang='lat' dir='ltr'><strong>civitatis</strong></span> <span class='ocrx_word' id='word_1_284' title='bbox 1418 3421 1482 3483; x_wconf 91' lang='lat' dir='ltr'><strong>et</strong></span> <span class='ocrx_word' id='word_1_285' title='bbox 1527 3419 1713 3485; x_wconf 85' lang='lat' dir='ltr'><strong>castri</strong></span> <span class='ocrx_word' id='word_1_286' title='bbox 1754 3417 2009 3485; x_wconf 77' lang='lat' dir='ltr'><strong>cathari</strong></span> <span class='ocrx_word' id='word_1_287' title='bbox 2072 3418 2237 3484; x_wconf 86' lang='lat' dir='ltr'><strong>facta</strong></span> <span class='ocrx_word' id='word_1_288' title='bbox 2298 3417 2544 3484; x_wconf 90' lang='lat' dir='ltr'><strong>domino</strong></span> <span class='ocrx_word' id='word_1_289' title='bbox 2597 3416 2861 3501; x_wconf 85' lang='lat' dir='ltr'><strong>Georgio</strong></span> <span class='ocrx_word' id='word_1_290' title='bbox 2921 3418 2994 3481; x_wconf 90' lang='lat' dir='ltr'><strong>de</strong></span> <span class='ocrx_word' id='word_1_291' title='bbox 3045 3416 3236 3483; x_wconf 88' lang='lat' dir='ltr'><strong>Paulo</strong></span> 
     </span>
     <span class='ocr_line' id='line_1_32' title="bbox 526 3506 1755 3592; baseline 0.001 -20"><span class='ocrx_word' id='word_1_292' title='bbox 526 3507 773 3572; x_wconf 90' lang='lat' dir='ltr'><strong>nomine</strong></span> <span class='ocrx_word' id='word_1_293' title='bbox 818 3506 984 3589; x_wconf 86' lang='lat' dir='ltr'><strong>regie</strong></span> <span class='ocrx_word' id='word_1_294' title='bbox 1029 3506 1376 3571; x_wconf 90' lang='lat' dir='ltr'><strong>maiestatis</strong></span> <span class='ocrx_word' id='word_1_295' title='bbox 1420 3508 1755 3592; x_wconf 88' lang='lat' dir='ltr'><strong>Hungarie.</strong></span> 
     </span>
    </p>

    <p class='ocr_par' dir='ltr' id='par_1_9' title="bbox 509 3592 3240 4916">
     <span class='ocr_line' id='line_1_33' title="bbox 718 3592 3238 3677; baseline 0.001 -20"><span class='ocrx_word' id='word_1_296' title='bbox 718 3593 790 3657; x_wconf 91' lang='lat' dir='ltr'><strong>In</strong></span> <span class='ocrx_word' id='word_1_297' title='bbox 838 3592 1053 3659; x_wconf 88' lang='lat' dir='ltr'><strong>christi</strong></span> <span class='ocrx_word' id='word_1_298' title='bbox 1098 3595 1344 3660; x_wconf 91' lang='lat' dir='ltr'><strong>nomine</strong></span> <span class='ocrx_word' id='word_1_299' title='bbox 1389 3596 1618 3660; x_wconf 88' lang='lat' dir='ltr'><strong>domini</strong></span> <span class='ocrx_word' id='word_1_300' title='bbox 1662 3613 1865 3661; x_wconf 89' lang='lat' dir='ltr'><strong>amen.</strong></span> <span class='ocrx_word' id='word_1_301' title='bbox 1914 3593 2422 3672; x_wconf 84' lang='lat' dir='ltr'><strong>MCCCLXXXI,</strong></span> <span class='ocrx_word' id='word_1_302' title='bbox 2470 3594 2802 3661; x_wconf 88' lang='lat' dir='ltr'><strong>indictione</strong></span> <span class='ocrx_word' id='word_1_303' title='bbox 2873 3593 3099 3677; x_wconf 87' lang='lat' dir='ltr'><strong>quarta</strong></span> <span class='ocrx_word' id='word_1_304' title='bbox 3139 3613 3238 3659; x_wconf 88' lang='lat' dir='ltr'><strong>se-</strong></span> 
     </span>
     <span class='ocr_line' id='line_1_34' title="bbox 509 3680 3235 3768; baseline -0 -19"><span class='ocrx_word' id='word_1_305' title='bbox 509 3684 774 3749; x_wconf 89' lang='lat' dir='ltr'><strong>cuudum</strong></span> <span class='ocrx_word' id='word_1_306' title='bbox 817 3700 1063 3747; x_wconf 88' lang='lat' dir='ltr'><strong>cursum</strong></span> <span class='ocrx_word' id='word_1_307' title='bbox 1108 3682 1327 3763; x_wconf 83' lang='lat' dir='ltr'><strong>Janue,</strong></span> <span class='ocrx_word' id='word_1_308' title='bbox 1376 3682 1473 3749; x_wconf 90' lang='lat' dir='ltr'><strong>die</strong></span> <span class='ocrx_word' id='word_1_309' title='bbox 1521 3683 1730 3750; x_wconf 90' lang='lat' dir='ltr'>XXVI</span> <span class='ocrx_word' id='word_1_310' title='bbox 1776 3680 2166 3768; x_wconf 63' lang='lat' dir='ltr'><strong>septembrisss</strong></span> <span class='ocrx_word' id='word_1_311' title='bbox 2240 3682 2485 3749; x_wconf 90' lang='lat' dir='ltr'><strong>Nobilis</strong></span> <span class='ocrx_word' id='word_1_312' title='bbox 2539 3687 2603 3749; x_wconf 90' lang='lat' dir='ltr'><strong>et</strong></span> <span class='ocrx_word' id='word_1_313' title='bbox 2666 3683 2910 3765; x_wconf 90' lang='lat' dir='ltr'><strong>sapiens</strong></span> <span class='ocrx_word' id='word_1_314' title='bbox 2975 3682 3069 3747; x_wconf 85' lang='lat' dir='ltr'><strong>vir</strong></span> <span class='ocrx_word' id='word_1_315' title='bbox 3129 3682 3235 3748; x_wconf 92' lang='lat' dir='ltr'><strong>do-</strong></span> 
     </span>
     <span class='ocr_line' id='line_1_35' title="bbox 512 3769 3233 3855; baseline -0 -18"><span class='ocrx_word' id='word_1_316' title='bbox 512 3773 718 3837; x_wconf 88' lang='lat' dir='ltr'><strong>minus</strong></span> <span class='ocrx_word' id='word_1_317' title='bbox 765 3769 1031 3837; x_wconf 85' lang='lat' dir='ltr'><strong>Jacobus</strong></span> <span class='ocrx_word' id='word_1_318' title='bbox 1074 3771 1148 3835; x_wconf 91' lang='lat' dir='ltr'><strong>de</strong></span> <span class='ocrx_word' id='word_1_319' title='bbox 1194 3771 1415 3855; x_wconf 87' lang='lat' dir='ltr'><strong>Rippa,</strong></span> <span class='ocrx_word' id='word_1_320' title='bbox 1464 3773 1822 3855; x_wconf 88' lang='lat' dir='ltr'><strong>capitaneus</strong></span> <span class='ocrx_word' id='word_1_321' title='bbox 1868 3772 1997 3838; x_wconf 84' lang='lat' dir='ltr'><strong>sive</strong></span> <span class='ocrx_word' id='word_1_322' title='bbox 2043 3773 2419 3838; x_wconf 89' lang='lat' dir='ltr'><strong>castellanus</strong></span> <span class='ocrx_word' id='word_1_323' title='bbox 2467 3789 2576 3855; x_wconf 93' lang='lat' dir='ltr'><strong>pro</strong></span> <span class='ocrx_word' id='word_1_324' title='bbox 2640 3771 3057 3837; x_wconf 91' lang='lat' dir='ltr'><strong>dominatione</strong></span> <span class='ocrx_word' id='word_1_325' title='bbox 3120 3769 3233 3836; x_wconf 91' lang='lat' dir='ltr'><strong>du-</strong></span> 
     </span>
     <span class='ocr_line' id='line_1_36' title="bbox 510 3858 3235 3943; baseline -0.001 -18"><span class='ocrx_word' id='word_1_326' title='bbox 510 3861 627 3926; x_wconf 90' lang='lat' dir='ltr'><strong>cali</strong></span> <span class='ocrx_word' id='word_1_327' title='bbox 672 3859 1085 3925; x_wconf 87' lang='lat' dir='ltr'><strong>Veneciarum</strong></span> <span class='ocrx_word' id='word_1_328' title='bbox 1145 3860 1331 3925; x_wconf 83' lang='lat' dir='ltr'><strong>castri</strong></span> <span class='ocrx_word' id='word_1_329' title='bbox 1390 3860 1658 3941; x_wconf 87' lang='lat' dir='ltr'><strong>Cathari,</strong></span> <span class='ocrx_word' id='word_1_330' title='bbox 1722 3861 1955 3926; x_wconf 90' lang='lat' dir='ltr'><strong>habens</strong></span> <span class='ocrx_word' id='word_1_331' title='bbox 2013 3861 2281 3943; x_wconf 88' lang='lat' dir='ltr'><strong>speciale</strong></span> <span class='ocrx_word' id='word_1_332' title='bbox 2342 3861 2633 3925; x_wconf 87' lang='lat' dir='ltr'><strong>mandato</strong></span> <span class='ocrx_word' id='word_1_333' title='bbox 2702 3860 2781 3925; x_wconf 90' lang='lat' dir='ltr'><strong>ad</strong></span> <span class='ocrx_word' id='word_1_334' title='bbox 2842 3858 3235 3941; x_wconf 84' lang='lat' dir='ltr'><strong>infrascripta</strong></span> 
     </span>
     <span class='ocr_line' id='line_1_37' title="bbox 509 3947 3232 4034; baseline -0.001 -19"><span class='ocrx_word' id='word_1_335' title='bbox 509 3949 747 4034; x_wconf 88' lang='lat' dir='ltr'><strong>agenda</strong></span> <span class='ocrx_word' id='word_1_336' title='bbox 792 3949 857 4012; x_wconf 91' lang='lat' dir='ltr'><strong>et</strong></span> <span class='ocrx_word' id='word_1_337' title='bbox 901 3947 1180 4013; x_wconf 86' lang='lat' dir='ltr'><strong>facienda</strong></span> <span class='ocrx_word' id='word_1_338' title='bbox 1221 3966 1258 4014; x_wconf 91' lang='lat' dir='ltr'><strong>a</strong></span> <span class='ocrx_word' id='word_1_339' title='bbox 1300 3948 1720 4033; x_wconf 89' lang='lat' dir='ltr'><strong>suprascripta</strong></span> <span class='ocrx_word' id='word_1_340' title='bbox 1784 3948 2201 4015; x_wconf 88' lang='lat' dir='ltr'><strong>dominatione</strong></span> <span class='ocrx_word' id='word_1_341' title='bbox 2264 3948 2489 4028; x_wconf 88' lang='lat' dir='ltr'><strong>ducali,</strong></span> <span class='ocrx_word' id='word_1_342' title='bbox 2546 3953 2618 4014; x_wconf 89' lang='lat' dir='ltr'><strong>ut</strong></span> <span class='ocrx_word' id='word_1_343' title='bbox 2673 3948 2917 4014; x_wconf 86' lang='lat' dir='ltr'><strong>constat</strong></span> <span class='ocrx_word' id='word_1_344' title='bbox 2985 3947 3232 4031; x_wconf 89' lang='lat' dir='ltr'><strong>publico</strong></span> 
     </span>
     <span class='ocr_line' id='line_1_38' title="bbox 510 4035 3236 4120; baseline -0 -20"><span class='ocrx_word' id='word_1_345' title='bbox 510 4038 920 4103; x_wconf 86' lang='lat' dir='ltr'><strong>instrumento</strong></span> <span class='ocrx_word' id='word_1_346' title='bbox 967 4037 1195 4120; x_wconf 85' lang='lat' dir='ltr'><strong>scripto</strong></span> <span class='ocrx_word' id='word_1_347' title='bbox 1241 4056 1422 4102; x_wconf 86' lang='lat' dir='ltr'><strong>manu</strong></span> <span class='ocrx_word' id='word_1_348' title='bbox 1472 4036 1887 4104; x_wconf 88' lang='lat' dir='ltr'><strong>Guillielmini</strong></span> <span class='ocrx_word' id='word_1_349' title='bbox 1936 4036 2052 4102; x_wconf 88' lang='lat' dir='ltr'><strong>filii</strong></span> <span class='ocrx_word' id='word_1_350' title='bbox 2117 4058 2217 4103; x_wconf 88' lang='lat' dir='ltr'><strong>ser</strong></span> <span class='ocrx_word' id='word_1_351' title='bbox 2261 4036 2574 4103; x_wconf 88' lang='lat' dir='ltr'><strong>Tomasini</strong></span> <span class='ocrx_word' id='word_1_352' title='bbox 2637 4036 2713 4102; x_wconf 92' lang='lat' dir='ltr'><strong>de</strong></span> <span class='ocrx_word' id='word_1_353' title='bbox 2751 4035 3061 4101; x_wconf 86' lang='lat' dir='ltr'><strong>Vinceciis</strong></span> <span class='ocrx_word' id='word_1_354' title='bbox 3124 4055 3236 4119; x_wconf 91' lang='lat' dir='ltr'><strong>pu-</strong></span> 
     </span>
     <span class='ocr_line' id='line_1_39' title="bbox 510 4124 3236 4209; baseline -0.001 -18"><span class='ocrx_word' id='word_1_355' title='bbox 510 4126 658 4191; x_wconf 90' lang='lat' dir='ltr'><strong>blici</strong></span> <span class='ocrx_word' id='word_1_356' title='bbox 705 4125 1016 4209; x_wconf 87' lang='lat' dir='ltr'><strong>imperiali</strong></span> <span class='ocrx_word' id='word_1_357' title='bbox 1063 4125 1430 4192; x_wconf 88' lang='lat' dir='ltr'><strong>auctoritate</strong></span> <span class='ocrx_word' id='word_1_358' title='bbox 1476 4126 1693 4191; x_wconf 88' lang='lat' dir='ltr'><strong>notarii</strong></span> <span class='ocrx_word' id='word_1_359' title='bbox 1757 4127 1823 4191; x_wconf 92' lang='lat' dir='ltr'><strong>et</strong></span> <span class='ocrx_word' id='word_1_360' title='bbox 1868 4127 2124 4192; x_wconf 88' lang='lat' dir='ltr'><strong>ducatus</strong></span> <span class='ocrx_word' id='word_1_361' title='bbox 2170 4126 2582 4192; x_wconf 87' lang='lat' dir='ltr'><strong>Veneciarum</strong></span> <span class='ocrx_word' id='word_1_362' title='bbox 2654 4124 2873 4201; x_wconf 89' lang='lat' dir='ltr'><strong>scribe,</strong></span> <span class='ocrx_word' id='word_1_363' title='bbox 2936 4124 3011 4189; x_wconf 93' lang='lat' dir='ltr'><strong>de</strong></span> <span class='ocrx_word' id='word_1_364' title='bbox 3059 4142 3236 4188; x_wconf 90' lang='lat' dir='ltr'><strong>man-</strong></span> 
     </span>
     <span class='ocr_line' id='line_1_40' title="bbox 511 4209 3237 4297; baseline -0.001 -18"><span class='ocrx_word' id='word_1_365' title='bbox 511 4216 655 4280; x_wconf 89' lang='lat' dir='ltr'><strong>dato</strong></span> <span class='ocrx_word' id='word_1_366' title='bbox 701 4216 763 4277; x_wconf 89' lang='lat' dir='ltr'><strong>et</strong></span> <span class='ocrx_word' id='word_1_367' title='bbox 805 4209 1120 4279; x_wconf 84' lang='lat' dir='ltr'><strong>voluntate</strong></span> <span class='ocrx_word' id='word_1_368' title='bbox 1168 4214 1570 4297; x_wconf 90' lang='lat' dir='ltr'><strong>suprascripti</strong></span> <span class='ocrx_word' id='word_1_369' title='bbox 1616 4214 1996 4280; x_wconf 89' lang='lat' dir='ltr'><strong>serenissimi</strong></span> <span class='ocrx_word' id='word_1_370' title='bbox 2038 4214 2270 4281; x_wconf 89' lang='lat' dir='ltr'><strong>domini</strong></span> <span class='ocrx_word' id='word_1_371' title='bbox 2317 4215 2487 4280; x_wconf 90' lang='lat' dir='ltr'><strong>ducis</strong></span> <span class='ocrx_word' id='word_1_372' title='bbox 2534 4233 2675 4279; x_wconf 91' lang='lat' dir='ltr'><strong>cum</strong></span> <span class='ocrx_word' id='word_1_373' title='bbox 2722 4213 2927 4296; x_wconf 89' lang='lat' dir='ltr'><strong>sigillo</strong></span> <span class='ocrx_word' id='word_1_374' title='bbox 2970 4214 3034 4277; x_wconf 90' lang='lat' dir='ltr'><strong>et</strong></span> <span class='ocrx_word' id='word_1_375' title='bbox 3063 4211 3237 4277; x_wconf 90' lang='lat' dir='ltr'><strong>bulla</strong></span> 
     </span>
     <span class='ocr_line' id='line_1_41' title="bbox 513 4300 3236 4387; baseline -0.001 -19"><span class='ocrx_word' id='word_1_376' title='bbox 513 4302 802 4386; x_wconf 90' lang='lat' dir='ltr'><strong>plumbea</strong></span> <span class='ocrx_word' id='word_1_377' title='bbox 849 4302 1151 4385; x_wconf 88' lang='lat' dir='ltr'><strong>pendente</strong></span> <span class='ocrx_word' id='word_1_378' title='bbox 1201 4302 1353 4368; x_wconf 91' lang='lat' dir='ltr'><strong>dicti</strong></span> <span class='ocrx_word' id='word_1_379' title='bbox 1399 4304 1743 4368; x_wconf 90' lang='lat' dir='ltr'><strong>communis</strong></span> <span class='ocrx_word' id='word_1_380' title='bbox 1786 4303 2216 4383; x_wconf 85' lang='lat' dir='ltr'><strong>Veneciarum,</strong></span> <span class='ocrx_word' id='word_1_381' title='bbox 2264 4302 2438 4368; x_wconf 89' lang='lat' dir='ltr'><strong>cuius</strong></span> <span class='ocrx_word' id='word_1_382' title='bbox 2485 4301 2730 4387; x_wconf 88' lang='lat' dir='ltr'><strong>quidem</strong></span> <span class='ocrx_word' id='word_1_383' title='bbox 2793 4300 3019 4386; x_wconf 84' lang='lat' dir='ltr'><strong>baylie,</strong></span> <span class='ocrx_word' id='word_1_384' title='bbox 3061 4320 3236 4366; x_wconf 91' lang='lat' dir='ltr'><strong>man-</strong></span> 
     </span>
     <span class='ocr_line' id='line_1_42' title="bbox 511 4387 3238 4473; baseline 0 -20"><span class='ocrx_word' id='word_1_385' title='bbox 511 4389 645 4456; x_wconf 89' lang='lat' dir='ltr'><strong>dati</strong></span> <span class='ocrx_word' id='word_1_386' title='bbox 691 4390 755 4453; x_wconf 89' lang='lat' dir='ltr'><strong>et</strong></span> <span class='ocrx_word' id='word_1_387' title='bbox 786 4390 1240 4455; x_wconf 86' lang='lat' dir='ltr'><strong>commissionis</strong></span> <span class='ocrx_word' id='word_1_388' title='bbox 1303 4395 1480 4457; x_wconf 87' lang='lat' dir='ltr'><strong>tenor</strong></span> <span class='ocrx_word' id='word_1_389' title='bbox 1543 4391 1687 4457; x_wconf 88' lang='lat' dir='ltr'><strong>talis</strong></span> <span class='ocrx_word' id='word_1_390' title='bbox 1750 4393 1866 4458; x_wconf 92' lang='lat' dir='ltr'><strong>est.</strong></span> <span class='ocrx_word' id='word_1_391' title='bbox 1935 4390 2064 4456; x_wconf 89' lang='lat' dir='ltr'><strong>Nos</strong></span> <span class='ocrx_word' id='word_1_392' title='bbox 2129 4391 2405 4457; x_wconf 87' lang='lat' dir='ltr'><strong>Andreas</strong></span> <span class='ocrx_word' id='word_1_393' title='bbox 2469 4388 2810 4456; x_wconf 87' lang='lat' dir='ltr'><strong>Contareno</strong></span> <span class='ocrx_word' id='word_1_394' title='bbox 2877 4388 2972 4454; x_wconf 90' lang='lat' dir='ltr'><strong>dei</strong></span> <span class='ocrx_word' id='word_1_395' title='bbox 3030 4387 3238 4473; x_wconf 85' lang='lat' dir='ltr'><strong>gratia</strong></span> 
     </span>
     <span class='ocr_line' id='line_1_43' title="bbox 514 4476 3237 4563; baseline 0 -21"><span class='ocrx_word' id='word_1_396' title='bbox 514 4478 635 4543; x_wconf 84' lang='lat' dir='ltr'><strong>dux</strong></span> <span class='ocrx_word' id='word_1_397' title='bbox 681 4478 1082 4545; x_wconf 87' lang='lat' dir='ltr'><strong>Veneciarum</strong></span> <span class='ocrx_word' id='word_1_398' title='bbox 1134 4480 1251 4544; x_wconf 89' lang='lat' dir='ltr'><strong>etc.</strong></span> <span class='ocrx_word' id='word_1_399' title='bbox 1307 4499 1447 4545; x_wconf 90' lang='lat' dir='ltr'><strong>cum</strong></span> <span class='ocrx_word' id='word_1_400' title='bbox 1493 4480 1718 4545; x_wconf 91' lang='lat' dir='ltr'><strong>nostris</strong></span> <span class='ocrx_word' id='word_1_401' title='bbox 1781 4480 2055 4545; x_wconf 87' lang='lat' dir='ltr'><strong>consiliis</strong></span> <span class='ocrx_word' id='word_1_402' title='bbox 2102 4481 2404 4546; x_wconf 87' lang='lat' dir='ltr'><strong>consuetis</strong></span> <span class='ocrx_word' id='word_1_403' title='bbox 2451 4481 2516 4545; x_wconf 90' lang='lat' dir='ltr'><strong>et</strong></span> <span class='ocrx_word' id='word_1_404' title='bbox 2573 4476 2928 4563; x_wconf 89' lang='lat' dir='ltr'><strong>opportunis</strong></span> <span class='ocrx_word' id='word_1_405' title='bbox 2990 4477 3237 4543; x_wconf 91' lang='lat' dir='ltr'><strong>nomine</strong></span> 
     </span>
     <span class='ocr_line' id='line_1_44' title="bbox 515 4565 3237 4649; baseline -0.001 -17"><span class='ocrx_word' id='word_1_406' title='bbox 515 4567 722 4632; x_wconf 88' lang='lat' dir='ltr'><strong>nostro</strong></span> <span class='ocrx_word' id='word_1_407' title='bbox 764 4567 828 4631; x_wconf 90' lang='lat' dir='ltr'><strong>et</strong></span> <span class='ocrx_word' id='word_1_408' title='bbox 873 4585 1291 4632; x_wconf 86' lang='lat' dir='ltr'><strong>successorum</strong></span> <span class='ocrx_word' id='word_1_409' title='bbox 1341 4570 1690 4634; x_wconf 89' lang='lat' dir='ltr'><strong>nostrorum</strong></span> <span class='ocrx_word' id='word_1_410' title='bbox 1739 4586 1809 4634; x_wconf 91' lang='lat' dir='ltr'><strong>ac</strong></span> <span class='ocrx_word' id='word_1_411' title='bbox 1858 4569 2197 4634; x_wconf 84' lang='lat' dir='ltr'><strong>communis</strong></span> <span class='ocrx_word' id='word_1_412' title='bbox 2240 4568 2636 4634; x_wconf 89' lang='lat' dir='ltr'><strong>Venetiarum</strong></span> <span class='ocrx_word' id='word_1_413' title='bbox 2684 4565 3066 4649; x_wconf 88' lang='lat' dir='ltr'><strong>presentium</strong></span> <span class='ocrx_word' id='word_1_414' title='bbox 3126 4584 3237 4648; x_wconf 90' lang='lat' dir='ltr'><strong>per</strong></span> 
     </span>
     <span class='ocr_line' id='line_1_45' title="bbox 514 4653 3238 4741; baseline 0 -22"><span class='ocrx_word' id='word_1_415' title='bbox 514 4656 790 4719; x_wconf 88' lang='lat' dir='ltr'><strong>tenorem</strong></span> <span class='ocrx_word' id='word_1_416' title='bbox 837 4654 1053 4720; x_wconf 90' lang='lat' dir='ltr'><strong>damus</strong></span> <span class='ocrx_word' id='word_1_417' title='bbox 1097 4657 1163 4720; x_wconf 90' lang='lat' dir='ltr'><strong>et</strong></span> <span class='ocrx_word' id='word_1_418' title='bbox 1205 4658 1593 4721; x_wconf 90' lang='lat' dir='ltr'><strong>concedimus</strong></span> <span class='ocrx_word' id='word_1_419' title='bbox 1640 4656 1756 4722; x_wconf 84' lang='lat' dir='ltr'><strong>tibi</strong></span> <span class='ocrx_word' id='word_1_420' title='bbox 1803 4656 1995 4723; x_wconf 89' lang='lat' dir='ltr'><strong>nobili</strong></span> <span class='ocrx_word' id='word_1_421' title='bbox 2042 4657 2175 4722; x_wconf 87' lang='lat' dir='ltr'><strong>viro</strong></span> <span class='ocrx_word' id='word_1_422' title='bbox 2220 4655 2451 4722; x_wconf 85' lang='lat' dir='ltr'><strong>Jacobo</strong></span> <span class='ocrx_word' id='word_1_423' title='bbox 2507 4656 2584 4721; x_wconf 91' lang='lat' dir='ltr'><strong>de</strong></span> <span class='ocrx_word' id='word_1_424' title='bbox 2629 4655 2831 4741; x_wconf 84' lang='lat' dir='ltr'><strong>Rippa</strong></span> <span class='ocrx_word' id='word_1_425' title='bbox 2896 4653 2970 4718; x_wconf 91' lang='lat' dir='ltr'><strong>de</strong></span> <span class='ocrx_word' id='word_1_426' title='bbox 3027 4655 3238 4720; x_wconf 91' lang='lat' dir='ltr'><strong>nostro</strong></span> 
     </span>
     <span class='ocr_line' id='line_1_46' title="bbox 515 4740 3235 4828; baseline 0 -22"><span class='ocrx_word' id='word_1_427' title='bbox 515 4740 807 4806; x_wconf 87' lang='lat' dir='ltr'><strong>mandato</strong></span> <span class='ocrx_word' id='word_1_428' title='bbox 868 4742 1185 4825; x_wconf 90' lang='lat' dir='ltr'><strong>capitaneo</strong></span> <span class='ocrx_word' id='word_1_429' title='bbox 1244 4745 1370 4809; x_wconf 87' lang='lat' dir='ltr'><strong>sive</strong></span> <span class='ocrx_word' id='word_1_430' title='bbox 1427 4744 1758 4810; x_wconf 89' lang='lat' dir='ltr'><strong>castellano</strong></span> <span class='ocrx_word' id='word_1_431' title='bbox 1815 4744 2000 4811; x_wconf 88' lang='lat' dir='ltr'><strong>castri</strong></span> <span class='ocrx_word' id='word_1_432' title='bbox 2062 4744 2312 4811; x_wconf 87' lang='lat' dir='ltr'><strong>Cathari</strong></span> <span class='ocrx_word' id='word_1_433' title='bbox 2376 4744 2805 4828; x_wconf 88' lang='lat' dir='ltr'><strong>plenissimum</strong></span> <span class='ocrx_word' id='word_1_434' title='bbox 2847 4740 3235 4820; x_wconf 86' lang='lat' dir='ltr'><strong>mandatum,</strong></span> 
     </span>
     <span class='ocr_line' id='line_1_47' title="bbox 517 4828 3240 4916; baseline -0 -22"><span class='ocrx_word' id='word_1_435' title='bbox 517 4829 791 4913; x_wconf 85' lang='lat' dir='ltr'><strong>vigorem</strong></span> <span class='ocrx_word' id='word_1_436' title='bbox 838 4830 902 4894; x_wconf 91' lang='lat' dir='ltr'><strong>et</strong></span> <span class='ocrx_word' id='word_1_437' title='bbox 945 4832 1313 4912; x_wconf 86' lang='lat' dir='ltr'><strong>potestatem</strong></span> <span class='ocrx_word' id='word_1_438' title='bbox 1355 4833 1419 4898; x_wconf 88' lang='lat' dir='ltr'><strong>et</strong></span> <span class='ocrx_word' id='word_1_439' title='bbox 1465 4836 1527 4898; x_wconf 91' lang='lat' dir='ltr'><strong>te</strong></span> <span class='ocrx_word' id='word_1_440' title='bbox 1574 4834 1874 4900; x_wconf 89' lang='lat' dir='ltr'><strong>sindicum</strong></span> <span class='ocrx_word' id='word_1_441' title='bbox 1921 4836 1986 4899; x_wconf 87' lang='lat' dir='ltr'><strong>et</strong></span> <span class='ocrx_word' id='word_1_442' title='bbox 2050 4833 2505 4916; x_wconf 89' lang='lat' dir='ltr'><strong>procuratorem</strong></span> <span class='ocrx_word' id='word_1_443' title='bbox 2567 4850 2639 4897; x_wconf 93' lang='lat' dir='ltr'><strong>ac</strong></span> <span class='ocrx_word' id='word_1_444' title='bbox 2701 4828 3087 4914; x_wconf 86' lang='lat' dir='ltr'><strong>negotiorum</strong></span> <span class='ocrx_word' id='word_1_445' title='bbox 3131 4847 3240 4914; x_wconf 87' lang='lat' dir='ltr'><strong>ge-</strong></span> 
     </span>
    </p>
   </div>
  </div>
 </body>
</html>
