3620 5282
3008 345 3138 410 213

405 542 543 588 mus
592 510 792 605 parati
841 522 1009 587 omni
1060 524 1334 605 tempore
1382 521 1581 587 facere
1634 524 1696 586 et
1743 521 2060 604 providere
2124 521 2489 603 superinde,
2542 518 2834 603 quidquid
2899 521 3138 587 iusticia

404 611 709 676 suaderet.
760 612 880 676 Sed
926 614 998 675 ut
1043 611 1106 674 in
1154 630 1296 675 casu
1347 630 1464 693 quo
1515 630 1627 692 pur
1676 611 1909 689 yellent
1950 612 2161 693 petere
2209 610 2530 674 emendam
2566 608 2913 689 aliquorum
2961 611 3136 673 dam—

401 719 639 775 norum,
687 699 995 781 possimus
1043 698 1241 762 facere
1289 698 1851 781 compensationem
1917 717 2056 762 cum
2104 698 2346 760 damnis
2410 699 2803 773 nostrorum,
2869 695 3132 760 debeant
3233 728 3234 731 ¹

409 787 556 851 dicti
600 787 1030 851 ambaxatores
1077 804 1114 849 a
1157 788 1347 850 nostri
1399 786 1738 850 rectoribus
1786 785 2105 850 Sclavonie
2152 786 2351 849 facere
2395 784 2582 864 recipi
2649 802 2892 848 omnem
2946 785 3133 848 infor·
3201 826 3216 841 .

402 876 744 939 macionem
792 874 867 938 de
911 873 1172 951 damnis,
1223 893 1337 956 qne
1388 892 1492 955 pro
1541 875 1716 955 parte
1765 875 1929 956 regis
1977 872 2297 955 Hungarie
2347 871 2443 937 vel
2491 890 2597 935 sue
2662 871 2867 954 gentis
2931 871 3133 938 forent

403 963 579 1027 illata
625 962 1010 1027 nostratibus
1058 962 1216 1025 infra
1263 966 1508 1044 tempus
1545 966 1969 1044 treuguarum,
2023 964 2091 1025 ut
2138 961 2335 1044 possit
2365 959 2497 1024 fieri
2530 960 2953 1042 compensatio
2993 960 3136 1025 hinc

401 1050 559 1128 inde,
611 1051 663 1113 si
712 1049 1015 1132 expediet.
1067 1051 1171 1114 82.

616 1136 726 1201 Ser
772 1138 1049 1202 Andreas
1097 1136 1386 1203 Cornario
1434 1136 1839 1201 consiliarius.
1890 1134 2047 1214 Quia
2079 1154 2188 1218 pro
2236 1134 2695 1200 condicionibus
2732 1134 2960 1199 nostris
2994 1154 3130 1217 pre-

400 1225 678 1288 sentibus
725 1224 873 1289 facit
922 1224 1327 1307 temporizare
1376 1230 1674 1305 quantum
1739 1242 2067 1306 possumus
2131 1242 2237 1305 pro
2285 1223 2541 1288 videndo
2600 1222 2898 1287 maiorem
2947 1223 3132 1287 clari-

400 1314 597 1376 tatem
644 1314 706 1376 in
752 1312 954 1387 factiS,
1004 1333 1118 1394 que
1167 1313 1468 1376 habemus
1532 1312 1731 1375 facere
1796 1331 1939 1375 cum
2005 1311 2460 1378 Januensibus:
2527 1311 2697 1375 vadit
2758 1329 2920 1394 pars,
2970 1311 3170 1392 quod<

395 1401 836 1465 ambaxatores
882 1419 993 1482 pro
1043 1420 1201 1465 nunc
1252 1399 1480 1463 vadant
1511 1400 1586 1463 ad
1626 1400 1916 1482 Segniam
1965 1400 2040 1463 ad
2091 1399 2520 1464 conferendum
2586 1418 2726 1463 cum
2775 1398 3135 1463 ambaxato-

401 1489 573 1553 ribus
622 1489 805 1570 regie,
856 1493 920 1551 et
967 1487 1439 1551 substinentiam
1492 1488 1625 1551 iura
1669 1488 1883 1551 nostra
1930 1506 2069 1551 cum
2117 1488 2320 1551 verbis
2345 1485 2860 1564 convenientibus,
2912 1489 2975 1550 et
3007 1488 3134 1551 tra-

401 1575 553 1639 hant
600 1576 676 1641 ab
726 1578 815 1640 eis
856 1575 1141 1657 quicquid
1168 1576 1462 1657 poterunt
1501 1576 1574 1639 de
1620 1595 1731 1639 sua
1756 1573 1927 1639 finali
1952 1575 2312 1651 intentione
2365 1579 2427 1637 et
2458 1573 2818 1650 rescribant,
2863 1575 2926 1639 et
2950 1592 3133 1639 suum

401 1663 746 1742 consilium,
798 1666 863 1727 et
908 1666 1233 1746 expectent
1280 1667 1557 1726 nostrum
1602 1664 1984 1727 mandatum.
2039 1662 2137 1738 14,
2189 1665 2262 1726 de
2311 1680 2430 1725 non
2479 1663 2538 1739 3,
2589 1679 2709 1725 non
2760 1662 2985 1726 sinceri
3022 1662 3083 1725 4.

613 1751 858 1815 Domini
907 1751 1266 1826 consiliarii,
1317 1750 1524 1833 capita
1570 1754 1633 1814 et
1665 1751 1998 1831 sapientes
2069 1749 2298 1831 Capta.
2351 1751 2414 1813 et
2462 1767 2578 1812 non
2626 1748 2867 1832 possint
2915 1749 3133 1814 amba-

396 1839 638 1904 xatores
684 1839 837 1903 ituri
885 1839 1103 1903 ducere
1153 1858 1362 1903 secum
1411 1838 1685 1920 aliquam
1729 1856 2057 1921 personam
2107 1837 2185 1901 ad
2234 1857 2527 1920 expensas
2575 1837 2918 1901 communis
2964 1837 3132 1902 ultra

402 1926 709 1990 familiam
758 1928 1080 2004 statutam,
1132 1944 1241 1991 nec
1291 1927 1488 2009 possit
1534 1927 1621 1989 eis
1681 1925 1930 1990 concedi
1980 1926 2093 1989 sub
2140 1944 2298 2009 pena
2361 1925 2663 1988 librarum
2714 1921 2760 1986 C
2808 1942 2919 2005 pro
2981 1943 3131 2007 quo·

402 2014 557 2078 libet
594 2014 969 2089 consiliam,
1019 2014 1223 2096 capite
1289 2018 1351 2077 et
1398 2014 1518 2079 alio
1581 2017 1839 2095 ponente
1902 2014 2141 2096 partem
2202 2013 2265 2076 in
2313 2013 2727 2087 contrarium,
2792 2011 2954 2076 sicut
3002 2011 3125 2077 fuit

406 2104 632 2165 factum
683 2103 745 2165 in
784 2102 1283 2166 ambaxatoribus
1330 2101 1525 2183 pridie
1575 2101 1781 2165 missis
1825 2103 1902 2165 ad
1950 2100 2209 2166 curiam.

479 2192 661 2251 Misti
714 2193 955 2251 XXVI.
1002 2194 1102 2262 58,
1156 2211 1197 2250 u
1242 2193 1582 2251 mlctackom
1629 2194 1862 2250 arkivu.

713 2382 1167 2464 CCCXVII.
1206 2380 1414 2464 God.
1468 2381 1688 2464 1351.
1748 2381 1844 2462 19
1901 2380 2270 2481 svibnja,
2327 2402 2387 2460 u
2441 2379 2835 2462 Mletcih.

1309 2508 1591 2567 Nareaba
1635 2508 1799 2581 yzecze
1835 2503 2033 2581 paike
2076 2508 2204 2567 soli.

614 2628 799 2693 1351.
850 2629 943 2693 die
999 2627 1075 2691 19
1128 2628 1340 2704 madii,
1390 2631 1613 2709 capta:
1652 2647 1790 2692 cum
1826 2628 2085 2703 dicatur,
2138 2628 2297 2710 quod
2327 2628 2564 2693 datium
2607 2627 2752 2693 salis
2782 2627 2934 2710 Pagi
2960 2626 3129 2692 frau-

395 2720 577 2781 datur
626 2718 813 2782 variis
854 2717 1051 2781 modis
1100 2716 1161 2779 in
1218 2717 1487 2780 multum
1538 2718 1877 2797 dampnum
1925 2715 2289 2792 communiS,
2341 2719 2404 2780 et
2451 2717 2642 2779 etiam
2668 2715 2914 2792 dicitur,
2965 2717 3128 2798 quod

398 2811 543 2869 sunt
582 2805 786 2882 multi,
838 2804 939 2886 qui
991 2804 1350 2887 incanipant
1397 2804 1613 2879 salem,
1664 2807 1728 2867 et
1774 2805 1985 2886 postea
2028 2804 2370 2867 revendunt
2415 2803 2762 2880 communi,
2829 2804 2989 2884 quod
3036 2807 3132 2867 est

403 2894 689 2956 indecens
741 2897 804 2956 et
851 2894 1277 2956 inhonestum:
1331 2892 1500 2955 vadit
1552 2911 1716 2974 pars,
1766 2893 1924 2973 quod
1968 2890 2370 2955 commitatur
2433 2891 2851 2972 provisoribus
2893 2891 3129 2955 ‘nostris

396 2981 459 3043 in
504 2979 912 3057 Sclavoniam,
964 2980 1122 3062 quod
1170 2979 1454 3057 debeant,
1505 2998 1646 3043 cnm
1693 2978 1926 3043 fuerint
1988 2979 2050 3041 in
2118 2977 2241 3041 illis
2304 2979 2618 3060 partibus,
2688 2976 2996 3060 inquirere
3053 2978 3128 3043 de

392 3068 707 3150 predictiS,
759 3071 821 3132 et
867 3069 1004 3150 quis
1051 3069 1267 3130 modus
1313 3068 1541 3131 servari
1587 3068 1794 3148 posset
1855 3083 1965 3148 pro
2014 3066 2170 3129 bono
2233 3066 2614 3143 communiS,
2682 3067 2746 3129 et
2807 3067 2983 3130 nobis
3034 3086 3131 3131 re-

392 3157 667 3219 scribant
720 3176 901 3219 suum
944 3156 1295 3230 consilium,
1339 3158 1408 3218 ut
1451 3158 1783 3236 possimuS,
1836 3155 1998 3217 sicut
2044 3153 2224 3217 nobis
2274 3153 2599 3230 videbitur,
2641 3153 2979 3236 providere.

480 3248 659 3305 Misti
709 3246 950 3306 XXVI.
1001 3247 1101 3315 59,
1152 3263 1193 3303 u
1233 3247 1449 3304 arkivu
1491 3246 1850 3304 mletackom.

706 3433 1194 3517 CCCXVIII.
1276 3433 1480 3516 Gon.
1539 3433 1754 3516 1351.
1814 3434 1914 3515 19
1970 3433 2341 3534 svibnja,
2397 3455 2457 3513 u
2511 3433 2901 3515 Mletcih.

395 3564 700 3623 Poslanici
748 3564 1036 3632 ἰεαὸναηί,
1100 3563 1177 3620 da
1228 3563 1456 3636 prodju
1519 3581 1561 3619 u
1608 3562 1749 3634 Senj
1806 3580 1889 3619 na
1949 3561 2198 3635 doqovor
2257 3578 2330 3620 sa
2375 3561 2725 3635 uqarehrv.
2744 3561 3042 3632 poslanici
3087 3579 3130 3618 u

1367 3650 1537 3723 poslu
1584 3650 1930 3722 konaenoya
1973 3650 2149 3707 mira.

614 3771 796 3834 1351.
847 3769 945 3835 die
1002 3769 1312 3844 l9madii‚
1361 3772 1578 3851 capta·
1630 3770 1779 3832 facti
1830 3768 2079 3832 fuerunt
2103 3767 2326 3832 sindici
2377 3768 2491 3831 viri
2545 3767 2783 3832 nobiles
2810 3767 3127 3832 Johannes

391 3859 754 3932 ContarenO,
807 3859 1083 3922 Marinus
1130 3819 1377 3921 Falet'ro
1426 3860 1489 3921 et
1537 3857 1786 3920 Marcus
1829 3855 2118 3920 Cornario
2146 3856 2577 3920 ambaxatores
2630 3855 2777 3920 ituri
2827 3855 3120 3936 Segniam

393 3967 503 4029 pro
551 3948 733 4011 factis
781 3946 946 4044 regis
974 3945 1290 4045 Hungarie
1334 3946 1409 4007 ad
1456 3943 1899 4026 proxidendum
1951 3946 2014 4007 et
2058 3945 2428 4007 firmandum
2459 3943 2685 4019 omnia,
2735 3960 2851 4023 que
2898 3941 3128 4005 fuerint

390 4039 731 4117 opportuna
779 4033 839 4096 in
888 4033 1159 4115 negociis
1208 4032 1323 4096 sibi
1374 4031 1720 4095 commissis
1788 4051 1893 4113 pro
1940 4035 2113 4114 parte
2159 4033 2394 4102 nostra
2459 4050 2600 4119 curu
2648 4029 3124 4111 solepnitatibus

392 4121 677 4185 omnibus
725 4120 1109 4203 opportunis.

603 4210 857 4274 Testes.
902 4207 1185 4272 dominus
1234 4206 1600 4270 Benintendi
1652 4205 2221 4284 vicecancellariuS,
2286 4225 2384 4269 ser
2431 4205 2712 4269 Andreas
2778 4204 2853 4268 de
2901 4203 3114 4286 Capite

393 4297 682 4380 aggeriS‚
729 4295 1014 4360 Andreas
1062 4295 1159 4359 de
1180 4293 1479 4359 Cremona
1520 4295 1799 4358 notarius
1846 4294 2033 4373 curie,
2092 4254 2406 4360 Joh'annes
2455 4291 2836 4410 BernarduS,
2886 4292 3123 4357 Paulus

392 4386 466 4448 de
514 4385 849 4448 Bernardo.

473 4476 669 4545 Misti,
702 4474 960 4533 XXVI.
1011 4474 1111 4542 59,
1160 4491 1199 4531 ιι
1246 4473 1585 4531 mletackom
1633 4474 1865 4531 arkizmu
