3620 5282
473 346 600 413 184

468 524 579 586 ciis
626 520 754 586 suis
801 517 1139 582 carissimis
1188 537 1295 599 per
1343 518 1765 582 honorabilem
1803 517 2006 581 virum
2054 517 2444 599 Stephanum
2495 517 2899 581 secretarium
2946 520 3010 580 et
3057 535 3201 598 pro-

471 609 852 675 tonotarium
902 625 1103 670 suum.

679 693 890 759 Primo
939 691 1315 756 laudabilem
1387 693 1450 755 et
1493 691 1885 755 amicabilem
1936 691 2103 773 regie
2151 691 2500 756 maiestatis
2557 691 2999 756 salutationem
3047 691 3197 755 offe-

469 790 569 848 rat
614 779 937 860 magnifico
984 785 1047 843 et
1091 779 1328 861 potenti
1376 780 1623 843 domino
1671 778 1844 856 duci,
1892 779 2148 844 consilio
2195 782 2260 844 et
2305 782 2747 844 communitati
2794 779 3195 844 Venetiarum

467 870 684 934 amicis
732 868 880 944 suis,
930 868 994 931 et
1039 886 1109 930 eo
1155 867 1401 944 honore,
1450 885 1568 949 quo
1615 869 1807 930 decet.

675 954 950 1019 Secundo
1014 955 1213 1032 dicat,
1261 953 1564 1036 quomodo
1624 954 1757 1035 ipse
1810 954 2100 1016 dominus
2162 972 2267 1016 rex
2328 953 2406 1016 de
2466 952 2748 1016 amicitia
2809 955 2971 1017 inter
3031 955 3196 1036 ipsos

465 1045 793 1125 utrumque
840 1061 911 1106 ex
961 1060 1254 1107 novorum
1318 1045 1607 1123 pactuum
1675 1042 1896 1105 unione
1964 1042 2285 1104 contracta
2347 1039 2640 1104 indubius
2686 1046 2933 1118 manet,
2978 1042 3192 1106 firmus

459 1131 617 1207 stat,
666 1133 729 1194 et
773 1129 1040 1193 confisus
1090 1129 1341 1192 minime
1389 1127 1693 1205 hesitanS,
1743 1128 1891 1210 quin
1937 1127 2056 1209 ipsi
2106 1127 2322 1192 Veneti
2380 1127 2568 1191 amici
2628 1126 2725 1191 sui
2779 1130 2857 1193 ad
2917 1130 3193 1210 compla-

462 1216 697 1281 centias
743 1215 944 1282 eidem
992 1218 1236 1281 domino
1299 1217 1429 1297 regi
1494 1216 1869 1280 exhibendas
1941 1215 2250 1278 benivolos
2314 1218 2378 1278 et
2437 1218 2646 1298 gratos
2693 1234 2760 1279 se
2822 1216 3083 1280 offerent
3129 1217 3192 1280 in

463 1304 560 1367 his
607 1306 942 1387 signanter,
991 1324 1108 1387 que
1155 1303 1430 1368 amicitie
1478 1306 1627 1367 sunt
1671 1305 1735 1366 et
1780 1302 2049 1366 honoris,
2099 1299 2277 1380 Quod
2320 1304 2450 1366 vice
2497 1302 2928 1384 reciproca·ab
2977 1305 3190 1368 eodem

464 1393 709 1457 domino
755 1411 900 1472 rege
947 1410 1195 1473 sperare
1244 1391 1473 1456 habent
1521 1390 1961 1454 indubitanter.
2016 1391 2242 1453 Verum
2289 1391 2435 1473 quia
2468 1393 2847 1455 memoratus
2898 1390 3189 1455 dominus

461 1497 566 1546 rex
612 1480 937 1560 magnifico
981 1479 1228 1543 domino
1274 1480 1566 1543 Paduano
1612 1479 1925 1542 communi
1969 1478 2167 1541 amico
2225 1478 2309 1541 sit
2354 1478 2417 1540 in
2482 1477 2930 1560 quinquaginta
2993 1478 3195 1543 millia

465 1566 560 1630 vel
607 1567 792 1649 paulo
839 1568 975 1648 plus
1023 1567 1394 1630 florenorum
1459 1583 1706 1628 summa
1764 1565 2120 1647 obligatuS,
2183 1565 2255 1629 de
2303 1565 2525 1647 quibus
2583 1565 2785 1629 eidem
2828 1564 3186 1630 satisfacere

464 1655 711 1718 omnino
759 1653 1092 1736 dispositus
1137 1653 1433 1728 habetur;
1479 1653 1896 1728 considerans,
1944 1653 2102 1733 quod
2146 1653 2273 1733 ipse
2320 1653 2648 1716 Paduanus
2687 1656 2857 1717 certa
2902 1654 3193 1734 pecunia·

463 1761 596 1806 rum
646 1741 995 1823 quantitate
1042 1740 1354 1821 obligatus
1409 1741 1638 1804 existat
1683 1738 1882 1804 eidem
1922 1738 2196 1816 VenetiS,
2245 1739 2467 1803 Veneti
2501 1740 2710 1803 autem
2764 1740 3014 1805 domino
3060 1742 3191 1822 regi

461 1828 727 1911 singulis
774 1828 953 1893 annis
1001 1830 1064 1891 in
1113 1828 1270 1892 festo
1315 1827 1481 1892 beati
1544 1828 1708 1909 regis
1758 1827 2054 1908 Stephani
2117 1827 2356 1908 septem
2405 1826 2606 1891 millia
2648 1827 3013 1892 ducatorum
3062 1829 3187 1892 sol—

464 1936 602 1980 vere
647 1919 794 1980 sunt
839 1916 1100 1993 astricti,
1150 1918 1220 1979 ut
1265 1920 1446 1997 pacta
1477 1915 1925 1992 demonstrant,
1975 1915 2111 1978 ideo
2160 1915 2317 1995 petit
2362 1914 2495 1996 ipse
2537 1914 2820 1979 dominus
2866 1933 2991 1991 rex,
3039 1934 3190 1997 qua—

459 2010 634 2068 tenus
681 2004 820 2081 dux,
869 2002 1195 2067 consilium
1243 2006 1307 2066 et
1352 2020 1677 2066 commune
1727 2002 2131 2066 Venetiarum
2179 2002 2417 2082 septem
2475 2019 2773 2066 annorum
2821 2003 3187 2067 solutionem

460 2091 522 2155 in
570 2095 753 2155 antea
799 2092 1083 2164 fiendam,
1126 2110 1244 2172 qne
1291 2108 1603 2155 summam
1649 2088 1923 2153 facerent
1969 2089 2381 2172 qnadraginta
2426 2106 2649 2153 novem
2690 2090 2961 2155 millium
3009 2091 3194 2154 duca-

459 2181 664 2243 torum
707 2179 951 2243 nomine
999 2177 1352 2242 huiusmodi
1401 2177 1724 2241 solutionis
1771 2177 2046 2240 debende
2082 2176 2330 2240 domino
2377 2175 2587 2240 Padue
2633 2176 2695 2240 in
2739 2196 2850 2242 sua
2882 2177 3191 2242 solutione

464 2266 714 2331 Venetis
763 2266 965 2329 fienda
1010 2266 1303 2330 difalcare
1352 2264 1547 2330 velint
1606 2265 2125 2345 contemplatione
2192 2262 2428 2327 domini
2476 2265 2660 2346 regis
2711 2265 2905 2346 Super
2967 2264 3190 2346 quibus

458 2357 694 2436 septem
740 2372 1042 2418 annornm
1089 2354 1327 2434 integre
1375 2353 1879 2417 revolvendorum
1927 2352 2232 2415 solutione
2304 2351 2435 2433 ipse
2468 2350 2752 2415 dominus
2799 2372 2904 2417 rex
2949 2352 3187 2417 eisdem

461 2442 713 2506 Venetis
759 2441 1133 2523 quietantias
1182 2441 1356 2504 dabit
1400 2438 1798 2503 sufficientes
1850 2438 2305 2522 SubiungendO,
2349 2437 2509 2519 quod
2558 2439 2820 2521 expletis
2867 2442 2934 2505 et
2979 2441 3197 2503 termi-

462 2529 621 2593 natis
668 2527 1022 2592 huiusmodi
1054 2529 1232 2591 annis
1280 2528 1357 2591 ad
1405 2527 1773 2591 solutionem
1806 2526 2023 2591 deiude
2056 2526 2419 2599 faciendam,
2467 2532 2649 2607 prout
2695 2526 2756 2589 in
2799 2527 2999 2609 pactis
3046 2546 3192 2591 cou-

462 2618 712 2695 tinetur,
761 2617 890 2681 sint
932 2613 1170 2681 astricti
1217 2617 1281 2680 et
1329 2605 1576 2698 alligati
1618 2614 1683 2678 in
1733 2615 2085 2696 premissiS,
2134 2616 2198 2679 et
2248 2615 2500 2679 omnino
2543 2612 2707 2679 dicto
2755 2614 3010 2680 domino
3057 2615 3188 2698 regi

459 2707 702 2787 gratam
750 2703 1263 2784 complacentiam
1312 2706 1375 2767 et
1422 2704 1727 2767 sinceram
1791 2701 2135 2768 amicitiam
2204 2701 2549 2766 ostendent.
2613 2700 2904 2767 Ceterum
2974 2703 3191 2768 huius—

461 2794 621 2856 modi
668 2791 1118 2873 quietationum
1166 2790 1411 2856 litteras
1457 2790 1741 2854 dominns
1787 2810 1892 2854 rex
1938 2791 2173 2855 eisdem
2220 2790 2608 2855 transmittet
2653 2790 2729 2854 ad
2778 2789 3078 2855 Venetias
3127 2790 3189 2853 in

461 2880 722 2945 termino
768 2880 857 2943 eis
904 2878 1146 2961 placido
1193 2881 1256 2943 et
1301 2877 1711 2954 convenienti3
1760 2879 1826 2941 et
1872 2877 1923 2941 si
1971 2877 2354 2942 consentient
2398 2876 2463 2940 in
2507 2877 2618 2942 hoc
2642 2878 2811 2959 tegle
2856 2878 3189 2955 maiestati,

461 2988 531 3032 ex
575 2969 721 3032 tunc
769 2967 1017 3030 domino
1065 2966 1274 3031 Padue
1321 2985 1440 3031 non
1488 2965 1683 3030 velint
1728 2966 1961 3030 instare
2007 2968 2081 3030 de
2128 2967 2301 3030 tanta
2353 2965 2613 3046 pecunia
2674 2956 2970 3031 solxienda
3039 2966 3192 3048 ipsis

463 3057 526 3119 et
572 3073 781 3119 eorum
828 3053 1274 3120 communitati.
2100 3066 2107 3069 ‘

673 3143 836 3206 Data
883 3140 1237 3225 Diosgueur
1275 3141 1622 3223 penultima
1667 3142 1765 3204 die
1826 3140 2026 3204 mensi
2074 3140 2422 3207 decembris
2475 3160 2636 3206 anno
2699 3140 2937 3206 domini
2984 3140 3190 3206 mille-

464 3231 620 3293 simo
667 3230 1103 3294 trecentesimo
1151 3229 1566 3311 octuagesimo
1612 3229 1826 3311 primo.

557 3333 1128 3399 Commemorialium
1185 3338 1360 3398 VIII
1402 3340 1503 3414 50,
1551 3354 1595 3396 u
1639 3338 1793 3399 mlct.
1845 3337 2079 3396 arkivu.

835 3525 1132 3608 CCLV.
1188 3525 1396 3607 God.
1452 3525 1677 3607 1382.
1732 3524 1872 3606 30.
1928 3524 2276 3627 siecnja,
2333 3549 2389 3607 u
2444 3526 2835 3609 Mletcih.

465 3651 753 3724 szcdevz't
797 3652 1126 3728 uffan-hrt).
1161 3653 1321 3725 kralj
1357 3652 1496 3711 moli
1530 3653 1860 3725 republikaec,
1904 3660 2059 3718 nelca
2104 3661 2314 3732 izplati
2352 3660 2617 3735 ,qodisnji
2649 3661 2853 3720 danak
2898 3663 2974 3721 od
3022 3666 3195 3721 7000

463 3740 712 3810 dulcata,
758 3740 857 3815 koj
895 3758 995 3799 mu
1037 3741 1095 3811 jc
1141 3741 1340 3799 ἀηὲηα
1371 3739 1622 3813 placati,
1667 3759 1742 3801 za
1789 3744 1830 3798 7
1861 3748 2085 3820 yodc‘na
2115 3765 2342 3821 mprvo
2388 3754 2429 3810 t.
2464 3751 2516 3821 j.
2565 3751 2779 3807 49000
2811 3750 2952 3810 dulc.
2998 3768 3037 3810 u
3084 3754 3197 3810 ime

463 3828 704 3903 njeyovo
741 3830 1243 3901 paduvanskomu
1287 3824 1826 3977 yospodaruiziglje
1854 3837 2286 3981 Zemygpublika
2346 3838 2619 3910 obvezuje
2678 3853 2843 3896 samo
2894 3854 2969 3897 za
3004 3840 3196 3911 Jedan

684 4018 868 4083 1381.
918 4017 1250 4083 indictione
1298 4019 1375 4096 V,
1422 4019 1521 4085 die
1567 4020 1750 4084 XXX
1793 4021 2075 4091 ianuarii.
2149 4026 2471 4108 Sapientes
2520 4025 2762 4091 consilii
2810 4029 3190 4110 rogatorum.

466 4106 698 4189 Capta:
749 4126 892 4171 cum
925 4107 1353 4171 screnissimus
1388 4127 1490 4171 rex
1519 4108 1839 4190 Hungarie
1881 4131 1986 4191 per
2019 4112 2419 4178 secretarium
2450 4115 2978 4195 prothonotarium
3011 4134 3191 4179 suum

466 4192 910 4275 Stephaninum
959 4213 1095 4259 cum
1145 4196 1272 4260 suis
1319 4193 1548 4259 litteris
1602 4195 1991 4263 credulitatis
2038 4201 2213 4265 nobis
2274 4202 2492 4281 exponi
2539 4201 2753 4267 fecerit
2797 4203 3191 4268 ambaxatam

470 4300 646 4344 suam
687 4281 752 4345 in
797 4282 913 4346 hac
959 4281 1176 4354 forma,
1224 4282 1547 4348 videlicet:
1598 4284 1738 4365 quia
1777 4285 1907 4366 ipse
1955 4289 2235 4352 dominus
2284 4307 2387 4352 rex
2426 4291 2753 4372 magnifico
2783 4292 3028 4355 domino
3076 4292 3195 4355 Pa·

466 4368 584 4432 due
631 4373 727 4433 est
772 4369 1084 4452 obligatus
1137 4372 1199 4434 in
1248 4371 1696 4454 quinquaginta
1739 4373 2000 4439 milibus
2044 4375 2290 4440 florenis
2333 4376 2433 4440 vel
2479 4378 2663 4459 paulo
2711 4378 2882 4460 plue,
2933 4380 3007 4443 de
3054 4379 3193 4459 qui-

473 4455 582 4552 bus
630 4456 761 4536 ipse
807 4458 1088 4522 dominus
1137 4478 1242 4522 rex
1291 4461 1388 4523 est
1442 4456 1688 4522 omnino
1735 4459 2074 4542 dispositus
2121 4465 2360 4528 solvere
2414 4466 2477 4528 et
2522 4464 2877 4530 satisfacere
2924 4467 3043 4548 ipsi
3092 4468 3196 4530 do-

469 4558 636 4604 mino
684 4543 910 4608 Padue.
962 4544 1366 4611 considerans
1414 4547 1544 4627 ipse
1592 4546 1877 4612 dominus
1925 4570 2048 4628 rex,
2083 4551 2243 4633 quod
2277 4551 2563 4616 dominus
2613 4553 2821 4617 Padue
2867 4557 2962 4618 est
3013 4554 3186 4619 nobis

470 4627 780 4710 obligatus
829 4630 892 4694 in
937 4635 1105 4696 certa
1180 4635 1575 4715 pecuniarum
1638 4636 1986 4715 quantitate
2055 4658 2163 4720 per
2210 4638 2473 4704 formam
2520 4639 2725 4721 paciS,
2773 4643 2836 4704 et
2873 4641 3036 4724 quod
3083 4659 3192 4704 nos

470 4715 532 4779 et
579 4733 903 4784 commune
964 4724 1243 4786 nostrum
1292 4720 1695 4787 Venetiarum
1721 4742 1939 4791 sumus
1994 4725 2255 4810 obligati
2279 4726 2400 4810 ipsi
2462 4727 2707 4792 domino
2754 4729 2885 4812 regi
2931 4728 3194 4811 singulis
