3620 5282
3032 348 3163 411 429

432 522 587 586 alias
647 539 768 599 res,
819 538 972 604 quas
1021 518 1189 585 dicti'
1218 519 1534 584 habebant
1582 517 1657 584 de
1706 519 1945 584 ratione
1992 519 2136 585 dicti
2189 520 2383 584 nostri
2451 521 2624 598 civis,
2690 522 2753 585 et
2816 523 2984 585 ultra
3053 524 3163 587 hoc

434 610 810 693 sequestrari
860 608 1094 672 fecerat
1140 610 1201 670 in
1238 608 1520 672 manibus
1569 626 1817 672 suorum
1869 608 2215 672 debitorum
2267 611 2330 671 et
2361 608 2718 690 specialiter
2751 611 2932 673 unius
2967 612 3163 674 nomi-

434 717 508 761 ne
558 696 810 762 Stanira
855 696 930 760 de
981 696 1207 759 Pasera
1253 698 1448 759 totam
1498 697 1907 778 quantitatem
1980 697 2246 776 argenti,
2319 696 2380 758 in
2451 715 2572 777 qua
2645 698 2929 761 teneatur
2998 700 3162 762 dicto

434 804 533 849 ser
584 785 936 862 BenedictO,
984 783 1145 864 quod
1194 787 1521 868 argentum
1571 785 1668 846 est
1716 781 1756 845 l.
1808 782 1938 845 250
1983 784 2076 846 vel
2126 784 2311 860 circa,
2358 788 2420 845 et
2467 785 2589 847 iam
2653 788 2913 864 ‘partem
2967 785 3163 867 ipsius

436 872 678 955 argent-i
726 871 917 952 accipi
958 871 1116 948 ,fecit
1162 873 1234 934 de
1285 872 1570 934 manibus
1610 871 1763 933 dicti
1808 870 2105 934 debitoris
2153 870 2302 933 dicti
2350 890 2447 934 ser
2486 870 2770 934 Benediti
2838 874 2900 935 in
2966 874 3161 937 maxi-

438 979 609 1023 mum
657 961 951 1023 damnum
994 959 1056 1023 et
1098 959 1397 1023 iacturam
1430 957 1594 1042 ‚dicti
1644 957 1796 1021 civis
1849 958 2037 1021 nostri
2085 960 2150 1020 et
2197 960 2409 1021 contra
2455 959 2549 1022 ius
2597 963 2658 1022 et
2706 958 3037 1037 iustitiam,
3087 979 3155 1025 eo

437 1047 596 1129 quod
645 1046 849 1110 dictus
897 1047 1201 1111 mercator
1247 1046 1601 1129 ragusimus
1664 1047 2037 1126 conquestus
2083 1043 2202 1107 fuit
2250 1045 2412 1109 dicto
2482 1045 2692 1109 comiti
2765 1046 3018 1112 Stefano
3092 1050 3163 1111 de

440 1139 647 1199 nostro
688 1138 924 1198 rectore
973 1132 1215 1197 Scutari
1263 1134 1335 1198 de
1385 1152 1468 1208 re,
1519 1136 1581 1195 in
1629 1152 1751 1215 qua
1794 1135 1926 1213 ipse
1975 1132 2325 1214 Ragusinus
2371 1130 2490 1196 fuit
2535 1137 2598 1196 et
2644 1137 2738 1197 est
2769 1134 2829 1197 in
2864 1137 3060 1216 culpa,
3100 1139 3162 1198 et

438 1241 622 1287 causa
668 1222 964 1285 novitatis
1012 1220 1172 1285 facte
1219 1221 1338 1284 sibi
1387 1241 1492 1302 per
1535 1221 1770 1284 dictum
1824 1222 2100 1283 nostrum
2149 1222 2469 1296 rectorem,
2521 1239 2662 1283 nam
2699 1221 2959 1298 videtur,
2996 1223 3157 1305 quod

439 1312 644 1375 dictus
692 1313 994 1373 mercator
1040 1311 1391 1391 ragusimus
1441 1307 1636 1371 voluit
1680 1308 1850 1388 prius
1898 1325 1964 1371 se
2010 1307 2350 1383 informari,
2400 1309 2450 1370 si
2497 1309 2934 1373 concederetur
2982 1312 3037 1373 ei
3086 1310 3163 1372 li-

445 1398 649 1462 centia
696 1397 975 1479 portandi
1026 1416 1131 1477 per
1179 1397 1523 1459 teritorium
1569 1395 1805 1459 Scutari
1857 1414 2031 1458 arma
2082 1395 2155 1459 ad
2220 1399 2427 1476 partes
2494 1395 2804 1459 subiectas
2874 1396 3156 1462 Turchis

439 1484 664 1549 fuitei
715 1502 1090 1566 responsum,
1140 1486 1299 1565 quod
1348 1502 1484 1548 non.
1537 1484 1621 1547 Et
1665 1500 1781 1546 non
1831 1483 2118 1546 obstante
2190 1484 2299 1553 hoc
2366 1482 2567 1547 dictus
2642 1483 3023 1565 Ragusimus
3097 1486 3160 1548 in

441 1572 813 1653 quibusdam
863 1573 1064 1654 capsit
1112 1572 1398 1653 portebat
1439 1589 1548 1653 per
1595 1571 1978 1633 territorium
2030 1569 2274 1635 Scutari
2321 1571 2485 1633 dicta
2533 1588 2705 1634 arma
2766 1571 2971 1636 oculta
3017 1590 3159 1636 con-

440 1664 535 1724 tra
586 1658 827 1723 ordines
906 1662 968 1722 et
1034 1658 1234 1723 banna
1282 1659 1444 1723 dicte
1492 1660 1700 1722 nostre
1748 1657 2024 1721 civitatis
2094 1660 2158 1720 et
2202 1661 2415 1722 contra
2461 1657 2754 1721 honorem
2804 1661 2868 1722 et
2917 1659 3144 1723 bonum

442 1746 941 1822 christianorum,
991 1765 1105 1829 que
1149 1748 1396 1828 quidem
1442 1763 1634 1822 arma,
1662 1746 1752 1808 sic
1799 1746 2051 1808 inventa
2091 1744 2319 1826 portari
2371 1764 2478 1827 per
2525 1744 2802 1808 fraudem
2851 1748 2913 1809 et
2944 1749 3157 1811 contra

442 1834 737 1910 bannum,
789 1834 1042 1897 fuerunt
1066 1834 1226 1897 iuste
1261 1837 1324 1898 et
1351 1831 1806 1897 rationabiliter
1830 1834 2081 1913 accepta
2117 1850 2226 1913 per
2257 1832 2493 1896 dictum
2528 1833 2805 1896 nostrum
2840 1838 3161 1911 rectorem,

445 1940 554 1986 nec
580 1922 720 1986 huic
746 1921 862 1985 tali
886 1921 1224 2003 acceptioni
1254 1922 1458 2002 potuit
1485 1919 1718 2002 aliquid
1746 1919 2180 2001 opponi-alicui
2210 1920 2325 1983 nisi
2352 1921 2518 1983 dicto
2547 1921 2889 1998 mercatori,
2916 1922 3018 2002 qui
3045 1922 3166 1986 fuit

437 2009 498 2072 in
529 2008 788 2074 defectu.
819 2009 901 2071 Et
924 2009 1163 2092 quando
1189 2027 1300 2091 pur
1325 2008 1529 2072 dictus
1554 2009 1865 2071 mercator
1891 2010 2172 2088 putasset
2196 2009 2316 2071 sibi
2341 2007 2586 2089 aliquod
2614 2008 2879 2072 oblicum
2907 2009 3156 2073 illatum

440 2115 594 2174 esse,
644 2095 932 2160 debuisse
981 2096 1204 2162 habere
1251 2114 1570 2161 recursum
1618 2093 1715 2159 vel
1761 2094 1839 2158 ad
1886 2095 2161 2177 regimen
2231 2095 2489 2177 Ragusii
2564 2094 2658 2159 vel
2735 2094 2810 2160 ad
2858 2114 2988 2174 noe,
3059 2098 3161 2179 qui
3229 2094 3248 2104 ⁶

441 2184 702 2265 benigne
748 2182 1202 2248 audivissemus
1244 2188 1390 2249 ‘eum
1431 2183 1663 2247 intuitu
1708 2182 1948 2246 iustitie
1994 2186 2058 2246 et
2104 2200 2315 2246 amore
2359 2187 2581 2258 vestre,
2644 2184 2707 2246 et
2775 2182 3159 2261 fecissemuS,

443 2273 495 2334 si
544 2270 768 2335 fuisset
814 2272 875 2334 in
921 2272 1052 2335 iure
1098 2273 1173 2336 de
1220 2272 1384 2336 dicto
1430 2271 1614 2348 facto,
1662 2269 1782 2333 sibi
1831 2270 1929 2333 ius
1981 2272 2045 2332 et
2096 2269 2404 2334 iustitiam
2442 2270 2816 2334 ministrare.
2865 2271 2981 2336 Sed
3017 2272 3163 2353 quia

437 2357 597 2423 vidit
641 2361 707 2421 et
752 2360 1056 2442 cognovit,
1104 2358 1271 2424 dicta
1317 2376 1493 2423 arma
1536 2356 1699 2421 iuste
1746 2359 2000 2439 accepta
2076 2357 2192 2421 sibi
2276 2357 2484 2434 fuisse,
2557 2357 2764 2441 inique
2842 2360 2906 2421 et
2954 2360 3162 2423 dolose

437 2446 602 2510 male
654 2445 1012 2510 informavit
1058 2446 1295 2511 dictum
1342 2447 1635 2511 comitem
1686 2444 2070 2527 Stephanum
2119 2448 2183 2509 et
2219 2448 2434 2509 contra
2482 2446 2823 2526 equitatem
2886 2448 2948 2511 et
2995 2446 3148 2511 veri-

440 2536 657 2598 tatem.
706 2533 921 2615 Itaque
969 2534 1129 2617 quod
1179 2536 1282 2615 qui
1333 2552 1581 2599 causam
1629 2532 1862 2596 dictam
1910 2532 2034 2612 dat,
2085 2533 2377 2597 damnum
2428 2531 2668 2596 dedisse
2703 2532 2966 2612 videtur,
2999 2533 3160 2599 iuste

433 2625 496 2687 et
542 2640 681 2687 vere
750 2639 1076 2705 possumus
1145 2621 1368 2700 dicere,
1446 2621 1609 2704 quod
1658 2620 1858 2685 dictus
1937 2624 2245 2685 mercator-
2307 2619 2685 2704 Ragusimus
2729 2620 2949 2687 intulit
2995 2621 3161 2688 dicto

433 2712 640 2774 nostro
685 2710 806 2773 civi
852 2711 1165 2784 damnum,
1217 2711 1737 2792 sequestrationes
1786 2712 1852 2773 et
1897 2708 2280 2790 acceptiones
2328 2728 2532 2772 rerum
2583 2711 2646 2772 et
2689 2709 3008 2773 domorum
3058 2730 3164 2775 su-

435 2815 611 2862 arum
663 2815 735 2861 ac
781 2797 878 2861 sui
926 2799 1166 2879 argenti
1211 2797 1287 2861 de
1336 2796 1622 2861 manibus
1669 2814 1918 2860 suorum
1968 2796 2340 2860 debitorum.
2392 2797 2471 2860 Et
2518 2800 2838 2878 propterea
2885 2817 3028 2862 cum
3076 2800 3164 2863 si-

435 2888 543 2950 cut
588 2885 877 2949 civitates
922 2889 985 2949 et
1030 2885 1384 2949 communia
1431 2887 1690 2947 tuentur
1732 2885 1795 2947 et
1842 2883 2051 2947 favent
2084 2883 2322 2947 civibus
2367 2888 2431 2947 et
2478 2883 2935 2949 habitatoribus
3007 2889 3157 2962 suiS,

439 2991 512 3036 ac
558 2976 928 3036 conservant
966 2989 1069 3037 eos
1116 2973 1178 3035 in
1227 2972 1466 3036 iuribus
1516 2973 1645 3034 suis
1703 2973 1921 3036 contra
1985 2988 2421 3053 quoscumque,
2487 2970 2777 3035 similiter
2836 2977 3162 3038 teneantur

436 3060 601 3124 dicte
648 3060 935 3124 civitates
982 3062 1046 3124 et
1090 3061 1439 3124 communia
1487 3059 1561 3122 ad
1614 3057 2052 3139 providendum
2101 3060 2176 3121 ad
2226 3058 2715 3123 satisfactionem
2764 3065 2826 3123 et
2874 3061 3161 3125 mendam

439 3150 827 3224 damnorum,
872 3165 989 3229 que
1037 3147 1383 3211 inferuntur
1460 3146 1730 3210 indebite
1777 3149 1842 3210 et
1886 3145 2115 3209 iniuste
2161 3164 2268 3226 per
2312 3165 2454 3210 suos
2486 3146 2648 3210 cives
2682 3149 2743 3209 et
2777 3145 3159 3212 habitatores

436 3235 576 3300 aliis
624 3234 913 3315 personis
982 3233 1171 3298 Suam
1239 3234 1625 3298 nobilitatem
1689 3252 1759 3296 ac
1823 3233 2332 3309 benevolentiam,
2399 3252 2583 3315 quam
2645 3235 2875 3298 scimus
2938 3236 3160 3300 collere

439 3324 766 3399 iustitiam,
815 3322 1149 3403 equitatem
1194 3326 1257 3385 et
1305 3322 1712 3394 honestatem,
1761 3325 1826 3385 et
1875 3338 1983 3384 nos
2031 3320 2291 3403 diligere
2337 3322 2403 3384 et
2450 3341 2555 3403 per
2586 3340 2960 3403 consequens
2995 3342 3164 3386 mer-

433 3414 676 3473 catores
723 3411 789 3473 et
834 3411 998 3474 cives
1046 3413 1307 3486 nostros»,
1354 3427 1643 3492 rogamus
1687 3409 1994 3472 instanter
2041 3413 2344 3490 quatenus
2391 3408 2631 3489 placeat
2675 3409 2994 3491 providere
3054 3417 3159 3475 ta-

434 3497 579 3561 liter
625 3498 789 3561 circa
832 3498 1155 3561 materiam
1205 3501 1269 3559 et
1314 3495 1546 3561 factum
1593 3495 1963 3578 predictum,
2012 3496 2172 3578 quod
2222 3496 2424 3559 dictus
2473 3497 2626 3560 civis
2677 3499 2885 3561 noster
2933 3498 3160 3563 habeat

433 3582 916 3650 satisfactionem
966 3586 1030 3648 et
1075 3584 1393 3648 emendam
1445 3586 1655 3648 damni
1704 3583 1822 3647 sibi
1872 3584 2054 3659 illati,
2104 3586 2166 3646 et
2211 3584 2369 3665 quod
2435 3602 2554 3647 non
2619 3584 2843 3649 habeat
2909 3605 3159 3651 causam

437 3670 700 3736 ulterius
748 3672 1102 3753 querelandi
1153 3690 1358 3735 coram
1403 3672 1597 3746 nobiS,
1652 3670 1756 3735 sed
1807 3670 2167 3735 remanendi
2216 3675 2563 3748 contentuS,
2614 3674 2678 3736 et
2739 3675 2897 3754 quod
2962 3675 3160 3746 factor

436 3778 585 3824 suus
621 3759 951 3834 relaxetur,
1006 3760 1078 3822 ut
1122 3765 1217 3822 est
1265 3760 1520 3834 iustum,
1572 3762 1634 3821 et
1681 3777 2001 3839 speramus
2050 3758 2110 3821 in
2156 3759 2466 3840 sapientia
2504 3779 2633 3823 sua.
2680 3760 2760 3822 Et
2807 3763 2965 3828 circa
3000 3763 3161 3827 obti-

437 3846 700 3910 nendam
750 3847 937 3909 istam
990 3849 1266 3910 nostram
1345 3846 1745 3910 intentionem
1794 3845 2018 3909 debeas
2066 3865 2204 3909 cum
2254 3847 2545 3926 predictis
2602 3850 2664 3911 et
2711 3847 2853 3914 aliis
2902 3850 3157 3914 rationi-

434 3936 568 4008 bus,
620 3953 735 4016 que
785 3934 900 3996 tibi
952 3933 1323 3998 videbuntur
1370 3934 1532 3997 bona
1601 3936 1664 3996 et
1731 3932 2021 4015 proficua,
2093 3933 2292 3996 facere
2350 3933 2635 4018 quicquid
2711 3937 2851 4000 boni
2929 3938 3158 4018 poteris

437 4024 496 4085 in
547 4020 818 4085 favorem
871 4021 1016 4084 dicti
1066 4022 1258 4085 nostri
1299 4022 1471 4086 civis.
1524 4020 1754 4085 Verum
1805 4022 1856 4083 si
1906 4020 2019 4083 tibi
2092 4020 2265 4084 fieret
2330 4022 2559 4085 mentio
2619 4022 2692 4086 de
2763 4024 3159 4088 restitutione

435 4127 749 4172 armorum
799 4111 1189 4190 acceptorum
1243 4128 1349 4190 per
1392 4110 1695 4173 rectorem
1745 4109 2027 4172 nostrum
2077 4106 2336 4184 Scutari,
2385 4111 2448 4171 et
2493 4110 3154 4191 tucomprehendereS.

433 4195 591 4277 quod
641 4196 1022 4260 restituendo
1070 4195 1233 4259 dicta
1280 4214 1473 4267 arma,
1520 4197 1588 4258 tu
1633 4195 1909 4258 obtinere
1956 4195 2156 4276 possis
2202 4198 2475 4258 nostram
2525 4196 2955 4273 intentionem,
3008 4204 3155 4263 tunc

432 4284 666 4347 habeas
714 4282 1069 4347 libertatem
1121 4282 1382 4359 dicendi,
1433 4282 1599 4366 quod
1645 4282 1881 4346 intuitu
1924 4287 1987 4345 et
2033 4301 2240 4346 amore
2288 4283 2452 4346 dicte
2503 4286 2973 4348 communitatis
3039 4288 3156 4350 Ra·

436 4370 597 4452 gusii
647 4388 863 4434 sumus
908 4372 1179 4434 contenti
1259 4370 1457 4433 facere
1538 4369 1670 4433 dari
1750 4371 1812 4432 in
1864 4368 2050 4433 bailia
2097 4374 2159 4432 et
2237 4388 2421 4433 mauu
2472 4371 2637 4434 dicte
2685 4373 3154 4435 communitatis

437 4460 604 4521 dicta
650 4476 844 4519 arma.
896 4457 979 4520 Et
1026 4462 1097 4520 ut
1145 4458 1255 4520 hoc
1303 4458 1531 4521 habeat
1576 4457 1888 4533 effectum,
1939 4451 2199 4520 fecimus
2248 4458 2360 4519 tibi
2411 4458 2553 4520 dare
2600 4458 2843 4522 litteras
2896 4464 3152 4535 nostraS,

435 4563 587 4625 quas
630 4546 860 4625 poteris
909 4545 1153 4609 mittere
1195 4545 1416 4609 rectori
1468 4544 1712 4610 Scutari
1764 4563 1908 4608 cum
1953 4543 2118 4606 dicto
2164 4547 2376 4605 nostro
2427 4547 2737 4618 mandato,
2788 4547 2841 4607 si
2917 4547 3150 4608 videbis

437 4649 570 4693 esse
618 4649 865 4693 necesse
914 4651 1020 4712 pro
1069 4632 1230 4694 facto
1281 4635 1490 4696 nostro
1538 4632 1833 4714 predicto.
1884 4631 1965 4693 Et
2006 4631 2055 4693 si
2106 4629 2414 4692 obtinebis
2465 4631 2543 4707 id,
2590 4633 2750 4712 quod
2803 4634 2914 4695 tibi
2963 4651 3150 4712 supra

439 4717 909 4796 committimus,
961 4718 1054 4781 vel
1105 4722 1164 4782 in
1214 4719 1433 4800 forma,
1482 4720 1556 4784 de
1604 4738 1724 4804 qua
1772 4719 2092 4782 remaneat
2166 4719 2486 4781 contentus
2543 4719 2743 4784 dictus
2801 4739 2899 4798 ser
2947 4720 3141 4786 Bene-
