3620 5282
3009 407 3140 473 115

699 577 1793 663 CCXXXV11.G0‹1.1378.
1850 579 1943 661 12
1996 580 2280 682 ruina,
2336 603 2390 662 u
2443 581 2835 664 Mletcih.

397 711 559 796 Sabe
592 739 654 782 se
695 713 980 795 poslanik
1016 742 1056 781 u
1109 722 1319 797 Olqun,
1366 725 1519 782 nelca
1566 725 1718 783 mlet.
1770 729 1997 798 tryovce
2033 721 2276 797 povede,
2323 725 2402 782 da
2440 725 2609 796 scoja
2648 724 2879 796 z’manja
2926 729 3140 786 uklone

402 808 610 870 daleko
651 830 692 870 u
731 814 923 884 kopno
971 814 1110 885 sboy
1156 815 1476 888 opasnostc}
1527 814 1665 884 lcoja
1702 810 1893 885 pr'ieti
1923 813 1998 871 od
2023 814 2218 886 qalija
2244 814 2631 885 ajenuvezlcih
2666 815 2686 870 a·
2717 815 3137 874 dubrovackih.

619 926 821 994 137s.'
854 931 951 995 die
993 931 1112 994 Xll
1165 933 1559 1014 septembris.
1611 932 1840 1014 Capta:
1892 932 2065 1014 quod·
2100 938 2475 997 mercatores
2540 933 2835 1016 Dulcigni
2901 937 3143 1016 possint

402 1020 650 1083 mittere
699 1039 888 1082 unum
941 1021 1230 1083 nuncium
1283 1040 1464 1083 suum
1516 1039 1699 1100 super
1745 1020 1886 1083 istis
1934 1020 2152 1102 galeis,
2201 1022 2305 1102 qui
2340 1021 2679 1101 deponatur
2728 1025 2788 1085 in
2838 1024 3141 1104 partibuS,

407 1107 510 1170 ubi
558 1107 784 1170 melius
830 1107 1144 1171 videbitur
1187 1127 1286 1172 ser
1334 1107 1521 1171 Petro
1570 1107 1912 1171 Gradonico
1958 1109 2279 1189 capitaneo
2328 1113 2541 1172 nostro
2589 1109 2687 1172 vel
2736 1110 2799 1172 in
2863 1110 3144 1192 partibus
3236 1177 3253 1200 ὕ

405 1194 728 1259 Sclavenie
799 1196 897 1259 vel
966 1194 1205 1276 Apulee
1279 1215 1383 1276 pro
1454 1196 1729 1260 faciendo
1795 1197 1966 1259 tirari
2028 1197 2250 1260 havere
2308 1215 2486 1259 suum
2538 1197 2695 1261 infra
2757 1199 2985 1262 terram
3037 1217 3145 1279 pro

403 1283 592 1346 dubio
638 1283 955 1364 galearum
1006 1283 1417 1348 Januensium
1466 1287 1526 1346 et
1576 1282 2029 1365 Raguseorum.

493 1391 672 1449 Misia·
721 1387 1021 1450 XXXVI
1062 1395 1162 1460 67,
1209 1410 1251 1450 u
1297 1391 1449 1450 mlet.
1502 1393 1734 1450 arkivu.

408 1633 1017 1792 CCXXXVllI.
1067 1632 1274 1715 Gorl.
1326 1633 1542 1714 1378.
1592 1633 1691 1714 lo
1736 1632 2230 1731 sumeringe,
2286 1633 2459 1714 kod
2507 1632 2722 1714 luke
2769 1656 2827 1714 u
2876 1636 3145 1714 Rabu.

1227 1779 1360 1836 Rae)
1405 1796 1466 1837 se
1509 1780 1754 1850 preczaje
1799 1774 1959 1837 maer.
2007 1775 2324 1851 repubziki.

613 1901 682 1962 [n
735 1897 966 1963 Christi
1016 1899 1263 1962 nomine
1311 1917 1509 1962 amen.
1559 1899 1737 1962 Anno
1786 1898 2136 1962 nativitatis
2185 1898 2459 1963 eiusdem
2512 1898 2849 1962 millesimo
2905 1903 3145 1963 trecen-

405 1988 627 2050 tesimo
674 1988 1130 2068 septuagesimo
1172 1989 1409 2058 octavo,
1491 1987 1821 2050 indictione
1881 1987 2104 2068 prima,
2175 1987 2403 2050 mensis
2468 1986 2818 2050 novembris
2883 1988 2981 2050 die
3041 1988 3175 2050 de·-

405 2075 582 2138 cimo,
632 2074 824 2138 Juxta
870 2076 1115 2156 portum
1181 2073 1457 2137 civitatis
1519 2073 1671 2138 Arbi
1738 2093 1920 2155 super
1982 2075 2194 2156 pupim
2261 2074 2454 2156 galee,
2526 2075 2627 2137 cui
2690 2077 2787 2137 est
2860 2094 3146 2158 superco-

409 2165 596 2226 mitus
647 2163 930 2227 dominus
977 2162 1253 2227 ‚Jacobus
1303 2161 1650 2225 valaresso.
1710 2162 2114 2226 Honorabilis
2165 2163 2448 2226 dominus
2496 2163 2767 2226 Jacobus
2819 2162 3144 2228 Valaresso

409 2251 635 2313 nobilis
684 2251 1088 2314 Veneciarum
1139 2250 1475 2312 armizatus
1517 2268 1657 2313 cum
1705 2250 1940 2313 duobus
1976 2251 2155 2313 ferris
2206 2252 2265 2312 in
2314 2269 2473 2332 aqua
2522 2255 2583 2312 et
2630 2251 2865 2314 duabus
2904 2251 3143 2332 palum-

409 2337 596 2401 bariis
645 2337 720 2401 ad
768 2338 1089 2419 scopulum
1142 2338 1343 2401 sancti
1387 2336 1633 2419 Georgii
1678 2339 1978 2402 Arbensis
2027 2340 2363 2416 districtus,
2416 2338 2807 2419 presentibus
2842 2339 2991 2402 viris
3042 2358 3148 2401 no-

413 2426 642 2489 bilibus
689 2426 958 2489 dominis
1007 2427 1336 2489 Francisco
1382 2445 1418 2488 a
1467 2425 1711 2489 Bocolis
1759 2427 1911 2489 olim
1958 2426 2189 2490 domini
2240 2426 2467 2489 Marini
2513 2427 2585 2488 de
2618 2426 2901 2489 Veneciis
2931 2430 3143 2491 sancte

403 2513 747 2586 Trinitatis,
798 2513 1077 2578 Johanne
1137 2515 1209 2576 de
1260 2514 1512 2577 vidorio
1577 2515 1775 2577 sancti
1845 2513 2153 2577 Simeonis
2216 2515 2289 2576 de
2337 2514 2621 2577 veneciis
2693 2514 2841 2578 olim
2913 2514 3144 2578 domini

408 2602 690 2677 Anctoni,
743 2601 1040 2666 Lodovico
1089 2600 1430 2665 Contareno
1479 2602 1624 2666 olim
1678 2602 1913 2666 domini
1966 2602 2275 2666 Francisci
2317 2603 2509 2666 sancti
2575 2600 2984 2683 AppolinariS‚
3034 2602 3144 2667 Jo-

405 2690 602 2752 hanne
650 2689 844 2752 Miani
892 2691 1041 2753 olim
1086 2689 1316 2753 domini
1363 2691 1668 2754 Francisci
1708 2692 1905 2754 sancti
1941 2691 2187 2768 vitaliS,
2242 2691 2483 2754 domino
2532 2690 2815 2755 Johanne
2862 2692 2937 2753 de
2989 2691 3145 2754 Nor-

408 2779 560 2841 dolis
595 2779 668 2841 de
699 2777 920 2840 Ymola
953 2778 1325 2841 cancellario
1359 2779 1519 2841 dicte
1568 2779 1841 2841 civitatis
1878 2778 2053 2855 Arbi‚
2105 2781 2168 2841 et
2200 2779 2467 2860 Zongelo
2499 2779 2573 2839 de
2616 2778 2812 2841 Desco
2846 2781 2917 2841 de
2950 2779 3141 2853 Arbo,

405 2866 666 2928 testibus
746 2865 984 2947 rogatis
1050 2869 1117 2928 et
1175 2865 1252 2928 ad
1315 2886 1431 2947 que
1489 2866 1839 2947 specialiter
1901 2867 2279 2943 convocati3‚
2347 2869 2410 2929 et
2469 2865 2609 2928 aliis
2680 2864 2926 2928 ibidem.
2989 2864 3143 2928 Cum

406 2954 692 3037 egregius
739 2956 804 3016 et
848 2953 1093 3034 sapiens
1129 2955 1220 3017 vir
1253 2953 1540 3017 dominus
1574 2955 1912 3017 Lodovicus
1950 2955 2359 3030 LauredanuS‚
2410 2973 2566 3015 unus
2623 2972 2693 3015 ex
2730 2953 3142 3034 provisoribus

404 3046 645 3105 armate
694 3040 1098 3105 veneciarum
1150 3046 1212 3103 et
1259 3041 1619 3123 capitaneus
1667 3043 1873 3105 decem
1936 3041 2253 3122 galearum
2321 3044 2557 3103 armate
2621 3041 2965 3104 communis
3028 3041 3147 3105 ve-

406 3130 713 3192 neciarum
764 3130 1161 3205 constitutae,
1208 3132 1384 3210 prout
1449 3133 1703 3209 apparet
1753 3129 1815 3209 ip
1881 3128 2275 3209 infrascripto
2335 3130 2744 3191 instrumento
2792 3129 3139 3192 sindicatus

408 3218 472 3279 et
517 3217 940 3299 procuratorii‚
991 3218 1444 3298 comparuisset
1492 3217 1723 3280 ibidem
1775 3236 1915 3281 cum
1967 3217 2147 3279 dictis
2196 3219 2404 3281 decem
2453 3216 2649 3298 galeis
2687 3219 2981 3298 tanquam
3017 3217 3143 3278 sin-

405 3305 598 3381 dicus,
675 3306 845 3365 actor
887 3302 1185 3367 factorum
1235 3304 1632 3386 negociorum
1686 3305 1919 3369 domini
1990 3304 2165 3367 ducis
2213 3307 2276 3367 et
2322 3304 2663 3368 communis
2717 3304 3139 3379 veneciarum,

405 3395 616 3474 gestor
664 3408 733 3453 ac
803 3392 1164 3473 legiptimus
1225 3396 1598 3472 procurator,
1663 3412 1800 3455 cum
1866 3393 2281 3456 instrumento
2345 3394 2606 3474 quodam
2672 3391 3012 3455 sindicatus
3079 3397 3144 3455 et

409 3479 805 3561 procuratorii
854 3481 1083 3559 scripto
1130 3499 1311 3542 manu
1360 3478 1531 3542 Steni
1582 3480 1692 3541 filii
1748 3481 2026 3543 Bor-tholi
2073 3482 2146 3543 de
2197 3481 2382 3544 Steno
2432 3482 2643 3543 sancte
2689 3479 2879 3543 Lucie
2913 3481 2985 3544 de
3023 3480 3143 3543 ve-

408 3568 615 3644 neciis,
664 3568 895 3646 publici
942 3566 1251 3648 imperiali
1300 3568 1664 3632 auctoritate
1715 3569 1961 3642 notarii,
2008 3586 2077 3631 ac
2142 3567 2380 3631 notario
2442 3568 2669 3630 domini
2729 3567 2991 3631 Vittoris
3041 3568 3143 3632 Pi-

407 3656 539 3718 sani
590 3674 698 3736 pro
744 3654 944 3718 ducali
992 3655 1415 3717 dominacione
1465 3655 1869 3719 veneciarum
1919 3656 2219 3737 generalis
2270 3657 2576 3736 capitanei
2626 3656 2813 3718 maris
2870 3655 2933 3717 in
2998 3655 3142 3719 mil-

407 3744 625 3806 lesimo
675 3743 1108 3806 trecentesimo
1154 3744 1610 3824 septuagesimo
1657 3746 1892 3818 octavo,
1942 3744 2278 3806 indictione
2325 3745 2548 3824 prima,
2600 3743 2831 3805 mensis
2891 3761 3141 3805 novem-

409 3831 533 3894 bris
603 3831 702 3893 die
765 3831 1029 3911 septimo
1088 3830 1148 3891 in
1210 3831 1385 3911 aquis
1448 3829 1636 3893 Jadre
1699 3832 1859 3902 apud
1923 3830 2181 3893 Jadram
2246 3851 2428 3913 super
2498 3829 2680 3912 galea⁴
2718 3830 3016 3893 armizata
3063 3832 3140 3893 ad

408 3917 631 3981 ferrum
681 3919 910 4000 egregii
961 3922 1024 3980 et
1072 3918 1340 3999 potentis
1413 3918 1524 3981 viri
1573 3918 1806 3981 domini
1858 3918 2124 3982 victoris
2179 3918 2405 3991 Pisani,
2455 3936 2563 3997 pro
2610 3917 2816 3981 ducali
2870 3916 3137 3981 dominio

407 4005 808 4069 Veneciarum
859 4006 1244 4069 honorandus
1291 4005 1648 4086 capitaneus
1696 4006 2002 4087 generalis
2052 4009 2259 4081 maris,
2312 4008 2472 4069 inter
2532 4008 2736 4068 cetera
2797 4006 3137 4080 continenS‚

407 4094 671 4174 qualiter
743 4095 1055 4174 predictus
1128 4095 1410 4157 dominus
1459 4093 1672 4156 Victor
1738 4094 1950 4155 Pisani
2018 4094 2329 4174 predictus
2399 4094 2759 4173 capitaneus
2831 4093 3138 4173 generalis

406 4182 614 4261 maria,
663 4181 948 4244 dominus
999 4181 1338 4244 Panthaleo
1387 4181 1627 4243 Barbus
1673 4184 1736 4243 et
1769 4180 2109 4243 Lodovicus
2143 4180 2523 4253 Lauredano‚
2574 4179 2913 4259 provisores
2953 4198 3139 4261 super

407 4267 567 4331 felici
614 4271 860 4331 armata
906 4269 1253 4332 communis
1304 4268 1707 4332 veneciarum
1760 4286 1868 4349 pro
1918 4269 2051 4349 ipsa
2112 4269 2311 4331 ducali
2379 4267 2794 4330 dominatione
2845 4266 3142 4329 venecia-

403 4373 562 4434 rum,
612 4375 684 4420 ac
731 4358 1014 4420 dominus
1062 4356 1329 4420 Jacobus
1362 4356 1668 4437 Delphico
1719 4357 1941 4429 milles,
1994 4359 2057 4419 et
2104 4356 2324 4418 Petrus
2373 4354 2735 4429 Gradeni00‚
2786 4372 2892 4434 pro
2925 4357 3136 4418 eadem

404 4442 820 4507 dominatione
871 4444 1273 4507 Veneciarum
1323 4443 1650 4523 capitanei,
1692 4446 1947 4525 agentes
1996 4444 2241 4506 nomine
2286 4446 2347 4505 et
2396 4443 2524 4506 vice
2574 4442 2804 4505 domini
2854 4442 3030 4504 ducis
3079 4445 3142 4506 et

403 4532 745 4595 communis
798 4532 1220 4607 veneciarum,
1269 4532 1497 4594 virtute
1547 4535 1608 4594 et
1656 4533 2049 4609 anctoritate,
2099 4549 2284 4611 quam
2324 4531 2550 4592 habent
2600 4548 2636 4591 a
2675 4528 2880 4591 ducali
2945 4532 3141 4592 dorni·

404 4620 645 4683 natione
693 4618 1106 4684 veneciarum
1151 4621 1281 4684 tam
1326 4618 1555 4683 virtute
1615 4619 2118 4681 commissionum
2184 4619 2457 4699 ipsorum
2517 4617 2905 4680 dominorum
2972 4619 3141 4697 capi-

351 4779 355 4785 ,
404 4709 726 4770 taneorum
775 4708 1094 4788 agentium
1143 4705 1390 4769 nomine
1437 4710 1501 4770 et
1549 4707 1681 4769 vice
1721 4704 1957 4769 domini
2004 4706 2178 4767 ducis
2228 4709 2290 4769 et
2351 4704 2695 4768 communis
2744 4702 3139 4766 venetiarum

403 4792 634 4858 virtute
681 4796 746 4859 et
791 4793 1186 4875 auctoritate,
1236 4813 1420 4875 quam
1475 4795 1704 4857 habeut
1751 4812 1787 4855 a
1838 4792 2039 4855 ducali
2087 4792 2502 4855 dominatione
2556 4791 2959 4855 Veneciarum
3008 4795 3139 4853 tam

2685 4892 2723 4934 aa
