3620 5282
2989 326 3075 389 47

377 499 534 581 quod
595 498 783 563 infert
835 498 1019 564 dictis
1080 501 1274 564 nostri
1340 499 1625 564 fidelibus
1690 518 1983 583 magnum
2044 500 2371 578 damnum,
2420 500 2494 563 de
2539 518 2674 582 quo,
2725 500 2780 565 si
2826 500 2915 565 ita
2961 504 3072 578 est,

370 586 703 669 plurimum
744 586 1172 670 compellimur
1218 586 1544 663 admirari,
1607 588 2062 652 considerantes
2110 591 2172 652 et
2217 589 2600 653 attendentes
2659 587 2736 652 ad
2784 607 3074 673 magnam

371 674 729 740 fidelitatem
777 678 841 738 et
887 675 1288 752 devotionem,
1336 694 1520 758 quam
1568 694 1714 759 erga
1747 679 2025 740 nostrum
2056 676 2395 740 dominium
2433 696 2494 740 se
2525 676 2750 742 habere
2784 677 3073 754 ostendit,

371 783 476 846 per
521 782 705 846 quam
752 766 847 827 est
893 763 1068 828 nobis
1113 764 1466 828 extraneum
1533 766 1597 827 et
1642 763 2035 844 incredibile,
2093 764 2252 846 quod
2306 765 2464 828 tales
2530 764 2954 830 derobationes
2998 767 3075 830 ab

373 870 441 916 eo
486 851 854 934 procedant,
919 869 1058 915 cum
1123 853 1383 916 firmiter
1442 854 1795 928 teneamus,
1859 871 1996 916 eum
2055 854 2404 917 constanter
2465 855 2678 933 optare
2738 854 2960 917 bonum
3008 857 3071 918 et

371 939 670 1004 honorum
717 939 995 1003 nostrum
1037 941 1102 1004 et
1147 942 1492 1004 nostrorum
1541 940 1837 1013 fidelium,
1903 959 2082 1023 quem
2131 945 2404 1005 nostrum
2452 940 2514 1003 in
2561 941 2845 1005 omuibus
2896 962 3075 1024 repu-

373 1030 595 1104 tamus,
643 1027 1004 1110 requirendo
1052 1030 1117 1093 et
1159 1029 1427 1112 rogando
1473 1047 1612 1092 eum
1661 1046 1771 1111 pro
1817 1030 1993 1111 parte
2040 1032 2263 1106 nostra,
2321 1029 2475 1111 quod
2524 1047 2666 1093 suos
2714 1031 2991 1095 subditos
3038 1049 3074 1095 a

370 1115 596 1180 talibus
641 1115 1144 1180 derobationibus
1191 1116 1380 1181 saciat
1423 1117 1767 1191 abstinere,
1830 1121 1894 1180 et
1954 1116 2275 1181 restituere
2337 1135 2444 1197 per
2490 1135 2589 1180 eos
2636 1116 2844 1182 ablata
2891 1117 3072 1181 dictis

368 1204 598 1268 nostris
645 1204 928 1268 fidelibus
975 1202 1265 1281 Sibenici,
1327 1207 1391 1269 et
1436 1206 1818 1289 aggravando
1879 1202 2146 1282 factum,
2207 1206 2368 1269 sicut
2427 1223 2535 1286 pro
2584 1205 2810 1271 honore
2858 1210 3070 1272 nostro

368 1294 431 1356 et
474 1292 633 1357 bono
679 1292 827 1356 sacti
866 1291 1089 1357 viderit
1132 1293 1468 1357 convenire.

576 1378 806 1462 Capta:
855 1383 919 1445 et
964 1379 1291 1446 comitatur
1337 1380 1500 1444 dicto
1545 1380 1960 1457 ambaxatori,
2008 1380 2166 1461 quod
2229 1398 2524 1463 exponere
2586 1382 2806 1446 debeat
2849 1383 3059 1446 comiti

370 1471 430 1532 et
475 1468 781 1533 iudicibus
827 1468 1088 1550 Spalati,
1137 1468 1401 1551 qualiter
1446 1469 1774 1533 habuimus
1821 1486 1931 1551 per
1976 1468 2217 1532 litteras
2259 1469 2504 1532 comitis
2536 1469 2852 1545 Maladini,
2904 1470 3064 1554 quod

365 1575 502 1620 cum
549 1556 681 1639 ipse
727 1574 934 1621 comes
982 1555 1334 1621 Maladinus
1379 1555 1634 1622 conduci
1680 1555 1912 1620 faceret
1956 1576 2061 1638 per
2107 1574 2276 1620 mare
2323 1558 2394 1620 de
2443 1554 2753 1622 Scardona
2801 1556 3067 1623 Clissam

367 1644 571 1709 modia
616 1644 880 1728 quinque
923 1644 1098 1722 saliS,
1146 1644 1267 1727 ipsi
1313 1644 1607 1709 barcham
1652 1647 1716 1708 et
1760 1644 1955 1709 salem
1995 1643 2421 1723 abstulerunt,
2471 1664 2592 1710 non
2638 1648 3068 1729 permittentes

370 1733 571 1815 ipsum
620 1732 814 1797 salem
861 1752 972 1797 nec
1016 1731 1222 1815 aliqua
1268 1732 1390 1796 alia
1447 1732 1739 1796 victualia
1785 1735 2028 1815 portare
2076 1751 2185 1815 per
2232 1751 2397 1797 mare
2444 1732 2744 1810 Clissam,
2795 1736 2858 1798 et
2912 1734 3071 1818 quod

365 1819 476 1885 hoc
539 1820 714 1886 nobis
761 1819 1087 1886 molestum
1152 1820 1273 1885 fuit
1335 1822 1399 1885 et
1458 1819 1847 1899 incredibile,
1910 1820 2122 1884 habito
2185 1823 2500 1903 respectu,
2556 1822 2715 1905 quod
2775 1821 3068 1888 deberent

363 1908 568 1990 quiete
613 1910 816 1973 vivere
862 1911 925 1973 et
968 1928 1326 1992 permanere
1376 1927 1515 1973 cum
1563 1909 1726 1973 dicto
1771 1909 1996 1973 comite
2060 1906 2370 1972 Maladino
2433 1927 2539 1992 pro
2605 1912 2769 1974 statu
2821 1912 2884 1974 et
2929 1928 3073 1974 con-

369 1997 717 2062 servatione
761 2015 1010 2073 eorum3
1060 2000 1125 2063 et
1173 1998 1473 2080 procuret,
1521 1998 1674 2080 quod
1719 1996 1923 2061 dictus
1969 1994 2060 2060 sal
2105 1998 2469 2062 restituatur
2492 1998 2656 2062 dicto
2702 1999 2908 2062 comiti
2937 1998 3073 2062 Ma-

363 2084 588 2164 ladin0,
637 2085 690 2150 si
737 2085 828 2149 ita
874 2085 1011 2163 erit,
1055 2086 1127 2149 ut
1170 2086 1467 2150 habemus
1515 2105 1624 2168 per
1644 2084 1842 2150 dictas
1877 2084 2113 2148 litteras
2146 2085 2390 2149 comitis
2424 2085 2759 2162 Maladini3
2809 2089 2873 2150 et
2897 2086 3068 2169 quic-

363 2172 510 2256 quid
556 2173 618 2237 in
665 2173 779 2238 hoc
826 2173 1113 2238 habuerit
1157 2176 1220 2237 et
1264 2172 1497 2250 fecerit,
1548 2173 1722 2237 nobis
1770 2174 1991 2237 debeat
2031 2173 2158 2235 suis
2202 2171 2430 2237 litteris
2476 2173 2788 2239 denotare.

575 2260 803 2343 Capta:
850 2264 915 2325 et
959 2262 1156 2344 possit
1198 2261 1401 2326 dictus
1448 2262 1807 2325 ambaxator
1854 2262 1917 2324 et
1962 2261 2234 2342 provisor
2278 2262 2468 2343 accipi
2519 2263 2590 2326 de
2637 2262 2804 2327 omni
2848 2261 3065 2342 officio,

366 2349 633 2432 exceptis
679 2350 1175 2432 procuratoribus
1216 2351 1280 2414 et
1327 2350 1601 2432 patronis
1663 2350 2020 2425 arsenatuS,
2085 2352 2150 2413 et
2215 2349 2438 2414 habeat
2481 2349 2557 2414 de
2602 2351 2828 2415 salario
2876 2350 3067 2415 libras

363 2435 461 2502 CC
507 2456 614 2519 pro
660 2438 895 2502 duobus
942 2438 1274 2515 mensibuS,
1318 2440 1381 2501 et
1426 2438 1504 2501 ab
1541 2437 1681 2502 inde
1728 2437 1791 2500 in
1837 2438 2017 2502 antea
2058 2436 2248 2500 libras
2286 2436 2336 2500 L
2384 2436 2445 2501 in
2493 2457 2719 2516 meuse,
2769 2440 2831 2502 et
2876 2438 3071 2521 possit

364 2526 699 2608 expendere
757 2526 958 2590 soldos
1018 2528 1142 2589 tres
1188 2543 1543 2609 grossorum
1589 2526 1651 2589 in
1698 2525 1797 2589 die
1844 2526 1908 2589 in
1954 2525 2235 2607 expensis
2279 2526 2401 2590 oris
2427 2575 2443 2602 ,
2506 2529 2570 2591 et
2627 2527 2712 2591 sit
2757 2545 2894 2591 cum
2945 2526 3070 2592 illis

365 2612 817 2679 conditionibus
865 2616 930 2680 et
973 2613 1250 2694 familia,
1313 2614 1531 2697 quibus
1594 2613 1826 2679 vadunt
1884 2613 1994 2678 alii
2038 2612 2378 2696 provisores
2433 2614 2788 2692 Sclavonie‚
2837 2618 2901 2681 et
2949 2634 3067 2681 non
3151 2616 3174 2648 ³

360 2703 557 2786 possit
614 2702 880 2768 refutare
943 2703 1057 2767 sub
1103 2721 1261 2786 pena
1304 2703 1604 2767 librarum
1649 2700 1716 2778 C,
1764 2704 1829 2767 et
1873 2704 2153 2767 teneatur
2203 2703 2566 2785 respondere
2611 2703 2734 2768 alia
2781 2703 2897 2779 die,
2947 2723 3068 2787 qua

361 2789 548 2855 fuerit
592 2791 857 2866 electus,
923 2795 985 2855 et
1041 2793 1225 2856 vadat
1286 2792 1362 2855 ad
1427 2789 1876 2873 beneplacitum
1939 2790 2372 2855 dominationis
2418 2810 2555 2855 cum
2620 2791 2787 2875 ligno
2845 2792 3069 2875 riperie

361 2878 544 2943 Istrie
589 2897 782 2961 usque
833 2879 1203 2956 Sibenicum,
1250 2880 1313 2943 et
1346 2878 1433 2943 ibi
1475 2878 1694 2943 debeat
1742 2876 2060 2941 licenciare
2091 2879 2322 2942 dictum
2355 2879 2613 2962 lignum,
2664 2882 2732 2944 ut
2771 2879 3068 2946 Venecias

366 2966 464 3031 vel
510 2964 590 3030 ad
636 2986 811 3031 suam
858 2967 1199 3032 custodiam
1247 2969 1610 3031 revertatur.
1652 2967 1743 3030 De
1790 2970 1964 3048 parte
2006 2966 2108 3042 66,
2157 2967 2231 3029 de
2278 2985 2395 3031 non
2456 2967 2546 3046 16,
2595 2985 2713 3032 non
2762 2969 2979 3034 sinceri
3009 2968 3066 3034 7.

442 3056 604 3117 Secr.
644 3075 799 3117 cons.
840 3075 959 3134 roy.
1005 3057 1077 3117 A.
1128 3060 1229 3128 94,
1275 3076 1318 3116 u
1355 3058 1571 3117 arkivu
1611 3058 1966 3117 mletabkom.

705 3246 1010 3330 LXVI.
1067 3247 1273 3330 God.
1328 3247 1546 3330 1347.
1599 3247 1706 3330 20
1742 3246 2167 3348 prosinca,
2221 3269 2280 3328 u
2332 3246 2719 3330 Mletclh.

358 3374 516 3448 Dnje
560 3391 621 3434 se
666 3374 843 3449 naloq
886 3374 1077 3433 knezu
1116 3375 1543 3444 zadarskomu,
1604 3374 1683 3432 da
1725 3375 1956 3448 pobroji
2002 3374 2173 3447 ondy‘e
2217 3374 2376 3446 Unde
2426 3391 2501 3434 za
2547 3376 2745 3450 oruijc
2789 3379 3068 3450 sposobne

358 3463 435 3523 od
481 3465 565 3522 16
610 3463 684 3522 do
732 3465 816 3521 70
857 3463 1114 3537 yodina‚·
1179 3467 1232 3521 te
1276 3465 1475 3535 m’emu
1520 3464 1544 3520 i
1591 3463 1947 3535 poslaniIm,
1994 3462 2073 3520 da
2118 3462 2267 3520 cesto
2309 3463 2649 3538 preyledqju
2692 3467 2997 3539 vojnictvo,
3043 3467 3068 3526 i

1132 3568 1164 3610 o
1200 3552 1408 3625 stanju
1451 3552 1698 3626 njeqovu
1739 3551 1995 3623 naposeb
2038 3552 2285 3610 izvieste.

574 3670 760 3734 1347.
808 3670 908 3735 die
951 3670 1070 3735 XX
1114 3671 1475 3748 decembris,
1520 3672 1731 3754 capta:
1781 3690 1922 3735 cum
1968 3670 2157 3736 faciat
2201 3688 2310 3753 pro
2341 3672 2508 3736 statu
2542 3674 2748 3737 nostro
2785 3674 2845 3738 in
2876 3673 3066 3740 Jadra

356 3758 586 3825 habere
631 3758 924 3824 noticiam
970 3759 1045 3823 de
1085 3760 1431 3842 quantitate
1477 3758 1945 3824 Jadratinorum
1977 3760 2056 3822 ab
2102 3759 2310 3835 armis,
2359 3760 2461 3841 qui
2509 3761 2569 3823 in
2603 3759 2796 3825 Jadra
2835 3763 3061 3828 eteius

353 3848 644 3913 districtu
677 3847 964 3912 habitant
1009 3849 1073 3912 et
1109 3849 1447 3923 morantur,
1492 3850 1563 3911 ut
1607 3848 1671 3911 in
1713 3866 1880 3924 casu,
1929 3865 2047 3929 quo
2093 3865 2242 3928 opus
2267 3849 2448 3923 esset,
2496 3848 2810 3930 providere
2858 3869 3065 3932 posse·

356 3955 495 4001 mus
539 3954 649 4019 pro
696 3935 915 4000 maiori
960 3934 1390 4000 fortificatione
1455 3938 1664 4000 nostra
1723 3935 1785 3999 in
1835 3936 1996 3999 dicta
2062 3935 2312 4000 civitate
2360 3938 2567 4000 nostra
2610 3935 2829 4001 Jadre:
2895 3938 3066 4005 vadit

354 4043 519 4108 pars,
583 4024 741 4107 quod
802 4023 1110 4089 scribatur
1171 4025 1234 4088 et
1288 4023 1613 4088 mandetur
1674 4023 1884 4089 comiti
1931 4022 2138 4099 Jadre,
2187 4023 2346 4106 quod
2390 4023 2718 4107 diligenter
2764 4023 3065 4109 inquirere

355 4112 547 4177 saciat
593 4115 654 4175 et
702 4111 764 4176 in
808 4111 1051 4194 scriptis
1097 4130 1356 4194 ponere,
1420 4113 1570 4194 quot
1629 4110 1936 4177 Jadratini
1999 4111 2284 4175 habitant
2344 4112 2405 4175 in
2451 4110 2641 4176 Jadra
2688 4115 2749 4177 et
2795 4114 2924 4177 eius
2971 4116 3065 4180 di-

357 4201 577 4266 strictu
623 4201 703 4265 ab
749 4200 926 4264 annis
950 4198 1097 4263 XVI
1143 4203 1206 4264 et
1250 4218 1287 4264 a
1318 4198 1488 4264 LXX
1512 4198 1670 4263 infra
1706 4199 1980 4264 valentes
2012 4203 2257 4281 portare
2282 4217 2470 4278 arma,
2519 4202 2582 4264 et
2627 4219 2728 4264 eos
2760 4206 2822 4264 et
2854 4221 3062 4268 eorum

355 4288 733 4355 conditiones
779 4288 955 4352 nobis
1000 4288 1220 4353 debeat
1278 4306 1418 4352 cum
1464 4287 1848 4352 solicitudine
1902 4291 2029 4352 suis
2075 4287 2298 4352 litteris
2345 4287 2652 4368 denotare,
2703 4291 2773 4353 ut
2818 4291 3061 4372 plenam

352 4377 854 4443 informacionem
899 4375 973 4440 de
1021 4376 1306 4442 omnibus
1349 4375 1702 4441 habeamus.

567 4463 796 4546 Capta:
844 4468 1114 4530 ceterum
1163 4465 1589 4529 committatur
1634 4464 1796 4529 dicto
1857 4463 2240 4528 ambaxatori
2282 4465 2347 4528 et
2396 4464 2846 4547 provisoribuS,
2895 4468 3057 4548 quod

355 4569 496 4619 cum
542 4553 771 4618 comite
818 4555 1025 4618 nostro
1068 4552 1258 4619 Jadre
1317 4552 1507 4617 semel
1568 4553 1632 4616 et
1687 4553 1954 4634 plurieS,
2008 4554 2075 4615 ut
2118 4553 2176 4615 ei
2237 4551 2544 4616 videbitur
2603 4553 2867 4618 debeant
2925 4555 3061 4619 fieri

353 4641 555 4707 facere
603 4642 950 4706 monstram
997 4640 1349 4725 generalem
1397 4642 1743 4706 nostrorum
1797 4640 2074 4723 equitum
2121 4643 2184 4704 et
2228 4640 2506 4722 peditum
2565 4643 2944 4705 armatorum
2993 4645 3057 4707 et

350 4730 854 4808 disarmatorum,
902 4730 966 4795 et
1010 4728 1357 4795 examinare
1403 4727 1736 4812 diligenter
1780 4727 2196 4793 conditionem
2228 4730 2291 4793 et
2331 4727 2746 4793 suficienciam
2790 4729 3058 4811 ipsorum
