<?xml version="1.0" encoding="UTF-8"?>
<!DOCTYPE html PUBLIC "-//W3C//DTD XHTML 1.0 Transitional//EN"
    "http://www.w3.org/TR/xhtml1/DTD/xhtml1-transitional.dtd">
<html xmlns="http://www.w3.org/1999/xhtml" xml:lang="en" lang="en">
 <head>
  <title>
</title>
<meta http-equiv="Content-Type" content="text/html;charset=utf-8" />
  <meta name='ocr-system' content='tesseract 3.04.00' />
  <meta name='ocr-capabilities' content='ocr_page ocr_carea ocr_par ocr_line ocrx_word'/>
</head>
<body>
  <div class='ocr_page' id='page_1' title='image "./monumentaspecta02umjegoog_0974.png"; bbox 0 0 3620 5282; ppageno 0'>
   <div class='ocr_carea' id='block_1_1' title="bbox 518 325 647 388">
    <p class='ocr_par' dir='ltr' id='par_1_1' title="bbox 518 325 647 388">
     <span class='ocr_line' id='line_1_1' title="bbox 518 325 647 388; baseline 0.016 -2"><span class='ocrx_word' id='word_1_1' title='bbox 518 325 647 388; x_wconf 88' lang='grc'>416</span> 
     </span>
    </p>
   </div>
   <div class='ocr_carea' id='block_1_2' title="bbox 482 497 3278 4417">
    <p class='ocr_par' dir='ltr' id='par_1_2' title="bbox 482 497 3270 1101">
     <span class='ocr_line' id='line_1_2' title="bbox 517 497 3270 583; baseline -0.001 -20"><span class='ocrx_word' id='word_1_2' title='bbox 517 502 591 563; x_wconf 91' lang='lat' dir='ltr'>de</span> <span class='ocrx_word' id='word_1_3' title='bbox 638 499 800 563; x_wconf 89' lang='lat' dir='ltr'>dicto</span> <span class='ocrx_word' id='word_1_4' title='bbox 847 497 976 561; x_wconf 87' lang='lat' dir='ltr'>sale</span> <span class='ocrx_word' id='word_1_5' title='bbox 1022 497 1333 573; x_wconf 87' lang='lat' dir='ltr'>Durachii,</span> <span class='ocrx_word' id='word_1_6' title='bbox 1384 499 1527 562; x_wconf 90' lang='lat' dir='ltr'>tnnc</span> <span class='ocrx_word' id='word_1_7' title='bbox 1575 498 1877 580; x_wconf 88' lang='lat' dir='ltr'>provideri</span> <span class='ocrx_word' id='word_1_8' title='bbox 1929 499 2246 575; x_wconf 85' lang='lat' dir='ltr'>faciemus,</span> <span class='ocrx_word' id='word_1_9' title='bbox 2297 502 2457 583; x_wconf 87' lang='lat' dir='ltr'>qnod</span> <span class='ocrx_word' id='word_1_10' title='bbox 2506 502 2782 564; x_wconf 85' lang='lat' dir='ltr'>mercata</span> <span class='ocrx_word' id='word_1_11' title='bbox 2832 501 3054 563; x_wconf 87' lang='lat' dir='ltr'>nostra</span> <span class='ocrx_word' id='word_1_12' title='bbox 3085 501 3270 563; x_wconf 80' lang='lat' dir='ltr'>erunt</span> 
     </span>
     <span class='ocr_line' id='line_1_3' title="bbox 518 584 3261 666; baseline -0.001 -15"><span class='ocrx_word' id='word_1_13' title='bbox 518 588 739 651; x_wconf 86' lang='lat' dir='ltr'>fulcita</span> <span class='ocrx_word' id='word_1_14' title='bbox 781 586 854 649; x_wconf 89' lang='lat' dir='ltr'>de</span> <span class='ocrx_word' id='word_1_15' title='bbox 892 584 1013 648; x_wconf 86' lang='lat' dir='ltr'>alio</span> <span class='ocrx_word' id='word_1_16' title='bbox 1060 584 1187 647; x_wconf 89' lang='lat' dir='ltr'>sale</span> <span class='ocrx_word' id='word_1_17' title='bbox 1235 603 1343 666; x_wconf 89' lang='lat' dir='ltr'>pro</span> <span class='ocrx_word' id='word_1_18' title='bbox 1381 585 1536 649; x_wconf 89' lang='lat' dir='ltr'>bono</span> <span class='ocrx_word' id='word_1_19' title='bbox 1586 589 1780 650; x_wconf 79' lang='lat' dir='ltr'>nostri</span> <span class='ocrx_word' id='word_1_20' title='bbox 1830 588 2198 651; x_wconf 87' lang='lat' dir='ltr'>communis.</span> <span class='ocrx_word' id='word_1_21' title='bbox 2256 587 2485 652; x_wconf 90' lang='lat' dir='ltr'>Verum</span> <span class='ocrx_word' id='word_1_22' title='bbox 2533 592 2630 651; x_wconf 87' lang='lat' dir='ltr'>est</span> <span class='ocrx_word' id='word_1_23' title='bbox 2690 591 2902 651; x_wconf 87' lang='lat' dir='ltr'>nostra</span> <span class='ocrx_word' id='word_1_24' title='bbox 2968 588 3261 661; x_wconf 88' lang='lat' dir='ltr'>intentio,</span> 
     </span>
     <span class='ocr_line' id='line_1_4' title="bbox 516 671 3258 758; baseline -0 -20"><span class='ocrx_word' id='word_1_25' title='bbox 516 675 676 756; x_wconf 90' lang='lat' dir='ltr'>qnod</span> <span class='ocrx_word' id='word_1_26' title='bbox 723 673 909 736; x_wconf 88' lang='lat' dir='ltr'>statui</span> <span class='ocrx_word' id='word_1_27' title='bbox 959 671 1183 735; x_wconf 84' lang='lat' dir='ltr'>debeat</span> <span class='ocrx_word' id='word_1_28' title='bbox 1230 672 1502 753; x_wconf 85' lang='lat' dir='ltr'>precium</span> <span class='ocrx_word' id='word_1_29' title='bbox 1552 675 1670 755; x_wconf 84' lang='lat' dir='ltr'>ipsi</span> <span class='ocrx_word' id='word_1_30' title='bbox 1719 675 1834 738; x_wconf 88' lang='lat' dir='ltr'>sali</span> <span class='ocrx_word' id='word_1_31' title='bbox 1889 675 2201 749; x_wconf 81' lang='lat' dir='ltr'>Durachii,</span> <span class='ocrx_word' id='word_1_32' title='bbox 2273 677 2349 738; x_wconf 89' lang='lat' dir='ltr'>ad</span> <span class='ocrx_word' id='word_1_33' title='bbox 2425 676 2580 758; x_wconf 90' lang='lat' dir='ltr'>quod</span> <span class='ocrx_word' id='word_1_34' title='bbox 2648 676 2927 757; x_wconf 87' lang='lat' dir='ltr'>precium</span> <span class='ocrx_word' id='word_1_35' title='bbox 2996 673 3115 755; x_wconf 89' lang='lat' dir='ltr'>ipsi</span> <span class='ocrx_word' id='word_1_36' title='bbox 3181 675 3258 737; x_wconf 92' lang='lat' dir='ltr'>de</span> 
     </span>
     <span class='ocr_line' id='line_1_5' title="bbox 520 759 3255 844; baseline -0.001 -18"><span class='ocrx_word' id='word_1_37' title='bbox 520 760 827 826; x_wconf 89' lang='lat' dir='ltr'>Durachio</span> <span class='ocrx_word' id='word_1_38' title='bbox 853 759 1031 822; x_wconf 91' lang='lat' dir='ltr'>illum</span> <span class='ocrx_word' id='word_1_39' title='bbox 1058 762 1315 823; x_wconf 84' lang='lat' dir='ltr'>vendere</span> <span class='ocrx_word' id='word_1_40' title='bbox 1362 762 1706 838; x_wconf 84' lang='lat' dir='ltr'>teneantur,</span> <span class='ocrx_word' id='word_1_41' title='bbox 1760 781 1873 825; x_wconf 90' lang='lat' dir='ltr'>non</span> <span class='ocrx_word' id='word_1_42' title='bbox 1911 763 2210 842; x_wconf 86' lang='lat' dir='ltr'>possendo</span> <span class='ocrx_word' id='word_1_43' title='bbox 2252 763 2515 826; x_wconf 83' lang='lat' dir='ltr'>transire</span> <span class='ocrx_word' id='word_1_44' title='bbox 2550 763 2822 844; x_wconf 89' lang='lat' dir='ltr'>precium</span> <span class='ocrx_word' id='word_1_45' title='bbox 2879 762 3255 825; x_wconf 80' lang='lat' dir='ltr'>ducatorum</span> 
     </span>
     <span class='ocr_line' id='line_1_6' title="bbox 482 848 3257 932; baseline 0 -20"><span class='ocrx_word' id='word_1_46' title='bbox 482 848 738 931; x_wconf 47' lang='lat' dir='ltr'>¹viginti</span> <span class='ocrx_word' id='word_1_47' title='bbox 771 850 908 911; x_wconf 92' lang='lat' dir='ltr'>octo</span> <span class='ocrx_word' id='word_1_48' title='bbox 954 865 1063 926; x_wconf 87' lang='lat' dir='ltr'>pro</span> <span class='ocrx_word' id='word_1_49' title='bbox 1108 848 1460 912; x_wconf 86' lang='lat' dir='ltr'>centenario</span> <span class='ocrx_word' id='word_1_50' title='bbox 1508 848 1849 913; x_wconf 85' lang='lat' dir='ltr'>sachorum.</span> <span class='ocrx_word' id='word_1_51' title='bbox 1901 851 2103 912; x_wconf 87' lang='lat' dir='ltr'>Datur</span> <span class='ocrx_word' id='word_1_52' title='bbox 2149 851 2338 913; x_wconf 84' lang='lat' dir='ltr'>etiarn</span> <span class='ocrx_word' id='word_1_53' title='bbox 2388 852 2557 925; x_wconf 89' lang='lat' dir='ltr'>ordo,</span> <span class='ocrx_word' id='word_1_54' title='bbox 2604 852 2765 932; x_wconf 90' lang='lat' dir='ltr'>quod</span> <span class='ocrx_word' id='word_1_55' title='bbox 2791 868 2948 913; x_wconf 87' lang='lat' dir='ltr'>anno</span> <span class='ocrx_word' id='word_1_56' title='bbox 2977 849 3257 931; x_wconf 89' lang='lat' dir='ltr'>quolibet</span> 
     </span>
     <span class='ocr_line' id='line_1_7' title="bbox 518 934 3261 1020; baseline -0 -19"><span class='ocrx_word' id='word_1_57' title='bbox 518 939 675 1002; x_wconf 90' lang='lat' dir='ltr'>bona</span> <span class='ocrx_word' id='word_1_58' title='bbox 711 936 859 998; x_wconf 87' lang='lat' dir='ltr'>hora</span> <span class='ocrx_word' id='word_1_59' title='bbox 904 936 1155 1014; x_wconf 90' lang='lat' dir='ltr'>aptetur</span> <span class='ocrx_word' id='word_1_60' title='bbox 1204 934 1384 1011; x_wconf 78' lang='lat' dir='ltr'>fossa,</span> <span class='ocrx_word' id='word_1_61' title='bbox 1430 955 1536 1017; x_wconf 88' lang='lat' dir='ltr'>per</span> <span class='ocrx_word' id='word_1_62' title='bbox 1584 956 1765 1017; x_wconf 89' lang='lat' dir='ltr'>quam</span> <span class='ocrx_word' id='word_1_63' title='bbox 1816 955 1973 1019; x_wconf 89' lang='lat' dir='ltr'>aqua</span> <span class='ocrx_word' id='word_1_64' title='bbox 2018 938 2188 1001; x_wconf 85' lang='lat' dir='ltr'>salsa</span> <span class='ocrx_word' id='word_1_65' title='bbox 2233 938 2322 1000; x_wconf 85' lang='lat' dir='ltr'>ire</span> <span class='ocrx_word' id='word_1_66' title='bbox 2369 939 2566 1020; x_wconf 81' lang='lat' dir='ltr'>possit</span> <span class='ocrx_word' id='word_1_67' title='bbox 2605 937 2682 1001; x_wconf 84' lang='lat' dir='ltr'>ad</span> <span class='ocrx_word' id='word_1_68' title='bbox 2727 937 2976 1012; x_wconf 87' lang='lat' dir='ltr'>salinas,</span> <span class='ocrx_word' id='word_1_69' title='bbox 3028 938 3097 1000; x_wconf 85' lang='lat' dir='ltr'>ut</span> <span class='ocrx_word' id='word_1_70' title='bbox 3141 935 3261 1000; x_wconf 83' lang='lat' dir='ltr'>fiat</span> 
     </span>
     <span class='ocr_line' id='line_1_8' title="bbox 519 1020 1360 1101; baseline -0.006 -13"><span class='ocrx_word' id='word_1_71' title='bbox 519 1023 613 1089; x_wconf 90' lang='lat' dir='ltr'>sal</span> <span class='ocrx_word' id='word_1_72' title='bbox 644 1020 723 1086; x_wconf 88' lang='lat' dir='ltr'>ad</span> <span class='ocrx_word' id='word_1_73' title='bbox 769 1025 1014 1101; x_wconf 87' lang='lat' dir='ltr'>tempus</span> <span class='ocrx_word' id='word_1_74' title='bbox 1061 1022 1360 1086; x_wconf 87' lang='lat' dir='ltr'>debitum.</span> 
     </span>
    </p>

    <p class='ocr_par' dir='ltr' id='par_1_3' title="bbox 515 1108 3260 2067">
     <span class='ocr_line' id='line_1_9' title="bbox 728 1108 3248 1194; baseline 0 -21"><span class='ocrx_word' id='word_1_75' title='bbox 728 1108 826 1173; x_wconf 88' lang='lat' dir='ltr'>Ad</span> <span class='ocrx_word' id='word_1_76' title='bbox 875 1110 1187 1189; x_wconf 84' lang='lat' dir='ltr'>quartum,</span> <span class='ocrx_word' id='word_1_77' title='bbox 1234 1129 1342 1191; x_wconf 91' lang='lat' dir='ltr'>per</span> <span class='ocrx_word' id='word_1_78' title='bbox 1387 1112 1540 1191; x_wconf 91' lang='lat' dir='ltr'>quod</span> <span class='ocrx_word' id='word_1_79' title='bbox 1583 1111 1924 1191; x_wconf 88' lang='lat' dir='ltr'>requirunt,</span> <span class='ocrx_word' id='word_1_80' title='bbox 1974 1114 2131 1194; x_wconf 90' lang='lat' dir='ltr'>quod</span> <span class='ocrx_word' id='word_1_81' title='bbox 2182 1111 2576 1192; x_wconf 76' lang='lat' dir='ltr'>provideatur</span> <span class='ocrx_word' id='word_1_82' title='bbox 2619 1114 2694 1175; x_wconf 91' lang='lat' dir='ltr'>de</span> <span class='ocrx_word' id='word_1_83' title='bbox 2740 1111 3021 1174; x_wconf 90' lang='lat' dir='ltr'>custodia</span> <span class='ocrx_word' id='word_1_84' title='bbox 3056 1113 3248 1183; x_wconf 84' lang='lat' dir='ltr'>terre,</span> 
     </span>
     <span class='ocr_line' id='line_1_10' title="bbox 515 1197 3256 1279; baseline -0 -17"><span class='ocrx_word' id='word_1_85' title='bbox 515 1198 778 1274; x_wconf 89' lang='lat' dir='ltr'>dicatur,</span> <span class='ocrx_word' id='word_1_86' title='bbox 827 1199 982 1277; x_wconf 86' lang='lat' dir='ltr'>quod</span> <span class='ocrx_word' id='word_1_87' title='bbox 1029 1198 1370 1260; x_wconf 79' lang='lat' dir='ltr'>scribemus</span> <span class='ocrx_word' id='word_1_88' title='bbox 1420 1203 1623 1260; x_wconf 87' lang='lat' dir='ltr'>vestro</span> <span class='ocrx_word' id='word_1_89' title='bbox 1671 1200 1912 1274; x_wconf 79' lang='lat' dir='ltr'>rectori,</span> <span class='ocrx_word' id='word_1_90' title='bbox 1964 1200 2120 1279; x_wconf 90' lang='lat' dir='ltr'>quod</span> <span class='ocrx_word' id='word_1_91' title='bbox 2172 1200 2393 1262; x_wconf 85' lang='lat' dir='ltr'>debeat</span> <span class='ocrx_word' id='word_1_92' title='bbox 2438 1198 2586 1261; x_wconf 88' lang='lat' dir='ltr'>dare</span> <span class='ocrx_word' id='word_1_93' title='bbox 2654 1199 2830 1262; x_wconf 90' lang='lat' dir='ltr'>nobis</span> <span class='ocrx_word' id='word_1_94' title='bbox 2895 1197 3256 1263; x_wconf 85' lang='lat' dir='ltr'>informati-</span> 
     </span>
     <span class='ocr_line' id='line_1_11' title="bbox 516 1283 3242 1366; baseline 0 -17"><span class='ocrx_word' id='word_1_95' title='bbox 516 1304 695 1350; x_wconf 89' lang='lat' dir='ltr'>onem</span> <span class='ocrx_word' id='word_1_96' title='bbox 743 1285 818 1346; x_wconf 92' lang='lat' dir='ltr'>de</span> <span class='ocrx_word' id='word_1_97' title='bbox 866 1302 955 1358; x_wconf 89' lang='lat' dir='ltr'>ec,</span> <span class='ocrx_word' id='word_1_98' title='bbox 1005 1283 1166 1363; x_wconf 88' lang='lat' dir='ltr'>qnod</span> <span class='ocrx_word' id='word_1_99' title='bbox 1218 1285 1526 1347; x_wconf 89' lang='lat' dir='ltr'>videretur</span> <span class='ocrx_word' id='word_1_100' title='bbox 1573 1285 1691 1348; x_wconf 89' lang='lat' dir='ltr'>sibi</span> <span class='ocrx_word' id='word_1_101' title='bbox 1739 1305 1921 1366; x_wconf 88' lang='lat' dir='ltr'>super</span> <span class='ocrx_word' id='word_1_102' title='bbox 1969 1284 2076 1349; x_wconf 94' lang='lat' dir='ltr'>illo</span> <span class='ocrx_word' id='word_1_103' title='bbox 2120 1288 2410 1366; x_wconf 81' lang='lat' dir='ltr'>capitulO,</span> <span class='ocrx_word' id='word_1_104' title='bbox 2490 1285 2781 1350; x_wconf 89' lang='lat' dir='ltr'>videlicet</span> <span class='ocrx_word' id='word_1_105' title='bbox 2825 1287 2877 1349; x_wconf 88' lang='lat' dir='ltr'>si</span> <span class='ocrx_word' id='word_1_106' title='bbox 2926 1287 3242 1350; x_wconf 84' lang='lat' dir='ltr'>videretur</span> 
     </span>
     <span class='ocr_line' id='line_1_12' title="bbox 517 1371 3256 1454; baseline 0 -19"><span class='ocrx_word' id='word_1_107' title='bbox 517 1375 569 1435; x_wconf 92' lang='lat' dir='ltr'>ei</span> <span class='ocrx_word' id='word_1_108' title='bbox 621 1372 837 1437; x_wconf 90' lang='lat' dir='ltr'>utilius</span> <span class='ocrx_word' id='word_1_109' title='bbox 878 1377 942 1434; x_wconf 88' lang='lat' dir='ltr'>et</span> <span class='ocrx_word' id='word_1_110' title='bbox 989 1371 1208 1434; x_wconf 85' lang='lat' dir='ltr'>melius</span> <span class='ocrx_word' id='word_1_111' title='bbox 1257 1373 1463 1434; x_wconf 89' lang='lat' dir='ltr'>tenere</span> <span class='ocrx_word' id='word_1_112' title='bbox 1511 1378 1726 1451; x_wconf 82' lang='lat' dir='ltr'>gentes</span> <span class='ocrx_word' id='word_1_113' title='bbox 1775 1375 2116 1454; x_wconf 74' lang='lat' dir='ltr'>equestres,</span> <span class='ocrx_word' id='word_1_114' title='bbox 2166 1393 2284 1454; x_wconf 87' lang='lat' dir='ltr'>que</span> <span class='ocrx_word' id='word_1_115' title='bbox 2330 1377 2477 1437; x_wconf 88' lang='lat' dir='ltr'>sunt</span> <span class='ocrx_word' id='word_1_116' title='bbox 2517 1373 2579 1437; x_wconf 91' lang='lat' dir='ltr'>in</span> <span class='ocrx_word' id='word_1_117' title='bbox 2616 1374 2924 1438; x_wconf 86' lang='lat' dir='ltr'>Durachio</span> <span class='ocrx_word' id='word_1_118' title='bbox 2961 1390 3070 1454; x_wconf 90' lang='lat' dir='ltr'>pro</span> <span class='ocrx_word' id='word_1_119' title='bbox 3107 1391 3256 1437; x_wconf 85' lang='lat' dir='ltr'>cus-</span> 
     </span>
     <span class='ocr_line' id='line_1_13' title="bbox 516 1458 3260 1540; baseline -0.001 -15"><span class='ocrx_word' id='word_1_120' title='bbox 516 1460 688 1525; x_wconf 85' lang='lat' dir='ltr'>todia</span> <span class='ocrx_word' id='word_1_121' title='bbox 734 1462 803 1523; x_wconf 92' lang='lat' dir='ltr'>et</span> <span class='ocrx_word' id='word_1_122' title='bbox 849 1459 1315 1522; x_wconf 79' lang='lat' dir='ltr'>conservatione</span> <span class='ocrx_word' id='word_1_123' title='bbox 1363 1458 1641 1523; x_wconf 88' lang='lat' dir='ltr'>civitatis</span> <span class='ocrx_word' id='word_1_124' title='bbox 1688 1464 1750 1522; x_wconf 90' lang='lat' dir='ltr'>et</span> <span class='ocrx_word' id='word_1_125' title='bbox 1800 1462 2013 1540; x_wconf 85' lang='lat' dir='ltr'>patrie,</span> <span class='ocrx_word' id='word_1_126' title='bbox 2066 1479 2143 1524; x_wconf 90' lang='lat' dir='ltr'>an</span> <span class='ocrx_word' id='word_1_127' title='bbox 2219 1462 2440 1524; x_wconf 88' lang='lat' dir='ltr'>melius</span> <span class='ocrx_word' id='word_1_128' title='bbox 2509 1465 2575 1524; x_wconf 89' lang='lat' dir='ltr'>et</span> <span class='ocrx_word' id='word_1_129' title='bbox 2648 1461 2866 1525; x_wconf 88' lang='lat' dir='ltr'>utilius</span> <span class='ocrx_word' id='word_1_130' title='bbox 2936 1462 3260 1525; x_wconf 85' lang='lat' dir='ltr'>videretur</span> 
     </span>
     <span class='ocr_line' id='line_1_14' title="bbox 521 1544 3260 1631; baseline 0 -20"><span class='ocrx_word' id='word_1_131' title='bbox 521 1565 759 1611; x_wconf 88' lang='lat' dir='ltr'>cassare</span> <span class='ocrx_word' id='word_1_132' title='bbox 810 1544 956 1608; x_wconf 84' lang='lat' dir='ltr'>illas</span> <span class='ocrx_word' id='word_1_133' title='bbox 998 1549 1063 1608; x_wconf 91' lang='lat' dir='ltr'>et</span> <span class='ocrx_word' id='word_1_134' title='bbox 1112 1547 1245 1608; x_wconf 91' lang='lat' dir='ltr'>loco</span> <span class='ocrx_word' id='word_1_135' title='bbox 1294 1566 1506 1609; x_wconf 86' lang='lat' dir='ltr'>earum</span> <span class='ocrx_word' id='word_1_136' title='bbox 1540 1546 1815 1628; x_wconf 88' lang='lat' dir='ltr'>accipere</span> <span class='ocrx_word' id='word_1_137' title='bbox 1863 1549 2317 1631; x_wconf 84' lang='lat' dir='ltr'>quinquaginta</span> <span class='ocrx_word' id='word_1_138' title='bbox 2370 1548 2465 1610; x_wconf 82' lang='lat' dir='ltr'>vel</span> <span class='ocrx_word' id='word_1_139' title='bbox 2512 1549 2831 1630; x_wconf 75' lang='lat' dir='ltr'>sexaginta</span> <span class='ocrx_word' id='word_1_140' title='bbox 2879 1548 3065 1613; x_wconf 91' lang='lat' dir='ltr'>bonos</span> <span class='ocrx_word' id='word_1_141' title='bbox 3094 1547 3260 1612; x_wconf 84' lang='lat' dir='ltr'>bali-</span> 
     </span>
     <span class='ocr_line' id='line_1_15' title="bbox 524 1633 3256 1715; baseline 0 -16"><span class='ocrx_word' id='word_1_142' title='bbox 524 1635 770 1710; x_wconf 80' lang='lat' dir='ltr'>starioS,</span> <span class='ocrx_word' id='word_1_143' title='bbox 842 1633 947 1714; x_wconf 89' lang='lat' dir='ltr'>qui</span> <span class='ocrx_word' id='word_1_144' title='bbox 1015 1633 1408 1697; x_wconf 86' lang='lat' dir='ltr'>attenderent</span> <span class='ocrx_word' id='word_1_145' title='bbox 1476 1651 1616 1696; x_wconf 89' lang='lat' dir='ltr'>cum</span> <span class='ocrx_word' id='word_1_146' title='bbox 1688 1634 1834 1696; x_wconf 86' lang='lat' dir='ltr'>aliis</span> <span class='ocrx_word' id='word_1_147' title='bbox 1890 1636 1962 1697; x_wconf 89' lang='lat' dir='ltr'>ad</span> <span class='ocrx_word' id='word_1_148' title='bbox 2012 1635 2353 1699; x_wconf 89' lang='lat' dir='ltr'>custodiam</span> <span class='ocrx_word' id='word_1_149' title='bbox 2405 1639 2565 1699; x_wconf 90' lang='lat' dir='ltr'>terre</span> <span class='ocrx_word' id='word_1_150' title='bbox 2606 1642 2672 1700; x_wconf 88' lang='lat' dir='ltr'>et</span> <span class='ocrx_word' id='word_1_151' title='bbox 2719 1636 2930 1713; x_wconf 84' lang='lat' dir='ltr'>castri,</span> <span class='ocrx_word' id='word_1_152' title='bbox 2981 1639 3044 1698; x_wconf 92' lang='lat' dir='ltr'>et</span> <span class='ocrx_word' id='word_1_153' title='bbox 3086 1637 3256 1715; x_wconf 86' lang='lat' dir='ltr'>apud</span> 
     </span>
     <span class='ocr_line' id='line_1_16' title="bbox 522 1720 3252 1800; baseline 0 -15"><span class='ocrx_word' id='word_1_154' title='bbox 522 1722 663 1786; x_wconf 89' lang='lat' dir='ltr'>illos</span> <span class='ocrx_word' id='word_1_155' title='bbox 710 1721 936 1784; x_wconf 87' lang='lat' dir='ltr'>habere</span> <span class='ocrx_word' id='word_1_156' title='bbox 985 1739 1090 1783; x_wconf 85' lang='lat' dir='ltr'>sex</span> <span class='ocrx_word' id='word_1_157' title='bbox 1138 1720 1501 1784; x_wconf 77' lang='lat' dir='ltr'>caballarios</span> <span class='ocrx_word' id='word_1_158' title='bbox 1551 1738 1657 1800; x_wconf 89' lang='lat' dir='ltr'>pro</span> <span class='ocrx_word' id='word_1_159' title='bbox 1707 1721 2009 1785; x_wconf 89' lang='lat' dir='ltr'>mittendo</span> <span class='ocrx_word' id='word_1_160' title='bbox 2063 1727 2233 1787; x_wconf 86' lang='lat' dir='ltr'>extra</span> <span class='ocrx_word' id='word_1_161' title='bbox 2276 1725 2349 1787; x_wconf 89' lang='lat' dir='ltr'>ad</span> <span class='ocrx_word' id='word_1_162' title='bbox 2398 1723 2790 1787; x_wconf 85' lang='lat' dir='ltr'>senciendum</span> <span class='ocrx_word' id='word_1_163' title='bbox 2857 1725 2930 1786; x_wconf 88' lang='lat' dir='ltr'>de</span> <span class='ocrx_word' id='word_1_164' title='bbox 2979 1723 3252 1786; x_wconf 88' lang='lat' dir='ltr'>motibus</span> 
     </span>
     <span class='ocr_line' id='line_1_17' title="bbox 529 1808 3258 1893; baseline -0 -20"><span class='ocrx_word' id='word_1_165' title='bbox 529 1809 808 1893; x_wconf 88' lang='lat' dir='ltr'>gentium</span> <span class='ocrx_word' id='word_1_166' title='bbox 846 1808 921 1870; x_wconf 92' lang='lat' dir='ltr'>de</span> <span class='ocrx_word' id='word_1_167' title='bbox 959 1811 1151 1884; x_wconf 85' lang='lat' dir='ltr'>extra,</span> <span class='ocrx_word' id='word_1_168' title='bbox 1201 1811 1264 1872; x_wconf 91' lang='lat' dir='ltr'>et</span> <span class='ocrx_word' id='word_1_169' title='bbox 1308 1827 1417 1889; x_wconf 88' lang='lat' dir='ltr'>pro</span> <span class='ocrx_word' id='word_1_170' title='bbox 1465 1808 1607 1871; x_wconf 86' lang='lat' dir='ltr'>aliis</span> <span class='ocrx_word' id='word_1_171' title='bbox 1655 1810 1918 1886; x_wconf 83' lang='lat' dir='ltr'>casibus,</span> <span class='ocrx_word' id='word_1_172' title='bbox 1967 1810 2072 1891; x_wconf 90' lang='lat' dir='ltr'>qui</span> <span class='ocrx_word' id='word_1_173' title='bbox 2120 1814 2375 1892; x_wconf 83' lang='lat' dir='ltr'>possent</span> <span class='ocrx_word' id='word_1_174' title='bbox 2437 1829 2752 1885; x_wconf 81' lang='lat' dir='ltr'>occurere3</span> <span class='ocrx_word' id='word_1_175' title='bbox 2818 1810 2916 1873; x_wconf 89' lang='lat' dir='ltr'>vel</span> <span class='ocrx_word' id='word_1_176' title='bbox 2978 1812 3031 1873; x_wconf 90' lang='lat' dir='ltr'>si</span> <span class='ocrx_word' id='word_1_177' title='bbox 3091 1811 3258 1873; x_wconf 88' lang='lat' dir='ltr'>alius</span> 
     </span>
     <span class='ocr_line' id='line_1_18' title="bbox 528 1894 3258 1979; baseline 0 -19"><span class='ocrx_word' id='word_1_178' title='bbox 528 1898 746 1960; x_wconf 90' lang='lat' dir='ltr'>modus</span> <span class='ocrx_word' id='word_1_179' title='bbox 795 1894 915 1957; x_wconf 89' lang='lat' dir='ltr'>sibi</span> <span class='ocrx_word' id='word_1_180' title='bbox 964 1895 1299 1959; x_wconf 88' lang='lat' dir='ltr'>servandus</span> <span class='ocrx_word' id='word_1_181' title='bbox 1347 1896 1604 1972; x_wconf 88' lang='lat' dir='ltr'>videtur,</span> <span class='ocrx_word' id='word_1_182' title='bbox 1659 1896 1959 1959; x_wconf 88' lang='lat' dir='ltr'>mittendo</span> <span class='ocrx_word' id='word_1_183' title='bbox 2010 1897 2185 1961; x_wconf 90' lang='lat' dir='ltr'>nobis</span> <span class='ocrx_word' id='word_1_184' title='bbox 2241 1897 2566 1961; x_wconf 90' lang='lat' dir='ltr'>consilinm</span> <span class='ocrx_word' id='word_1_185' title='bbox 2615 1916 2816 1976; x_wconf 89' lang='lat' dir='ltr'>snum,</span> <span class='ocrx_word' id='word_1_186' title='bbox 2876 1915 2997 1979; x_wconf 90' lang='lat' dir='ltr'>quo</span> <span class='ocrx_word' id='word_1_187' title='bbox 3043 1898 3258 1961; x_wconf 85' lang='lat' dir='ltr'>habito</span> 
     </span>
     <span class='ocr_line' id='line_1_19' title="bbox 524 1981 2101 2067; baseline 0 -20"><span class='ocrx_word' id='word_1_188' title='bbox 524 1981 1008 2067; x_wconf 87' lang='lat' dir='ltr'>providebimus,</span> <span class='ocrx_word' id='word_1_189' title='bbox 1060 1983 1223 2045; x_wconf 90' lang='lat' dir='ltr'>sicut</span> <span class='ocrx_word' id='word_1_190' title='bbox 1269 1984 1447 2047; x_wconf 90' lang='lat' dir='ltr'>nobis</span> <span class='ocrx_word' id='word_1_191' title='bbox 1495 1984 1722 2047; x_wconf 89' lang='lat' dir='ltr'>melius</span> <span class='ocrx_word' id='word_1_192' title='bbox 1773 1983 2101 2047; x_wconf 88' lang='lat' dir='ltr'>videretur.</span> 
     </span>
    </p>

    <p class='ocr_par' dir='ltr' id='par_1_4' title="bbox 522 2069 3250 2311">
     <span class='ocr_line' id='line_1_20' title="bbox 732 2069 3246 2154; baseline 0.002 -23"><span class='ocrx_word' id='word_1_193' title='bbox 732 2069 829 2131; x_wconf 92' lang='lat' dir='ltr'>Ad</span> <span class='ocrx_word' id='word_1_194' title='bbox 879 2071 1167 2149; x_wconf 85' lang='lat' dir='ltr'>quintum</span> <span class='ocrx_word' id='word_1_195' title='bbox 1216 2070 1581 2151; x_wconf 84' lang='lat' dir='ltr'>capitulum,</span> <span class='ocrx_word' id='word_1_196' title='bbox 1634 2089 1741 2150; x_wconf 85' lang='lat' dir='ltr'>per</span> <span class='ocrx_word' id='word_1_197' title='bbox 1788 2070 1948 2152; x_wconf 88' lang='lat' dir='ltr'>quod</span> <span class='ocrx_word' id='word_1_198' title='bbox 1997 2071 2232 2153; x_wconf 90' lang='lat' dir='ltr'>petunt,</span> <span class='ocrx_word' id='word_1_199' title='bbox 2281 2073 2438 2154; x_wconf 89' lang='lat' dir='ltr'>qnod</span> <span class='ocrx_word' id='word_1_200' title='bbox 2513 2071 2943 2153; x_wconf 86' lang='lat' dir='ltr'>provideamus</span> <span class='ocrx_word' id='word_1_201' title='bbox 2989 2071 3067 2134; x_wconf 90' lang='lat' dir='ltr'>ad</span> <span class='ocrx_word' id='word_1_202' title='bbox 3114 2071 3246 2136; x_wconf 83' lang='lat' dir='ltr'>sac-</span> 
     </span>
     <span class='ocr_line' id='line_1_21' title="bbox 526 2155 3250 2241; baseline 0 -19"><span class='ocrx_word' id='word_1_203' title='bbox 526 2163 658 2222; x_wconf 86' lang='lat' dir='ltr'>tum</span> <span class='ocrx_word' id='word_1_204' title='bbox 708 2155 1202 2231; x_wconf 86' lang='lat' dir='ltr'>tornesellorum,</span> <span class='ocrx_word' id='word_1_205' title='bbox 1258 2158 1521 2233; x_wconf 88' lang='lat' dir='ltr'>dicatur,</span> <span class='ocrx_word' id='word_1_206' title='bbox 1572 2159 1730 2238; x_wconf 86' lang='lat' dir='ltr'>quod</span> <span class='ocrx_word' id='word_1_207' title='bbox 1796 2159 2254 2240; x_wconf 87' lang='lat' dir='ltr'>providebimus</span> <span class='ocrx_word' id='word_1_208' title='bbox 2316 2159 2642 2241; x_wconf 88' lang='lat' dir='ltr'>superinde</span> <span class='ocrx_word' id='word_1_209' title='bbox 2690 2161 2798 2235; x_wconf 87' lang='lat' dir='ltr'>ita,</span> <span class='ocrx_word' id='word_1_210' title='bbox 2849 2161 3011 2241; x_wconf 89' lang='lat' dir='ltr'>quod</span> <span class='ocrx_word' id='word_1_211' title='bbox 3058 2159 3250 2223; x_wconf 85' lang='lat' dir='ltr'>habe·</span> 
     </span>
     <span class='ocr_line' id='line_1_22' title="bbox 522 2246 1362 2311; baseline -0.004 0"><span class='ocrx_word' id='word_1_212' title='bbox 522 2246 681 2311; x_wconf 89' lang='lat' dir='ltr'>bunt</span> <span class='ocrx_word' id='word_1_213' title='bbox 729 2246 949 2307; x_wconf 89' lang='lat' dir='ltr'>merito</span> <span class='ocrx_word' id='word_1_214' title='bbox 1000 2246 1362 2308; x_wconf 83' lang='lat' dir='ltr'>contentari.</span> 
     </span>
    </p>

    <p class='ocr_par' dir='ltr' id='par_1_5' title="bbox 523 2330 3258 3026">
     <span class='ocr_line' id='line_1_23' title="bbox 733 2330 3253 2413; baseline 0.002 -20"><span class='ocrx_word' id='word_1_215' title='bbox 733 2330 829 2393; x_wconf 89' lang='lat' dir='ltr'>Ad</span> <span class='ocrx_word' id='word_1_216' title='bbox 879 2334 1142 2407; x_wconf 84' lang='lat' dir='ltr'>sextum,</span> <span class='ocrx_word' id='word_1_217' title='bbox 1192 2333 1250 2394; x_wconf 91' lang='lat' dir='ltr'>in</span> <span class='ocrx_word' id='word_1_218' title='bbox 1300 2351 1417 2413; x_wconf 90' lang='lat' dir='ltr'>quo</span> <span class='ocrx_word' id='word_1_219' title='bbox 1466 2332 1789 2412; x_wconf 88' lang='lat' dir='ltr'>requirunt</span> <span class='ocrx_word' id='word_1_220' title='bbox 1858 2331 2082 2396; x_wconf 88' lang='lat' dir='ltr'>habere</span> <span class='ocrx_word' id='word_1_221' title='bbox 2148 2335 2203 2396; x_wconf 90' lang='lat' dir='ltr'>iu</span> <span class='ocrx_word' id='word_1_222' title='bbox 2277 2352 2603 2397; x_wconf 89' lang='lat' dir='ltr'>commune</span> <span class='ocrx_word' id='word_1_223' title='bbox 2652 2334 2950 2397; x_wconf 86' lang='lat' dir='ltr'>Durachii</span> <span class='ocrx_word' id='word_1_224' title='bbox 3001 2334 3253 2397; x_wconf 88' lang='lat' dir='ltr'>dacium</span> 
     </span>
     <span class='ocr_line' id='line_1_24' title="bbox 530 2419 3250 2503; baseline -0 -19"><span class='ocrx_word' id='word_1_225' title='bbox 530 2420 678 2484; x_wconf 88' lang='lat' dir='ltr'>mali</span> <span class='ocrx_word' id='word_1_226' title='bbox 725 2419 955 2483; x_wconf 86' lang='lat' dir='ltr'>denarii</span> <span class='ocrx_word' id='word_1_227' title='bbox 1006 2421 1193 2497; x_wconf 82' lang='lat' dir='ltr'>parvi,</span> <span class='ocrx_word' id='word_1_228' title='bbox 1262 2426 1331 2482; x_wconf 90' lang='lat' dir='ltr'>ut</span> <span class='ocrx_word' id='word_1_229' title='bbox 1393 2422 1626 2500; x_wconf 87' lang='lat' dir='ltr'>possint</span> <span class='ocrx_word' id='word_1_230' title='bbox 1688 2419 1889 2482; x_wconf 87' lang='lat' dir='ltr'>facere</span> <span class='ocrx_word' id='word_1_231' title='bbox 1954 2439 2248 2500; x_wconf 84' lang='lat' dir='ltr'>expensas</span> <span class='ocrx_word' id='word_1_232' title='bbox 2313 2424 2708 2493; x_wconf 83' lang='lat' dir='ltr'>necessarias,</span> <span class='ocrx_word' id='word_1_233' title='bbox 2760 2420 2870 2485; x_wconf 89' lang='lat' dir='ltr'>fiat</span> <span class='ocrx_word' id='word_1_234' title='bbox 2906 2425 3250 2503; x_wconf 86' lang='lat' dir='ltr'>responsio,</span> 
     </span>
     <span class='ocr_line' id='line_1_25' title="bbox 527 2506 3252 2590; baseline 0 -19"><span class='ocrx_word' id='word_1_235' title='bbox 527 2507 686 2590; x_wconf 89' lang='lat' dir='ltr'>quod</span> <span class='ocrx_word' id='word_1_236' title='bbox 738 2512 948 2569; x_wconf 88' lang='lat' dir='ltr'>nostra</span> <span class='ocrx_word' id='word_1_237' title='bbox 996 2506 1255 2569; x_wconf 86' lang='lat' dir='ltr'>intentio</span> <span class='ocrx_word' id='word_1_238' title='bbox 1304 2508 1417 2579; x_wconf 90' lang='lat' dir='ltr'>est,</span> <span class='ocrx_word' id='word_1_239' title='bbox 1467 2507 1625 2586; x_wconf 90' lang='lat' dir='ltr'>quod</span> <span class='ocrx_word' id='word_1_240' title='bbox 1670 2506 1836 2570; x_wconf 90' lang='lat' dir='ltr'>istud</span> <span class='ocrx_word' id='word_1_241' title='bbox 1885 2506 2129 2571; x_wconf 88' lang='lat' dir='ltr'>dacium</span> <span class='ocrx_word' id='word_1_242' title='bbox 2179 2509 2459 2589; x_wconf 85' lang='lat' dir='ltr'>exigatur</span> <span class='ocrx_word' id='word_1_243' title='bbox 2505 2527 2611 2590; x_wconf 90' lang='lat' dir='ltr'>per</span> <span class='ocrx_word' id='word_1_244' title='bbox 2658 2512 2901 2572; x_wconf 88' lang='lat' dir='ltr'>nostros</span> <span class='ocrx_word' id='word_1_245' title='bbox 2957 2513 3252 2582; x_wconf 87' lang='lat' dir='ltr'>rectores,</span> 
     </span>
     <span class='ocr_line' id='line_1_26' title="bbox 523 2592 3255 2678; baseline 0.001 -21"><span class='ocrx_word' id='word_1_246' title='bbox 523 2602 585 2659; x_wconf 91' lang='lat' dir='ltr'>et</span> <span class='ocrx_word' id='word_1_247' title='bbox 653 2595 807 2676; x_wconf 90' lang='lat' dir='ltr'>quod</span> <span class='ocrx_word' id='word_1_248' title='bbox 861 2593 982 2656; x_wconf 87' lang='lat' dir='ltr'>ista</span> <span class='ocrx_word' id='word_1_249' title='bbox 1055 2594 1311 2673; x_wconf 83' lang='lat' dir='ltr'>pecunia</span> <span class='ocrx_word' id='word_1_250' title='bbox 1380 2592 1716 2674; x_wconf 88' lang='lat' dir='ltr'>depositari</span> <span class='ocrx_word' id='word_1_251' title='bbox 1766 2594 2004 2672; x_wconf 90' lang='lat' dir='ltr'>debeat,</span> <span class='ocrx_word' id='word_1_252' title='bbox 2094 2614 2204 2659; x_wconf 90' lang='lat' dir='ltr'>nec</span> <span class='ocrx_word' id='word_1_253' title='bbox 2278 2597 2340 2658; x_wconf 90' lang='lat' dir='ltr'>in</span> <span class='ocrx_word' id='word_1_254' title='bbox 2388 2594 2579 2659; x_wconf 90' lang='lat' dir='ltr'>alium</span> <span class='ocrx_word' id='word_1_255' title='bbox 2629 2597 2903 2677; x_wconf 79' lang='lat' dir='ltr'>expendi,</span> <span class='ocrx_word' id='word_1_256' title='bbox 2953 2615 3144 2678; x_wconf 88' lang='lat' dir='ltr'>quam</span> <span class='ocrx_word' id='word_1_257' title='bbox 3191 2598 3255 2660; x_wconf 90' lang='lat' dir='ltr'>in</span> 
     </span>
     <span class='ocr_line' id='line_1_27' title="bbox 524 2681 3258 2764; baseline -0 -18"><span class='ocrx_word' id='word_1_258' title='bbox 524 2682 907 2764; x_wconf 80' lang='lat' dir='ltr'>reparatione</span> <span class='ocrx_word' id='word_1_259' title='bbox 972 2682 1434 2744; x_wconf 83' lang='lat' dir='ltr'>bertescharum</span> <span class='ocrx_word' id='word_1_260' title='bbox 1496 2681 1770 2744; x_wconf 90' lang='lat' dir='ltr'>civitatis</span> <span class='ocrx_word' id='word_1_261' title='bbox 1834 2684 1896 2745; x_wconf 92' lang='lat' dir='ltr'>et</span> <span class='ocrx_word' id='word_1_262' title='bbox 1945 2683 2152 2760; x_wconf 84' lang='lat' dir='ltr'>castri,</span> <span class='ocrx_word' id='word_1_263' title='bbox 2212 2684 2274 2746; x_wconf 91' lang='lat' dir='ltr'>in</span> <span class='ocrx_word' id='word_1_264' title='bbox 2333 2683 2757 2748; x_wconf 86' lang='lat' dir='ltr'>fortificatione</span> <span class='ocrx_word' id='word_1_265' title='bbox 2824 2703 3141 2747; x_wconf 89' lang='lat' dir='ltr'>murorum</span> <span class='ocrx_word' id='word_1_266' title='bbox 3191 2690 3258 2747; x_wconf 87' lang='lat' dir='ltr'>et</span> 
     </span>
     <span class='ocr_line' id='line_1_28' title="bbox 524 2768 3255 2852; baseline 0.001 -21"><span class='ocrx_word' id='word_1_267' title='bbox 524 2770 844 2843; x_wconf 82' lang='lat' dir='ltr'>fossarum,</span> <span class='ocrx_word' id='word_1_268' title='bbox 897 2786 1009 2830; x_wconf 89' lang='lat' dir='ltr'>nou</span> <span class='ocrx_word' id='word_1_269' title='bbox 1061 2768 1466 2849; x_wconf 87' lang='lat' dir='ltr'>intelligendo</span> <span class='ocrx_word' id='word_1_270' title='bbox 1501 2771 1571 2831; x_wconf 81' lang='lat' dir='ltr'>‹le</span> <span class='ocrx_word' id='word_1_271' title='bbox 1622 2768 2110 2834; x_wconf 85' lang='lat' dir='ltr'>habitationibus</span> <span class='ocrx_word' id='word_1_272' title='bbox 2159 2778 2486 2845; x_wconf 86' lang='lat' dir='ltr'>rectorum,</span> <span class='ocrx_word' id='word_1_273' title='bbox 2555 2775 2618 2834; x_wconf 90' lang='lat' dir='ltr'>et</span> <span class='ocrx_word' id='word_1_274' title='bbox 2679 2771 2836 2852; x_wconf 91' lang='lat' dir='ltr'>quod</span> <span class='ocrx_word' id='word_1_275' title='bbox 2885 2790 2994 2852; x_wconf 88' lang='lat' dir='ltr'>per</span> <span class='ocrx_word' id='word_1_276' title='bbox 3040 2789 3255 2834; x_wconf 88' lang='lat' dir='ltr'>carne-</span> 
     </span>
     <span class='ocr_line' id='line_1_29' title="bbox 530 2857 3252 2939; baseline 0.001 -20"><span class='ocrx_word' id='word_1_277' title='bbox 530 2859 763 2919; x_wconf 85' lang='lat' dir='ltr'>rarium</span> <span class='ocrx_word' id='word_1_278' title='bbox 809 2857 1093 2918; x_wconf 87' lang='lat' dir='ltr'>teneatur</span> <span class='ocrx_word' id='word_1_279' title='bbox 1141 2858 1431 2918; x_wconf 85' lang='lat' dir='ltr'>continue</span> <span class='ocrx_word' id='word_1_280' title='bbox 1478 2862 1838 2934; x_wconf 88' lang='lat' dir='ltr'>computum</span> <span class='ocrx_word' id='word_1_281' title='bbox 1889 2857 2197 2939; x_wconf 86' lang='lat' dir='ltr'>introytus</span> <span class='ocrx_word' id='word_1_282' title='bbox 2245 2869 2308 2921; x_wconf 91' lang='lat' dir='ltr'>et</span> <span class='ocrx_word' id='word_1_283' title='bbox 2354 2877 2614 2939; x_wconf 78' lang='lat' dir='ltr'>expense</span> <span class='ocrx_word' id='word_1_284' title='bbox 2676 2860 2835 2921; x_wconf 86' lang='lat' dir='ltr'>dacii</span> <span class='ocrx_word' id='word_1_285' title='bbox 2884 2859 3252 2939; x_wconf 81' lang='lat' dir='ltr'>supradicti,</span> 
     </span>
     <span class='ocr_line' id='line_1_30' title="bbox 530 2944 3134 3026; baseline 0.001 -20"><span class='ocrx_word' id='word_1_286' title='bbox 530 2951 596 3006; x_wconf 90' lang='lat' dir='ltr'>ut</span> <span class='ocrx_word' id='word_1_287' title='bbox 643 2944 840 3006; x_wconf 87' lang='lat' dir='ltr'>videri</span> <span class='ocrx_word' id='word_1_288' title='bbox 895 2944 1100 3022; x_wconf 87' lang='lat' dir='ltr'>possit.</span> <span class='ocrx_word' id='word_1_289' title='bbox 1152 2946 1452 3023; x_wconf 89' lang='lat' dir='ltr'>quomodo</span> <span class='ocrx_word' id='word_1_290' title='bbox 1498 2945 1561 3005; x_wconf 90' lang='lat' dir='ltr'>et</span> <span class='ocrx_word' id='word_1_291' title='bbox 1607 2944 1671 3004; x_wconf 91' lang='lat' dir='ltr'>in</span> <span class='ocrx_word' id='word_1_292' title='bbox 1717 2944 1941 3024; x_wconf 90' lang='lat' dir='ltr'>quibus</span> <span class='ocrx_word' id='word_1_293' title='bbox 1990 2947 2407 3026; x_wconf 83' lang='lat' dir='ltr'>expendentur</span> <span class='ocrx_word' id='word_1_294' title='bbox 2453 2948 2706 3026; x_wconf 85' lang='lat' dir='ltr'>pecunie</span> <span class='ocrx_word' id='word_1_295' title='bbox 2754 2946 2901 3009; x_wconf 87' lang='lat' dir='ltr'>dicti</span> <span class='ocrx_word' id='word_1_296' title='bbox 2950 2947 3134 3009; x_wconf 87' lang='lat' dir='ltr'>dacii.</span> 
     </span>
    </p>

    <p class='ocr_par' dir='ltr' id='par_1_6' title="bbox 524 3029 3278 3811">
     <span class='ocr_line' id='line_1_31' title="bbox 738 3029 3258 3115; baseline 0.002 -24"><span class='ocrx_word' id='word_1_297' title='bbox 738 3030 1214 3108; x_wconf 18' lang='lat' dir='ltr'>Adsseptimum</span> <span class='ocrx_word' id='word_1_298' title='bbox 1264 3029 1622 3110; x_wconf 86' lang='lat' dir='ltr'>capitulum,</span> <span class='ocrx_word' id='word_1_299' title='bbox 1673 3048 1782 3111; x_wconf 88' lang='lat' dir='ltr'>per</span> <span class='ocrx_word' id='word_1_300' title='bbox 1830 3032 1986 3111; x_wconf 89' lang='lat' dir='ltr'>quod</span> <span class='ocrx_word' id='word_1_301' title='bbox 2036 3034 2411 3113; x_wconf 86' lang='lat' dir='ltr'>supplicant,</span> <span class='ocrx_word' id='word_1_302' title='bbox 2458 3037 2611 3115; x_wconf 85' lang='lat' dir='ltr'>quod</span> <span class='ocrx_word' id='word_1_303' title='bbox 2647 3034 2921 3113; x_wconf 86' lang='lat' dir='ltr'>capitula</span> <span class='ocrx_word' id='word_1_304' title='bbox 2953 3035 3258 3114; x_wconf 84' lang='lat' dir='ltr'>triginta-</span> 
     </span>
     <span class='ocr_line' id='line_1_32' title="bbox 524 3118 3258 3199; baseline 0.001 -20"><span class='ocrx_word' id='word_1_305' title='bbox 524 3118 791 3199; x_wconf 88' lang='lat' dir='ltr'>quinque</span> <span class='ocrx_word' id='word_1_306' title='bbox 840 3119 1218 3180; x_wconf 86' lang='lat' dir='ltr'>statutorum</span> <span class='ocrx_word' id='word_1_307' title='bbox 1270 3136 1538 3191; x_wconf 89' lang='lat' dir='ltr'>suorum,</span> <span class='ocrx_word' id='word_1_308' title='bbox 1590 3124 1833 3198; x_wconf 88' lang='lat' dir='ltr'>reperta</span> <span class='ocrx_word' id='word_1_309' title='bbox 1880 3119 2042 3199; x_wconf 87' lang='lat' dir='ltr'>apud</span> <span class='ocrx_word' id='word_1_310' title='bbox 2091 3120 2311 3183; x_wconf 80' lang='lat' dir='ltr'>iratres</span> <span class='ocrx_word' id='word_1_311' title='bbox 2359 3124 2557 3183; x_wconf 86' lang='lat' dir='ltr'>sancti</span> <span class='ocrx_word' id='word_1_312' title='bbox 2609 3121 2944 3196; x_wconf 87' lang='lat' dir='ltr'>Francisci,</span> <span class='ocrx_word' id='word_1_313' title='bbox 2993 3125 3057 3183; x_wconf 87' lang='lat' dir='ltr'>et</span> <span class='ocrx_word' id='word_1_314' title='bbox 3102 3119 3258 3196; x_wconf 82' lang='lat' dir='ltr'>alia,</span> 
     </span>
     <span class='ocr_line' id='line_1_33' title="bbox 526 3203 3260 3287; baseline 0 -18"><span class='ocrx_word' id='word_1_315' title='bbox 526 3225 642 3286; x_wconf 90' lang='lat' dir='ltr'>que</span> <span class='ocrx_word' id='word_1_316' title='bbox 691 3205 1124 3284; x_wconf 82' lang='lat' dir='ltr'>reperirentur,</span> <span class='ocrx_word' id='word_1_317' title='bbox 1176 3207 1538 3268; x_wconf 85' lang='lat' dir='ltr'>deberemus</span> <span class='ocrx_word' id='word_1_318' title='bbox 1586 3203 1786 3268; x_wconf 87' lang='lat' dir='ltr'>facere</span> <span class='ocrx_word' id='word_1_319' title='bbox 1839 3207 2070 3270; x_wconf 89' lang='lat' dir='ltr'>servari</span> <span class='ocrx_word' id='word_1_320' title='bbox 2120 3226 2228 3287; x_wconf 92' lang='lat' dir='ltr'>per</span> <span class='ocrx_word' id='word_1_321' title='bbox 2295 3214 2534 3271; x_wconf 89' lang='lat' dir='ltr'>nostros</span> <span class='ocrx_word' id='word_1_322' title='bbox 2597 3212 2867 3272; x_wconf 90' lang='lat' dir='ltr'>rectores</span> <span class='ocrx_word' id='word_1_323' title='bbox 2931 3208 3260 3285; x_wconf 85' lang='lat' dir='ltr'>Durachii,</span> 
     </span>
     <span class='ocr_line' id='line_1_34' title="bbox 529 3291 3261 3372; baseline 0.001 -17"><span class='ocrx_word' id='word_1_324' title='bbox 529 3291 943 3372; x_wconf 89' lang='lat' dir='ltr'>provideatur,</span> <span class='ocrx_word' id='word_1_325' title='bbox 993 3291 1154 3372; x_wconf 89' lang='lat' dir='ltr'>quod</span> <span class='ocrx_word' id='word_1_326' title='bbox 1203 3299 1402 3355; x_wconf 89' lang='lat' dir='ltr'>rector</span> <span class='ocrx_word' id='word_1_327' title='bbox 1452 3295 1660 3354; x_wconf 91' lang='lat' dir='ltr'>noster</span> <span class='ocrx_word' id='word_1_328' title='bbox 1703 3291 1932 3356; x_wconf 82' lang='lat' dir='ltr'>habere</span> <span class='ocrx_word' id='word_1_329' title='bbox 1980 3294 2205 3356; x_wconf 85' lang='lat' dir='ltr'>debeat</span> <span class='ocrx_word' id='word_1_330' title='bbox 2251 3295 2441 3358; x_wconf 89' lang='lat' dir='ltr'>bonos</span> <span class='ocrx_word' id='word_1_331' title='bbox 2501 3294 2782 3357; x_wconf 86' lang='lat' dir='ltr'>homines</span> <span class='ocrx_word' id='word_1_332' title='bbox 2828 3294 3141 3370; x_wconf 87' lang='lat' dir='ltr'>Durachii,</span> <span class='ocrx_word' id='word_1_333' title='bbox 3190 3300 3261 3359; x_wconf 88' lang='lat' dir='ltr'>et</span> 
     </span>
     <span class='ocr_line' id='line_1_35' title="bbox 532 3378 3260 3465; baseline 0.001 -23"><span class='ocrx_word' id='word_1_334' title='bbox 532 3380 611 3442; x_wconf 84' lang='lat' dir='ltr'>ab</span> <span class='ocrx_word' id='word_1_335' title='bbox 661 3378 787 3441; x_wconf 90' lang='lat' dir='ltr'>illis</span> <span class='ocrx_word' id='word_1_336' title='bbox 836 3379 1164 3459; x_wconf 81' lang='lat' dir='ltr'>diligenter</span> <span class='ocrx_word' id='word_1_337' title='bbox 1203 3380 1357 3442; x_wconf 86' lang='lat' dir='ltr'>scire</span> <span class='ocrx_word' id='word_1_338' title='bbox 1405 3381 1470 3442; x_wconf 85' lang='lat' dir='ltr'>et</span> <span class='ocrx_word' id='word_1_339' title='bbox 1507 3381 1903 3461; x_wconf 85' lang='lat' dir='ltr'>investigare,</span> <span class='ocrx_word' id='word_1_340' title='bbox 1953 3382 2003 3443; x_wconf 90' lang='lat' dir='ltr'>si</span> <span class='ocrx_word' id='word_1_341' title='bbox 2057 3382 2284 3445; x_wconf 88' lang='lat' dir='ltr'>vellent</span> <span class='ocrx_word' id='word_1_342' title='bbox 2324 3383 2455 3465; x_wconf 84' lang='lat' dir='ltr'>regi</span> <span class='ocrx_word' id='word_1_343' title='bbox 2505 3382 2846 3445; x_wconf 86' lang='lat' dir='ltr'>secundnm</span> <span class='ocrx_word' id='word_1_344' title='bbox 2893 3384 3139 3445; x_wconf 81' lang='lat' dir='ltr'>ordines</span> <span class='ocrx_word' id='word_1_345' title='bbox 3187 3391 3260 3444; x_wconf 87' lang='lat' dir='ltr'>et</span> 
     </span>
     <span class='ocr_line' id='line_1_36' title="bbox 531 3465 3278 3551; baseline 0.002 -23"><span class='ocrx_word' id='word_1_346' title='bbox 531 3469 772 3529; x_wconf 85' lang='lat' dir='ltr'>statuta</span> <span class='ocrx_word' id='word_1_347' title='bbox 821 3465 1243 3541; x_wconf 75' lang='lat' dir='ltr'>veneciarum,</span> <span class='ocrx_word' id='word_1_348' title='bbox 1294 3474 1356 3527; x_wconf 89' lang='lat' dir='ltr'>et</span> <span class='ocrx_word' id='word_1_349' title='bbox 1403 3467 1454 3528; x_wconf 89' lang='lat' dir='ltr'>si</span> <span class='ocrx_word' id='word_1_350' title='bbox 1505 3469 1577 3529; x_wconf 92' lang='lat' dir='ltr'>de</span> <span class='ocrx_word' id='word_1_351' title='bbox 1623 3467 1740 3529; x_wconf 88' lang='lat' dir='ltr'>hoc</span> <span class='ocrx_word' id='word_1_352' title='bbox 1786 3466 1990 3530; x_wconf 86' lang='lat' dir='ltr'>forent</span> <span class='ocrx_word' id='word_1_353' title='bbox 2026 3469 2320 3542; x_wconf 86' lang='lat' dir='ltr'>contenti,</span> <span class='ocrx_word' id='word_1_354' title='bbox 2366 3468 2601 3533; x_wconf 84' lang='lat' dir='ltr'>scribat</span> <span class='ocrx_word' id='word_1_355' title='bbox 2645 3471 2818 3534; x_wconf 88' lang='lat' dir='ltr'>nobis</span> <span class='ocrx_word' id='word_1_356' title='bbox 2852 3469 2926 3532; x_wconf 88' lang='lat' dir='ltr'>de</span> <span class='ocrx_word' id='word_1_357' title='bbox 2961 3471 3278 3551; x_wconf 68' lang='lat' dir='ltr'>presenti,</span> 
     </span>
     <span class='ocr_line' id='line_1_37' title="bbox 529 3553 3260 3636; baseline 0.003 -21"><span class='ocrx_word' id='word_1_358' title='bbox 529 3555 769 3636; x_wconf 88' lang='lat' dir='ltr'>quando</span> <span class='ocrx_word' id='word_1_359' title='bbox 816 3555 1021 3615; x_wconf 84' lang='lat' dir='ltr'>autem</span> <span class='ocrx_word' id='word_1_360' title='bbox 1073 3553 1346 3615; x_wconf 84' lang='lat' dir='ltr'>contenti</span> <span class='ocrx_word' id='word_1_361' title='bbox 1381 3572 1495 3616; x_wconf 90' lang='lat' dir='ltr'>non</span> <span class='ocrx_word' id='word_1_362' title='bbox 1544 3553 1762 3629; x_wconf 87' lang='lat' dir='ltr'>forent,</span> <span class='ocrx_word' id='word_1_363' title='bbox 1815 3556 2033 3617; x_wconf 88' lang='lat' dir='ltr'>mittat</span> <span class='ocrx_word' id='word_1_364' title='bbox 2080 3557 2250 3619; x_wconf 87' lang='lat' dir='ltr'>nobis</span> <span class='ocrx_word' id='word_1_365' title='bbox 2301 3556 2407 3620; x_wconf 90' lang='lat' dir='ltr'>illa</span> <span class='ocrx_word' id='word_1_366' title='bbox 2436 3558 2711 3636; x_wconf 85' lang='lat' dir='ltr'>capitula</span> <span class='ocrx_word' id='word_1_367' title='bbox 2754 3575 3006 3620; x_wconf 89' lang='lat' dir='ltr'>suorum</span> <span class='ocrx_word' id='word_1_368' title='bbox 3048 3562 3260 3622; x_wconf 84' lang='lat' dir='ltr'>statu-</span> 
     </span>
     <span class='ocr_line' id='line_1_38' title="bbox 531 3639 3248 3725; baseline 0.001 -21"><span class='ocrx_word' id='word_1_369' title='bbox 531 3643 752 3714; x_wconf 84' lang='lat' dir='ltr'>torum,</span> <span class='ocrx_word' id='word_1_370' title='bbox 801 3640 871 3701; x_wconf 93' lang='lat' dir='ltr'>de</span> <span class='ocrx_word' id='word_1_371' title='bbox 919 3639 1140 3719; x_wconf 87' lang='lat' dir='ltr'>quibus</span> <span class='ocrx_word' id='word_1_372' title='bbox 1190 3640 1429 3703; x_wconf 82' lang='lat' dir='ltr'>faciunt</span> <span class='ocrx_word' id='word_1_373' title='bbox 1476 3645 1874 3716; x_wconf 85' lang='lat' dir='ltr'>mentionem,</span> <span class='ocrx_word' id='word_1_374' title='bbox 1925 3642 2071 3722; x_wconf 87' lang='lat' dir='ltr'>quia</span> <span class='ocrx_word' id='word_1_375' title='bbox 2121 3644 2462 3707; x_wconf 83' lang='lat' dir='ltr'>videbimus</span> <span class='ocrx_word' id='word_1_376' title='bbox 2525 3644 2650 3720; x_wconf 84' lang='lat' dir='ltr'>illa,</span> <span class='ocrx_word' id='word_1_377' title='bbox 2717 3648 2782 3707; x_wconf 90' lang='lat' dir='ltr'>et</span> <span class='ocrx_word' id='word_1_378' title='bbox 2844 3650 3056 3724; x_wconf 84' lang='lat' dir='ltr'>postea</span> <span class='ocrx_word' id='word_1_379' title='bbox 3099 3664 3248 3725; x_wconf 88' lang='lat' dir='ltr'>pro-</span> 
     </span>
     <span class='ocr_line' id='line_1_39' title="bbox 530 3726 2531 3811; baseline 0.001 -21"><span class='ocrx_word' id='word_1_380' title='bbox 530 3726 895 3803; x_wconf 88' lang='lat' dir='ltr'>videbimus,</span> <span class='ocrx_word' id='word_1_381' title='bbox 946 3729 1016 3790; x_wconf 89' lang='lat' dir='ltr'>ut</span> <span class='ocrx_word' id='word_1_382' title='bbox 1062 3728 1235 3790; x_wconf 89' lang='lat' dir='ltr'>nobis</span> <span class='ocrx_word' id='word_1_383' title='bbox 1286 3728 1610 3791; x_wconf 87' lang='lat' dir='ltr'>honestum</span> <span class='ocrx_word' id='word_1_384' title='bbox 1661 3736 1722 3792; x_wconf 90' lang='lat' dir='ltr'>et</span> <span class='ocrx_word' id='word_1_385' title='bbox 1770 3730 2139 3793; x_wconf 88' lang='lat' dir='ltr'>rationabile</span> <span class='ocrx_word' id='word_1_386' title='bbox 2185 3732 2531 3811; x_wconf 86' lang='lat' dir='ltr'>apparebit.</span> 
     </span>
    </p>

    <p class='ocr_par' dir='ltr' id='par_1_7' title="bbox 529 3814 3267 4417">
     <span class='ocr_line' id='line_1_40' title="bbox 738 3814 3267 3901; baseline 0.003 -25"><span class='ocrx_word' id='word_1_387' title='bbox 738 3814 835 3876; x_wconf 91' lang='lat' dir='ltr'>Ad</span> <span class='ocrx_word' id='word_1_388' title='bbox 883 3823 1349 3895; x_wconf 62' lang='lat' dir='ltr'>octavum,-per</span> <span class='ocrx_word' id='word_1_389' title='bbox 1398 3816 1560 3896; x_wconf 94' lang='lat' dir='ltr'>quod</span> <span class='ocrx_word' id='word_1_390' title='bbox 1612 3817 1932 3896; x_wconf 83' lang='lat' dir='ltr'>requirunt</span> <span class='ocrx_word' id='word_1_391' title='bbox 1981 3817 2236 3880; x_wconf 88' lang='lat' dir='ltr'>limitari</span> <span class='ocrx_word' id='word_1_392' title='bbox 2304 3822 2368 3881; x_wconf 91' lang='lat' dir='ltr'>et</span> <span class='ocrx_word' id='word_1_393' title='bbox 2434 3819 2670 3882; x_wconf 79' lang='lat' dir='ltr'>tanxari</span> <span class='ocrx_word' id='word_1_394' title='bbox 2719 3819 2928 3901; x_wconf 84' lang='lat' dir='ltr'>precia</span> <span class='ocrx_word' id='word_1_395' title='bbox 2984 3818 3267 3897; x_wconf 88' lang='lat' dir='ltr'>scriptu·</span> 
     </span>
     <span class='ocr_line' id='line_1_41' title="bbox 529 3901 3259 3985; baseline 0.001 -18"><span class='ocrx_word' id='word_1_396' title='bbox 529 3920 756 3974; x_wconf 80' lang='lat' dir='ltr'>rarum,</span> <span class='ocrx_word' id='word_1_397' title='bbox 803 3920 918 3981; x_wconf 92' lang='lat' dir='ltr'>que</span> <span class='ocrx_word' id='word_1_398' title='bbox 962 3901 1119 3964; x_wconf 89' lang='lat' dir='ltr'>fiunt</span> <span class='ocrx_word' id='word_1_399' title='bbox 1164 3920 1272 3983; x_wconf 90' lang='lat' dir='ltr'>per</span> <span class='ocrx_word' id='word_1_400' title='bbox 1319 3903 1716 3966; x_wconf 88' lang='lat' dir='ltr'>concellarios</span> <span class='ocrx_word' id='word_1_401' title='bbox 1765 3907 2094 3978; x_wconf 77' lang='lat' dir='ltr'>rectorum,</span> <span class='ocrx_word' id='word_1_402' title='bbox 2167 3906 2599 3985; x_wconf 83' lang='lat' dir='ltr'>respondeatur</span> <span class='ocrx_word' id='word_1_403' title='bbox 2671 3907 2819 3985; x_wconf 86' lang='lat' dir='ltr'>ipsis</span> <span class='ocrx_word' id='word_1_404' title='bbox 2882 3905 3259 3982; x_wconf 76' lang='lat' dir='ltr'>oratoribuS,</span> 
     </span>
     <span class='ocr_line' id='line_1_42' title="bbox 529 3989 3258 4070; baseline 0.003 -19"><span class='ocrx_word' id='word_1_405' title='bbox 529 3989 688 4070; x_wconf 89' lang='lat' dir='ltr'>quod</span> <span class='ocrx_word' id='word_1_406' title='bbox 734 3989 1199 4051; x_wconf 87' lang='lat' dir='ltr'>committemus</span> <span class='ocrx_word' id='word_1_407' title='bbox 1277 3990 1518 4066; x_wconf 87' lang='lat' dir='ltr'>rectori,</span> <span class='ocrx_word' id='word_1_408' title='bbox 1589 3991 1747 4070; x_wconf 90' lang='lat' dir='ltr'>quod</span> <span class='ocrx_word' id='word_1_409' title='bbox 1826 4009 1968 4053; x_wconf 91' lang='lat' dir='ltr'>cum</span> <span class='ocrx_word' id='word_1_410' title='bbox 2018 3992 2192 4055; x_wconf 89' lang='lat' dir='ltr'>bonis</span> <span class='ocrx_word' id='word_1_411' title='bbox 2243 3992 2597 4055; x_wconf 89' lang='lat' dir='ltr'>hominibus</span> <span class='ocrx_word' id='word_1_412' title='bbox 2645 3992 2864 4056; x_wconf 90' lang='lat' dir='ltr'>deinde</span> <span class='ocrx_word' id='word_1_413' title='bbox 2913 3993 3137 4056; x_wconf 86' lang='lat' dir='ltr'>debeat</span> <span class='ocrx_word' id='word_1_414' title='bbox 3187 4012 3258 4058; x_wconf 83' lang='lat' dir='ltr'>se</span> 
     </span>
     <span class='ocr_line' id='line_1_43' title="bbox 531 4075 3252 4161; baseline 0.002 -23"><span class='ocrx_word' id='word_1_415' title='bbox 531 4075 860 4138; x_wconf 85' lang='lat' dir='ltr'>informare</span> <span class='ocrx_word' id='word_1_416' title='bbox 910 4077 980 4137; x_wconf 91' lang='lat' dir='ltr'>de</span> <span class='ocrx_word' id='word_1_417' title='bbox 1023 4076 1431 4139; x_wconf 85' lang='lat' dir='ltr'>solutionibus</span> <span class='ocrx_word' id='word_1_418' title='bbox 1479 4076 1952 4158; x_wconf 86' lang='lat' dir='ltr'>scripturarum,</span> <span class='ocrx_word' id='word_1_419' title='bbox 2002 4097 2119 4159; x_wconf 88' lang='lat' dir='ltr'>que</span> <span class='ocrx_word' id='word_1_420' title='bbox 2169 4079 2332 4143; x_wconf 86' lang='lat' dir='ltr'>fiunt</span> <span class='ocrx_word' id='word_1_421' title='bbox 2380 4100 2485 4160; x_wconf 82' lang='lat' dir='ltr'>per</span> <span class='ocrx_word' id='word_1_422' title='bbox 2531 4081 2695 4161; x_wconf 83' lang='lat' dir='ltr'>ipsos</span> <span class='ocrx_word' id='word_1_423' title='bbox 2728 4081 3150 4157; x_wconf 86' lang='lat' dir='ltr'>cancellarios,</span> <span class='ocrx_word' id='word_1_424' title='bbox 3186 4085 3252 4144; x_wconf 86' lang='lat' dir='ltr'>et</span> 
     </span>
     <span class='ocr_line' id='line_1_44' title="bbox 531 4163 3259 4249; baseline 0.002 -23"><span class='ocrx_word' id='word_1_425' title='bbox 531 4165 689 4245; x_wconf 83' lang='lat' dir='ltr'>quod</span> <span class='ocrx_word' id='word_1_426' title='bbox 739 4163 1025 4225; x_wconf 88' lang='lat' dir='ltr'>omnibus</span> <span class='ocrx_word' id='word_1_427' title='bbox 1076 4164 1444 4226; x_wconf 72' lang='lat' dir='ltr'>examinatis</span> <span class='ocrx_word' id='word_1_428' title='bbox 1492 4164 1717 4227; x_wconf 83' lang='lat' dir='ltr'>debeat</span> <span class='ocrx_word' id='word_1_429' title='bbox 1760 4165 2027 4227; x_wconf 87' lang='lat' dir='ltr'>limitari</span> <span class='ocrx_word' id='word_1_430' title='bbox 2082 4168 2281 4247; x_wconf 88' lang='lat' dir='ltr'>precia</span> <span class='ocrx_word' id='word_1_431' title='bbox 2332 4167 2482 4249; x_wconf 87' lang='lat' dir='ltr'>ipsis</span> <span class='ocrx_word' id='word_1_432' title='bbox 2544 4168 2889 4248; x_wconf 87' lang='lat' dir='ltr'>scripturis,</span> <span class='ocrx_word' id='word_1_433' title='bbox 2957 4169 3048 4231; x_wconf 87' lang='lat' dir='ltr'>ita</span> <span class='ocrx_word' id='word_1_434' title='bbox 3095 4170 3259 4249; x_wconf 91' lang='lat' dir='ltr'>quod</span> 
     </span>
     <span class='ocr_line' id='line_1_45' title="bbox 534 4250 3265 4337; baseline 0.003 -23"><span class='ocrx_word' id='word_1_435' title='bbox 534 4251 674 4314; x_wconf 90' lang='lat' dir='ltr'>boni</span> <span class='ocrx_word' id='word_1_436' title='bbox 726 4250 1007 4313; x_wconf 90' lang='lat' dir='ltr'>homines</span> <span class='ocrx_word' id='word_1_437' title='bbox 1055 4268 1171 4312; x_wconf 90' lang='lat' dir='ltr'>non</span> <span class='ocrx_word' id='word_1_438' title='bbox 1219 4250 1487 4314; x_wconf 89' lang='lat' dir='ltr'>habeant</span> <span class='ocrx_word' id='word_1_439' title='bbox 1533 4269 1785 4315; x_wconf 89' lang='lat' dir='ltr'>causam</span> <span class='ocrx_word' id='word_1_440' title='bbox 1819 4254 2083 4334; x_wconf 90' lang='lat' dir='ltr'>querele,</span> <span class='ocrx_word' id='word_1_441' title='bbox 2133 4258 2196 4317; x_wconf 90' lang='lat' dir='ltr'>et</span> <span class='ocrx_word' id='word_1_442' title='bbox 2243 4255 2402 4336; x_wconf 91' lang='lat' dir='ltr'>qnod</span> <span class='ocrx_word' id='word_1_443' title='bbox 2450 4255 2799 4319; x_wconf 88' lang='lat' dir='ltr'>cancellarii</span> <span class='ocrx_word' id='word_1_444' title='bbox 2848 4256 2965 4336; x_wconf 89' lang='lat' dir='ltr'>ipsi</span> <span class='ocrx_word' id='word_1_445' title='bbox 3021 4256 3265 4337; x_wconf 80' lang='lat' dir='ltr'>possint</span> 
     </span>
     <span class='ocr_line' id='line_1_46' title="bbox 530 4338 1269 4417; baseline -0.003 -15"><span class='ocrx_word' id='word_1_446' title='bbox 530 4338 827 4403; x_wconf 90' lang='lat' dir='ltr'>habiliter</span> <span class='ocrx_word' id='word_1_447' title='bbox 874 4338 1269 4417; x_wconf 89' lang='lat' dir='ltr'>pertransire.</span> 
     </span>
    </p>
   </div>
   <div class='ocr_carea' id='block_1_3' title="bbox 530 4441 3262 4791">
    <p class='ocr_par' dir='ltr' id='par_1_8' title="bbox 530 4441 3262 4791">
     <span class='ocr_line' id='line_1_47' title="bbox 742 4441 3260 4528; baseline 0.005 -25"><span class='ocrx_word' id='word_1_448' title='bbox 742 4441 840 4504; x_wconf 89' lang='lat' dir='ltr'>Ad</span> <span class='ocrx_word' id='word_1_449' title='bbox 889 4460 1134 4518; x_wconf 83' lang='lat' dir='ltr'>novum,</span> <span class='ocrx_word' id='word_1_450' title='bbox 1185 4463 1291 4524; x_wconf 91' lang='lat' dir='ltr'>per</span> <span class='ocrx_word' id='word_1_451' title='bbox 1337 4443 1498 4524; x_wconf 90' lang='lat' dir='ltr'>quod</span> <span class='ocrx_word' id='word_1_452' title='bbox 1547 4444 1885 4524; x_wconf 89' lang='lat' dir='ltr'>requirunt,</span> <span class='ocrx_word' id='word_1_453' title='bbox 1962 4446 2118 4526; x_wconf 89' lang='lat' dir='ltr'>quod</span> <span class='ocrx_word' id='word_1_454' title='bbox 2170 4447 2490 4510; x_wconf 88' lang='lat' dir='ltr'>revocetur</span> <span class='ocrx_word' id='word_1_455' title='bbox 2546 4447 2799 4528; x_wconf 88' lang='lat' dir='ltr'>quidam</span> <span class='ocrx_word' id='word_1_456' title='bbox 2859 4449 3004 4512; x_wconf 88' lang='lat' dir='ltr'>ordo</span> <span class='ocrx_word' id='word_1_457' title='bbox 3049 4448 3260 4517; x_wconf 87' lang='lat' dir='ltr'>factus</span> 
     </span>
     <span class='ocr_line' id='line_1_48' title="bbox 530 4531 3258 4615; baseline 0.005 -25"><span class='ocrx_word' id='word_1_458' title='bbox 530 4546 641 4609; x_wconf 91' lang='lat' dir='ltr'>per</span> <span class='ocrx_word' id='word_1_459' title='bbox 688 4531 929 4592; x_wconf 88' lang='lat' dir='ltr'>nostros</span> <span class='ocrx_word' id='word_1_460' title='bbox 977 4532 1265 4604; x_wconf 86' lang='lat' dir='ltr'>rectores,</span> <span class='ocrx_word' id='word_1_461' title='bbox 1307 4533 1463 4612; x_wconf 90' lang='lat' dir='ltr'>quod</span> <span class='ocrx_word' id='word_1_462' title='bbox 1507 4531 1733 4613; x_wconf 91' lang='lat' dir='ltr'>aliquis</span> <span class='ocrx_word' id='word_1_463' title='bbox 1783 4535 2061 4596; x_wconf 89' lang='lat' dir='ltr'>notarius</span> <span class='ocrx_word' id='word_1_464' title='bbox 2114 4553 2227 4597; x_wconf 90' lang='lat' dir='ltr'>non</span> <span class='ocrx_word' id='word_1_465' title='bbox 2275 4536 2473 4615; x_wconf 89' lang='lat' dir='ltr'>possit</span> <span class='ocrx_word' id='word_1_466' title='bbox 2519 4533 2718 4598; x_wconf 86' lang='lat' dir='ltr'>facere</span> <span class='ocrx_word' id='word_1_467' title='bbox 2746 4538 3121 4601; x_wconf 83' lang='lat' dir='ltr'>testamenta</span> <span class='ocrx_word' id='word_1_468' title='bbox 3155 4541 3258 4603; x_wconf 88' lang='lat' dir='ltr'>vel</span> 
     </span>
     <span class='ocr_line' id='line_1_49' title="bbox 533 4614 3262 4704; baseline 0.004 -26"><span class='ocrx_word' id='word_1_469' title='bbox 533 4614 658 4678; x_wconf 90' lang='lat' dir='ltr'>alia</span> <span class='ocrx_word' id='word_1_470' title='bbox 720 4615 1136 4679; x_wconf 87' lang='lat' dir='ltr'>instrumenta</span> <span class='ocrx_word' id='word_1_471' title='bbox 1199 4617 1318 4679; x_wconf 90' lang='lat' dir='ltr'>nisi</span> <span class='ocrx_word' id='word_1_472' title='bbox 1381 4619 1733 4682; x_wconf 87' lang='lat' dir='ltr'>cancellarii</span> <span class='ocrx_word' id='word_1_473' title='bbox 1795 4622 2124 4697; x_wconf 85' lang='lat' dir='ltr'>rectorum,</span> <span class='ocrx_word' id='word_1_474' title='bbox 2188 4623 2365 4684; x_wconf 89' lang='lat' dir='ltr'>detur</span> <span class='ocrx_word' id='word_1_475' title='bbox 2424 4623 2759 4702; x_wconf 76' lang='lat' dir='ltr'>responsio,</span> <span class='ocrx_word' id='word_1_476' title='bbox 2821 4624 2977 4704; x_wconf 88' lang='lat' dir='ltr'>qnod</span> <span class='ocrx_word' id='word_1_477' title='bbox 3043 4645 3262 4690; x_wconf 86' lang='lat' dir='ltr'>sumus</span> 
     </span>
     <span class='ocr_line' id='line_1_50' title="bbox 533 4703 3256 4791; baseline 0.004 -23"><span class='ocrx_word' id='word_1_478' title='bbox 533 4703 808 4768; x_wconf 89' lang='lat' dir='ltr'>contenti</span> <span class='ocrx_word' id='word_1_479' title='bbox 855 4707 919 4767; x_wconf 86' lang='lat' dir='ltr'>et</span> <span class='ocrx_word' id='word_1_480' title='bbox 965 4703 1054 4768; x_wconf 90' lang='lat' dir='ltr'>sic</span> <span class='ocrx_word' id='word_1_481' title='bbox 1101 4704 1383 4770; x_wconf 88' lang='lat' dir='ltr'>dabimus</span> <span class='ocrx_word' id='word_1_482' title='bbox 1430 4708 1637 4770; x_wconf 87' lang='lat' dir='ltr'>nostro</span> <span class='ocrx_word' id='word_1_483' title='bbox 1685 4707 1914 4771; x_wconf 89' lang='lat' dir='ltr'>rectori</span> <span class='ocrx_word' id='word_1_484' title='bbox 1959 4707 2025 4772; x_wconf 90' lang='lat' dir='ltr'>in</span> <span class='ocrx_word' id='word_1_485' title='bbox 2070 4706 2399 4785; x_wconf 84' lang='lat' dir='ltr'>mandatis,</span> <span class='ocrx_word' id='word_1_486' title='bbox 2449 4709 2612 4791; x_wconf 88' lang='lat' dir='ltr'>quod</span> <span class='ocrx_word' id='word_1_487' title='bbox 2673 4711 2897 4776; x_wconf 86' lang='lat' dir='ltr'>debeat</span> <span class='ocrx_word' id='word_1_488' title='bbox 2965 4731 3256 4780; x_wconf 88' lang='lat' dir='ltr'>revocare</span> 
     </span>
    </p>
   </div>
  </div>
 </body>
</html>
