3620 5282
496 377 624 445 190

490 553 658 617 dicta
703 571 908 631 causa,
961 554 1024 616 et
1069 552 1256 617 etiam
1308 570 1414 634 pro
1463 552 1844 635 procurando
1892 554 2422 619 conservacionem
2471 559 2534 619 et
2579 555 2807 618 bonum
2873 555 3223 622 nostrorum

492 640 766 705 fidelium
816 640 1077 722 Ragusii
1122 642 1185 704 et
1231 641 1505 705 locorum
1552 659 1827 720 suorum,
1879 661 2030 724 quos
2077 662 2321 726 semper
2367 646 2685 726 promptos
2751 641 3098 706 invenimus
3146 640 3225 705 ad

491 730 703 793 nostra
748 729 1058 807 mandata,
1110 728 1443 792 mittantur
1481 728 1599 792 duo
1631 728 1912 793 solennes
1954 730 2400 810 ambaxatoreS,
2448 731 2572 812 qui,
2621 731 2833 795 euntes
2859 729 3225 812 Ragusium,

492 818 556 880 et
600 816 1002 881 informantes
1064 835 1130 879 se
1175 816 1250 881 de
1313 815 1520 895 noviS,
1570 817 1799 881 vadant
1845 820 1976 882 tam
2024 819 2099 882 ad
2146 818 2380 882 dictum
2429 837 2637 901 regem
2685 817 2879 881 Baxie
2912 835 3098 899 quam
3147 816 3223 881 ad

490 903 725 969 dictum
773 904 1003 969 banum
1050 921 1160 986 pro
1208 907 1384 985 parte
1444 908 1656 968 nostra
1719 906 1795 968 ad
1854 906 2304 988 procurandum
2373 906 2642 988 quietem
2707 910 2769 968 et
2830 903 3221 969 concordium

492 991 658 1056 inter
703 1010 825 1067 008,
876 994 941 1056 et
983 991 1142 1074 quod
1188 994 1432 1056 cessent
1476 994 1801 1070 novitates,
1852 993 1930 1056 ad
1979 1012 2130 1076 quas
2183 995 2554 1057 alterutrum
2618 995 2879 1075 utraque
2944 1010 3084 1074 pars
3130 991 3224 1056 vi-

491 1080 673 1144 detur
715 1078 1052 1157 intendere,
1102 1078 1447 1163 incipiendo
1495 1081 1560 1143 et
1604 1082 1905 1163 possendo
1954 1100 2018 1145 se
2065 1080 2142 1144 ab
2187 1082 2448 1146 invicem
2486 1098 2777 1163 separare
2823 1083 2886 1144 et
2929 1080 3018 1143 ire
3066 1097 3224 1142 unus

492 1185 705 1231 eorum
753 1169 819 1231 et
861 1167 1067 1245 ambe,
1118 1168 1282 1255 sicut
1312 1167 1431 1231 sibi
1468 1167 1776 1232 videbitur
1808 1188 1918 1251 pro
1957 1169 2112 1233 bono
2147 1170 2574 1252 negotiorum3
2624 1170 2690 1233 et
2730 1168 2803 1246 si,
2854 1166 3222 1231 concedente

491 1255 757 1334 domine,
807 1256 1098 1338 poterunt
1143 1256 1352 1338 partes
1400 1256 1690 1320 reducere
1737 1257 1814 1320 ad
1863 1257 2280 1333 concordium,
2330 1257 2628 1332 redeant;
2677 1257 2774 1320 sin
2820 1259 3050 1331 autem,
3094 1257 3225 1318 tra-

492 1344 644 1407 hant
681 1343 757 1407 ab
805 1343 914 1422 eie,
965 1361 1081 1425 que
1126 1344 1434 1425 poterunt,
1483 1345 1546 1406 et
1588 1345 1950 1419 rescribant,
2020 1345 2409 1425 expectantes
2477 1347 2759 1409 nostrum
2823 1342 3220 1417 mandatum3

492 1432 889 1513 procurantes
934 1449 1044 1495 suo
1090 1449 1284 1513 posse,
1335 1431 1494 1512 quod
1542 1430 1792 1502 interim
1845 1451 1881 1496 a
1909 1431 2292 1496 novitatibus
2326 1452 2398 1495 ex
2429 1435 2690 1514 utraque
2713 1434 2890 1515 parte
2922 1432 3218 1494 cessetur.

493 1517 729 1597 Quibus
776 1519 962 1583 etiam
1008 1518 1393 1595 comittatur,
1442 1520 1602 1600 quod
1651 1520 1878 1583 bonnm
1925 1524 1989 1584 et
2034 1521 2557 1584 conservationem
2620 1520 2927 1584 dictorum
2978 1518 3221 1581 nostro-

493 1626 628 1670 rum
677 1606 951 1670 fidelium
1000 1605 1075 1669 de
1122 1606 1394 1689 Ragusio
1442 1611 1775 1688 procurent
1810 1608 1875 1670 in
1924 1608 2045 1671 ista
2073 1607 2417 1672 “ambaxata
2461 1627 2572 1671 sua
2633 1610 2764 1671 tam
2811 1607 2973 1688 apud
3022 1606 3217 1668 dictos

491 1694 773 1759 dominos
821 1712 1005 1777 quam
1057 1693 1230 1770 alios,
1279 1694 1440 1757 sicut
1484 1695 1751 1758 viderint
1796 1714 1946 1777 opus
1996 1713 2148 1759 esse.
2221 1696 2304 1759 Et
2347 1696 2458 1760 fiat
2505 1695 2790 1777 deinceps
2850 1694 3220 1757 ambaxato-

490 1783 661 1847 ribus
707 1781 1060 1847 commissio
1108 1782 1269 1845 circa
1314 1782 1587 1863 predicta
1633 1783 1694 1845 in
1738 1802 1810 1857 ea
1858 1783 2080 1861 forma,
2127 1802 2240 1865 que
2291 1783 2563 1847 dominio
2609 1782 2949 1866 apparebit.

700 1871 781 1934 Et
824 1871 1095 1934 habeant
1140 1869 1291 1933 dicti
1339 1870 1770 1934 ambaxatores
1819 1871 2010 1934 libras
2076 1870 2376 1935 ducentas
2442 1889 2553 1954 pro
2601 1871 2840 1935 duobus
2905 1867 3219 1933 mensibus

488 1977 597 2042 pro
644 1958 955 2041 quolibet,
1005 1960 1070 2021 et
1114 1958 1164 2021 si
1216 1956 1377 2021 ultra
1417 1958 1723 2035 steterint,
1774 1959 2045 2023 habeant
2097 1958 2285 2023 libras
2335 1959 2381 2022 L
2431 1978 2539 2041 pro
2588 1959 2863 2041 quolibet
2896 1958 2957 2021 in
2991 1972 3218 2032 mense,

491 2046 769 2111 habendo
816 2046 903 2109 IV
952 2044 1218 2109 famulos
1266 2064 1373 2126 pro
1423 2046 1716 2128 quolibet,
1761 2046 1925 2110 inter
1971 2063 2122 2129 qnos
2171 2047 2257 2110 sit
2296 2066 2455 2110 unns
2488 2051 2871 2129 expensator,
2922 2062 3078 2107 unus
3114 2059 3223 2106 no-

488 2135 686 2198 tarius
733 2152 875 2198 cum
920 2151 1039 2196 uno
1087 2132 1317 2195 famulo
1366 2134 1429 2197 et
1475 2153 1661 2196 uuum
1711 2134 2006 2208 cochum;
2058 2137 2121 2197 et
2167 2133 2409 2216 possint
2454 2136 2788 2216 expendere
2836 2131 3039 2196 soldos
3071 2130 3220 2194 duos

492 2240 838 2306 grossorum
889 2241 996 2303 pro
1029 2220 1311 2303 quolibet
1360 2221 1431 2283 in
1468 2222 1746 2301 expensis
1789 2223 1914 2285 oris
1962 2241 2068 2304 pro
2118 2241 2185 2285 se
2233 2226 2296 2285 et
2341 2222 2582 2285 familia
2628 2241 2775 2301 sua;
2818 2217 3047 2285 nabula
3081 2236 3220 2281 vero

492 2313 557 2375 et
597 2311 807 2391 agozia
860 2310 1135 2372 habeant
1186 2326 1222 2371 a
1268 2310 1599 2372 communi.
1651 2309 1735 2372 Et
1772 2310 1919 2391 quia
1965 2310 2269 2391 expeditio
2318 2328 2526 2374 eornm
2562 2312 2660 2373 est
2690 2309 2863 2374 utilis
2906 2309 2970 2371 et
3015 2324 3224 2369 neces-

493 2397 675 2465 saria.
729 2403 1053 2459 teneantur
1107 2398 1468 2477 respondere
1515 2396 1632 2473 die,
1683 2416 1803 2478 qua
1852 2397 2158 2479 eligentur
2209 2398 2302 2461 vel
2350 2398 2565 2463 altera.
2629 2398 2878 2462 Denarii
2926 2412 3067 2460 vero
3115 2411 3221 2474 pro

496 2487 770 2568 expensis
819 2487 1144 2548 an.baxate
1192 2484 1572 2567 accipientur
1618 2504 1759 2549 cum
1806 2485 2128 2550 ordinibus
2174 2490 2357 2550 terre.
2411 2486 2504 2550 De
2553 2504 2675 2549 non
2723 2486 2783 2563 ⁶2,
2830 2504 2950 2548 non
2997 2479 3221 2557 sinceri

487 2574 550 2653 O,
602 2592 812 2637 omnes
860 2573 966 2636 alii
1012 2574 1085 2635 de
1132 2577 1326 2654 parte.

702 2660 935 2743 Capta:
983 2663 1145 2743 quod
1192 2660 1341 2724 dicti
1385 2662 1808 2726 ambaxatores
1882 2680 1997 2726 non
2039 2663 2282 2745 possint
2329 2661 2599 2727 refutare
2647 2661 2760 2725 sub
2824 2679 2984 2744 pena
3030 2660 3224 2725 libra-

491 2770 627 2814 rum
675 2748 719 2815 C
768 2767 876 2833 pro
919 2749 1212 2831 quolibet.
1255 2749 1361 2824 53,
1412 2749 1487 2811 de
1535 2768 1652 2813 non
1690 2750 1795 2827 43,
1846 2769 1967 2814 non
2017 2751 2240 2814 sinceri
2295 2754 2346 2814 l.

576 2841 776 2910 Masta
825 2839 1065 2900 XXVI.
1112 2841 1214 2909 36,
1261 2859 1303 2897 u
1350 2841 1566 2898 arkivu
1602 2841 1961 2900 mletadlrom.

773 3055 1311 3138 CCLXXIII.
1365 3056 1572 3139 God.
1629 3057 1859 3141 1350.
1916 3060 2003 3138 11
2056 3058 2383 3158 srpnja‚
2439 3080 2497 3139 u
2552 3058 2944 3141 Mletcih.

1027 3183 1247 3242 Miesto
1293 3187 1454 3241 stare
1500 3183 1650 3255 §alja
1698 3200 1761 3243 se
1806 3202 1960 3243 nova
1998 3185 2193 3258 qalija,
2236 3202 2278 3242 u
2325 3185 2689 3243 Dubrovnik.

711 3320 895 3385 1350.
942 3320 1042 3383 die
1088 3320 1178 3384 XI
1228 3319 1383 3383 iulii.
1425 3320 1724 3385 Dominus
1772 3321 1914 3401 dux,
1979 3321 2348 3399 consiliarii,
2406 3322 2612 3405 capita
2673 3325 2737 3387 et
2795 3342 3006 3388 omnes
3054 3321 3222 3404 sapi-

492 3412 683 3475 entes.
735 3407 965 3490 Capta:
1014 3408 1173 3491 quod
1214 3408 1392 3491 galea
1438 3408 1714 3490 Ragusii,
1766 3429 1883 3491 que
1926 3411 2024 3473 est
2070 3413 2315 3474 armata
2362 3410 2440 3474 ad
2469 3411 2812 3475 custodiam
2861 3410 3024 3486 culfi,
3079 3428 3220 3474 cum

491 3499 576 3563 sit
623 3518 727 3578 per
779 3515 867 3573 ea,
918 3515 1033 3579 que
1080 3495 1403 3572 habentur,
1452 3495 1850 3576 insufficienS,
1901 3501 1964 3561 et
2010 3517 2126 3562 non
2175 3501 2383 3580 posset
2429 3498 2559 3563 sine
2587 3498 2913 3562 manifesto
2947 3497 3219 3581 periculo

490 3586 802 3668 navigare,
853 3586 1258 3666 permutetur,
1309 3585 1372 3647 et
1419 3583 1708 3647 mittatur
1753 3585 1888 3649 loco
1936 3587 2065 3649 eius
2128 3585 2204 3650 de
2265 3587 2409 3650 hinc
2478 3605 2598 3650 una
2664 3586 2824 3651 bona
2866 3587 3046 3670 galea
3094 3584 3222 3649 fur-

490 3674 621 3738 nita
667 3673 949 3739 omnibns
990 3671 1574 3754 opportunitatibus,
1641 3691 1756 3753 que
1803 3673 2033 3736 furnito
2096 3673 2299 3756 viagio
2348 3673 2644 3738 Venecias
2709 3675 3053 3738 reducatur.
3137 3671 3219 3737 Et

493 3762 923 3827 committatur
970 3759 1246 3842 patronis
1293 3763 1356 3823 et
1402 3761 1809 3823 armatoribus
1858 3762 2052 3842 partis
2095 3761 2413 3843 galearum
2461 3762 2781 3841 Romanis,
2830 3762 2990 3843 quod
3035 3760 3220 3825 debe·

491 3851 644 3915 bant
689 3851 982 3933 deputare
1029 3865 1213 3928 super
1253 3846 1451 3929 ipsam
1501 3848 1744 3929 galeam
1794 3849 1870 3912 de
1918 3849 2269 3914 hominibus
2299 3849 2619 3933 galearum
2644 3868 2894 3914 suarum
2941 3868 3049 3933 pro
3077 3867 3221 3912 con-

488 3937 767 4003 ducendo
810 3956 947 4001 eam
993 3934 1160 4013 illuc,
1211 3935 1373 3998 sicut
1419 3935 1704 3999 dominus
1749 3937 1888 4012 dux,
1956 3937 2295 4001 consiliarii
2342 3939 2406 4001 et
2450 3939 2655 4020 capita
2716 3938 2999 4002 duxerint
3056 3936 3221 4002 ordi-

490 4027 777 4090 nandum.
825 4024 918 4087 De
965 4026 1138 4105 parte
1186 4041 1415 4087 omneS.

576 4116 772 4186 Misti,
819 4114 1061 4173 XXVI.
1121 4115 1223 4183 36,
1256 4132 1297 4172 u
1341 4114 1681 4173 mletaekom
1728 4117 1962 4175 arkivu.

772 4328 1290 4412 CCLXXIV.
1348 4330 1553 4413 God.
1611 4331 1841 4416 1350.
1896 4332 1992 4414 13
2047 4333 2374 4433 swina,
2432 4354 2490 4413 u
2544 4331 2962 4414 Mletclh.

1104 4456 1274 4530 Daju
1316 4476 1378 4518 se
1423 4459 1876 4518 Dubrovcanom
1913 4461 2042 4519 dvie
2085 4462 2240 4533 valje
2285 4477 2360 4518 za
2404 4477 2605 4518 novae.

709 4598 894 4661 1350.
935 4597 1266 4663 indictione
1314 4599 1427 4676 III,
1477 4600 1576 4664 die
1626 4599 1781 4664 XIII
1828 4598 1983 4672 iulii,
2048 4600 2272 4680 capta:
2343 4599 2501 4680 quod
2555 4598 2635 4661 ad
2697 4595 3218 4680 supplicationem

490 4686 908 4752 ambaxatoris
953 4685 1201 4749 comitis
1248 4690 1310 4750 et
1356 4686 1675 4751 hominum
1739 4685 1999 4768 Ragusii
2059 4685 2334 4748 fidelium
2399 4688 2742 4750 nostrorum
2806 4683 3223 4749 concedantur

491 4774 581 4839 eis
619 4773 739 4840 duo
786 4792 860 4840 ex
905 4773 1225 4856 manganis
1287 4774 1485 4839 nostri
1542 4778 1871 4839 arsenatus
1933 4793 2041 4858 pro
2089 4772 2470 4838 novitatibus
2532 4771 2987 4855 presentialiter
3047 4789 3216 4838 reso-
