3620 5282
526 393 613 462 60

525 575 703 639 tuum
752 591 945 656 supra
985 571 1241 649 dictum,
1291 590 1479 655 quare
1527 572 1862 638 verisimile
1909 575 2023 651 est,
2072 572 2228 655 quod
2275 573 2509 637 dictam
2578 573 2897 638 licentiam
2960 574 3057 638 vel
3117 593 3255 656 pro-

526 662 881 725 missionem
946 679 1066 725 non
1120 660 1429 737 fecissent,
1491 662 1544 724 si
1609 662 1947 725 sensissent
2009 662 2524 743 impedimentum
2595 659 2841 742 aliquod
2890 661 3250 727 affuturum.

525 747 756 813 Verum
803 749 855 812 si
905 748 1181 831 predicta
1225 747 1501 811 obtinere
1550 767 1667 811 non
1717 768 1943 830 posseS,
1993 753 2175 832 prout
2221 768 2410 831 supra
2450 749 2683 814 dictum
2718 749 2832 826 est,
2883 750 3095 814 redeas
3130 749 3254 813 Ve-

525 835 726 900 netias
773 837 903 900 sine
951 835 1074 899 alia
1121 834 1438 912 dilatione,
1490 853 1608 899 non
1649 836 2028 903 extendendo
2072 856 2179 901 seu
2225 836 2586 919 ellargando
2635 841 2695 898 te
2740 837 2816 900 ad
2880 836 3005 901 alia¹
3063 856 3247 919 quam

525 921 601 986 ad
651 942 741 999 ea,
790 942 906 1005 que
954 942 1143 1006 supra
1185 922 1354 987 dicta
1401 926 1546 986 sunt
1592 941 1732 988 cum
1784 925 2051 989 denariis
2100 924 2489 1006 supradictis.

738 1010 1112 1075 Mandamus
1158 1013 1365 1075 autem
1413 1010 1735 1092 capitaneo
1801 1012 2020 1093 riperie
2079 1012 2261 1076 Istrie
2325 1031 2430 1093 per
2477 1010 2722 1075 litteras
2771 1014 3031 1089 nostraS,
3095 1029 3249 1094 quas

526 1116 713 1179 penes
760 1101 824 1163 te
872 1098 1083 1175 habes,
1131 1098 1290 1180 quod
1339 1101 1506 1162 te.et
1553 1098 1790 1162 nobiles
1849 1099 2155 1181 predictos
2203 1101 2275 1163 ad
2337 1101 2541 1180 partes
2600 1099 2822 1182 Segnie
2883 1118 3021 1162 cum
3084 1098 3251 1162 dicto

527 1184 694 1267 ligno
740 1186 1056 1261 conducat,
1103 1189 1165 1248 et
1208 1186 1269 1249 te
1317 1184 1571 1249 reducat
1615 1184 1676 1248 in
1725 1186 1976 1250 Istriam
2028 1186 2123 1249 vel
2172 1204 2364 1268 usque
2425 1188 2501 1250 ad
2547 1185 2863 1269 Caprolas,
2933 1186 2986 1249 si
3032 1186 3093 1249 in
3155 1204 3250 1249 re-

528 1289 702 1336 cessu
751 1291 862 1337 suo
909 1273 981 1336 de
1026 1272 1251 1356 Segnia
1297 1272 1486 1337 fueris
1529 1274 1868 1355 expeditus.
1945 1274 2107 1337 Data
2152 1272 2250 1337 die
2296 1273 2511 1337 XXIII
2560 1274 2926 1350 decembris,
2988 1274 3251 1338 secunde

523 1357 889 1424 indictionis.

734 1444 1081 1512 Comitibns
1129 1447 1338 1532 Vegle.
1384 1445 1538 1511 Cum
1585 1447 1909 1529 providum
1967 1447 2168 1511 virum
2218 1447 2742 1512 Zambernardum
2811 1446 3118 1511 notarium
3181 1448 3247 1510 et

524 1530 770 1597 fidelem
812 1536 1090 1599 nostrum
1154 1537 1229 1599 de
1291 1534 1504 1598 nostra
1563 1533 1902 1597 intentione
1963 1534 2206 1616 plenius
2267 1534 2664 1599 informatum
2712 1533 2786 1599 ad
2851 1551 2956 1598 vos
2994 1552 3250 1616 presen-

525 1619 757 1688 tialiter
796 1621 1317 1697 transmittamuS,
1366 1621 1706 1686 amicitiam
1755 1623 2021 1686 vestram
2056 1640 2363 1703 rogamus,
2413 1624 2715 1706 quatenus
2748 1621 2942 1686 eidem
2994 1622 3053 1684 in
3101 1620 3244 1693 hiis,

521 1726 638 1790 que
689 1726 795 1790 pro
841 1711 1014 1791 parte
1061 1711 1270 1774 nostra
1316 1707 1490 1772 vobis
1537 1707 1779 1783 dixerit,
1830 1709 2012 1773 fidem
2060 1710 2303 1792 placeat
2348 1710 2663 1774 credulam
2712 1709 3020 1773 adbibere.
3084 1709 3248 1772 Data

523 1797 591 1858 ut
637 1814 838 1876 supra.

734 1881 1068 1965 Capitaneo
1131 1885 1353 1967 riperie
1412 1882 1613 1947 Istrie.
1681 1882 1834 1947 Cum
1902 1885 2103 1947 virum
2166 1884 2485 1967 providum
2548 1883 3070 1949 Zambernardum
3137 1901 3246 1945 no-

526 1970 754 2033 tarium
802 1972 866 2035 et
911 1972 1154 2035 fidelem
1209 1976 1480 2035 nostrum
1548 1971 1621 2034 ad
1687 1970 1849 2035 filios
1910 1973 2164 2035 condam
2228 1972 2477 2036 comitis
2538 1971 2814 2037 Bartholi
2878 1972 2952 2034 de
3020 1970 3246 2053 Segnia

522 2057 979 2139 presentialiter
1024 2059 1528 2123 transmittamus
1573 2076 1712 2121 cum
1760 2057 1948 2123 certis
1996 2058 2302 2122 nobilibus
2352 2060 2569 2124 deinde
2617 2079 2725 2142 pro
2768 2058 3079 2141 aliquibus
3140 2077 3248 2120 ar-

521 2143 659 2207 duis
707 2144 902 2209 nostri
950 2146 1292 2210 communis
1341 2144 1569 2209 ibidem
1643 2146 2026 2228 peragendis,
2098 2149 2463 2211 mandamus
2508 2149 2697 2225 vobis,
2745 2149 3045 2228 quatenus
3099 2165 3245 2209 eun·

520 2230 659 2294 dem
707 2234 773 2296 et
816 2230 1013 2297 dictos
1070 2233 1304 2297 nobiles
1367 2251 1506 2296 cum
1574 2233 1861 2297 comitiva
1928 2253 2042 2298 sua
2100 2252 2242 2298 cum
2311 2234 2480 2318 ligno
2544 2235 2716 2299 vobis
2775 2234 3105 2299 commisso
3165 2232 3242 2295 ad

522 2320 730 2399 partes
777 2318 1003 2403 Segnia
1049 2320 1422 2397 conducatis,
1472 2323 1536 2383 et
1586 2338 1746 2397 eum,
1793 2321 1849 2385 si
1897 2321 1955 2384 in
2004 2337 2245 2386 recessu
2296 2324 2496 2387 vestro
2528 2323 2600 2387 de
2632 2321 2854 2405 Segnia
2900 2320 3091 2385 fuerit
3141 2338 3243 2382 ex·

522 2403 789 2486 pedituS‚
837 2407 1144 2472 reducatis
1189 2408 1250 2471 in
1294 2405 1544 2472 Istriam
1588 2407 1686 2471 vol
1732 2427 1924 2491 usque
1969 2408 2046 2471 ad
2117 2407 2428 2491 Caprolas.
2487 2410 2652 2474 Data
2711 2409 2810 2473 die
2864 2407 3079 2473 XXIII
3140 2406 3246 2470 de-

522 2492 811 2569 cembris,
862 2495 1127 2559 secunde
1174 2494 1544 2559 indictionis.

731 2580 968 2647 Littera
1015 2582 1229 2664 aperta
1268 2599 1377 2665 pro
1424 2582 1897 2648 Zambernardo.
1949 2582 2316 2649 Laurentius
2349 2582 2514 2649 Celsi
2561 2581 2658 2647 dei
2706 2583 2910 2665 gratia
2955 2583 3075 2648 dux
3124 2582 3245 2646 Ve-

520 2665 829 2732 netiarnm
875 2671 991 2733 etc.
1040 2669 1360 2734 Universis
1409 2672 1474 2732 et
1519 2669 1781 2751 singulis
1828 2673 2145 2753 presentes
2191 2672 2440 2736 litteras
2487 2671 2857 2753 inspecturis
2890 2670 3108 2735 amicis
3153 2669 3245 2734 di-

520 2752 699 2819 lectis
745 2756 1015 2821 salutem
1061 2760 1126 2821 et
1170 2756 1563 2822 dilectionem
1606 2758 1907 2823 sinceram
1988 2757 2142 2823 Cum
2206 2760 2406 2823 virum
2470 2758 2790 2841 providum
2837 2760 3246 2824 Zambernar-

377 2881 432 2932 f
520 2841 668 2906 dum
723 2844 1023 2908 notarium
1072 2846 1136 2910 et
1182 2846 1427 2910 fidelem
1479 2847 1752 2911 nostrum
1799 2848 1876 2910 ad
1925 2848 2131 2928 partes
2178 2847 2420 2928 Segnie,
2471 2847 2758 2910 Modruse
2802 2848 2868 2910 et
2924 2845 3244 2911 Sclavenie

520 2931 979 3010 presentialiter
1040 2932 1541 2997 transmittamus
1615 2951 1723 3014 pro
1783 2934 2095 3015 aliquibus
2166 2934 2359 2998 nostri
2419 2934 2761 2999 communis
2823 2932 3053 2997 ibidem
3110 2952 3244 3014 per-

518 3017 795 3098 agendis,
843 3019 1183 3085 amicitiam
1235 3022 1505 3085 vestram
1556 3039 1864 3103 rogamus,
1906 3024 2206 3103 quatenus
2255 3022 2455 3102 ipsum
2504 3021 2718 3097 eundo,
2764 3022 2984 3085 stando
3026 3021 3100 3084 ed
3146 3040 3242 3083 re-

520 3103 765 3169 deundo
823 3125 963 3170 cum
1031 3108 1234 3184 rebus,
1299 3107 1550 3172 famulis
1609 3110 1671 3171 et
1731 3107 1990 3172 arnesiis
2053 3108 2182 3172 suis
2244 3109 2468 3173 habere
2515 3109 2760 3190 placeat
2818 3107 3243 3172 favorabiliter

520 3192 987 3257 recommissum
1040 3198 1222 3276 prout
1266 3194 1341 3257 de
1389 3197 1594 3259 vestra
1639 3195 1994 3259 sinceritate
2041 3215 2383 3277 speramus.
2432 3196 2597 3259 Data
2644 3198 2714 3258 ut
2756 3214 2958 3278 supra.

604 3296 844 3357 Secreta
891 3302 1125 3359 consilii
1170 3306 1527 3375 royalorum.

895 3522 1193 3606 cvnl.
1249 3526 1454 3607 (3011.
1512 3527 1742 3610 1364.
1796 3528 1899 3610 22
1953 3525 2308 3629 siebnja,
2361 3550 2421 3609 u
2477 3526 2864 3609 merem,
2942 3551 2949 3557 ’

520 3648 695 3733 Salia
732 3680 794 3722 se
841 3683 883 3723 u
927 3665 1071 3738 Senj
1115 3668 1285 3725 πονου·
1326 3684 1400 3726 za
1449 3667 1819 3742 Gotomkera,
1866 3671 2017 3743 koya
2057 3688 2129 3729 sa
2166 3671 2428 3743 petdeset
2474 3670 2738 3743 druqova
2780 3669 3025 3741 primila
3082 3669 3248 3739 bjase

1121 3755 1433 3826 repubcika
1476 3774 1518 3813 u
1561 3756 1768 3814 sluibu
1797 3758 1966 3829 proti
2010 3758 2399 3826 iznevierenoq·
2444 3758 2634 3817 Kreti.

735 3872 1147 3937 Prudentibus
1195 3874 1343 3939 viris
1391 3876 1597 3941 Marco
1649 3876 1869 3941 Sclavo
1916 3880 1980 3941 et
2026 3869 2407 3942 Francischo‘
2428 3879 2714 3944 Lachetis
2762 3879 2920 3960 apud
2968 3876 3241 3941 Seniam.

517 3959 837 4024 Mittimus
886 3960 1058 4024 vobis
1105 3980 1214 4044 per
1248 3961 1754 4045 christophorum
1787 3964 1960 4029 Ricio
1990 3964 2242 4030 latorem
2279 3969 2657 4048 presentium
2691 3965 2948 4029 ducatos
2991 3962 3245 4030 CCCCL

520 4048 677 4122 auri,
721 4066 871 4128 quos
914 4049 1199 4114 volumus
1246 4051 1401 4131 quod
1454 4051 1752 4115 mutuetis
1784 4051 2220 4126 Gothomcher,
2268 4073 2448 4136 quem
2484 4053 2818 4135 accipimus
2851 4054 2925 4115 ad
2960 4054 3238 4129 nostrum

517 4133 847 4199 servitium
896 4155 1035 4200 cum
1085 4137 1134 4199 L
1178 4138 1471 4212 barbutia,
1516 4137 1591 4200 de
1638 4138 1858 4220 quibus
1906 4138 2151 4220 quidem
2195 4141 2466 4205 denariis
2519 4143 2582 4204 et
2626 4141 2814 4204 etiam
2877 4140 2950 4202 de
3005 4138 3246 4202 ducatis

521 4220 589 4295 L,
636 4240 788 4303 quos
835 4223 937 4287 hic
978 4224 1213 4288 habent
1253 4226 1469 4288 mutuo
1518 4243 1629 4288 nec
1673 4243 1790 4289 non
1841 4226 1914 4289 de
1963 4225 2016 4289 V
2063 4229 2310 4291 centum
2359 4228 2599 4292 ducatis
2647 4244 2754 4307 pro
2801 4245 2977 4309 pena,
3022 4228 3073 4289 si
3125 4242 3244 4288 non

516 4305 872 4374 observaret
920 4311 1098 4375 nobis
1144 4311 1462 4392 promissa,
1511 4312 1785 4394 accipere
1832 4311 2111 4378 debeatis
2158 4315 2379 4378 bonam
2427 4316 2489 4378 et
2540 4316 2836 4397 ydoneam
2896 4311 3245 4395 plezariam,

523 4390 800 4458 faciendo
845 4396 920 4460 de
966 4398 1082 4462 hoc
1126 4398 1565 4463 conscientiam
1614 4400 1947 4465 comitibus
2017 4399 2264 4483 Segnie,
2330 4405 2394 4465 et
2454 4401 2830 4483 procurando
2896 4399 3059 4482 apud
3124 4417 3247 4473 eos,

522 4478 685 4557 quod
733 4481 794 4543 in
838 4500 1004 4559 casu,
1053 4504 1170 4567 quo
1216 4487 1383 4550 esset
1428 4503 1599 4567 opus,
1651 4486 1964 4553 valeamus
2008 4492 2223 4553 contra
2267 4489 2514 4569 pleziOS‚
2586 4508 2735 4570 quos
2788 4486 3125 4568 accipietis
3172 4486 3250 4568 de

522 4564 637 4628 hoc
682 4570 1003 4645 procedere
1051 4574 1115 4634 et
1160 4590 1341 4653 agere
1383 4573 1513 4637 iura
1570 4577 1799 4650 nostra,
1868 4576 2203 4640 scribentes
2268 4575 2437 4639 nobis
2498 4575 2786 4658 quicquid
2850 4572 3122 4638 feceritis
3188 4573 3249 4636 in

518 4652 843 4733 premissis
889 4674 1072 4736 quam
1114 4659 1300 4723 citius
1346 4678 1481 4724 esse
1528 4664 1751 4744 potest.
1802 4664 1966 4728 Data
2009 4663 2193 4727 XXII
2240 4663 2520 4742 ianuarii,
2566 4663 2828 4728 secunde
2872 4659 3251 4726 indictionis.

611 4756 850 4819 Secreta
889 4764 1126 4822 consilii
1167 4770 1523 4841 royatorum.
