3620 5282
2897 324 3028 390 433
3042 347 3047 350 ⁴

273 507 397 564 est
449 518 550 565 res
595 498 698 581 pia
742 500 806 564 et
852 498 928 562 de
974 515 1096 581 qua
1142 497 1301 579 apud
1348 497 1536 562 deum
1582 500 1647 561 et
1683 497 1964 562 homines
2011 497 2227 562 mundi
2278 497 2576 579 reportari
2620 497 2808 563 debet
2838 496 3033 563 ratio-

267 587 532 652 nabilis
575 588 714 651 laus
759 587 824 650 et
868 587 1080 663 honor,
1128 585 1394 666 compati
1442 584 1624 648 histis
1672 586 2044 667 pauperibus
2114 585 2520 667 PagensibuS,
2586 584 2693 667 qui
2740 587 2891 650 sunt
2933 603 3032 654 re-

271 674 480 739 ducti
527 675 606 739 ad
651 677 891 739 tantam
940 673 1422 751 extremitatem,
1470 690 1547 736 ne
1593 673 1772 736 tanta
1818 671 2151 736 crudelitas
2196 674 2574 755 sequeretur,
2609 671 2769 754 quod
2816 690 3030 738 omnes

273 762 598 844 perirent,
676 765 740 825 et
816 760 1080 825 maxime
1156 759 1301 842 quia
1376 759 1546 824 istud
1590 758 1677 823 sit
1723 778 1872 840 pure
1919 760 1987 823 et
2030 760 2319 837 humane,
2371 759 2534 822 sicut
2567 777 2672 823 nos
2719 758 3017 835 facimus;

276 848 481 914 vadit
523 867 687 931 pars,
736 847 893 929 quod
941 865 1050 928 pro
1096 845 1398 928 possendo
1473 847 1642 928 ipsos
1710 845 2111 910 reconciliare
2157 864 2297 910 cum
2358 845 2718 923 Jadratinis,
2770 848 2831 909 in
2872 864 3023 911 casu

277 953 426 1016 quo
478 936 757 1000 dederint
802 936 1260 1016 responsionem
1332 935 1545 997 nostro
1606 933 1852 1014 nuncio,
1921 933 2082 1016 quod
2159 931 2289 996 sint
2354 933 2627 997 contenti
2695 933 2772 996 de
2818 937 3030 998 nostra

275 1022 792 1104 interpositione,
841 1021 938 1084 vel
985 1022 1039 1084 si
1084 1038 1208 1084 non
1256 1018 1521 1084 fuissent
1566 1020 1864 1097 contenti,
1913 1038 2022 1101 pro
2069 1021 2362 1101 possendo
2412 1021 2683 1083 tractare
2726 1038 2864 1083 cum
2914 1022 3044 1096 eiS,

278 1111 469 1190 quod
519 1109 714 1172 velint
752 1108 944 1172 salvis
988 1107 1214 1171 hauere
1260 1108 1327 1170 et
1370 1108 1651 1188 personis
1705 1106 1931 1181 habere
1999 1106 2267 1171 insulam
2337 1108 2531 1170 totam
2596 1109 2661 1171 et
2727 1109 3024 1186 castrum,

283 1196 400 1259 vel
451 1195 739 1274 finaliter,
788 1196 946 1277 quod
995 1194 1191 1258 velint
1233 1194 1458 1258 saltem
1506 1194 1749 1259 salvare
1797 1212 2111 1276 personas,
2159 1192 2306 1274 eligi
2354 1194 2592 1270 debeat,
2638 1193 2714 1257 de
2746 1195 3022 1276 presenti

285 1284 360 1346 in
415 1285 533 1348 hoc
577 1282 835 1346 consilio
881 1299 1039 1345 unus
1086 1282 1291 1344 noster
1336 1281 1750 1346 ambassiator
1793 1280 1871 1344 ad
1916 1281 2149 1346 dictam
2189 1282 2704 1345 communitatem
2737 1300 2843 1362 per
2874 1283 3027 1345 duas

287 1388 531 1434 manus
578 1370 949 1434 electionum
996 1370 1061 1431 et
1105 1387 1227 1431 una
1257 1385 1365 1448 per
1397 1368 1766 1432 serutinium
1813 1367 1975 1431 inter
2006 1368 2353 1443 dominum,
2389 1367 2789 1446 consiliarios,
2822 1369 3028 1449 capita

291 1459 366 1520 et
417 1457 730 1539 sapientes
778 1456 1098 1537 utriusque
1146 1472 1385 1532 manue,
1432 1453 1538 1538 qui
1584 1455 1782 1536 possit
1828 1455 2024 1536 accipi
2073 1457 2145 1518 de
2191 1453 2360 1518 omni
2393 1453 2523 1518 loco
2555 1456 2620 1518 et
2649 1454 2873 1531 officio,
2907 1473 3024 1520 non

268 1545 620 1625 ‘perdendo
665 1541 936 1608 officium
984 1559 1093 1605 nec
1139 1542 1270 1605 eius
1317 1541 1698 1617 utilitatem3
1747 1543 2120 1624 respondeat
2164 1559 2299 1605 eras
2348 1543 2426 1604 ad
2472 1541 2716 1618 terciaS,
2764 1543 2830 1605 et
2859 1560 3047 1607 rece-⁴

291 1631 418 1695 dat
470 1648 652 1713 quam
703 1629 896 1693 cicius
943 1645 1077 1692 esse
1122 1628 1350 1710 poterit
1416 1646 1558 1692 cum
1637 1647 1758 1693 una
1826 1629 2054 1693 barcha
2126 1630 2392 1704 armata,
2441 1647 2558 1711 que
2606 1630 2723 1693 sibi
2770 1628 3026 1694 dabitur

291 1736 412 1799 per
461 1721 700 1782 nostros
746 1716 1089 1797 soluptores
1136 1716 1541 1792 armamenti3
1590 1716 1785 1796 possit
1829 1716 2169 1799 expendere
2219 1717 2485 1779 ducatos
2533 1717 2661 1780 tres
2705 1716 2769 1778 in
2818 1716 2914 1781 die
2961 1718 3026 1781 in

292 1805 594 1869 omnibus
634 1803 910 1885 expensis
958 1820 1347 1886 quocumque
1392 1802 1511 1866 sibi
1557 1805 2008 1880 occurentibus,
2058 1802 2333 1867 ducendo
2395 1803 2474 1866 ad
2523 1804 2755 1867 dictam
2804 1820 3026 1885 expen-

294 1911 439 1957 sam
486 1909 680 1955 unum
726 1890 1037 1955 notarium
1084 1907 1393 1954 cumuno
1439 1887 1672 1954 famulo
1720 1893 1784 1953 et
1827 1892 2092 1972 quatuor
2139 1889 2495 1953 domicelos.
2548 1889 2778 1954 Verum
2827 1891 2880 1953 si
2927 1909 3026 1954 re-

293 1978 555 2057 futaret,
603 1976 936 2060 collegium
982 1974 1218 2040 habeat
1256 1975 1612 2041 libertatem
1660 1977 1929 2059 eligendi
1962 1995 2153 2043 unum
2201 1977 2397 2041 alium
2448 1995 2554 2057 pro
2601 1995 2717 2041 non
2756 1978 3024 2041 vocando

298 2068 482 2130 istud
522 2064 872 2129 consilium.
920 2061 1287 2135 Commissio
1333 2065 1544 2128 autem
1594 2081 1708 2128 sua
1750 2063 1837 2128 sit
1878 2064 1943 2128 in
1989 2063 2152 2127 hunc
2205 2066 2473 2140 modum,
2522 2063 2847 2128 videlicet:

520 2152 653 2216 Nos
699 2151 970 2215 Michael
1020 2148 1208 2214 Steno
1252 2148 1353 2214 dei
1399 2151 1600 2233 gratia
1662 2152 1779 2215 dux
1836 2150 2237 2216 Veneciarum
2284 2154 2401 2214 etc.
2454 2149 2858 2216 Comittimus
2905 2149 3023 2215 tibi

299 2239 503 2305 nobili
550 2239 682 2303 viro
728 2238 1053 2302 Francisco
1102 2236 1380 2314 Fuscari,
1428 2237 1653 2301 dilecto
1698 2236 1821 2302 civi
1868 2241 2097 2314 nostro,
2141 2239 2298 2320 quod
2350 2237 2426 2300 de
2480 2240 2686 2302 nostro
2735 2239 3027 2302 mandato

299 2327 399 2391 ire
445 2326 672 2390 debeas
712 2326 923 2389 noster
965 2325 1173 2388 orator
1220 2326 1297 2388 ad
1345 2322 1737 2407 magnificam
1781 2326 2291 2390 communitatem
2339 2324 2548 2401 Jadre,
2615 2327 2857 2389 nostros
2923 2342 3027 2389 ca·-

303 2414 593 2478 rissimos
638 2413 887 2485 amicos,
936 2412 1042 2475 sed
1084 2412 1147 2475 in
1194 2411 1293 2494 via
1339 2412 1449 2476 tua
1491 2411 1603 2475 des
1646 2428 1897 2492 operam
1938 2414 2011 2476 de
2058 2411 2412 2494 reperiendo
2457 2411 2781 2494 providum
2827 2412 3025 2475 virum

303 2500 692 2566 Bernardum
728 2500 802 2563 de
847 2498 1190 2581 Orgoiosiis
1233 2498 1542 2564 notarium
1589 2501 1892 2575 nostrum,
1941 2517 2125 2581 quem
2172 2499 2456 2562 misimus
2503 2498 2579 2562 ad
2623 2498 2822 2581 ipsam
2856 2515 3028 2562 com-

307 2589 687 2652 munitatem
734 2588 810 2652 ad
856 2587 1270 2652 inducendum
1316 2587 1381 2650 et
1424 2585 1785 2667 rogandum,
1836 2587 1994 2668 qnod
2041 2586 2169 2652 sint
2211 2587 2486 2652 contenti
2534 2586 2610 2650 de
2641 2585 3023 2669 interpositi-

307 2694 424 2741 one
468 2675 682 2740 nostra
724 2673 801 2738 ad
848 2691 1063 2756 pacem
1108 2674 1271 2737 inter
1316 2690 1418 2737 eos
1464 2676 1530 2737 et
1572 2674 2085 2738 communitatem
2132 2673 2313 2756 Pagi;
2392 2676 2456 2737 et
2530 2692 2730 2756 quem,
2807 2673 2863 2737 si
2906 2692 3024 2738 non

312 2763 585 2827 invenies
633 2763 694 2824 in
743 2761 861 2839 via,
909 2760 1363 2825 rationabiliter
1413 2760 1498 2824 ibi
1547 2760 1839 2836 invenies,
1889 2760 1953 2823 et
1992 2762 2069 2825 ab
2115 2760 2358 2842 ipso-te
2404 2760 2628 2825 debeas
2668 2758 3022 2839 informare,

311 2852 366 2915 si
413 2849 689 2914 obtinuit
734 2849 1007 2912 nostram
1054 2848 1457 2911 intentionem
1505 2846 1604 2910 vel
1641 2864 1779 2910 non.
1823 2846 1908 2910 Et
1974 2849 2027 2911 si
2092 2846 2345 2910 habebis
2417 2849 2495 2912 ab
2557 2846 2860 2929 eo,*quod
2907 2849 3024 2929 ipsi

311 2936 623 3001 Jadratini
670 2935 798 2999 sint
838 2933 1114 2999 contenti
1160 2935 1236 2997 de
1281 2933 1416 3014 ipsa
1459 2934 1672 2997 nostra
1715 2934 2201 3014 interpositione,
2251 2936 2398 2997 tnnc
2468 2951 2823 3015 compareas
2881 2952 3049 2997 cum‘

313 3025 541 3088 nostris
583 3021 812 3085 litteris
859 3019 1251 3085 credulitatis
1295 3020 1412 3084 tibi
1459 3018 1754 3084 exhibitis
1799 3037 2006 3084 coram
2040 3021 2402 3097 rectoribus,
2443 3020 2751 3086 indicibus
2784 3023 2848 3086 et
2878 3037 3021 3085 con·

313 3111 449 3175 silio
493 3110 660 3173 dicte
706 3113 883 3186 terre,
933 3108 1155 3190 quibus
1199 3106 1366 3171 facta
1410 3106 1725 3176 amicabili
1773 3106 2143 3171 salutatione
2170 3110 2363 3187 ›parte
2410 3110 2621 3171 nostra
2686 3127 2827 3172 cum
2890 3108 3020 3171 illis

318 3196 745 3262 amicabilibus
790 3198 855 3259 et
900 3194 1293 3275 placibilibus
1343 3192 1565 3265 verbis,
1611 3211 1731 3276 qne
1777 3197 1885 3257 tue
1930 3194 2230 3275 sapientie
2300 3194 2691 3272 videbuntur,
2740 3197 2806 3259 et
2849 3194 3024 3259 obla-

315 3286 479 3349 tione
523 3282 793 3365 generali
837 3282 913 3345 ad
962 3281 1349 3363 beneplacita
1387 3282 1452 3344 et
1496 3280 1756 3345 honores
1800 3280 1998 3361 ipsius
2040 3281 2526 3357 communitatiS,
2593 3283 2792 3345 dicere
2837 3282 3019 3346 debe-

318 3391 404 3449 as,
449 3371 606 3452 qnod
651 3367 987 3432 dominatio
1029 3370 1243 3432 nostra
1286 3385 1541 3449 sperans
1599 3369 1849 3450 propter
1918 3367 2300 3450 singularem
2348 3380 2624 3432 amorem
2669 3367 2811 3433 hinc
2876 3368 3022 3432 inde

319 3460 627 3540 vigentem
675 3460 739 3520 et
783 3458 1035 3538 propter
1083 3456 1378 3520 virtutem
1422 3457 1487 3518 et
1532 3454 2008 3533 humanitatem,
2057 3474 2176 3537 que
2221 3455 2283 3517 in
2333 3456 2422 3518 eis
2469 3459 2584 3529 est,
2619 3454 2777 3535 quod
2809 3458 3018 3519 noster

321 3546 570 3609 nuncius
616 3544 694 3607 ab
741 3543 832 3607 eis
878 3542 1282 3623 reportaverit
1326 3546 1570 3623 gratum
1621 3543 1684 3604 et
1743 3545 2065 3622 acceptum
2140 3560 2504 3623 responsum
2573 3543 2639 3605 et
2705 3542 3016 3611 conforme

319 3634 538 3699 inostre
580 3630 925 3708 intentioni,
975 3648 1093 3712 que
1137 3628 1394 3692 fundata
1438 3629 1535 3692 est
1573 3646 1757 3710 snper
1799 3628 1917 3705 hie,
1961 3646 2079 3710 que
2111 3631 2488 3693 concernunt
2520 3628 2807 3692 honorem
2843 3634 2907 3693 et
2934 3629 3025 3694 fa-

320 3737 481 3783 mam
526 3736 701 3782 suam
741 3720 805 3781 et
848 3734 1032 3798 super
1075 3714 1525 3780 humanitatem
1570 3716 1633 3778 et
1675 3715 2189 3796 compassionem,
2261 3719 2326 3779 et
2394 3715 2605 3780 volens
2675 3716 3011 3796 anticipare

318 3824 581 3889 pempuS,
628 3805 717 3869 ita
757 3804 914 3885 quod
959 3805 1209 3886 propter
1252 3800 1588 3865 inhertiam
1636 3802 1734 3866 vel
1779 3802 2140 3869 tarditatem
2188 3801 2474 3885 impediri
2509 3802 2607 3866 vel
2633 3802 2873 3866 turbari
2904 3821 3022 3867 non

322 3896 507 3959 tosset
552 3895 799 3956 tantum
851 3891 1101 3966 bonum,
1150 3891 1449 3971 quantum
1497 3890 1595 3952 est
1643 3908 1774 3970 pax,
1823 3906 1966 3952 cum
2014 3892 2222 3952 noster
2265 3890 2526 3953 nuncius
2596 3906 2714 3952 non
2766 3889 3020 3953 haberet

328 3981 666 4045 mandatum
710 3996 746 4041 a
785 3978 959 4050 nobis
1005 3975 1275 4040 intrandi
1324 3975 1388 4038 in
1437 3977 1713 4039 tractatu
1759 3975 1950 4057 paciS,
2018 3976 2124 4039 sed
2195 3976 2394 4040 solum
2444 3974 2697 4057 rogandi
2771 3995 2892 4053 eoS,
2947 3979 3019 4040 ut

324 4067 668 4148 nterpositio
718 4066 933 4129 nostra
978 4063 1099 4127 sibi
1146 4063 1434 4144 placeret,
1477 4066 1540 4126 et
1586 4063 1647 4125 in
1697 4063 1809 4126 hoc
1855 4063 2173 4127 senciendi
2220 4080 2397 4127 suam
2470 4063 2896 4138 intentionem,
2951 4066 3017 4127 et

328 4154 565 4218 interim
614 4155 777 4216 inter
822 4152 1029 4233 partes
1071 4156 1364 4231 treuguas
1411 4154 1475 4213 et
1517 4149 1906 4214 sufferentias
1952 4167 2294 4230 procurare,
2347 4149 2717 4214 deliberavit
2760 4152 2824 4214 te
2867 4152 3015 4213 mit-

330 4244 445 4305 tere
487 4239 566 4303 ad
614 4240 986 4321 presentiam
1033 4253 1230 4314 suam,
1277 4237 1657 4301 comittendo
1706 4237 1821 4302 tibi
1867 4254 1940 4300 ac
1988 4237 2204 4300 stricte
2250 4237 2615 4314 mandando,
2687 4236 2846 4319 qnod
2895 4256 3015 4302 non

329 4326 613 4409 parcendo
659 4324 973 4389 laboribus
1016 4328 1121 4388 tue
1164 4341 1414 4404 persone
1458 4322 1698 4388 solicite
1744 4327 1808 4387 et
1852 4323 2088 4388 curiose
2145 4324 2369 4387 debeas
2437 4323 2717 4388 laborare
2763 4327 2829 4388 et
2873 4343 3012 4406 ope-

329 4432 448 4478 ram
491 4412 643 4478 totis
689 4412 923 4476 viribus
970 4410 1272 4489 exhibere,
1342 4412 1501 4493 qnod
1552 4411 1714 4473 inter
1761 4427 1936 4473 suam
1982 4411 2494 4476 communitatem
2565 4414 2627 4474 et
2700 4411 3013 4492 Pagenses

329 4519 453 4566 cum
499 4501 729 4564 honore
775 4499 869 4563 sni
917 4498 1262 4564 communis
1308 4500 1603 4580 sequatur
1648 4497 2070 4562 reconciliatio
2114 4500 2301 4580 atque
2347 4516 2484 4579 pax.
2562 4497 2647 4561 Et
2688 4500 3016 4579 propterea

329 4588 558 4671 paratus
603 4606 690 4664 es,
740 4589 810 4650 ut
860 4584 1199 4668 adimpleas
1243 4587 1536 4649 mandata
1579 4589 1807 4661 nostra,
1858 4586 1923 4648 et
1966 4585 2027 4648 in
2074 4604 2223 4667 opus
2271 4585 2521 4665 pietatis
2567 4586 2632 4648 et
2663 4585 3015 4651 misericor-

327 4677 409 4742 die
452 4674 607 4741 velle
652 4672 819 4738 istud
865 4673 1064 4738 facere
1110 4673 1401 4737 alacriter
1447 4673 1512 4736 et
1554 4672 1839 4751 libenter,
1890 4672 1979 4736 ita
2023 4672 2202 4754 quod,
2251 4672 2307 4736 si
2353 4672 2556 4755 placet
2598 4671 2708 4751 eis,
2755 4675 3017 4756 possunt

401 4812 574 4865 spon.
607 4812 690 4861 Π.
1502 4826 1506 4830 ·
2690 4790 2776 4863 28
