3620 5282
471 346 595 411 150

466 523 734 602 inventa,
784 521 1161 598 licencietur,
1211 524 1273 585 et
1319 523 1532 587 contra
1579 521 1770 585 alium
1820 520 2206 605 procedatur.
2256 521 2339 585 Et
2385 521 2436 585 si
2485 521 2618 603 ipse
2657 522 2804 586 dare
2847 540 2966 586 non
3002 521 3209 602 posset

465 612 529 675 in
577 610 860 674 manibus
909 610 1367 687 dominacioniS,
1419 614 1482 674 et
1531 610 1830 690 probaret,
1881 609 2043 691 quod
2095 609 2294 672 eidem
2340 629 2450 690 per
2500 611 2701 691 ipsum
2738 609 3026 690 predicta
3059 610 3203 671 data

466 700 563 763 vel
613 694 861 763 vendita
906 702 1134 776 essent,
1186 701 1334 761 ωηο
1382 698 1706 761 restituere
1754 697 1976 761 debeat
2008 696 2400 760 damnificato
2427 697 2601 773 illud,
2644 697 2805 780 quod
2852 696 3050 760 eidem
3100 694 3207 759 da-

467 788 602 850 tum
651 787 745 849 vel
796 786 1106 850 venditum
1158 789 1321 848 esset
1369 787 1595 866 absque
1638 784 1842 866 aliquo
1889 785 2111 866 preci0,
2161 786 2224 847 et
2271 784 2715 848 nichilominus
2775 784 3206 848 damnificatus
3287 833 3296 837 -

465 874 663 956 possit
694 873 916 936 habere
965 892 1316 954 regressum
1364 877 1575 937 contra
1620 873 2086 936 malefactorem
2136 871 2503 953 predictum.

677 960 909 1042 Capta:
961 961 1131 1036 item,
1187 960 1347 1042 quod
1395 979 1532 1024 cum
1582 962 1899 1024 sentencia
1946 959 2304 1023 latafuerit
2353 961 2569 1023 contra
2618 959 3105 1036 malefactorem,
3144 961 3209 1022 et

466 1049 612 1112 talis
660 1049 1143 1129 condempnatus
1193 1067 1308 1111 non
1357 1052 1520 1111 esset
1568 1047 1881 1111 sufficiens
1930 1047 2006 1110 ad
2054 1046 2418 1111 solvendum
2470 1066 2646 1110 suam
2697 1047 3203 1130 condempnacio-

467 1155 626 1212 nem,
673 1138 822 1200 tunc
870 1139 1151 1199 teneatur
1198 1136 1328 1200 dari
1372 1135 1594 1198 bonam
1646 1136 2018 1217 plezariam3
2071 1153 2255 1217 quam
2305 1133 2356 1197 si
2402 1137 2544 1198 dare
2594 1153 2710 1199 non
2760 1136 3008 1217 poterit,
3059 1137 3207 1198 tunc

467 1224 731 1307 ponatur
778 1224 838 1286 in
888 1226 1231 1288 carceribus
1259 1223 1637 1296 communis;
1687 1226 1751 1287 et
1799 1223 1852 1286 si
1888 1223 2362 1301 condempnacio
2392 1224 2556 1285 sacta
2597 1223 2955 1286 ascenderet
3003 1224 3076 1287 ad
3102 1241 3209 1286 va·

465 1313 662 1374 lorem
711 1310 1044 1374 solidorum
1113 1313 1430 1393 sexaginta
1494 1330 1847 1393 grossorum
1897 1310 1993 1374 vel
2053 1311 2130 1374 ab
2180 1311 2315 1373 inde
2365 1329 2568 1390 supra,
2619 1312 3032 1392 suspendatur
3077 1328 3208 1375 ma·

466 1398 726 1463 lefactor
767 1417 874 1480 per
922 1398 1133 1480 gulam
1198 1398 1428 1478 taliter,
1493 1399 1651 1480 quod
1720 1398 2054 1475 moriatur,
2104 1400 2167 1461 et
2228 1416 2265 1460 a
2309 1398 2497 1461 soldis
2564 1397 2783 1480 viginti
2850 1416 3206 1480 grossorum

466 1505 652 1567 supra
701 1506 890 1568 usque
952 1487 1028 1548 ad
1074 1486 1391 1567 sexaginta
1438 1486 1556 1549 sibi
1610 1487 1969 1550 abscidatur
2017 1504 2202 1549 conus
2252 1484 2497 1566 pedum,
2551 1487 2614 1548 et
2659 1503 2695 1547 a
2745 1486 2935 1550 soldis
2984 1485 3238 1566 viginti'

467 1592 814 1657 grossorum
862 1573 1022 1636 infra
1070 1572 1372 1636 frustetur
1396 1576 1459 1637 et
1481 1574 1767 1651 buletur3
1812 1593 1991 1656 quam
2037 1572 2655 1655 condempnacionem
2702 1572 2754 1636 si
2804 1591 2921 1637 non
2957 1573 3210 1636 solverit

465 1663 530 1726 in
581 1662 842 1724 termino
875 1664 1009 1725 octo
1067 1662 1322 1733 dierum,
1359 1662 1684 1743 postquam
1749 1661 2165 1724 sententiatus
2219 1660 2426 1737 fuerit,
2476 1661 2623 1725 tunc
2670 1661 2817 1725 talis
2852 1659 3210 1725 malefactor

470 1748 759 1831 puniatur
806 1748 1211 1829 personaliter
1259 1748 1595 1812 secuudum
1630 1749 2010 1813 sentenciam
2058 1748 2496 1830 supradictam.

679 1833 909 1916 Capta:
960 1837 1108 1899 item
1151 1837 1308 1917 quod
1359 1837 1412 1899 si
1461 1837 1682 1918 aliquis
1749 1837 2051 1900 dictorum
2119 1836 2592 1899 malefactorum
2657 1836 2923 1915 diceret,
2990 1855 3055 1900 se
3104 1838 3213 1899 ha-

468 1924 675 1987 buisse
723 1922 959 2004 aliquos
1008 1924 1204 1987 socios
1253 1923 1325 1986 ad
1375 1923 1882 1988 committendum
1935 1923 2101 1986 mala
2149 1923 2458 2005 predicta,
2524 1923 2690 2005 quod
2746 1926 2893 1988 tunc
2939 1925 3070 2005 ipse
3118 1926 3210 1987 te-

466 2016 685 2074 neatur
734 2009 931 2073 dictos
981 2030 1123 2074 suos
1179 2013 1373 2075 socios
1422 2011 1566 2074 dare
1614 2013 1677 2074 et
1741 2029 1965 2093 ponere
2030 2012 2091 2075 in
2138 2011 2424 2074 manibus
2489 2011 2979 2075 dominacionis:
3047 2014 3110 2075 et
3157 2012 3206 2074 si

467 2100 625 2162 tales
675 2097 934 2162 confessi
984 2098 1230 2175 fuerint,
1283 2112 1493 2162 verum
1543 2117 1695 2174 esse,
1745 2117 1849 2162 eos
1897 2098 2086 2162 fuisse
2137 2118 2273 2162 cum
2334 2099 2465 2173 illo,
2517 2098 2616 2162 vel
2664 2100 2716 2162 si
2766 2102 3095 2181 negarent,
3145 2102 3209 2162 et

467 2187 571 2250 ille
619 2185 927 2267 probaret,
981 2186 1139 2268 quod
1191 2192 1336 2250 tunc
1385 2185 1538 2250 tales
1583 2204 1793 2249 omnes
1844 2187 2272 2250 malefactores
2300 2186 2604 2267 equaliter
2654 2189 2859 2259 totum
2911 2187 3204 2250 damnum

465 2274 702 2337 solvere
751 2274 1034 2349 debeant,
1083 2276 1155 2341 ut
1199 2275 1478 2354 superins
1526 2274 1757 2337 dictum
1813 2281 1926 2348 est,
1979 2276 2075 2337 vel
2121 2273 2536 2354 personaliter
2584 2274 2932 2355 puniantur,
2983 2277 3036 2337 si
3083 2274 3211 2337 sol-

464 2380 603 2425 vere
652 2380 766 2424 non
818 2364 1087 2442 possent.
1162 2361 1244 2424 Et
1290 2362 1343 2424 si
1390 2362 1589 2425 dictus
1653 2361 2013 2425 malefactor
2074 2362 2270 2424 dictos
2335 2380 2476 2424 suos
2543 2362 2739 2426 socios
2797 2362 2861 2425 in
2927 2363 3208 2426 manibus

465 2448 915 2512 dominacionis
965 2467 1084 2512 non
1132 2450 1309 2512 daret
1356 2450 1454 2512 vel
1498 2469 1611 2513 non
1663 2450 1970 2530 probaret,
2021 2449 2187 2529 ipsos
2237 2468 2374 2511 esse
2442 2449 2824 2530 culpabileS,
2888 2450 3016 2513 illis
3070 2468 3212 2513 οοη-

466 2538 634 2600 tinue
683 2537 1167 2617 denegantibuS,
1220 2539 1354 2599 tum
1419 2536 1778 2618 principalis
1855 2535 2166 2617 predictus
2233 2538 2520 2598 teneatur
2580 2535 2644 2598 in
2709 2540 2904 2601 totum
2954 2538 3208 2613 solvere,

467 2627 579 2690 aut
626 2625 1036 2707 personaliter
1085 2623 1551 2701 condemnetur,
1598 2626 1669 2687 ut
1713 2643 1897 2705 supra
1945 2623 2178 2687 dictum
2224 2625 2337 2685 est.

560 2724 573 2736 ·
679 2712 911 2793 Capta:
962 2713 1111 2775 item
1162 2715 1318 2795 quod
1387 2714 1440 2777 si
1503 2712 1729 2793 aliquis
1796 2713 2054 2774 istorum
2122 2711 2346 2774 abhinc
2414 2711 2475 2773 in
2537 2714 2718 2774 antea
2783 2730 2891 2795 pro
2940 2711 3104 2775 furto
3149 2712 3210 2775 in

466 2801 677 2882 aliqua
725 2801 1144 2881 predictarum
1194 2801 1538 2863 insularum
1588 2799 1774 2864 fuerit
1819 2799 2325 2879 condempnatuS,
2385 2801 2448 2862 et
2496 2799 2722 2863 iterato
2789 2800 3212 2864 committeret

467 2888 700 2952 furtum
748 2890 811 2950 in
858 2888 1409 2970 aliquafflipsarum,
1461 2891 1605 2950 tunc
1654 2888 1874 2950 iterato
1940 2888 2444 2967 comdempnetur
2493 2905 2562 2950 eo
2613 2890 2791 2952 modo
2849 2889 3101 2952 realiter
3148 2891 3210 2952 et

467 2975 890 3057 personaliter,
942 2982 1010 3039 ut
1056 2975 1480 3058 supradictum
1537 2977 1652 3046 est,
1701 2977 1764 3038 et
1833 2975 2265 3038 nichilominus
2337 2975 2411 3038 de
2475 2976 2765 3040 omnibus
2841 2977 3210 3059 supradictis

469 3063 685 3126 insulis
733 3065 1026 3162 perpetuo
1079 3064 1162 3127 sit
1208 3063 1498 3126 bannitus
1546 3065 1674 3126 tam
1718 3062 2006 3126 solvendo
2055 3063 2706 3145 condempnacionem,
2756 3084 2941 3147 quam
2987 3066 3038 3128 si
3070 3083 3214 3128 con-

473 3150 916 3231 dempnaretur
963 3151 1024 3213 in
1074 3151 1387 3223 membro;
1437 3152 1501 3213 et
1542 3150 1591 3212 si
1643 3150 1881 3214 veniret
1914 3151 1974 3212 iu
2008 3147 2282 3248 aliquam
2322 3152 2629 3215 dictarum
2665 3153 3027 3229 insularum,
3064 3153 3210 3216 tunc

470 3240 671 3301 rector
713 3237 878 3301 dicte
928 3239 1125 3301 insule
1175 3257 1312 3301 cum
1365 3239 1491 3300 suis
1534 3237 1842 3300 indicibus
1891 3239 2177 3316 teneatur
2226 3237 2431 3320 ipsum
2484 3242 2546 3301 et
2596 3240 2761 3321 ipsos
2798 3241 2933 3322 capi
2978 3239 3202 3315 facere,

468 3324 745 3388 faciendo
810 3327 863 3388 ei
929 3326 1023 3389 vel
1072 3327 1161 3390 eis
1220 3326 1437 3406 pedem
1485 3325 1818 3423 amputari.
1883 3326 1964 3387 Et
2011 3326 2200 3388 etiam
2273 3326 2708 3390 nichilominus
2785 3329 3075 3408 perpetuo
3120 3326 3204 3389 sit

473 3414 761 3477 bannitus
811 3414 882 3477 de
932 3414 1082 3494 ipsis
1130 3412 1369 3486 insuliS,
1422 3414 1492 3475 ut
1536 3412 1741 3493 prius3
1791 3413 1855 3476 et
1902 3413 1954 3476 si
2003 3413 2228 3495 aliquis
2279 3415 2544 3477 tennerit
2590 3414 2866 3494 aliquem
2900 3414 2975 3477 de
3017 3413 3202 3476 dictis

469 3500 971 3565 malefactoribus
1018 3502 1107 3564 sic
1157 3501 1427 3564 bannitis
1476 3500 1537 3562 in
1586 3500 1868 3564 domibus
1920 3501 2014 3566 vel
2064 3501 2120 3562 in
2172 3501 2380 3564 stariis
2429 3503 2592 3576 suiS,
2663 3503 2811 3563 tunc
2865 3501 3012 3563 talis
3060 3518 3205 3564 con-

467 3589 835 3670 dempnetur
884 3589 944 3651 in
993 3607 1321 3671 yperperos
1363 3587 1706 3663 duodecim,
1756 3590 1821 3651 et
1867 3607 1985 3652 uno
2032 3608 2238 3651 mense
2297 3589 2357 3650 in
2423 3587 2775 3650 carceribus
2840 3587 3206 3664 detineatur,

467 3696 583 3758 que
620 3695 923 3760 yperpera
964 3677 1291 3739 deveniant
1338 3674 1397 3738 in
1444 3694 1787 3750 commune,
1843 3676 1942 3740 ubi
1993 3676 2195 3738 dictus
2254 3673 2610 3737 malefactor
2662 3675 2849 3738 fuerit
2899 3676 3203 3753 inventuS,

467 3767 531 3828 et·
574 3765 838 3846 quilibet
879 3763 1076 3846 possit
1122 3782 1429 3840 accusare,
1481 3765 1544 3826 et
1591 3762 1848 3827 habebit
1908 3764 2304 3827 medietatem
2372 3761 2536 3825 dicte
2604 3762 3208 3845 condempnacioniS,

470 3852 783 3935 probando
831 3853 921 3915 sic
969 3870 1178 3916 verum
1236 3869 1389 3915 esse.

680 3933 913 4021 Capta:
966 3938 1117 4001 item
1168 3939 1218 4001 si
1267 3938 1492 4020 aliquis
1539 3940 1915 4019 prestaverit
1961 3923 2284 4019 aliquam
2299 3937 2589 4000 barcham
2656 3937 2794 4001 istis
2852 3938 3209 4004 malefacto-

475 4028 666 4102 ribuS,
718 4030 864 4091 tunc
914 4028 1203 4107 patronus
1253 4025 1478 4089 barche
1538 4025 1810 4107 predicte
1873 4029 2158 4089 teneatur
2221 4044 2327 4108 pro
2387 4042 2501 4089 nno
2567 4045 2638 4088 ex
2706 4025 3208 4092 malefactoribus

473 4114 822 4190 antedictiS,
873 4116 936 4177 et
983 4115 1228 4178 tantum
1278 4114 1478 4177 solvat
1516 4113 1912 4178 damnificato
1963 4116 2026 4177 et
2067 4132 2176 4177 suo
2220 4113 2552 4191 communi,
2602 4117 2903 4196 quantum
2952 4134 3108 4179 unus
3138 4135 3205 4178 ex

467 4202 587 4265 hiis
635 4201 1154 4265 malefactoribus.

677 4287 903 4370 Capta:
953 4283 1102 4352 item
1152 4289 1311 4370 quod
1360 4288 1580 4370 aliquis
1629 4288 1936 4351 excoriare
1987 4307 2101 4351 non
2151 4288 2344 4371 possit
2369 4289 2618 4370 aliquod
2658 4289 2892 4354 animal
2919 4308 3202 4372 grossum

469 4377 566 4439 vel
609 4394 865 4458 parvum
916 4377 1142 4458 absque
1186 4377 1408 4458 capite,
1461 4375 1750 4439 auriculis
1819 4378 1881 4439 et
1943 4375 2139 4458 signis
2203 4378 2264 4439 in
2330 4378 2515 4440 dictis
2574 4376 2960 4441 animalibus
3007 4377 3204 4454 factis,

470 4464 537 4526 et
585 4463 747 4544 quod
794 4463 1013 4544 aliquis
1063 4482 1264 4527 emere
1309 4483 1425 4528 non
1478 4463 1670 4544 possit
1716 4463 1958 4545 aliquas
2024 4463 2216 4545 pelles
2279 4468 2558 4528 carentes
2627 4465 2868 4546 capite,
2911 4464 3207 4528 auriculis

469 4553 535 4614 et
583 4550 777 4632 signis
827 4551 992 4624 suis;
1041 4553 1105 4614 et
1144 4554 1193 4612 si
1244 4552 1385 4632 quis
1449 4550 1882 4615 contrafecerit
1945 4550 2275 4631 predictiS,
2335 4552 2522 4615 cadat
2568 4552 2629 4614 in
2686 4571 2908 4634 penam
2953 4571 3206 4634 yperpe-

474 4655 679 4701 rorum
735 4637 1074 4714 duodecim,
1125 4656 1241 4719 que
1285 4638 1616 4702 deveniant
1676 4638 1736 4700 in
1801 4656 2159 4714 commune,
2227 4642 2356 4702 tam
2405 4639 2509 4721 qui
2557 4640 2966 4704 oxcoriaverit
3018 4656 3201 4720 quam

470 4726 575 4807 qui
625 4724 869 4801 emerit,
922 4728 986 4788 et
1028 4725 1290 4807 quilibet
1337 4727 1535 4808 possit
1577 4743 1869 4791 accusare
1932 4729 1997 4789 et
2051 4726 2416 4791 denunciare
2484 4745 2589 4791 sue
2652 4725 3098 4804 dominacioni,
3146 4729 3210 4789 et
