3620 5282
562 318 686 383 130

558 490 1129 568 communitatibuS‚
1196 490 1402 566 terris
1451 489 1715 554 subditis
1781 492 1847 553 et
1913 489 2242 566 fidelibuS‚
2292 489 2757 566 adherentibus
2822 489 3184 553 valitoribus
3227 493 3293 551 et

555 579 921 662 sequacibus
982 578 1253 658 ipsarum
1317 578 1588 659 partium
1637 580 1700 642 et
1746 577 2080 643 cuiuslibet
2141 596 2353 641 eorum
2416 576 2479 640 in
2544 578 3029 658 quibuscumque
3077 576 3291 640 muudi

553 667 836 750 partibus
883 665 1313 742 existentibus,
1361 666 1799 729 contraxerunt
1844 666 1962 728 sibi
2015 663 2277 729 invicem
2327 670 2543 728 mutuo
2592 666 2656 728 et
2702 663 2977 728 vicissim
3020 668 3084 728 et
3128 664 3291 727 iuter

559 774 626 818 se
673 756 896 817 bonam
945 754 1008 816 et
1051 771 1262 816 veram
1311 770 1522 834 pacem
1568 752 1876 834 dirigente
1925 752 2174 816 domino
2207 754 2501 834 perpetuo
2531 753 2916 816 duraturam.
2963 750 3046 815 Et
3093 750 3293 832 primo

555 841 675 906 sibi
718 841 977 905 invicem
1026 841 1091 903 et
1131 839 1405 904 vicissim
1454 840 1828 904 remiserunt
1872 839 2081 904 omnia
2128 839 2287 918 odia,
2336 857 2638 917 rancoreS‚
2691 838 2966 913 iniuriaS‚
3010 838 3291 914 offensas,

557 928 756 1009 cede8‚
807 928 1081 1004 vulnera,
1131 928 1464 1009 captiones
1515 929 1750 1008 raptu8‚
1794 928 2064 1009 rapinas,
2111 927 2413 1002 incendia,
2461 926 2787 991 violentias
2856 930 2922 988 et
2964 925 3089 990 alia
3144 944 3294 1008 que-

559 1033 820 1097 cumque
867 1015 1136 1097 dampna
1181 1017 1311 1079 tam
1361 1015 1553 1079 realia
1597 1033 1784 1096 quam
1835 1016 2176 1096 personalia
2220 1033 2330 1097 per
2375 1015 2580 1078 dictas
2625 1016 2832 1095 partes
2890 1011 2987 1078 vel
3051 1012 3295 1095 aliquos

560 1103 841 1166 subditos
887 1101 1164 1183 ipsarum
1216 1102 1483 1183 partium
1530 1101 1627 1166 vel
1675 1100 1936 1166 alterius
1997 1121 2209 1166 earum
2254 1120 2359 1165 seu
2432 1101 2672 1185 aliquas
2734 1103 2950 1184 gentes
3012 1100 3113 1165 vel
3167 1101 3298 1164 sin-

564 1190 813 1272 gulares
855 1207 1139 1269 personas
1183 1189 1458 1270 ipsarum
1505 1189 1603 1254 vel
1649 1188 1908 1254 alterius
1934 1207 2148 1253 earum
2196 1208 2304 1253 seu
2352 1189 2738 1264 adherentes,
2787 1189 3138 1269 complices
3186 1206 3295 1252 va-

567 1277 775 1340 litores
824 1276 921 1340 vel
979 1294 1269 1358 sequaces
1316 1275 1589 1357 ipsarum
1637 1276 1908 1357 partium
1953 1279 2363 1341 communiter
2412 1277 2504 1341 vel
2555 1276 2801 1340 divisim
2871 1277 3084 1340 contra
3151 1276 3299 1338 reli-

562 1382 748 1445 quam
796 1366 1058 1445 partem,
1106 1367 1325 1443 terraS‚
1376 1364 1676 1441 subditOS,
1725 1366 1943 1447 gentes
1989 1364 2090 1430 vel
2136 1364 2483 1445 singulares
2530 1382 2821 1446 personas
2867 1362 3139 1445 ipsarum
3186 1381 3295 1426 seu

568 1450 950 1527 adherentes,
999 1450 1349 1533 compliceS‚
1399 1451 1688 1515 valitores
1734 1452 1834 1515 vel
1882 1470 2177 1533 sequaces
2208 1451 2469 1515 alterius
2502 1452 2699 1534 partis
2730 1450 3302 1533 quomodocumque

563 1540 628 1602 et
672 1538 1204 1620 qualitercumque
1257 1539 1453 1615 illata,
1501 1540 1646 1602 data
1673 1557 1778 1602 seu
1831 1538 1996 1603 facta
2043 1539 2313 1605 fuissent
2360 1541 2425 1603 et
2466 1538 2525 1601 in
2558 1538 3052 1620 quibuscumque
3086 1538 3297 1600 mundi

566 1627 845 1707 partibus
891 1627 953 1689 et
999 1627 1127 1689 tam
1175 1625 1237 1688 in
1283 1625 1436 1690 mari
1484 1645 1668 1706 quam
1719 1627 1778 1689 in
1828 1628 1993 1690 terra
2031 1627 2175 1690 hinc
2223 1629 2387 1690 retro
2437 1627 2725 1709 usquein
2759 1625 2922 1689 diem
2973 1628 3036 1690 et
3081 1626 3296 1688 horam

565 1713 900 1794 presentcS‚
951 1716 1015 1776 et
1060 1730 1271 1776 omnes
1317 1730 1507 1795 penas
1570 1715 1633 1776 et
1674 1714 1990 1792 interesse,
2054 1715 2113 1777 in
2179 1714 2403 1795 quibus
2455 1733 2564 1794 per
2622 1715 2968 1795 presentem
3008 1731 3296 1795 guerram

568 1802 662 1865 vel
711 1800 918 1882 aliqua
967 1799 1104 1863 hinc
1151 1802 1315 1863 retro
1364 1800 1525 1864 inter
1571 1801 1767 1864 dictas
1815 1809 2023 1882 partes
2072 1800 2233 1865 sacta
2278 1800 2374 1865 vel
2425 1801 2754 1868 commissa
2813 1799 3035 1864 fnisset
3094 1800 3300 1864 incur-

569 1907 726 1951 sum.
777 1887 1103 1951 Facieutes
1151 1887 1270 1951 sibi
1320 1887 1578 1951 invicem
1627 1889 1692 1952 et
1740 1888 2016 1952 vicissim
2064 1889 2226 1952 dicte
2273 1891 2481 1969 partes
2550 1888 2904 1952 nominibus
2964 1887 3297 1952 antedictis

567 1976 644 2039 de
693 1975 989 2056 predictis
1034 1975 1320 2038 omnibus
1367 1976 1431 2038 et
1467 1975 1730 2057 singulis
1778 1975 1983 2053 finem,
2057 1976 2526 2057 quietationem‚
2589 1977 3005 2039 omnimodam
3070 1973 3298 2038 libera-

565 2063 795 2125 tionem
841 2062 906 2125 et
949 2065 1198 2142 pactum
1246 2063 1320 2125 de
1367 2062 1630 2127 ulterius
1681 2077 1800 2126 non
1850 2065 2128 2142 petendo,
2204 2062 2335 2127 Nec
2382 2081 2498 2126 non
2546 2063 2622 2127 de
2668 2063 2960 2144 predictis
3013 2063 3299 2125 omnibus

566 2154 629 2213 et
676 2148 942 2231 singulis
987 2168 1095 2230 per
1140 2149 1674 2230 acceptilationem
1722 2152 1787 2213 et
1833 2150 2207 2231 aquilianam
2256 2150 2727 2232 stipulationem
2774 2150 2979 2214 verbis
3031 2149 3302 2231 solemp-

489 2239 497 2244 ’
566 2236 747 2300 nibus
796 2236 861 2300 et
906 2235 1250 2318 legiptimis
1308 2237 1724 2319 interpositas
1770 2236 2046 2318 plenarie
2110 2256 2243 2301 sese
2305 2238 2570 2301 invicem
2615 2237 2957 2316 liberando,
3021 2237 3137 2301 sibi
3207 2237 3303 2300 iu-

566 2324 762 2388 vicem
813 2327 1024 2387 mutuo
1072 2325 1137 2387 et
1173 2324 1447 2388 vicissim
1495 2324 1929 2406 promittentes
1978 2325 2195 2388 bonam
2246 2326 2311 2389 et
2349 2343 2556 2389 veram
2605 2343 2817 2407 pacem
2853 2324 3146 2407 predictis
3179 2342 3300 2387 uon

568 2411 963 2474 obstantibus
1009 2413 1307 2493 perpetuo
1353 2413 1711 2476 observare:
1762 2415 1825 2477 et
1870 2414 2032 2493 quod
2073 2412 2494 2476 occasionibus
2563 2412 2938 2493 supradictis
3004 2410 3176 2475 nulla
3237 2413 3301 2474 in

567 2498 864 2581 perpetuo
911 2497 1011 2573 lis,
1062 2515 1269 2573 causa,
1319 2498 1626 2576 molestia,
1675 2500 2098 2564 contraversia
2147 2500 2246 2564 vel
2288 2500 2607 2581 requisitio
2658 2501 2766 2563 fiet
2813 2500 2908 2563 vel
2952 2499 3304 2563 movebitur

568 2605 676 2669 per
723 2602 906 2649 unam
956 2586 1194 2666 partem
1245 2586 1460 2651 contra
1523 2586 1710 2650 aliam
1758 2587 1857 2651 vel
1911 2605 2018 2668 per
2080 2586 2423 2669 singulares
2492 2604 2782 2668 personas
2855 2587 3032 2651 unius
3103 2588 3303 2668 partis

568 2675 784 2737 contra
817 2670 1080 2736 alteram
1129 2673 1229 2737 vel
1273 2674 1489 2738 contra
1511 2674 1860 2757 singulares
1907 2693 2198 2756 personas
2243 2675 2501 2739 alterius
2547 2675 2763 2757 partis,
2798 2674 3144 2757 complices
3192 2676 3304 2739 ad-

575 2759 881 2838 herentes,
953 2758 1246 2824 valitores
1293 2763 1357 2825 et
1426 2780 1721 2843 sequaces
1785 2762 2062 2843 ipsarum
2114 2763 2379 2843 partium
2429 2762 2527 2826 vel
2573 2763 2830 2827 alterius
2891 2763 3166 2844 ipsarum
3237 2762 3299 2824 in

580 2847 804 2912 iudicio
847 2846 941 2911 vel
988 2849 1163 2911 extra
1210 2851 1338 2912 tam
1386 2849 1458 2912 de
1504 2849 1635 2913 iure
1682 2867 1863 2930 quem
1912 2851 1987 2914 de
2036 2849 2213 2913 facto.

779 2935 935 2998 Item
987 2934 1104 2998 fuit
1149 2937 1356 2999 actum
1405 2935 1564 2999 inter
1611 2935 1808 3000 dictas
1856 2941 2083 3016 parteS‚
2132 2937 2292 3018 quod
2339 2956 2548 3001 omues
2591 2937 2656 3000 et
2701 2936 2930 3019 singuli
2967 2936 3191 3017 captivi
3242 2938 3307 2999 et

569 3022 866 3086 carcerati
913 3022 977 3086 et
1022 3021 1256 3086 detenti
1307 3022 1576 3104 partium
1625 3024 2039 3104 predictarum
2111 3027 2176 3087 et
2220 3024 2552 3089 cuiuslibet
2612 3026 2884 3105 ipsarum
2944 3042 3016 3087 ac
3087 3023 3304 3087 subdi-

571 3112 773 3174 torum
822 3109 1092 3190 ipsorum
1142 3110 1488 3190 ubicunque
1534 3110 1663 3173 sint
1706 3115 1766 3173 et
1814 3130 1994 3191 penes
2041 3129 2458 3194 quoscumque
2511 3112 2676 3192 capti
2727 3113 2821 3176 vel
2878 3110 3112 3175 detenti
3173 3111 3303 3173 sint

571 3200 633 3259 et
679 3194 1046 3277 quicumque
1093 3196 1220 3260 sint
1265 3198 1393 3260 sive
1434 3197 1599 3277 capti
1649 3197 1876 3261 fuerint
1933 3217 2041 3279 per
2100 3199 2266 3278 ipsas
2329 3202 2536 3281 partes
2597 3198 2689 3262 vel
2751 3200 2967 3277 gentes
3027 3198 3299 3278 ipsarum

570 3284 667 3348 vel
715 3301 821 3361 per
866 3283 1207 3365 singulares
1255 3302 1548 3364 personas
1611 3304 1713 3348 seu
1780 3285 2217 3367 stipendiarios
2281 3287 2553 3367 ipsarum
2619 3287 2893 3367 partium
2964 3289 3027 3347 et
3097 3285 3304 3348 cuius-

570 3370 725 3433 libet
766 3388 976 3434 earum
1022 3370 1150 3434 sive
1197 3371 1387 3435 etiam
1435 3372 1489 3435 si
1536 3370 1765 3435 fuerint
1809 3372 2045 3436 detenti
2094 3373 2156 3436 in
2206 3373 2433 3437 virtute
2502 3391 2610 3437 seu
2658 3376 2961 3454 potestate
3026 3372 3299 3454 ipsarum

571 3456 842 3539 partium
906 3457 1005 3521 vel
1063 3476 1586 3539 quarumcumque
1648 3459 2058 3540 singularium
2121 3478 2516 3542 personarum
2589 3462 3028 3540 cuiuscumque
3096 3460 3305 3522 condi-

573 3543 757 3607 tionis
819 3544 884 3607 et
941 3544 1170 3626 gradus
1232 3546 1389 3613 siut,
1452 3546 1642 3609 libere
1710 3548 1774 3608 et
1835 3548 1966 3609 sine
2029 3548 2237 3629 aliqua
2301 3548 2754 3629 redemptione,
2828 3549 3144 3611 exactione
3204 3547 3305 3610 vel

574 3630 1010 3711 impedimento
1056 3634 1619 3714 quomodocumque
1666 3634 1817 3697 reali
1864 3635 1961 3697 vel
2006 3634 2311 3716 personali
2362 3634 2728 3714 relaxentur,
2793 3635 3152 3711 liberentur,
3202 3654 3305 3696 ex-

572 3718 894 3803 pediantur
954 3736 1027 3782 ac
1083 3720 1492 3783 restituantur
1554 3720 1815 3800 pristine
1885 3721 2158 3784 libertati
2222 3722 2379 3786 iufra
2441 3724 2717 3803 tempora
2779 3726 2843 3784 et
2904 3725 3086 3802 prout
3147 3720 3306 3785 iufra

573 3809 732 3870 inter
778 3806 973 3869 dictas
1018 3807 1224 3886 partes
1271 3807 1547 3870 extiterit
1591 3807 1963 3871 ordinatum.

780 3892 939 3956 Item
990 3890 1106 3955 fuit
1152 3895 1359 3956 actum
1413 3894 1570 3956 inter
1615 3896 1813 3958 dictas
1860 3897 2070 3975 partes
2119 3894 2470 3959 nominibus
2494 3896 2854 3969 antedictis,
2905 3898 3065 3977 quod
3101 3897 3306 3958 insula

570 3982 647 4044 de
691 3981 976 4044 Tanedon
1024 3998 1163 4043 cum
1213 3981 1500 4044 omnibus
1560 3982 1624 4044 et
1687 3983 1948 4064 siugulis
2011 3984 2254 4060 castris,
2318 3982 2552 4065 burgis
2618 3984 2805 4060 villis,
2862 3982 3033 4059 lociS,
3103 3983 3305 4046 domi-

571 4070 705 4142 bus,
783 4065 1036 4131 edificiis
1105 4072 1168 4131 et
1225 4068 1711 4137 habitationibus
1760 4070 1823 4132 in
1870 4070 2080 4133 eadem
2130 4069 2334 4133 insula
2380 4071 2789 4134 existentibus
2836 4089 2977 4134 cum
3028 4070 3300 4151 ipsorum

577 4156 810 4219 iuribus
857 4155 922 4218 et
967 4155 1355 4235 pertinentiis
1399 4154 1556 4219 infra
1598 4174 1841 4221 menses
1888 4156 2043 4220 duos
2089 4177 2227 4219 cum
2277 4158 2533 4221 dimidio
2579 4158 2852 4239 proxime
2900 4161 3192 4221 vent-uros
3240 4159 3300 4219 in

572 4242 858 4305 manibus
921 4240 1141 4321 prefati
1191 4242 1421 4305 domiui
1471 4242 1779 4315 Sabaudie
1825 4245 2072 4308 comitis
2120 4263 2225 4307 seu
2273 4245 2408 4308 eius
2456 4246 2607 4309 certi
2656 4245 2753 4309 vel
2801 4247 3103 4309 certorum
3150 4264 3304 4307 nuu-

574 4330 796 4392 tiorum
856 4346 965 4410 per
1011 4328 1281 4392 Venetos
1328 4329 1521 4403 libere
1582 4329 1933 4394 relaxentur
1973 4333 2037 4394 et
2098 4331 2500 4411 expediantur
2564 4332 2826 4395 tenenda
2869 4350 2978 4413 per
3037 4350 3138 4395 eos
3208 4330 3303 4393 vel

574 4416 705 4478 eius
744 4416 999 4478 nuncios
1062 4417 1418 4498 sumptibus
1479 4418 1915 4481 communibus
1978 4419 2244 4498 partium
2316 4419 2753 4499 predictarum.
2816 4417 2936 4496 Qui
3002 4419 3299 4500 siquidem

576 4502 859 4565 domiuus
905 4519 1113 4570 comes
1161 4503 1465 4567 Sabaudie
1512 4504 1583 4567 de
1628 4504 1845 4567 eadem
1894 4506 2117 4581 insula,
2166 4506 2406 4580 castris,
2460 4507 2671 4588 burgis
2718 4510 2782 4570 et
2827 4506 2968 4569 aliis
3029 4506 3299 4587 ipsorum

578 4587 972 4668 pertinentiis
1041 4607 1149 4669 per
1218 4608 1283 4653 se
1349 4592 1413 4654 et
1478 4590 1673 4654 alium
1738 4611 1845 4655 seu
1904 4592 2061 4655 alios
2121 4591 2253 4655 eius
2300 4594 2504 4658 certos
2566 4593 2814 4658 nuntios
2861 4594 3057 4675 possit
3102 4590 3299 4656 facere

575 4671 758 4752 prout
814 4691 922 4736 sue
983 4674 1170 4737 fuerit
1230 4675 1585 4742 voluntatis.
1643 4678 1802 4743 Acto
1864 4679 2072 4745 tamen
2130 4685 2194 4742 et
2252 4678 2318 4742 iu
2378 4681 2567 4762 pacto
2629 4699 2981 4765 expressum
3045 4679 3302 4746 deducio
