<?xml version="1.0" encoding="UTF-8"?>
<!DOCTYPE html PUBLIC "-//W3C//DTD XHTML 1.0 Transitional//EN"
    "http://www.w3.org/TR/xhtml1/DTD/xhtml1-transitional.dtd">
<html xmlns="http://www.w3.org/1999/xhtml" xml:lang="en" lang="en">
 <head>
  <title>
</title>
<meta http-equiv="Content-Type" content="text/html;charset=utf-8" />
  <meta name='ocr-system' content='tesseract 3.04.00' />
  <meta name='ocr-capabilities' content='ocr_page ocr_carea ocr_par ocr_line ocrx_word'/>
</head>
<body>
  <div class='ocr_page' id='page_1' title='image "./monumentaspecta02umjegoog_0304.png"; bbox 0 0 3620 5282; ppageno 0'>
   <div class='ocr_carea' id='block_1_1' title="bbox 496 322 627 389">
    <p class='ocr_par' dir='ltr' id='par_1_1' title="bbox 496 322 627 389">
     <span class='ocr_line' id='line_1_1' title="bbox 496 322 627 389; baseline -0.015 0"><span class='ocrx_word' id='word_1_1' title='bbox 496 322 627 389; x_wconf 83' lang='lat'>252</span> 
     </span>
    </p>
   </div>
   <div class='ocr_carea' id='block_1_2' title="bbox 494 491 3308 3913">
    <p class='ocr_par' dir='ltr' id='par_1_2' title="bbox 494 491 3229 1895">
     <span class='ocr_line' id='line_1_2' title="bbox 496 491 3214 580; baseline -0.003 -15"><span class='ocrx_word' id='word_1_2' title='bbox 496 499 561 565; x_wconf 91' lang='lat' dir='ltr'>et</span> <span class='ocrx_word' id='word_1_3' title='bbox 605 498 682 563; x_wconf 93' lang='lat' dir='ltr'>ad</span> <span class='ocrx_word' id='word_1_4' title='bbox 728 498 862 576; x_wconf 89' lang='lat' dir='ltr'>hoc,</span> <span class='ocrx_word' id='word_1_5' title='bbox 911 498 1073 580; x_wconf 89' lang='lat' dir='ltr'>quod</span> <span class='ocrx_word' id='word_1_6' title='bbox 1118 498 1214 563; x_wconf 86' lang='lat' dir='ltr'>ius</span> <span class='ocrx_word' id='word_1_7' title='bbox 1260 499 1325 562; x_wconf 90' lang='lat' dir='ltr'>et</span> <span class='ocrx_word' id='word_1_8' title='bbox 1369 496 1612 562; x_wconf 90' lang='lat' dir='ltr'>iustitia</span> <span class='ocrx_word' id='word_1_9' title='bbox 1658 494 1952 563; x_wconf 73' lang='lat' dir='ltr'><strong>reddatur</strong></span> <span class='ocrx_word' id='word_1_10' title='bbox 1998 494 2093 574; x_wconf 92' lang='lat' dir='ltr'>ei,</span> <span class='ocrx_word' id='word_1_11' title='bbox 2142 494 2250 579; x_wconf 87' lang='lat' dir='ltr'>qui</span> <span class='ocrx_word' id='word_1_12' title='bbox 2291 493 2517 572; x_wconf 89' lang='lat' dir='ltr'>habet,</span> <span class='ocrx_word' id='word_1_13' title='bbox 2584 510 2727 556; x_wconf 87' lang='lat' dir='ltr'>curn</span> <span class='ocrx_word' id='word_1_14' title='bbox 2775 491 2944 556; x_wconf 88' lang='lat' dir='ltr'>dicat</span> <span class='ocrx_word' id='word_1_15' title='bbox 2988 509 3214 571; x_wconf 76' lang='lat' dir='ltr'>comeS‚</span> 
     </span>
     <span class='ocr_line' id='line_1_3' title="bbox 496 578 3218 670; baseline -0.003 -20"><span class='ocrx_word' id='word_1_16' title='bbox 496 588 657 670; x_wconf 88' lang='lat' dir='ltr'>quod</span> <span class='ocrx_word' id='word_1_17' title='bbox 702 585 768 649; x_wconf 90' lang='lat' dir='ltr'>in</span> <span class='ocrx_word' id='word_1_18' title='bbox 817 585 1077 651; x_wconf 87' lang='lat' dir='ltr'>Curzola</span> <span class='ocrx_word' id='word_1_19' title='bbox 1121 587 1346 651; x_wconf 89' lang='lat' dir='ltr'>debent</span> <span class='ocrx_word' id='word_1_20' title='bbox 1390 604 1524 650; x_wconf 90' lang='lat' dir='ltr'>esse</span> <span class='ocrx_word' id='word_1_21' title='bbox 1571 585 1856 668; x_wconf 76' lang='lat' dir='ltr'>quaterni</span> <span class='ocrx_word' id='word_1_22' title='bbox 1902 586 1967 649; x_wconf 91' lang='lat' dir='ltr'>et</span> <span class='ocrx_word' id='word_1_23' title='bbox 2012 582 2341 666; x_wconf 90' lang='lat' dir='ltr'>scripture,</span> <span class='ocrx_word' id='word_1_24' title='bbox 2391 580 2497 664; x_wconf 90' lang='lat' dir='ltr'>qui</span> <span class='ocrx_word' id='word_1_25' title='bbox 2543 580 2619 656; x_wconf 89' lang='lat' dir='ltr'>de</span> <span class='ocrx_word' id='word_1_26' title='bbox 2660 580 2778 644; x_wconf 92' lang='lat' dir='ltr'>hoc</span> <span class='ocrx_word' id='word_1_27' title='bbox 2825 578 3055 644; x_wconf 88' lang='lat' dir='ltr'>facient</span> <span class='ocrx_word' id='word_1_28' title='bbox 3086 578 3218 661; x_wconf 89' lang='lat' dir='ltr'>ple-</span> 
     </span>
     <span class='ocr_line' id='line_1_4' title="bbox 495 666 3223 752; baseline -0.003 -14"><span class='ocrx_word' id='word_1_29' title='bbox 495 692 640 739; x_wconf 89' lang='lat' dir='ltr'>nam</span> <span class='ocrx_word' id='word_1_30' title='bbox 688 675 871 739; x_wconf 91' lang='lat' dir='ltr'>fidem</span> <span class='ocrx_word' id='word_1_31' title='bbox 919 678 983 738; x_wconf 91' lang='lat' dir='ltr'>et</span> <span class='ocrx_word' id='word_1_32' title='bbox 1018 674 1388 751; x_wconf 76' lang='lat' dir='ltr'>claritatem,</span> <span class='ocrx_word' id='word_1_33' title='bbox 1460 674 1623 738; x_wconf 90' lang='lat' dir='ltr'>sicut</span> <span class='ocrx_word' id='word_1_34' title='bbox 1682 672 1867 747; x_wconf 77' lang='lat' dir='ltr'>dicit3</span> <span class='ocrx_word' id='word_1_35' title='bbox 1931 669 2262 736; x_wconf 88' lang='lat' dir='ltr'>consulunt</span> <span class='ocrx_word' id='word_1_36' title='bbox 2321 668 2669 752; x_wconf 89' lang='lat' dir='ltr'>sapientes,</span> <span class='ocrx_word' id='word_1_37' title='bbox 2734 669 2889 750; x_wconf 89' lang='lat' dir='ltr'>quod</span> <span class='ocrx_word' id='word_1_38' title='bbox 2954 667 3031 731; x_wconf 90' lang='lat' dir='ltr'>de</span> <span class='ocrx_word' id='word_1_39' title='bbox 3077 666 3223 731; x_wconf 91' lang='lat' dir='ltr'>hinc</span> 
     </span>
     <span class='ocr_line' id='line_1_5' title="bbox 500 754 3223 845; baseline -0.002 -20"><span class='ocrx_word' id='word_1_40' title='bbox 500 762 790 826; x_wconf 89' lang='lat' dir='ltr'>mittatur</span> <span class='ocrx_word' id='word_1_41' title='bbox 848 781 957 845; x_wconf 86' lang='lat' dir='ltr'>per</span> <span class='ocrx_word' id='word_1_42' title='bbox 1000 761 1483 826; x_wconf 78' lang='lat' dir='ltr'>dominationem</span> <span class='ocrx_word' id='word_1_43' title='bbox 1549 761 1629 824; x_wconf 89' lang='lat' dir='ltr'>ad</span> <span class='ocrx_word' id='word_1_44' title='bbox 1690 775 1984 842; x_wconf 85' lang='lat' dir='ltr'>expensas</span> <span class='ocrx_word' id='word_1_45' title='bbox 2045 758 2242 841; x_wconf 90' lang='lat' dir='ltr'>partis</span> <span class='ocrx_word' id='word_1_46' title='bbox 2303 756 2615 840; x_wconf 90' lang='lat' dir='ltr'>perdentis</span> <span class='ocrx_word' id='word_1_47' title='bbox 2675 756 2887 838; x_wconf 82' lang='lat' dir='ltr'>aliqua</span> <span class='ocrx_word' id='word_1_48' title='bbox 2951 754 3223 820; x_wconf 87' lang='lat' dir='ltr'>discreta</span> 
     </span>
     <span class='ocr_line' id='line_1_6' title="bbox 497 842 3221 931; baseline -0.003 -18"><span class='ocrx_word' id='word_1_49' title='bbox 497 867 782 931; x_wconf 85' lang='lat' dir='ltr'>persona,</span> <span class='ocrx_word' id='word_1_50' title='bbox 831 868 948 931; x_wconf 90' lang='lat' dir='ltr'>que</span> <span class='ocrx_word' id='word_1_51' title='bbox 995 849 1181 913; x_wconf 88' lang='lat' dir='ltr'>vadat</span> <span class='ocrx_word' id='word_1_52' title='bbox 1225 848 1547 914; x_wconf 87' lang='lat' dir='ltr'>Curzolam</span> <span class='ocrx_word' id='word_1_53' title='bbox 1597 847 1933 913; x_wconf 89' lang='lat' dir='ltr'>secundum</span> <span class='ocrx_word' id='word_1_54' title='bbox 1979 846 2156 911; x_wconf 92' lang='lat' dir='ltr'>illam</span> <span class='ocrx_word' id='word_1_55' title='bbox 2220 844 2635 910; x_wconf 91' lang='lat' dir='ltr'>conditionem</span> <span class='ocrx_word' id='word_1_56' title='bbox 2682 844 2746 908; x_wconf 92' lang='lat' dir='ltr'>et</span> <span class='ocrx_word' id='word_1_57' title='bbox 2786 842 3221 926; x_wconf 81' lang='lat' dir='ltr'>provisionem,</span> 
     </span>
     <span class='ocr_line' id='line_1_7' title="bbox 494 930 3216 1019; baseline -0.002 -19"><span class='ocrx_word' id='word_1_58' title='bbox 494 955 613 1019; x_wconf 89' lang='lat' dir='ltr'>que</span> <span class='ocrx_word' id='word_1_59' title='bbox 652 936 896 1002; x_wconf 84' lang='lat' dir='ltr'>videtur</span> <span class='ocrx_word' id='word_1_60' title='bbox 940 938 1003 1001; x_wconf 89' lang='lat' dir='ltr'>et</span> <span class='ocrx_word' id='word_1_61' title='bbox 1049 935 1352 1019; x_wconf 81' lang='lat' dir='ltr'>placuerit</span> <span class='ocrx_word' id='word_1_62' title='bbox 1395 935 1821 1012; x_wconf 83' lang='lat' dir='ltr'>dominationi,</span> <span class='ocrx_word' id='word_1_63' title='bbox 1865 954 2050 1017; x_wconf 89' lang='lat' dir='ltr'>quam</span> <span class='ocrx_word' id='word_1_64' title='bbox 2096 933 2505 1016; x_wconf 82' lang='lat' dir='ltr'>provisionem</span> <span class='ocrx_word' id='word_1_65' title='bbox 2543 931 2782 996; x_wconf 89' lang='lat' dir='ltr'>solvere</span> <span class='ocrx_word' id='word_1_66' title='bbox 2828 930 3055 995; x_wconf 88' lang='lat' dir='ltr'>debeat</span> <span class='ocrx_word' id='word_1_67' title='bbox 3086 931 3216 994; x_wconf 87' lang='lat' dir='ltr'>sta-</span> 
     </span>
     <span class='ocr_line' id='line_1_8' title="bbox 497 1018 3224 1106; baseline -0.002 -19"><span class='ocrx_word' id='word_1_68' title='bbox 497 1025 615 1087; x_wconf 87' lang='lat' dir='ltr'>tim</span> <span class='ocrx_word' id='word_1_69' title='bbox 664 1026 994 1106; x_wconf 87' lang='lat' dir='ltr'>antequam</span> <span class='ocrx_word' id='word_1_70' title='bbox 1041 1023 1293 1088; x_wconf 82' lang='lat' dir='ltr'>recedat</span> <span class='ocrx_word' id='word_1_71' title='bbox 1333 1023 1445 1087; x_wconf 91' lang='lat' dir='ltr'>illa</span> <span class='ocrx_word' id='word_1_72' title='bbox 1491 1024 1640 1089; x_wconf 89' lang='lat' dir='ltr'>talis</span> <span class='ocrx_word' id='word_1_73' title='bbox 1687 1041 1962 1106; x_wconf 89' lang='lat' dir='ltr'>persona,</span> <span class='ocrx_word' id='word_1_74' title='bbox 2026 1023 2281 1105; x_wconf 87' lang='lat' dir='ltr'>utraque</span> <span class='ocrx_word' id='word_1_75' title='bbox 2332 1039 2512 1105; x_wconf 89' lang='lat' dir='ltr'>pars,</span> <span class='ocrx_word' id='word_1_76' title='bbox 2566 1021 2629 1084; x_wconf 91' lang='lat' dir='ltr'>et</span> <span class='ocrx_word' id='word_1_77' title='bbox 2693 1018 2807 1082; x_wconf 89' lang='lat' dir='ltr'>illa</span> <span class='ocrx_word' id='word_1_78' title='bbox 2862 1037 3007 1101; x_wconf 88' lang='lat' dir='ltr'>pars</span> <span class='ocrx_word' id='word_1_79' title='bbox 3031 1065 3046 1095; x_wconf 90' lang='lat'>,</span> <span class='ocrx_word' id='word_1_80' title='bbox 3107 1037 3224 1100; x_wconf 91' lang='lat' dir='ltr'>que</span> 
     </span>
     <span class='ocr_line' id='line_1_9' title="bbox 503 1104 3224 1194; baseline -0.003 -19"><span class='ocrx_word' id='word_1_81' title='bbox 503 1112 913 1187; x_wconf 83' lang='lat' dir='ltr'>succubuerit,</span> <span class='ocrx_word' id='word_1_82' title='bbox 962 1112 1186 1176; x_wconf 88' lang='lat' dir='ltr'>debeat</span> <span class='ocrx_word' id='word_1_83' title='bbox 1230 1111 1505 1176; x_wconf 82' lang='lat' dir='ltr'>refficere</span> <span class='ocrx_word' id='word_1_84' title='bbox 1552 1113 1746 1176; x_wconf 88' lang='lat' dir='ltr'>dictas</span> <span class='ocrx_word' id='word_1_85' title='bbox 1794 1129 2089 1194; x_wconf 84' lang='lat' dir='ltr'>expensas</span> <span class='ocrx_word' id='word_1_86' title='bbox 2133 1108 2323 1191; x_wconf 89' lang='lat' dir='ltr'>parti,</span> <span class='ocrx_word' id='word_1_87' title='bbox 2385 1127 2502 1191; x_wconf 91' lang='lat' dir='ltr'>que</span> <span class='ocrx_word' id='word_1_88' title='bbox 2559 1106 2916 1172; x_wconf 89' lang='lat' dir='ltr'>obtinuerit.</span> <span class='ocrx_word' id='word_1_89' title='bbox 2985 1105 3068 1170; x_wconf 90' lang='lat' dir='ltr'>Et</span> <span class='ocrx_word' id='word_1_90' title='bbox 3110 1104 3224 1169; x_wconf 91' lang='lat' dir='ltr'>eli-</span> 
     </span>
     <span class='ocr_line' id='line_1_10' title="bbox 499 1194 3227 1285; baseline -0.002 -22"><span class='ocrx_word' id='word_1_91' title='bbox 499 1200 688 1281; x_wconf 88' lang='lat' dir='ltr'>gatur</span> <span class='ocrx_word' id='word_1_92' title='bbox 734 1199 951 1264; x_wconf 86' lang='lat' dir='ltr'>deinde</span> <span class='ocrx_word' id='word_1_93' title='bbox 998 1199 1117 1264; x_wconf 91' lang='lat' dir='ltr'>dno</span> <span class='ocrx_word' id='word_1_94' title='bbox 1165 1218 1273 1283; x_wconf 90' lang='lat' dir='ltr'>per</span> <span class='ocrx_word' id='word_1_95' title='bbox 1317 1202 1530 1283; x_wconf 88' lang='lat' dir='ltr'>partes</span> <span class='ocrx_word' id='word_1_96' title='bbox 1574 1198 1650 1263; x_wconf 91' lang='lat' dir='ltr'>de</span> <span class='ocrx_word' id='word_1_97' title='bbox 1698 1196 1825 1263; x_wconf 91' lang='lat' dir='ltr'>illis</span> <span class='ocrx_word' id='word_1_98' title='bbox 1871 1198 1946 1262; x_wconf 90' lang='lat' dir='ltr'>de</span> <span class='ocrx_word' id='word_1_99' title='bbox 1993 1196 2251 1263; x_wconf 85' lang='lat' dir='ltr'>Curzola</span> <span class='ocrx_word' id='word_1_100' title='bbox 2313 1195 2389 1259; x_wconf 92' lang='lat' dir='ltr'>de</span> <span class='ocrx_word' id='word_1_101' title='bbox 2452 1194 2846 1273; x_wconf 74' lang='lat' dir='ltr'>melioribuS,</span> <span class='ocrx_word' id='word_1_102' title='bbox 2910 1210 3063 1285; x_wconf 86' lang='lat' dir='ltr'>quos</span> <span class='ocrx_word' id='word_1_103' title='bbox 3108 1211 3227 1275; x_wconf 82' lang='lat' dir='ltr'>non</span> 
     </span>
     <span class='ocr_line' id='line_1_11' title="bbox 506 1279 3225 1370; baseline -0.003 -19"><span class='ocrx_word' id='word_1_104' title='bbox 506 1286 718 1370; x_wconf 90' lang='lat' dir='ltr'>tangit</span> <span class='ocrx_word' id='word_1_105' title='bbox 762 1288 1079 1370; x_wconf 82' lang='lat' dir='ltr'>negotium</span> <span class='ocrx_word' id='word_1_106' title='bbox 1127 1288 1224 1353; x_wconf 89' lang='lat' dir='ltr'>vel</span> <span class='ocrx_word' id='word_1_107' title='bbox 1270 1287 1500 1351; x_wconf 91' lang='lat' dir='ltr'>donum</span> <span class='ocrx_word' id='word_1_108' title='bbox 1548 1289 1659 1353; x_wconf 89' lang='lat' dir='ltr'>aut</span> <span class='ocrx_word' id='word_1_109' title='bbox 1702 1286 1949 1351; x_wconf 87' lang='lat' dir='ltr'>utilitas</span> <span class='ocrx_word' id='word_1_110' title='bbox 1976 1285 2283 1349; x_wconf 90' lang='lat' dir='ltr'>dictorum</span> <span class='ocrx_word' id='word_1_111' title='bbox 2317 1281 2710 1347; x_wconf 89' lang='lat' dir='ltr'>denariorum</span> <span class='ocrx_word' id='word_1_112' title='bbox 2753 1282 2856 1348; x_wconf 91' lang='lat' dir='ltr'>vel</span> <span class='ocrx_word' id='word_1_113' title='bbox 2879 1280 3074 1360; x_wconf 88' lang='lat' dir='ltr'>bladi,</span> <span class='ocrx_word' id='word_1_114' title='bbox 3119 1279 3225 1363; x_wconf 87' lang='lat' dir='ltr'>qui</span> 
     </span>
     <span class='ocr_line' id='line_1_12' title="bbox 511 1367 3226 1457; baseline -0.003 -18"><span class='ocrx_word' id='word_1_115' title='bbox 511 1381 777 1457; x_wconf 87' lang='lat' dir='ltr'>quatuor</span> <span class='ocrx_word' id='word_1_116' title='bbox 820 1374 999 1439; x_wconf 90' lang='lat' dir='ltr'>electi</span> <span class='ocrx_word' id='word_1_117' title='bbox 1046 1393 1181 1439; x_wconf 90' lang='lat' dir='ltr'>esse</span> <span class='ocrx_word' id='word_1_118' title='bbox 1227 1375 1493 1440; x_wconf 89' lang='lat' dir='ltr'>debeant</span> <span class='ocrx_word' id='word_1_119' title='bbox 1535 1394 1676 1440; x_wconf 91' lang='lat' dir='ltr'>cum</span> <span class='ocrx_word' id='word_1_120' title='bbox 1722 1374 1836 1439; x_wconf 89' lang='lat' dir='ltr'>illa</span> <span class='ocrx_word' id='word_1_121' title='bbox 1881 1389 2161 1456; x_wconf 88' lang='lat' dir='ltr'>persona,</span> <span class='ocrx_word' id='word_1_122' title='bbox 2212 1389 2401 1454; x_wconf 88' lang='lat' dir='ltr'>quam</span> <span class='ocrx_word' id='word_1_123' title='bbox 2448 1370 2664 1435; x_wconf 90' lang='lat' dir='ltr'>mittet</span> <span class='ocrx_word' id='word_1_124' title='bbox 2710 1368 3071 1448; x_wconf 89' lang='lat' dir='ltr'>dominatio,</span> <span class='ocrx_word' id='word_1_125' title='bbox 3121 1367 3226 1451; x_wconf 90' lang='lat' dir='ltr'>qui</span> 
     </span>
     <span class='ocr_line' id='line_1_13' title="bbox 506 1455 3228 1543; baseline -0.002 -17"><span class='ocrx_word' id='word_1_126' title='bbox 506 1480 722 1526; x_wconf 90' lang='lat' dir='ltr'>omnes</span> <span class='ocrx_word' id='word_1_127' title='bbox 770 1461 958 1526; x_wconf 87' lang='lat' dir='ltr'>simul</span> <span class='ocrx_word' id='word_1_128' title='bbox 1007 1462 1258 1527; x_wconf 90' lang='lat' dir='ltr'>videant</span> <span class='ocrx_word' id='word_1_129' title='bbox 1316 1463 1382 1529; x_wconf 91' lang='lat' dir='ltr'>et</span> <span class='ocrx_word' id='word_1_130' title='bbox 1441 1463 1792 1527; x_wconf 83' lang='lat' dir='ltr'>examinent</span> <span class='ocrx_word' id='word_1_131' title='bbox 1851 1463 2180 1543; x_wconf 83' lang='lat' dir='ltr'>quaternos</span> <span class='ocrx_word' id='word_1_132' title='bbox 2244 1460 2309 1523; x_wconf 91' lang='lat' dir='ltr'>et</span> <span class='ocrx_word' id='word_1_133' title='bbox 2368 1460 2747 1542; x_wconf 77' lang='lat' dir='ltr'>scripturaS,</span> <span class='ocrx_word' id='word_1_134' title='bbox 2812 1457 2878 1522; x_wconf 91' lang='lat' dir='ltr'>et</span> <span class='ocrx_word' id='word_1_135' title='bbox 2920 1455 3228 1538; x_wconf 88' lang='lat' dir='ltr'>accipiant</span> 
     </span>
     <span class='ocr_line' id='line_1_14' title="bbox 508 1543 3228 1632; baseline -0.002 -19"><span class='ocrx_word' id='word_1_136' title='bbox 508 1551 703 1614; x_wconf 91' lang='lat' dir='ltr'>testes</span> <span class='ocrx_word' id='word_1_137' title='bbox 748 1553 813 1613; x_wconf 89' lang='lat' dir='ltr'>et</span> <span class='ocrx_word' id='word_1_138' title='bbox 859 1551 1282 1632; x_wconf 85' lang='lat' dir='ltr'>probationem</span> <span class='ocrx_word' id='word_1_139' title='bbox 1330 1552 1394 1615; x_wconf 91' lang='lat' dir='ltr'>et</span> <span class='ocrx_word' id='word_1_140' title='bbox 1438 1551 1789 1615; x_wconf 87' lang='lat' dir='ltr'>claritatem</span> <span class='ocrx_word' id='word_1_141' title='bbox 1838 1567 2020 1631; x_wconf 90' lang='lat' dir='ltr'>quam</span> <span class='ocrx_word' id='word_1_142' title='bbox 2068 1547 2361 1630; x_wconf 87' lang='lat' dir='ltr'>poterunt</span> <span class='ocrx_word' id='word_1_143' title='bbox 2405 1547 2479 1611; x_wconf 90' lang='lat' dir='ltr'>de</span> <span class='ocrx_word' id='word_1_144' title='bbox 2526 1546 2708 1610; x_wconf 90' lang='lat' dir='ltr'>dictis</span> <span class='ocrx_word' id='word_1_145' title='bbox 2754 1543 3040 1621; x_wconf 77' lang='lat' dir='ltr'>denariiS,</span> <span class='ocrx_word' id='word_1_146' title='bbox 3088 1560 3228 1625; x_wconf 91' lang='lat' dir='ltr'>pos-</span> 
     </span>
     <span class='ocr_line' id='line_1_15' title="bbox 512 1633 3225 1721; baseline -0.002 -21"><span class='ocrx_word' id='word_1_147' title='bbox 512 1637 702 1701; x_wconf 88' lang='lat' dir='ltr'>sendo</span> <span class='ocrx_word' id='word_1_148' title='bbox 751 1657 972 1720; x_wconf 86' lang='lat' dir='ltr'>ponere</span> <span class='ocrx_word' id='word_1_149' title='bbox 1016 1656 1307 1721; x_wconf 89' lang='lat' dir='ltr'>personas</span> <span class='ocrx_word' id='word_1_150' title='bbox 1353 1640 1415 1703; x_wconf 87' lang='lat' dir='ltr'>et</span> <span class='ocrx_word' id='word_1_151' title='bbox 1461 1642 1670 1721; x_wconf 86' lang='lat' dir='ltr'>partes</span> <span class='ocrx_word' id='word_1_152' title='bbox 1714 1636 1789 1702; x_wconf 89' lang='lat' dir='ltr'>ad</span> <span class='ocrx_word' id='word_1_153' title='bbox 1838 1637 2296 1701; x_wconf 88' lang='lat' dir='ltr'>sacramentum</span> <span class='ocrx_word' id='word_1_154' title='bbox 2360 1635 2424 1697; x_wconf 88' lang='lat' dir='ltr'>et</span> <span class='ocrx_word' id='word_1_155' title='bbox 2482 1634 2560 1698; x_wconf 91' lang='lat' dir='ltr'>ad</span> <span class='ocrx_word' id='word_1_156' title='bbox 2612 1651 2836 1716; x_wconf 87' lang='lat' dir='ltr'>penam</span> <span class='ocrx_word' id='word_1_157' title='bbox 2900 1633 2964 1697; x_wconf 92' lang='lat' dir='ltr'>et</span> <span class='ocrx_word' id='word_1_158' title='bbox 3015 1648 3225 1714; x_wconf 82' lang='lat' dir='ltr'>penaS,</span> 
     </span>
     <span class='ocr_line' id='line_1_16' title="bbox 513 1720 3229 1810; baseline -0.002 -22"><span class='ocrx_word' id='word_1_159' title='bbox 513 1726 570 1788; x_wconf 88' lang='lat' dir='ltr'>si</span> <span class='ocrx_word' id='word_1_160' title='bbox 616 1743 767 1807; x_wconf 89' lang='lat' dir='ltr'>opus</span> <span class='ocrx_word' id='word_1_161' title='bbox 812 1725 1017 1801; x_wconf 84' lang='lat' dir='ltr'>fuerit,</span> <span class='ocrx_word' id='word_1_162' title='bbox 1068 1727 1134 1790; x_wconf 89' lang='lat' dir='ltr'>et</span> <span class='ocrx_word' id='word_1_163' title='bbox 1176 1726 1443 1810; x_wconf 86' lang='lat' dir='ltr'>accipiat</span> <span class='ocrx_word' id='word_1_164' title='bbox 1489 1727 1551 1790; x_wconf 94' lang='lat' dir='ltr'>in</span> <span class='ocrx_word' id='word_1_165' title='bbox 1593 1726 1838 1808; x_wconf 87' lang='lat' dir='ltr'>scriptis</span> <span class='ocrx_word' id='word_1_166' title='bbox 1885 1725 1950 1789; x_wconf 90' lang='lat' dir='ltr'>et</span> <span class='ocrx_word' id='word_1_167' title='bbox 1994 1725 2268 1806; x_wconf 87' lang='lat' dir='ltr'>reportet</span> <span class='ocrx_word' id='word_1_168' title='bbox 2316 1721 2757 1801; x_wconf 86' lang='lat' dir='ltr'>dominationi,</span> <span class='ocrx_word' id='word_1_169' title='bbox 2808 1721 2873 1785; x_wconf 90' lang='lat' dir='ltr'>et</span> <span class='ocrx_word' id='word_1_170' title='bbox 2926 1720 3088 1783; x_wconf 90' lang='lat' dir='ltr'>sicut</span> <span class='ocrx_word' id='word_1_171' title='bbox 3132 1738 3229 1783; x_wconf 90' lang='lat' dir='ltr'>re-</span> 
     </span>
     <span class='ocr_line' id='line_1_17' title="bbox 512 1808 3049 1895; baseline -0.003 -18"><span class='ocrx_word' id='word_1_172' title='bbox 512 1812 803 1895; x_wconf 88' lang='lat' dir='ltr'>perietur,</span> <span class='ocrx_word' id='word_1_173' title='bbox 853 1812 1193 1879; x_wconf 88' lang='lat' dir='ltr'>dominatio</span> <span class='ocrx_word' id='word_1_174' title='bbox 1234 1813 1420 1879; x_wconf 86' lang='lat' dir='ltr'>faciet</span> <span class='ocrx_word' id='word_1_175' title='bbox 1464 1816 1527 1877; x_wconf 87' lang='lat' dir='ltr'>et</span> <span class='ocrx_word' id='word_1_176' title='bbox 1573 1813 1901 1891; x_wconf 85' lang='lat' dir='ltr'>ordinabit,</span> <span class='ocrx_word' id='word_1_177' title='bbox 1950 1812 2114 1876; x_wconf 90' lang='lat' dir='ltr'>sicut</span> <span class='ocrx_word' id='word_1_178' title='bbox 2160 1811 2214 1874; x_wconf 91' lang='lat' dir='ltr'>ei</span> <span class='ocrx_word' id='word_1_179' title='bbox 2258 1808 2570 1875; x_wconf 89' lang='lat' dir='ltr'>videbitur</span> <span class='ocrx_word' id='word_1_180' title='bbox 2615 1828 2748 1874; x_wconf 91' lang='lat' dir='ltr'>esse</span> <span class='ocrx_word' id='word_1_181' title='bbox 2793 1808 3049 1874; x_wconf 86' lang='lat' dir='ltr'>iustum.</span> 
     </span>
    </p>

    <p class='ocr_par' dir='ltr' id='par_1_3' title="bbox 497 1893 3227 3214">
     <span class='ocr_line' id='line_1_18' title="bbox 720 1893 3224 1985; baseline -0.003 -20"><span class='ocrx_word' id='word_1_182' title='bbox 720 1899 947 1982; x_wconf 86' lang='lat' dir='ltr'>Capta:</span> <span class='ocrx_word' id='word_1_183' title='bbox 996 1919 1179 1983; x_wconf 87' lang='lat' dir='ltr'>super</span> <span class='ocrx_word' id='word_1_184' title='bbox 1222 1919 1379 1967; x_wconf 90' lang='lat' dir='ltr'>nono</span> <span class='ocrx_word' id='word_1_185' title='bbox 1426 1902 1715 1983; x_wconf 90' lang='lat' dir='ltr'>capitulo,</span> <span class='ocrx_word' id='word_1_186' title='bbox 1777 1920 1886 1985; x_wconf 89' lang='lat' dir='ltr'>per</span> <span class='ocrx_word' id='word_1_187' title='bbox 1931 1898 2090 1982; x_wconf 92' lang='lat' dir='ltr'>quod</span> <span class='ocrx_word' id='word_1_188' title='bbox 2152 1900 2374 1980; x_wconf 90' lang='lat' dir='ltr'>petunt</span> <span class='ocrx_word' id='word_1_189' title='bbox 2431 1896 2527 1961; x_wconf 93' lang='lat' dir='ltr'>illi</span> <span class='ocrx_word' id='word_1_190' title='bbox 2588 1896 2665 1960; x_wconf 91' lang='lat' dir='ltr'>de</span> <span class='ocrx_word' id='word_1_191' title='bbox 2727 1895 2983 1962; x_wconf 84' lang='lat' dir='ltr'>Curzola</span> <span class='ocrx_word' id='word_1_192' title='bbox 3025 1893 3224 1958; x_wconf 90' lang='lat' dir='ltr'>libras</span> 
     </span>
     <span class='ocr_line' id='line_1_19' title="bbox 504 1983 3224 2072; baseline -0.002 -22"><span class='ocrx_word' id='word_1_193' title='bbox 504 1986 822 2066; x_wconf 77' lang='lat' dir='ltr'>ducentae,</span> <span class='ocrx_word' id='word_1_194' title='bbox 873 2005 1025 2070; x_wconf 88' lang='lat' dir='ltr'>quas</span> <span class='ocrx_word' id='word_1_195' title='bbox 1071 1989 1313 2072; x_wconf 90' lang='lat' dir='ltr'>accepit</span> <span class='ocrx_word' id='word_1_196' title='bbox 1358 1989 1447 2053; x_wconf 89' lang='lat' dir='ltr'>eis</span> <span class='ocrx_word' id='word_1_197' title='bbox 1495 2008 1701 2053; x_wconf 88' lang='lat' dir='ltr'>comes</span> <span class='ocrx_word' id='word_1_198' title='bbox 1727 1987 1992 2071; x_wconf 84' lang='lat' dir='ltr'>singulis</span> <span class='ocrx_word' id='word_1_199' title='bbox 2040 1985 2218 2050; x_wconf 91' lang='lat' dir='ltr'>annis</span> <span class='ocrx_word' id='word_1_200' title='bbox 2264 1987 2406 2067; x_wconf 91' lang='lat' dir='ltr'>post</span> <span class='ocrx_word' id='word_1_201' title='bbox 2429 1986 2805 2050; x_wconf 89' lang='lat' dir='ltr'>sententiam</span> <span class='ocrx_word' id='word_1_202' title='bbox 2835 1983 3224 2047; x_wconf 90' lang='lat' dir='ltr'>dominorum</span> 
     </span>
     <span class='ocr_line' id='line_1_20' title="bbox 504 2072 3227 2159; baseline -0.001 -22"><span class='ocrx_word' id='word_1_203' title='bbox 504 2077 995 2157; x_wconf 88' lang='lat' dir='ltr'>procuratorum,</span> <span class='ocrx_word' id='word_1_204' title='bbox 1043 2095 1151 2157; x_wconf 91' lang='lat' dir='ltr'>per</span> <span class='ocrx_word' id='word_1_205' title='bbox 1188 2095 1370 2159; x_wconf 90' lang='lat' dir='ltr'>quam</span> <span class='ocrx_word' id='word_1_206' title='bbox 1417 2095 1532 2141; x_wconf 92' lang='lat' dir='ltr'>non</span> <span class='ocrx_word' id='word_1_207' title='bbox 1580 2076 1847 2141; x_wconf 90' lang='lat' dir='ltr'>debebat</span> <span class='ocrx_word' id='word_1_208' title='bbox 1907 2093 2113 2140; x_wconf 89' lang='lat' dir='ltr'>comes</span> <span class='ocrx_word' id='word_1_209' title='bbox 2177 2072 2485 2155; x_wconf 86' lang='lat' dir='ltr'>pasculari</span> <span class='ocrx_word' id='word_1_210' title='bbox 2546 2072 2746 2138; x_wconf 87' lang='lat' dir='ltr'>facere</span> <span class='ocrx_word' id='word_1_211' title='bbox 2772 2122 2788 2150; x_wconf 97' lang='lat'>,</span> <span class='ocrx_word' id='word_1_212' title='bbox 2836 2088 3052 2149; x_wconf 88' lang='lat' dir='ltr'>arare,</span> <span class='ocrx_word' id='word_1_213' title='bbox 3116 2087 3227 2134; x_wconf 90' lang='lat' dir='ltr'>nec</span> 
     </span>
     <span class='ocr_line' id='line_1_21' title="bbox 500 2157 3226 2248; baseline -0.001 -23"><span class='ocrx_word' id='word_1_214' title='bbox 500 2161 704 2226; x_wconf 89' lang='lat' dir='ltr'>facere</span> <span class='ocrx_word' id='word_1_215' title='bbox 748 2165 1196 2241; x_wconf 81' lang='lat' dir='ltr'>mercationes3</span> <span class='ocrx_word' id='word_1_216' title='bbox 1246 2166 1310 2228; x_wconf 91' lang='lat' dir='ltr'>et</span> <span class='ocrx_word' id='word_1_217' title='bbox 1353 2184 1462 2247; x_wconf 92' lang='lat' dir='ltr'>per</span> <span class='ocrx_word' id='word_1_218' title='bbox 1500 2167 1616 2229; x_wconf 90' lang='lat' dir='ltr'>hoc</span> <span class='ocrx_word' id='word_1_219' title='bbox 1661 2183 1770 2248; x_wconf 89' lang='lat' dir='ltr'>per</span> <span class='ocrx_word' id='word_1_220' title='bbox 1832 2163 2066 2227; x_wconf 89' lang='lat' dir='ltr'>dictam</span> <span class='ocrx_word' id='word_1_221' title='bbox 2130 2160 2506 2225; x_wconf 91' lang='lat' dir='ltr'>sententiam</span> <span class='ocrx_word' id='word_1_222' title='bbox 2553 2159 2698 2225; x_wconf 90' lang='lat' dir='ltr'>date</span> <span class='ocrx_word' id='word_1_223' title='bbox 2760 2160 3013 2224; x_wconf 89' lang='lat' dir='ltr'>fuerunt</span> <span class='ocrx_word' id='word_1_224' title='bbox 3059 2157 3226 2222; x_wconf 89' lang='lat' dir='ltr'>dicto</span> 
     </span>
     <span class='ocr_line' id='line_1_22' title="bbox 508 2247 3223 2325; baseline -0.003 -11"><span class='ocrx_word' id='word_1_225' title='bbox 508 2249 732 2315; x_wconf 89' lang='lat' dir='ltr'>comiti</span> <span class='ocrx_word' id='word_1_226' title='bbox 780 2251 844 2314; x_wconf 90' lang='lat' dir='ltr'>et</span> <span class='ocrx_word' id='word_1_227' title='bbox 888 2251 1065 2314; x_wconf 90' lang='lat' dir='ltr'>aucte</span> <span class='ocrx_word' id='word_1_228' title='bbox 1113 2251 1279 2316; x_wconf 85' lang='lat' dir='ltr'>ultra</span> <span class='ocrx_word' id='word_1_229' title='bbox 1324 2271 1503 2316; x_wconf 91' lang='lat' dir='ltr'>suum</span> <span class='ocrx_word' id='word_1_230' title='bbox 1563 2253 1857 2317; x_wconf 89' lang='lat' dir='ltr'>salarium</span> <span class='ocrx_word' id='word_1_231' title='bbox 1917 2251 2082 2314; x_wconf 85' lang='lat' dir='ltr'>dicte</span> <span class='ocrx_word' id='word_1_232' title='bbox 2143 2248 2300 2313; x_wconf 90' lang='lat' dir='ltr'>libre</span> <span class='ocrx_word' id='word_1_233' title='bbox 2362 2248 2660 2325; x_wconf 89' lang='lat' dir='ltr'>ducente,</span> <span class='ocrx_word' id='word_1_234' title='bbox 2722 2249 2786 2311; x_wconf 91' lang='lat' dir='ltr'>et</span> <span class='ocrx_word' id='word_1_235' title='bbox 2846 2247 3058 2310; x_wconf 86' lang='lat' dir='ltr'>tamen</span> <span class='ocrx_word' id='word_1_236' title='bbox 3104 2262 3223 2309; x_wconf 92' lang='lat' dir='ltr'>non</span> 
     </span>
     <span class='ocr_line' id='line_1_23' title="bbox 499 2333 3220 2422; baseline -0.002 -21"><span class='ocrx_word' id='word_1_237' title='bbox 499 2338 793 2420; x_wconf 87' lang='lat' dir='ltr'>cessabat</span> <span class='ocrx_word' id='word_1_238' title='bbox 837 2356 874 2400; x_wconf 90' lang='lat' dir='ltr'>a</span> <span class='ocrx_word' id='word_1_239' title='bbox 917 2338 1232 2419; x_wconf 80' lang='lat' dir='ltr'>predictiS,</span> <span class='ocrx_word' id='word_1_240' title='bbox 1302 2340 1462 2422; x_wconf 89' lang='lat' dir='ltr'>quod</span> <span class='ocrx_word' id='word_1_241' title='bbox 1525 2341 1661 2404; x_wconf 86' lang='lat' dir='ltr'>erat</span> <span class='ocrx_word' id='word_1_242' title='bbox 1720 2342 1935 2405; x_wconf 91' lang='lat' dir='ltr'>contra</span> <span class='ocrx_word' id='word_1_243' title='bbox 1994 2338 2227 2402; x_wconf 90' lang='lat' dir='ltr'>dictam</span> <span class='ocrx_word' id='word_1_244' title='bbox 2288 2334 2682 2400; x_wconf 88' lang='lat' dir='ltr'>sententiam.</span> <span class='ocrx_word' id='word_1_245' title='bbox 2760 2335 2841 2399; x_wconf 86' lang='lat' dir='ltr'>Et</span> <span class='ocrx_word' id='word_1_246' title='bbox 2875 2352 3060 2415; x_wconf 92' lang='lat' dir='ltr'>super</span> <span class='ocrx_word' id='word_1_247' title='bbox 3105 2333 3220 2396; x_wconf 90' lang='lat' dir='ltr'>hoc</span> 
     </span>
     <span class='ocr_line' id='line_1_24' title="bbox 498 2420 3224 2507; baseline -0.002 -19"><span class='ocrx_word' id='word_1_248' title='bbox 498 2423 719 2488; x_wconf 86' lang='lat' dir='ltr'>audita</span> <span class='ocrx_word' id='word_1_249' title='bbox 765 2428 1156 2507; x_wconf 87' lang='lat' dir='ltr'>responsione</span> <span class='ocrx_word' id='word_1_250' title='bbox 1203 2427 1471 2505; x_wconf 78' lang='lat' dir='ltr'>comitiS,</span> <span class='ocrx_word' id='word_1_251' title='bbox 1522 2431 1586 2492; x_wconf 91' lang='lat' dir='ltr'>et</span> <span class='ocrx_word' id='word_1_252' title='bbox 1628 2427 1760 2491; x_wconf 88' lang='lat' dir='ltr'>visa</span> <span class='ocrx_word' id='word_1_253' title='bbox 1809 2428 2008 2490; x_wconf 87' lang='lat' dir='ltr'>forma</span> <span class='ocrx_word' id='word_1_254' title='bbox 2055 2422 2521 2506; x_wconf 87' lang='lat' dir='ltr'>compositionis</span> <span class='ocrx_word' id='word_1_255' title='bbox 2570 2426 2633 2487; x_wconf 91' lang='lat' dir='ltr'>et</span> <span class='ocrx_word' id='word_1_256' title='bbox 2679 2422 2996 2487; x_wconf 91' lang='lat' dir='ltr'>concordie</span> <span class='ocrx_word' id='word_1_257' title='bbox 3059 2420 3224 2485; x_wconf 85' lang='lat' dir='ltr'>facte</span> 
     </span>
     <span class='ocr_line' id='line_1_25' title="bbox 497 2508 3226 2595; baseline -0.001 -20"><span class='ocrx_word' id='word_1_258' title='bbox 497 2511 663 2577; x_wconf 91' lang='lat' dir='ltr'>inter</span> <span class='ocrx_word' id='word_1_259' title='bbox 710 2515 916 2595; x_wconf 89' lang='lat' dir='ltr'>partes</span> <span class='ocrx_word' id='word_1_260' title='bbox 964 2532 1104 2578; x_wconf 92' lang='lat' dir='ltr'>cum</span> <span class='ocrx_word' id='word_1_261' title='bbox 1152 2514 1352 2579; x_wconf 88' lang='lat' dir='ltr'>ducali</span> <span class='ocrx_word' id='word_1_262' title='bbox 1400 2515 1849 2593; x_wconf 87' lang='lat' dir='ltr'>dominatione,</span> <span class='ocrx_word' id='word_1_263' title='bbox 1898 2532 2014 2595; x_wconf 89' lang='lat' dir='ltr'>que</span> <span class='ocrx_word' id='word_1_264' title='bbox 2074 2512 2242 2587; x_wconf 91' lang='lat' dir='ltr'>vult,</span> <span class='ocrx_word' id='word_1_265' title='bbox 2292 2511 2449 2593; x_wconf 89' lang='lat' dir='ltr'>quod</span> <span class='ocrx_word' id='word_1_266' title='bbox 2505 2529 2714 2576; x_wconf 88' lang='lat' dir='ltr'>omnes</span> <span class='ocrx_word' id='word_1_267' title='bbox 2760 2509 3090 2592; x_wconf 86' lang='lat' dir='ltr'>petitiones</span> <span class='ocrx_word' id='word_1_268' title='bbox 3137 2508 3226 2571; x_wconf 89' lang='lat' dir='ltr'>ci-</span> 
     </span>
     <span class='ocr_line' id='line_1_26' title="bbox 502 2595 3215 2684; baseline -0.002 -19"><span class='ocrx_word' id='word_1_269' title='bbox 502 2599 677 2676; x_wconf 89' lang='lat' dir='ltr'>viles,</span> <span class='ocrx_word' id='word_1_270' title='bbox 727 2617 880 2684; x_wconf 87' lang='lat' dir='ltr'>quas</span> <span class='ocrx_word' id='word_1_271' title='bbox 927 2619 1253 2668; x_wconf 90' lang='lat' dir='ltr'>commune</span> <span class='ocrx_word' id='word_1_272' title='bbox 1300 2606 1363 2668; x_wconf 91' lang='lat' dir='ltr'>et</span> <span class='ocrx_word' id='word_1_273' title='bbox 1398 2603 1679 2669; x_wconf 89' lang='lat' dir='ltr'>homines</span> <span class='ocrx_word' id='word_1_274' title='bbox 1724 2600 1980 2670; x_wconf 87' lang='lat' dir='ltr'>Curzole</span> <span class='ocrx_word' id='word_1_275' title='bbox 2025 2598 2261 2664; x_wconf 88' lang='lat' dir='ltr'>faciunt</span> <span class='ocrx_word' id='word_1_276' title='bbox 2307 2597 2519 2664; x_wconf 92' lang='lat' dir='ltr'>comiti</span> <span class='ocrx_word' id='word_1_277' title='bbox 2567 2597 2664 2663; x_wconf 92' lang='lat' dir='ltr'>vel</span> <span class='ocrx_word' id='word_1_278' title='bbox 2713 2598 2914 2663; x_wconf 88' lang='lat' dir='ltr'>facere</span> <span class='ocrx_word' id='word_1_279' title='bbox 2962 2595 3215 2680; x_wconf 85' lang='lat' dir='ltr'>possent</span> 
     </span>
     <span class='ocr_line' id='line_1_27' title="bbox 502 2683 3223 2771; baseline -0.002 -19"><span class='ocrx_word' id='word_1_280' title='bbox 502 2707 698 2771; x_wconf 86' lang='lat' dir='ltr'>usque</span> <span class='ocrx_word' id='word_1_281' title='bbox 745 2690 820 2753; x_wconf 89' lang='lat' dir='ltr'>ad</span> <span class='ocrx_word' id='word_1_282' title='bbox 865 2688 1032 2754; x_wconf 89' lang='lat' dir='ltr'>diem</span> <span class='ocrx_word' id='word_1_283' title='bbox 1081 2693 1421 2771; x_wconf 89' lang='lat' dir='ltr'>concordie,</span> <span class='ocrx_word' id='word_1_284' title='bbox 1471 2691 1877 2757; x_wconf 81' lang='lat' dir='ltr'>remittantur</span> <span class='ocrx_word' id='word_1_285' title='bbox 1923 2708 1994 2754; x_wconf 88' lang='lat' dir='ltr'>ex</span> <span class='ocrx_word' id='word_1_286' title='bbox 2043 2689 2172 2753; x_wconf 91' lang='lat' dir='ltr'>toto</span> <span class='ocrx_word' id='word_1_287' title='bbox 2219 2687 2388 2752; x_wconf 89' lang='lat' dir='ltr'>salvo</span> <span class='ocrx_word' id='word_1_288' title='bbox 2451 2686 2527 2750; x_wconf 89' lang='lat' dir='ltr'>de</span> <span class='ocrx_word' id='word_1_289' title='bbox 2573 2685 2829 2769; x_wconf 88' lang='lat' dir='ltr'>pecunia</span> <span class='ocrx_word' id='word_1_290' title='bbox 2875 2683 3223 2749; x_wconf 90' lang='lat' dir='ltr'>communis</span> 
     </span>
     <span class='ocr_line' id='line_1_28' title="bbox 500 2772 3224 2862; baseline -0.002 -21"><span class='ocrx_word' id='word_1_291' title='bbox 500 2775 755 2842; x_wconf 87' lang='lat' dir='ltr'>Curzole</span> <span class='ocrx_word' id='word_1_292' title='bbox 803 2778 867 2841; x_wconf 90' lang='lat' dir='ltr'>et</span> <span class='ocrx_word' id='word_1_293' title='bbox 913 2777 1273 2860; x_wconf 88' lang='lat' dir='ltr'>specialium</span> <span class='ocrx_word' id='word_1_294' title='bbox 1323 2797 1740 2862; x_wconf 87' lang='lat' dir='ltr'>personarum,</span> <span class='ocrx_word' id='word_1_295' title='bbox 1789 2796 1977 2860; x_wconf 89' lang='lat' dir='ltr'>quam</span> <span class='ocrx_word' id='word_1_296' title='bbox 2022 2776 2354 2854; x_wconf 87' lang='lat' dir='ltr'>constaret,</span> <span class='ocrx_word' id='word_1_297' title='bbox 2412 2773 2705 2839; x_wconf 86' lang='lat' dir='ltr'>comitem</span> <span class='ocrx_word' id='word_1_298' title='bbox 2756 2772 2855 2839; x_wconf 92' lang='lat' dir='ltr'>vel</span> <span class='ocrx_word' id='word_1_299' title='bbox 2900 2772 3062 2837; x_wconf 90' lang='lat' dir='ltr'>filios</span> <span class='ocrx_word' id='word_1_300' title='bbox 3110 2772 3224 2835; x_wconf 91' lang='lat' dir='ltr'>ba-</span> 
     </span>
     <span class='ocr_line' id='line_1_29' title="bbox 499 2859 3224 2947; baseline -0.002 -20"><span class='ocrx_word' id='word_1_301' title='bbox 499 2863 731 2941; x_wconf 88' lang='lat' dir='ltr'>buisse,</span> <span class='ocrx_word' id='word_1_302' title='bbox 779 2865 854 2928; x_wconf 92' lang='lat' dir='ltr'>de</span> <span class='ocrx_word' id='word_1_303' title='bbox 902 2884 1023 2947; x_wconf 90' lang='lat' dir='ltr'>qua</span> <span class='ocrx_word' id='word_1_304' title='bbox 1068 2867 1332 2931; x_wconf 90' lang='lat' dir='ltr'>debeant</span> <span class='ocrx_word' id='word_1_305' title='bbox 1375 2867 1628 2932; x_wconf 88' lang='lat' dir='ltr'>reddere</span> <span class='ocrx_word' id='word_1_306' title='bbox 1667 2866 2009 2940; x_wconf 86' lang='lat' dir='ltr'>rationem;</span> <span class='ocrx_word' id='word_1_307' title='bbox 2059 2865 2122 2928; x_wconf 89' lang='lat' dir='ltr'>et</span> <span class='ocrx_word' id='word_1_308' title='bbox 2166 2863 2400 2939; x_wconf 88' lang='lat' dir='ltr'>habito,</span> <span class='ocrx_word' id='word_1_309' title='bbox 2450 2861 2614 2945; x_wconf 87' lang='lat' dir='ltr'>quod</span> <span class='ocrx_word' id='word_1_310' title='bbox 2657 2861 2823 2926; x_wconf 88' lang='lat' dir='ltr'>dicta</span> <span class='ocrx_word' id='word_1_311' title='bbox 2867 2860 3091 2945; x_wconf 89' lang='lat' dir='ltr'>petitio</span> <span class='ocrx_word' id='word_1_312' title='bbox 3136 2859 3224 2923; x_wconf 91' lang='lat' dir='ltr'>sit</span> 
     </span>
     <span class='ocr_line' id='line_1_30' title="bbox 500 2949 3226 3038; baseline -0.001 -24"><span class='ocrx_word' id='word_1_313' title='bbox 500 2951 577 3017; x_wconf 91' lang='lat' dir='ltr'>de</span> <span class='ocrx_word' id='word_1_314' title='bbox 620 2951 992 3032; x_wconf 88' lang='lat' dir='ltr'>huiusmodi,</span> <span class='ocrx_word' id='word_1_315' title='bbox 1042 2953 1118 3018; x_wconf 89' lang='lat' dir='ltr'>de</span> <span class='ocrx_word' id='word_1_316' title='bbox 1164 2954 1394 3037; x_wconf 88' lang='lat' dir='ltr'>quibus</span> <span class='ocrx_word' id='word_1_317' title='bbox 1440 2955 1711 3038; x_wconf 88' lang='lat' dir='ltr'>lequitur</span> <span class='ocrx_word' id='word_1_318' title='bbox 1754 2971 1900 3037; x_wconf 88' lang='lat' dir='ltr'>pars</span> <span class='ocrx_word' id='word_1_319' title='bbox 1948 2953 2013 3017; x_wconf 90' lang='lat' dir='ltr'>et</span> <span class='ocrx_word' id='word_1_320' title='bbox 2057 2950 2424 3034; x_wconf 79' lang='lat' dir='ltr'>compositio</span> <span class='ocrx_word' id='word_1_321' title='bbox 2493 2951 2691 3030; x_wconf 89' lang='lat' dir='ltr'>facta,</span> <span class='ocrx_word' id='word_1_322' title='bbox 2757 2949 3085 3015; x_wconf 91' lang='lat' dir='ltr'>consulunt</span> <span class='ocrx_word' id='word_1_323' title='bbox 3125 2966 3226 3012; x_wconf 90' lang='lat' dir='ltr'>sa-</span> 
     </span>
     <span class='ocr_line' id='line_1_31' title="bbox 501 3037 3221 3124; baseline -0.001 -22"><span class='ocrx_word' id='word_1_324' title='bbox 501 3038 760 3120; x_wconf 89' lang='lat' dir='ltr'>pientes,</span> <span class='ocrx_word' id='word_1_325' title='bbox 811 3040 973 3122; x_wconf 86' lang='lat' dir='ltr'>quod</span> <span class='ocrx_word' id='word_1_326' title='bbox 1019 3059 1224 3106; x_wconf 91' lang='lat' dir='ltr'>comes</span> <span class='ocrx_word' id='word_1_327' title='bbox 1269 3061 1306 3106; x_wconf 91' lang='lat' dir='ltr'>a</span> <span class='ocrx_word' id='word_1_328' title='bbox 1351 3042 1518 3108; x_wconf 86' lang='lat' dir='ltr'>dicta</span> <span class='ocrx_word' id='word_1_329' title='bbox 1564 3042 1861 3124; x_wconf 90' lang='lat' dir='ltr'>petitione</span> <span class='ocrx_word' id='word_1_330' title='bbox 1909 3038 2285 3118; x_wconf 87' lang='lat' dir='ltr'>absolvatur,</span> <span class='ocrx_word' id='word_1_331' title='bbox 2336 3038 2500 3103; x_wconf 89' lang='lat' dir='ltr'>sicut</span> <span class='ocrx_word' id='word_1_332' title='bbox 2543 3037 2779 3103; x_wconf 90' lang='lat' dir='ltr'>habent</span> <span class='ocrx_word' id='word_1_333' title='bbox 2823 3056 2934 3122; x_wconf 90' lang='lat' dir='ltr'>per</span> <span class='ocrx_word' id='word_1_334' title='bbox 2978 3038 3221 3120; x_wconf 91' lang='lat' dir='ltr'>partem</span> 
     </span>
     <span class='ocr_line' id='line_1_32' title="bbox 500 3128 1897 3214; baseline 0.004 -24"><span class='ocrx_word' id='word_1_335' title='bbox 500 3128 748 3209; x_wconf 86' lang='lat' dir='ltr'>captam</span> <span class='ocrx_word' id='word_1_336' title='bbox 790 3128 852 3191; x_wconf 93' lang='lat' dir='ltr'>in</span> <span class='ocrx_word' id='word_1_337' title='bbox 900 3129 1169 3210; x_wconf 89' lang='lat' dir='ltr'>presenti</span> <span class='ocrx_word' id='word_1_338' title='bbox 1216 3130 1473 3194; x_wconf 91' lang='lat' dir='ltr'>consilio</span> <span class='ocrx_word' id='word_1_339' title='bbox 1518 3132 1897 3214; x_wconf 86' lang='lat' dir='ltr'>rogatorum.</span> 
     </span>
    </p>

    <p class='ocr_par' dir='ltr' id='par_1_4' title="bbox 505 3212 3226 3390">
     <span class='ocr_line' id='line_1_33' title="bbox 715 3212 3226 3301; baseline -0.001 -22"><span class='ocrx_word' id='word_1_340' title='bbox 715 3213 912 3297; x_wconf 87' lang='lat' dir='ltr'>Super</span> <span class='ocrx_word' id='word_1_341' title='bbox 958 3216 1144 3281; x_wconf 90' lang='lat' dir='ltr'>certis</span> <span class='ocrx_word' id='word_1_342' title='bbox 1192 3217 1334 3282; x_wconf 89' lang='lat' dir='ltr'>aliis</span> <span class='ocrx_word' id='word_1_343' title='bbox 1380 3218 1785 3301; x_wconf 89' lang='lat' dir='ltr'>petitionibus</span> <span class='ocrx_word' id='word_1_344' title='bbox 1832 3235 1993 3295; x_wconf 84' lang='lat' dir='ltr'>vere,</span> <span class='ocrx_word' id='word_1_345' title='bbox 2044 3233 2197 3297; x_wconf 89' lang='lat' dir='ltr'>quas</span> <span class='ocrx_word' id='word_1_346' title='bbox 2246 3214 2400 3279; x_wconf 86' lang='lat' dir='ltr'>facit</span> <span class='ocrx_word' id='word_1_347' title='bbox 2446 3215 2510 3279; x_wconf 93' lang='lat' dir='ltr'>et</span> <span class='ocrx_word' id='word_1_348' title='bbox 2561 3214 2765 3280; x_wconf 87' lang='lat' dir='ltr'>facere</span> <span class='ocrx_word' id='word_1_349' title='bbox 2796 3212 2997 3279; x_wconf 88' lang='lat' dir='ltr'>voluit</span> <span class='ocrx_word' id='word_1_350' title='bbox 3022 3230 3226 3277; x_wconf 90' lang='lat' dir='ltr'>comes</span> 
     </span>
     <span class='ocr_line' id='line_1_34' title="bbox 505 3301 1756 3390; baseline 0.004 -26"><span class='ocrx_word' id='word_1_351' title='bbox 505 3302 722 3365; x_wconf 89' lang='lat' dir='ltr'>contra</span> <span class='ocrx_word' id='word_1_352' title='bbox 767 3301 909 3366; x_wconf 87' lang='lat' dir='ltr'>illos</span> <span class='ocrx_word' id='word_1_353' title='bbox 954 3303 1027 3366; x_wconf 93' lang='lat' dir='ltr'>de</span> <span class='ocrx_word' id='word_1_354' title='bbox 1075 3302 1369 3380; x_wconf 89' lang='lat' dir='ltr'>Curzola;</span> <span class='ocrx_word' id='word_1_355' title='bbox 1418 3307 1482 3370; x_wconf 87' lang='lat' dir='ltr'>et</span> <span class='ocrx_word' id='word_1_356' title='bbox 1528 3307 1756 3390; x_wconf 90' lang='lat' dir='ltr'>primo:</span> 
     </span>
    </p>

    <p class='ocr_par' dir='ltr' id='par_1_5' title="bbox 498 3386 3308 3913">
     <span class='ocr_line' id='line_1_35' title="bbox 717 3386 3224 3476; baseline -0.001 -23"><span class='ocrx_word' id='word_1_357' title='bbox 717 3388 950 3472; x_wconf 88' lang='lat' dir='ltr'>Capta:</span> <span class='ocrx_word' id='word_1_358' title='bbox 998 3409 1182 3473; x_wconf 91' lang='lat' dir='ltr'>super</span> <span class='ocrx_word' id='word_1_359' title='bbox 1226 3393 1428 3475; x_wconf 91' lang='lat' dir='ltr'>primo</span> <span class='ocrx_word' id='word_1_360' title='bbox 1473 3393 1763 3476; x_wconf 89' lang='lat' dir='ltr'>capitulo,</span> <span class='ocrx_word' id='word_1_361' title='bbox 1814 3410 1922 3474; x_wconf 91' lang='lat' dir='ltr'>per</span> <span class='ocrx_word' id='word_1_362' title='bbox 1963 3391 2124 3473; x_wconf 89' lang='lat' dir='ltr'>quod</span> <span class='ocrx_word' id='word_1_363' title='bbox 2168 3390 2329 3475; x_wconf 92' lang='lat' dir='ltr'>petit</span> <span class='ocrx_word' id='word_1_364' title='bbox 2393 3407 2597 3455; x_wconf 89' lang='lat' dir='ltr'>comes</span> <span class='ocrx_word' id='word_1_365' title='bbox 2665 3389 2791 3454; x_wconf 91' lang='lat' dir='ltr'>illis</span> <span class='ocrx_word' id='word_1_366' title='bbox 2837 3389 2912 3453; x_wconf 88' lang='lat' dir='ltr'>de</span> <span class='ocrx_word' id='word_1_367' title='bbox 2959 3386 3224 3453; x_wconf 84' lang='lat' dir='ltr'>Curzola</span> 
     </span>
     <span class='ocr_line' id='line_1_36' title="bbox 503 3474 3223 3564; baseline -0 -25"><span class='ocrx_word' id='word_1_368' title='bbox 503 3476 701 3541; x_wconf 89' lang='lat' dir='ltr'>libras</span> <span class='ocrx_word' id='word_1_369' title='bbox 748 3479 1173 3561; x_wconf 88' lang='lat' dir='ltr'>septingentas</span> <span class='ocrx_word' id='word_1_370' title='bbox 1220 3481 1295 3545; x_wconf 89' lang='lat' dir='ltr'>ad</span> <span class='ocrx_word' id='word_1_371' title='bbox 1339 3499 1584 3564; x_wconf 84' lang='lat' dir='ltr'>grossos</span> <span class='ocrx_word' id='word_1_372' title='bbox 1624 3500 1729 3564; x_wconf 90' lang='lat' dir='ltr'>pro</span> <span class='ocrx_word' id='word_1_373' title='bbox 1774 3497 1885 3545; x_wconf 90' lang='lat' dir='ltr'>suo</span> <span class='ocrx_word' id='word_1_374' title='bbox 1933 3478 2185 3544; x_wconf 87' lang='lat' dir='ltr'>sallario</span> <span class='ocrx_word' id='word_1_375' title='bbox 2230 3479 2410 3544; x_wconf 88' lang='lat' dir='ltr'>unius</span> <span class='ocrx_word' id='word_1_376' title='bbox 2465 3476 2612 3542; x_wconf 89' lang='lat' dir='ltr'>anni</span> <span class='ocrx_word' id='word_1_377' title='bbox 2665 3476 2860 3560; x_wconf 90' lang='lat' dir='ltr'>elapsi</span> <span class='ocrx_word' id='word_1_378' title='bbox 2907 3493 3099 3559; x_wconf 88' lang='lat' dir='ltr'>usque</span> <span class='ocrx_word' id='word_1_379' title='bbox 3144 3474 3223 3539; x_wconf 90' lang='lat' dir='ltr'>ad</span> 
     </span>
     <span class='ocr_line' id='line_1_37' title="bbox 510 3564 3216 3652; baseline 0 -24"><span class='ocrx_word' id='word_1_380' title='bbox 510 3564 806 3629; x_wconf 86' lang='lat' dir='ltr'>kalendas</span> <span class='ocrx_word' id='word_1_381' title='bbox 853 3567 1004 3630; x_wconf 90' lang='lat' dir='ltr'>maii</span> <span class='ocrx_word' id='word_1_382' title='bbox 1051 3586 1245 3650; x_wconf 91' lang='lat' dir='ltr'>nuper</span> <span class='ocrx_word' id='word_1_383' title='bbox 1290 3569 1586 3650; x_wconf 91' lang='lat' dir='ltr'>preteriti,</span> <span class='ocrx_word' id='word_1_384' title='bbox 1628 3587 1778 3651; x_wconf 90' lang='lat' dir='ltr'>quos</span> <span class='ocrx_word' id='word_1_385' title='bbox 1810 3566 2095 3632; x_wconf 88' lang='lat' dir='ltr'>denarios</span> <span class='ocrx_word' id='word_1_386' title='bbox 2137 3565 2258 3630; x_wconf 91' lang='lat' dir='ltr'>sibi</span> <span class='ocrx_word' id='word_1_387' title='bbox 2303 3566 2452 3630; x_wconf 86' lang='lat' dir='ltr'>dare</span> <span class='ocrx_word' id='word_1_388' title='bbox 2498 3568 2562 3629; x_wconf 91' lang='lat' dir='ltr'>et</span> <span class='ocrx_word' id='word_1_389' title='bbox 2605 3565 2845 3652; x_wconf 78' lang='lat' dir='ltr'>solvere</span> <span class='ocrx_word' id='word_1_390' title='bbox 2892 3565 3216 3639; x_wconf 80' lang='lat' dir='ltr'>recusant3</span> 
     </span>
     <span class='ocr_line' id='line_1_38' title="bbox 504 3650 3232 3739; baseline 0 -23"><span class='ocrx_word' id='word_1_391' title='bbox 504 3654 568 3717; x_wconf 89' lang='lat' dir='ltr'>et</span> <span class='ocrx_word' id='word_1_392' title='bbox 614 3651 735 3735; x_wconf 89' lang='lat' dir='ltr'>ipsi</span> <span class='ocrx_word' id='word_1_393' title='bbox 782 3652 857 3717; x_wconf 91' lang='lat' dir='ltr'>de</span> <span class='ocrx_word' id='word_1_394' title='bbox 900 3652 1156 3720; x_wconf 87' lang='lat' dir='ltr'>Curzola</span> <span class='ocrx_word' id='word_1_395' title='bbox 1200 3656 1427 3733; x_wconf 89' lang='lat' dir='ltr'>dicant,</span> <span class='ocrx_word' id='word_1_396' title='bbox 1490 3656 1652 3739; x_wconf 87' lang='lat' dir='ltr'>quod</span> <span class='ocrx_word' id='word_1_397' title='bbox 1707 3674 1828 3721; x_wconf 90' lang='lat' dir='ltr'>non</span> <span class='ocrx_word' id='word_1_398' title='bbox 1887 3654 2176 3720; x_wconf 87' lang='lat' dir='ltr'>tenentur</span> <span class='ocrx_word' id='word_1_399' title='bbox 2228 3653 2349 3718; x_wconf 87' lang='lat' dir='ltr'>sibi</span> <span class='ocrx_word' id='word_1_400' title='bbox 2411 3654 2554 3717; x_wconf 89' lang='lat' dir='ltr'>dare</span> <span class='ocrx_word' id='word_1_401' title='bbox 2599 3653 2837 3718; x_wconf 90' lang='lat' dir='ltr'>dictum</span> <span class='ocrx_word' id='word_1_402' title='bbox 2898 3650 3232 3718; x_wconf 88' lang='lat' dir='ltr'>sallarium&#39;</span> 
     </span>
     <span class='ocr_line' id='line_1_39' title="bbox 501 3739 3225 3823; baseline 0 -18"><span class='ocrx_word' id='word_1_403' title='bbox 501 3758 592 3819; x_wconf 85' lang='lat' dir='ltr'>ec,</span> <span class='ocrx_word' id='word_1_404' title='bbox 643 3740 788 3823; x_wconf 89' lang='lat' dir='ltr'>quia</span> <span class='ocrx_word' id='word_1_405' title='bbox 831 3759 1037 3807; x_wconf 88' lang='lat' dir='ltr'>comes</span> <span class='ocrx_word' id='word_1_406' title='bbox 1083 3760 1204 3807; x_wconf 93' lang='lat' dir='ltr'>non</span> <span class='ocrx_word' id='word_1_407' title='bbox 1250 3743 1455 3808; x_wconf 89' lang='lat' dir='ltr'>tenuit</span> <span class='ocrx_word' id='word_1_408' title='bbox 1504 3762 1607 3809; x_wconf 90' lang='lat' dir='ltr'>eos</span> <span class='ocrx_word' id='word_1_409' title='bbox 1654 3745 1714 3808; x_wconf 92' lang='lat' dir='ltr'>in</span> <span class='ocrx_word' id='word_1_410' title='bbox 1761 3745 2000 3808; x_wconf 88' lang='lat' dir='ltr'>ratione</span> <span class='ocrx_word' id='word_1_411' title='bbox 2047 3744 2111 3807; x_wconf 90' lang='lat' dir='ltr'>et</span> <span class='ocrx_word' id='word_1_412' title='bbox 2154 3741 2398 3807; x_wconf 89' lang='lat' dir='ltr'>iustitia</span> <span class='ocrx_word' id='word_1_413' title='bbox 2443 3742 2605 3806; x_wconf 89' lang='lat' dir='ltr'>sicut</span> <span class='ocrx_word' id='word_1_414' title='bbox 2648 3739 2891 3818; x_wconf 90' lang='lat' dir='ltr'>debeat,</span> <span class='ocrx_word' id='word_1_415' title='bbox 2951 3758 3063 3804; x_wconf 92' lang='lat' dir='ltr'>nec</span> <span class='ocrx_word' id='word_1_416' title='bbox 3107 3740 3225 3805; x_wconf 90' lang='lat' dir='ltr'>Pe-</span> 
     </span>
     <span class='ocr_line' id='line_1_40' title="bbox 498 3827 3308 3913; baseline 0.002 -22"><span class='ocrx_word' id='word_1_417' title='bbox 498 3828 632 3892; x_wconf 90' lang='lat' dir='ltr'>trus</span> <span class='ocrx_word' id='word_1_418' title='bbox 679 3829 809 3893; x_wconf 90' lang='lat' dir='ltr'>eius</span> <span class='ocrx_word' id='word_1_419' title='bbox 860 3828 1044 3908; x_wconf 87' lang='lat' dir='ltr'>filius,</span> <span class='ocrx_word' id='word_1_420' title='bbox 1093 3829 1199 3913; x_wconf 88' lang='lat' dir='ltr'>qui</span> <span class='ocrx_word' id='word_1_421' title='bbox 1245 3831 1382 3894; x_wconf 89' lang='lat' dir='ltr'>erat</span> <span class='ocrx_word' id='word_1_422' title='bbox 1427 3850 1534 3913; x_wconf 92' lang='lat' dir='ltr'>pro</span> <span class='ocrx_word' id='word_1_423' title='bbox 1580 3832 1826 3912; x_wconf 89' lang='lat' dir='ltr'>comite,</span> <span class='ocrx_word' id='word_1_424' title='bbox 1876 3849 2172 3913; x_wconf 88' lang='lat' dir='ltr'>umquam</span> <span class='ocrx_word' id='word_1_425' title='bbox 2219 3829 2469 3896; x_wconf 88' lang='lat' dir='ltr'>volebat</span> <span class='ocrx_word' id='word_1_426' title='bbox 2512 3827 2725 3894; x_wconf 89' lang='lat' dir='ltr'>sedere</span> <span class='ocrx_word' id='word_1_427' title='bbox 2771 3829 2850 3894; x_wconf 90' lang='lat' dir='ltr'>ad</span> <span class='ocrx_word' id='word_1_428' title='bbox 2882 3828 3215 3904; x_wconf 89' lang='lat' dir='ltr'>banchum,</span> <span class='ocrx_word' id='word_1_429' title='bbox 3299 3891 3308 3896; x_wconf 70' lang='lat'>,</span> 
     </span>
    </p>
   </div>
   <div class='ocr_carea' id='block_1_3' title="bbox 390 3913 3224 4000">
    <p class='ocr_par' dir='ltr' id='par_1_6' title="bbox 390 3913 3224 4000">
     <span class='ocr_line' id='line_1_41' title="bbox 390 3913 3224 4000; baseline -0.002 -16"><span class='ocrx_word' id='word_1_430' title='bbox 390 3977 401 3984; x_wconf 82' lang='lat'>‚</span> <span class='ocrx_word' id='word_1_431' title='bbox 499 3933 612 3979; x_wconf 91' lang='lat' dir='ltr'>nec</span> <span class='ocrx_word' id='word_1_432' title='bbox 648 3916 744 3980; x_wconf 89' lang='lat' dir='ltr'>ius</span> <span class='ocrx_word' id='word_1_433' title='bbox 790 3917 856 3980; x_wconf 90' lang='lat' dir='ltr'>et</span> <span class='ocrx_word' id='word_1_434' title='bbox 899 3916 1206 3984; x_wconf 87' lang='lat' dir='ltr'>iustitiam</span> <span class='ocrx_word' id='word_1_435' title='bbox 1252 3919 1499 3997; x_wconf 82' lang='lat' dir='ltr'>tenere3</span> <span class='ocrx_word' id='word_1_436' title='bbox 1544 3919 1679 3986; x_wconf 88' lang='lat' dir='ltr'>ideo</span> <span class='ocrx_word' id='word_1_437' title='bbox 1724 3918 1958 4000; x_wconf 90' lang='lat' dir='ltr'>dicunt,</span> <span class='ocrx_word' id='word_1_438' title='bbox 2006 3919 2167 4000; x_wconf 90' lang='lat' dir='ltr'>quod</span> <span class='ocrx_word' id='word_1_439' title='bbox 2212 3917 2292 3981; x_wconf 90' lang='lat' dir='ltr'>ad</span> <span class='ocrx_word' id='word_1_440' title='bbox 2353 3916 2723 3982; x_wconf 89' lang='lat' dir='ltr'>solutionem</span> <span class='ocrx_word' id='word_1_441' title='bbox 2773 3916 2928 3981; x_wconf 90' lang='lat' dir='ltr'>dicti</span> <span class='ocrx_word' id='word_1_442' title='bbox 2986 3913 3224 3980; x_wconf 89' lang='lat' dir='ltr'>sallarii</span> 
     </span>
    </p>
   </div>
   <div class='ocr_carea' id='block_1_4' title="bbox 498 4002 3226 4611">
    <p class='ocr_par' dir='ltr' id='par_1_7' title="bbox 498 4002 3226 4611">
     <span class='ocr_line' id='line_1_42' title="bbox 501 4002 3216 4090; baseline -0 -24"><span class='ocrx_word' id='word_1_443' title='bbox 501 4021 621 4067; x_wconf 91' lang='lat' dir='ltr'>non</span> <span class='ocrx_word' id='word_1_444' title='bbox 667 4003 995 4075; x_wconf 75' lang='lat' dir='ltr'>tenenturz</span> <span class='ocrx_word' id='word_1_445' title='bbox 1043 4007 1108 4070; x_wconf 88' lang='lat' dir='ltr'>et</span> <span class='ocrx_word' id='word_1_446' title='bbox 1152 4023 1359 4071; x_wconf 92' lang='lat' dir='ltr'>comes</span> <span class='ocrx_word' id='word_1_447' title='bbox 1403 4007 1591 4089; x_wconf 87' lang='lat' dir='ltr'>dicat,</span> <span class='ocrx_word' id='word_1_448' title='bbox 1638 4007 1800 4090; x_wconf 87' lang='lat' dir='ltr'>quod</span> <span class='ocrx_word' id='word_1_449' title='bbox 1847 4024 2091 4088; x_wconf 89' lang='lat' dir='ltr'>semper</span> <span class='ocrx_word' id='word_1_450' title='bbox 2135 4006 2358 4071; x_wconf 89' lang='lat' dir='ltr'>Petrus</span> <span class='ocrx_word' id='word_1_451' title='bbox 2423 4004 2556 4069; x_wconf 89' lang='lat' dir='ltr'>eius</span> <span class='ocrx_word' id='word_1_452' title='bbox 2602 4003 2767 4069; x_wconf 89' lang='lat' dir='ltr'>filius</span> <span class='ocrx_word' id='word_1_453' title='bbox 2814 4002 2935 4069; x_wconf 87' lang='lat' dir='ltr'>fuit</span> <span class='ocrx_word' id='word_1_454' title='bbox 2978 4002 3102 4081; x_wconf 90' lang='lat' dir='ltr'>ibi,</span> <span class='ocrx_word' id='word_1_455' title='bbox 3152 4002 3216 4066; x_wconf 92' lang='lat' dir='ltr'>et</span> 
     </span>
     <span class='ocr_line' id='line_1_43' title="bbox 499 4090 3219 4174; baseline -0 -20"><span class='ocrx_word' id='word_1_456' title='bbox 499 4109 745 4174; x_wconf 90' lang='lat' dir='ltr'>semper</span> <span class='ocrx_word' id='word_1_457' title='bbox 790 4091 983 4156; x_wconf 87' lang='lat' dir='ltr'>voluit</span> <span class='ocrx_word' id='word_1_458' title='bbox 1029 4111 1170 4157; x_wconf 90' lang='lat' dir='ltr'>cum</span> <span class='ocrx_word' id='word_1_459' title='bbox 1218 4093 1522 4160; x_wconf 88' lang='lat' dir='ltr'>iudicibus</span> <span class='ocrx_word' id='word_1_460' title='bbox 1569 4099 1730 4160; x_wconf 86' lang='lat' dir='ltr'>terre</span> <span class='ocrx_word' id='word_1_461' title='bbox 1776 4095 1978 4159; x_wconf 88' lang='lat' dir='ltr'>facere</span> <span class='ocrx_word' id='word_1_462' title='bbox 2022 4095 2087 4158; x_wconf 91' lang='lat' dir='ltr'>et</span> <span class='ocrx_word' id='word_1_463' title='bbox 2130 4095 2337 4159; x_wconf 76' lang='lat' dir='ltr'>tenere</span> <span class='ocrx_word' id='word_1_464' title='bbox 2396 4092 2486 4157; x_wconf 91' lang='lat' dir='ltr'>eis</span> <span class='ocrx_word' id='word_1_465' title='bbox 2549 4092 2853 4157; x_wconf 89' lang='lat' dir='ltr'>rationem</span> <span class='ocrx_word' id='word_1_466' title='bbox 2879 4140 2895 4171; x_wconf 97' lang='lat'>,</span> <span class='ocrx_word' id='word_1_467' title='bbox 2942 4091 3051 4156; x_wconf 91' lang='lat' dir='ltr'>sed</span> <span class='ocrx_word' id='word_1_468' title='bbox 3097 4090 3219 4173; x_wconf 90' lang='lat' dir='ltr'>ipsi</span> 
     </span>
     <span class='ocr_line' id='line_1_44' title="bbox 504 4177 3215 4264; baseline 0 -23"><span class='ocrx_word' id='word_1_469' title='bbox 504 4177 855 4261; x_wconf 85' lang='lat' dir='ltr'>acceperint</span> <span class='ocrx_word' id='word_1_470' title='bbox 895 4179 953 4244; x_wconf 92' lang='lat' dir='ltr'>ei</span> <span class='ocrx_word' id='word_1_471' title='bbox 996 4180 1273 4264; x_wconf 86' lang='lat' dir='ltr'>regimen</span> <span class='ocrx_word' id='word_1_472' title='bbox 1312 4182 1388 4248; x_wconf 89' lang='lat' dir='ltr'>de</span> <span class='ocrx_word' id='word_1_473' title='bbox 1434 4183 1743 4255; x_wconf 80' lang='lat' dir='ltr'>manibus.</span> <span class='ocrx_word' id='word_1_474' title='bbox 1792 4184 1856 4247; x_wconf 91' lang='lat' dir='ltr'>et</span> <span class='ocrx_word' id='word_1_475' title='bbox 1897 4181 2146 4247; x_wconf 86' lang='lat' dir='ltr'>fuerunt</span> <span class='ocrx_word' id='word_1_476' title='bbox 2182 4179 2643 4254; x_wconf 87' lang='lat' dir='ltr'>inobedientes;</span> <span class='ocrx_word' id='word_1_477' title='bbox 2694 4181 2758 4245; x_wconf 89' lang='lat' dir='ltr'>et</span> <span class='ocrx_word' id='word_1_478' title='bbox 2801 4179 2939 4245; x_wconf 90' lang='lat' dir='ltr'>ideo</span> <span class='ocrx_word' id='word_1_479' title='bbox 2983 4177 3215 4244; x_wconf 87' lang='lat' dir='ltr'>auditis</span> 
     </span>
     <span class='ocr_line' id='line_1_45' title="bbox 498 4264 3226 4354; baseline 0.001 -26"><span class='ocrx_word' id='word_1_480' title='bbox 498 4264 950 4350; x_wconf 85' lang='lat' dir='ltr'>alegationibus</span> <span class='ocrx_word' id='word_1_481' title='bbox 994 4268 1287 4351; x_wconf 86' lang='lat' dir='ltr'>partium,</span> <span class='ocrx_word' id='word_1_482' title='bbox 1336 4269 1549 4337; x_wconf 89' lang='lat' dir='ltr'>dicunt</span> <span class='ocrx_word' id='word_1_483' title='bbox 1593 4270 1923 4354; x_wconf 90' lang='lat' dir='ltr'>sapientes,</span> <span class='ocrx_word' id='word_1_484' title='bbox 1967 4269 2110 4352; x_wconf 89' lang='lat' dir='ltr'>quia</span> <span class='ocrx_word' id='word_1_485' title='bbox 2138 4267 2375 4351; x_wconf 88' lang='lat' dir='ltr'>positus</span> <span class='ocrx_word' id='word_1_486' title='bbox 2421 4268 2519 4333; x_wconf 91' lang='lat' dir='ltr'>est</span> <span class='ocrx_word' id='word_1_487' title='bbox 2562 4266 2702 4333; x_wconf 88' lang='lat' dir='ltr'>finis</span> <span class='ocrx_word' id='word_1_488' title='bbox 2726 4266 2914 4333; x_wconf 87' lang='lat' dir='ltr'>dictis</span> <span class='ocrx_word' id='word_1_489' title='bbox 2959 4264 3226 4350; x_wconf 89' lang='lat' dir='ltr'>querelis</span> 
     </span>
     <span class='ocr_line' id='line_1_46' title="bbox 500 4352 3223 4440; baseline 0 -24"><span class='ocrx_word' id='word_1_490' title='bbox 500 4357 562 4416; x_wconf 92' lang='lat' dir='ltr'>et</span> <span class='ocrx_word' id='word_1_491' title='bbox 604 4354 985 4419; x_wconf 88' lang='lat' dir='ltr'>novitatibus</span> <span class='ocrx_word' id='word_1_492' title='bbox 1028 4374 1136 4438; x_wconf 91' lang='lat' dir='ltr'>per</span> <span class='ocrx_word' id='word_1_493' title='bbox 1181 4358 1692 4440; x_wconf 88' lang='lat' dir='ltr'>compositionem</span> <span class='ocrx_word' id='word_1_494' title='bbox 1739 4358 1995 4436; x_wconf 89' lang='lat' dir='ltr'>factam,</span> <span class='ocrx_word' id='word_1_495' title='bbox 2043 4356 2295 4436; x_wconf 84' lang='lat' dir='ltr'>habent,</span> <span class='ocrx_word' id='word_1_496' title='bbox 2344 4354 2506 4439; x_wconf 87' lang='lat' dir='ltr'>quod</span> <span class='ocrx_word' id='word_1_497' title='bbox 2535 4367 2741 4422; x_wconf 87' lang='lat' dir='ltr'>comes</span> <span class='ocrx_word' id='word_1_498' title='bbox 2782 4354 2969 4421; x_wconf 89' lang='lat' dir='ltr'>debet</span> <span class='ocrx_word' id='word_1_499' title='bbox 2996 4352 3223 4418; x_wconf 90' lang='lat' dir='ltr'>habere</span> 
     </span>
     <span class='ocr_line' id='line_1_47' title="bbox 499 4439 3222 4526; baseline -0 -22"><span class='ocrx_word' id='word_1_500' title='bbox 499 4460 679 4505; x_wconf 88' lang='lat' dir='ltr'>suum</span> <span class='ocrx_word' id='word_1_501' title='bbox 726 4441 1048 4508; x_wconf 87' lang='lat' dir='ltr'>sallarium</span> <span class='ocrx_word' id='word_1_502' title='bbox 1095 4443 1171 4508; x_wconf 92' lang='lat' dir='ltr'>de</span> <span class='ocrx_word' id='word_1_503' title='bbox 1217 4444 1383 4511; x_wconf 86' lang='lat' dir='ltr'>dicto</span> <span class='ocrx_word' id='word_1_504' title='bbox 1428 4464 1623 4523; x_wconf 79' lang='lat' dir='ltr'>anno3</span> <span class='ocrx_word' id='word_1_505' title='bbox 1672 4450 1736 4510; x_wconf 90' lang='lat' dir='ltr'>et</span> <span class='ocrx_word' id='word_1_506' title='bbox 1780 4445 1918 4511; x_wconf 90' lang='lat' dir='ltr'>ideo</span> <span class='ocrx_word' id='word_1_507' title='bbox 1963 4444 2297 4510; x_wconf 88' lang='lat' dir='ltr'>consulunt</span> <span class='ocrx_word' id='word_1_508' title='bbox 2340 4443 2672 4526; x_wconf 87' lang='lat' dir='ltr'>sapientes,</span> <span class='ocrx_word' id='word_1_509' title='bbox 2720 4443 2879 4526; x_wconf 91' lang='lat' dir='ltr'>quod</span> <span class='ocrx_word' id='word_1_510' title='bbox 2925 4459 3035 4524; x_wconf 89' lang='lat' dir='ltr'>per</span> <span class='ocrx_word' id='word_1_511' title='bbox 3078 4439 3222 4504; x_wconf 90' lang='lat' dir='ltr'>illos</span> 
     </span>
     <span class='ocr_line' id='line_1_48' title="bbox 499 4526 3220 4611; baseline 0.001 -21"><span class='ocrx_word' id='word_1_512' title='bbox 499 4531 571 4592; x_wconf 84' lang='lat' dir='ltr'>de</span> <span class='ocrx_word' id='word_1_513' title='bbox 602 4528 880 4594; x_wconf 85' lang='lat' dir='ltr'>-Curzola</span> <span class='ocrx_word' id='word_1_514' title='bbox 927 4530 1201 4596; x_wconf 89' lang='lat' dir='ltr'>solvatur</span> <span class='ocrx_word' id='word_1_515' title='bbox 1247 4531 1365 4596; x_wconf 88' lang='lat' dir='ltr'>sibi</span> <span class='ocrx_word' id='word_1_516' title='bbox 1413 4553 1596 4599; x_wconf 89' lang='lat' dir='ltr'>suum</span> <span class='ocrx_word' id='word_1_517' title='bbox 1641 4531 1966 4599; x_wconf 89' lang='lat' dir='ltr'>sallarium</span> <span class='ocrx_word' id='word_1_518' title='bbox 2011 4532 2088 4598; x_wconf 89' lang='lat' dir='ltr'>ad</span> <span class='ocrx_word' id='word_1_519' title='bbox 2151 4532 2294 4597; x_wconf 89' lang='lat' dir='ltr'>illas</span> <span class='ocrx_word' id='word_1_520' title='bbox 2359 4533 2642 4597; x_wconf 87' lang='lat' dir='ltr'>monetas</span> <span class='ocrx_word' id='word_1_521' title='bbox 2703 4534 2766 4595; x_wconf 90' lang='lat' dir='ltr'>et</span> <span class='ocrx_word' id='word_1_522' title='bbox 2826 4529 2905 4594; x_wconf 90' lang='lat' dir='ltr'>ad</span> <span class='ocrx_word' id='word_1_523' title='bbox 2951 4526 3220 4611; x_wconf 88' lang='lat' dir='ltr'>pretium</span> 
     </span>
    </p>
   </div>
   <div class='ocr_carea' id='block_1_5' title="bbox 500 4617 3225 4769">
    <p class='ocr_par' dir='ltr' id='par_1_8' title="bbox 500 4617 3225 4769">
     <span class='ocr_line' id='line_1_49' title="bbox 500 4617 3225 4768; baseline 0 -88"><span class='ocrx_word' id='word_1_524' title='bbox 500 4619 911 4768; x_wconf 38' lang='lat' dir='ltr'>&amp;metarum</span> <span class='ocrx_word' id='word_1_525' title='bbox 963 4637 1080 4701; x_wconf 89' lang='lat' dir='ltr'>que</span> <span class='ocrx_word' id='word_1_526' title='bbox 1125 4620 1420 4686; x_wconf 88' lang='lat' dir='ltr'>curebant</span> <span class='ocrx_word' id='word_1_527' title='bbox 1456 4621 1623 4688; x_wconf 88' lang='lat' dir='ltr'>dicto</span> <span class='ocrx_word' id='word_1_528' title='bbox 1671 4623 1969 4704; x_wconf 87' lang='lat' dir='ltr'>tempore,</span> <span class='ocrx_word' id='word_1_529' title='bbox 2017 4638 2136 4703; x_wconf 90' lang='lat' dir='ltr'>quo</span> <span class='ocrx_word' id='word_1_530' title='bbox 2181 4638 2389 4686; x_wconf 90' lang='lat' dir='ltr'>comes</span> <span class='ocrx_word' id='word_1_531' title='bbox 2438 4619 2704 4687; x_wconf 89' lang='lat' dir='ltr'>debebat</span> <span class='ocrx_word' id='word_1_532' title='bbox 2765 4617 2993 4683; x_wconf 89' lang='lat' dir='ltr'>habere</span> <span class='ocrx_word' id='word_1_533' title='bbox 3040 4634 3225 4682; x_wconf 87' lang='lat' dir='ltr'>suum</span> 
     </span>
     <span class='ocr_line' id='line_1_50' title="bbox 658 4723 3056 4769; baseline -0.01 0"><span class='ocrx_word' id='word_1_534' title='bbox 658 4723 711 4768; x_wconf 90' lang='lat' dir='ltr'>r1</span> <span class='ocrx_word' id='word_1_535' title='bbox 760 4724 841 4769; x_wconf 90' lang='lat' dir='ltr'>m.</span> <span class='ocrx_word' id='word_1_536' title='bbox 2803 4743 2813 4748; x_wconf 82' lang='grc'>-</span> <span class='ocrx_word' id='word_1_537' title='bbox 3047 4743 3056 4746; x_wconf 79' lang='grc'><strong>,</strong></span> 
     </span>
    </p>
   </div>
  </div>
 </body>
</html>
