3620 5282
542 330 673 395 240

546 506 806 569 minium
876 503 1294 586 provideretur
1340 504 1414 568 de
1483 522 1551 566 eo
1621 504 1682 566 in
1731 502 1931 567 dando
1980 505 2043 567 et
2102 502 2474 584 assignando
2545 502 2667 566 sibi
2731 501 2792 565 in
2842 500 2994 566 locis
3038 498 3264 565 nostris

544 592 812 658 Candide
854 592 951 655 vel
992 590 1396 674 Nigropontis
1462 593 1700 655 tantum
1751 591 1826 654 de
1877 590 2207 655 territoriis
2256 592 2508 665 nostriS,
2558 592 2716 673 quod
2769 594 2978 672 posset
3022 587 3265 653 honori-

542 681 654 744 fice
697 682 910 744 ducere
959 679 1151 742 vitam
1200 698 1393 742 suam.
1444 679 1524 742 Et
1573 678 1987 742 necessarium
2023 680 2109 743 sit
2148 680 2289 742 dare
2319 678 2407 742 eis
2455 678 2921 759 responsionem
2970 679 3045 741 ad
3076 678 3264 740 istam

542 768 802 850 partem,
852 787 967 851 que
1014 767 1096 830 sit
1158 768 1493 831 secundum
1561 766 1853 831 honorem
1920 768 2112 831 nostri
2178 767 2460 842 dominii;
2529 767 2704 830 vadit
2751 786 2916 848 pars,
2966 764 3126 847 quod
3171 783 3266 827 re-

547 855 925 938 spondeatur
973 854 1080 932 eiS,
1110 856 1262 937 quod
1313 854 1428 936 ipsi
1478 854 1641 918 clare
1675 858 1739 917 et
1788 854 2111 918 manifeste
2160 872 2528 936 cognoscere
2577 855 2914 935 potuerunt
2957 855 3264 916 sinceram

543 943 1026 1025 dispositionem,
1076 961 1261 1026 quam
1304 942 1645 1006 dominatio
1696 945 1904 1005 nostra
1951 943 2137 1007 habet
2160 944 2237 1006 ad
2279 941 2678 1024 magnificum
2729 940 3047 1005 dominum
3082 957 3266 1004 suum

549 1036 613 1095 et
659 1031 1189 1095 conservationem
1239 1030 1332 1093 sui
1381 1032 1598 1107 statue,
1652 1032 1712 1093 et
1761 1032 2084 1112 propterea
2130 1031 2450 1094 hortamur
2493 1029 2696 1111 ipsum
2733 1030 3071 1104 dominum,
3107 1027 3269 1110 quod

552 1138 661 1218 pro
706 1118 932 1182 honore
1005 1117 1451 1200 magnitudinis
1514 1137 1622 1182 sue
1686 1119 1840 1182 bono
1908 1118 2101 1181 totius
2171 1117 2653 1181 christianitatis
2696 1120 2759 1180 et
2806 1117 3269 1180 conservatione

545 1207 893 1270 animarum
942 1206 1059 1269 sibi
1109 1206 1526 1269 subiectarum
1577 1205 1835 1287 vigilare
1882 1208 1946 1269 et
1991 1205 2305 1270 attendere
2353 1204 2576 1269 debeat
2621 1208 2752 1269 toto
2800 1207 2982 1268 corde
3031 1204 3108 1267 ad
3156 1221 3266 1266 cu-

544 1295 826 1371 stodiam,
856 1293 1270 1358 defensionem
1299 1297 1362 1357 et
1385 1285 1911 1359 conservationem
1946 1293 2063 1357 loci
2100 1293 2374 1374 predicti,
2410 1294 2556 1374 quia
2605 1291 2784 1358 valde
2835 1291 3273 1374 gratissimum

552 1383 723 1446 nobis
785 1383 923 1456 er,it
979 1382 1139 1463 quod
1204 1385 1560 1462 permaneat
1621 1382 1733 1445 sub
1781 1380 2052 1444 dominio
2102 1382 2164 1443 et
2224 1382 2665 1461 gubernatione
2727 1399 2857 1458 sua,
2902 1381 2965 1443 et
3010 1382 3083 1443 ad
3130 1379 3268 1455 hoc,

545 1472 705 1534 sicut
751 1471 907 1534 alias
954 1469 1241 1546 diximus,
1273 1488 1380 1533 nos
1427 1469 1741 1532 offerimus
1792 1472 1947 1532 bono
1996 1468 2193 1533 corde.
2248 1469 2477 1532 Verum
2525 1468 2577 1531 si
2622 1486 2799 1533 casus
2849 1468 3050 1542 daret,
3100 1466 3266 1548 quod

545 1558 819 1621 dolenter
866 1558 1238 1631 audiremus
1303 1559 1459 1640 quod
1506 1574 1851 1638 ‘oppressus
1900 1576 1935 1620 a
1977 1554 2237 1620 Turchis
2298 1557 2607 1637 oporteret
2672 1556 3020 1639 relinquere
3061 1554 3268 1618 locum

546 1649 610 1710 et
653 1645 797 1709 dare
845 1646 1049 1726 ipsum
1098 1644 1299 1723 alteri,
1347 1647 1495 1709 tunc
1539 1645 1894 1726 assignante
1946 1643 2364 1725 magnitudine
2413 1663 2522 1707 sua
2574 1648 2803 1708 terram
2837 1645 2902 1708 et
2947 1641 3271 1707 fortilicias

546 1734 838 1797 Durachii
890 1733 951 1796 in
1001 1735 1287 1796 manibus
1350 1739 1411 1796 et
1470 1734 1747 1796 custodia
1813 1733 2116 1813 capitanei
2180 1732 2370 1796 nostri
2438 1732 2684 1816 culphy,
2729 1751 2911 1814 quem
2955 1730 3268 1811 requirere

547 1821 779 1902 poterit
841 1821 1232 1896 confidenter,
1301 1840 1409 1884 nos
1473 1821 1934 1901 providebimus
1982 1822 2054 1883 de
2104 1819 2233 1883 vita
2303 1819 2749 1902 magnitudinis
2796 1840 2903 1884 sue
2945 1821 3007 1883 in
3054 1819 3270 1900 aliqua

544 1915 850 1973 terrarum
899 1908 996 1972 vel
1045 1908 1316 1972 locorum
1363 1911 1709 1972 nostrornm
1761 1909 1990 1984 taliter,
2040 1910 2200 1989 quod
2243 1907 2498 1971 habebit
2555 1907 2774 1971 merito
2824 1904 3267 1983 commendari,

548 1997 624 2061 ad
671 2016 853 2078 quem
904 1996 999 2060 vel
1047 2015 1232 2076 quam
1282 1995 1369 2060 ire
1434 1996 1663 2077 poterit
1722 2015 1866 2060 cum
1931 1995 2110 2059 rebus
2159 1996 2223 2059 et
2271 1995 2446 2059 bonis
2494 1996 2623 2058 suis
2672 1995 2865 2059 libere
2912 1997 2976 2058 et
3021 2012 3257 2068 secure,

547 2090 609 2148 et
669 2085 754 2147 ibi
812 2087 977 2149 stare
1022 2087 1086 2147 et
1130 2085 1355 2148 morari
1404 2101 1510 2165 pro
1561 2101 1670 2147 suo
1718 2083 1898 2147 libito
1946 2083 2304 2161 voluntatis,
2353 2082 2497 2165 quia
2543 2084 2920 2148 tractabitur
2967 2088 3266 2163 tauquam

546 2171 923 2236 honorabilis
992 2173 1057 2236 et
1128 2170 1494 2254 magnificus
1564 2173 1803 2236 amicus
1874 2171 2064 2236 nostri
2130 2170 2383 2234 dominii
2454 2190 2523 2235 ac
2567 2174 2638 2235 ut
2685 2170 3045 2236 carissimus
3114 2168 3270 2234 civis

545 2260 774 2326 noster.

759 2362 1091 2445 Capitaneo
1139 2382 1280 2428 vero
1330 2363 1543 2446 culphi
1591 2363 1774 2427 detur
1820 2363 2170 2428 informatio
2218 2363 2398 2428 istius
2440 2367 2649 2427 nostre
2683 2363 3123 2445 responsionis,
3164 2362 3266 2427 cui

548 2453 997 2529 committatur,
1068 2451 1225 2533 quod
1275 2452 1336 2515 in
1398 2471 1543 2517 casu
1606 2469 1724 2534 quo
1809 2451 2016 2515 dictus
2081 2452 2362 2516 dominus
2410 2451 2666 2516 Carolus
2715 2470 2823 2533 pro
2871 2470 2939 2515 eo
2989 2452 3273 2516 mitteret

547 2545 611 2604 et
657 2539 972 2621 assignare
1021 2539 1209 2604 vellet
1258 2542 1420 2603 terra
1469 2539 1757 2602 Durachii
1808 2559 1947 2603 cum
2014 2538 2239 2603 castris
2285 2545 2348 2603 et
2394 2540 2700 2603 fortiliciis
2748 2539 2901 2617 suiS,
2929 2542 3089 2621 quod
3137 2539 3272 2620 ipsa

547 2629 608 2693 in
657 2635 812 2691 bona
858 2627 1058 2710 gratia
1105 2628 1377 2709 accipere
1425 2625 1649 2691 debeat
1697 2627 1757 2690 in
1808 2628 2111 2709 potestate
2150 2647 2281 2704 sua,
2330 2629 2394 2692 et
2431 2630 2504 2692 de
2555 2627 2913 2693 ballistariis
2955 2631 3020 2693 et
3064 2628 3271 2711 genti·

547 2719 661 2781 bus
707 2716 1020 2798 galearum
1084 2715 1283 2780 facere
1349 2717 1500 2780 bene
1565 2716 1861 2780 custodiri
1909 2717 2023 2780 sub
2073 2717 2316 2780 nomine
2361 2722 2569 2779 tamen
2619 2716 3097 2798 ipsiusdomini
3149 2715 3269 2780 Ca·

546 2805 681 2877 roli,
731 2804 920 2867 donec
960 2822 994 2867 a
1044 2803 1216 2868 nobis
1276 2802 1445 2868 aliud
1505 2803 1796 2868 habuerit
1838 2804 1900 2866 in
1948 2805 2264 2868 mandatis
2298 2803 2719 2886 Significando
2767 2803 2946 2868 nobis
2994 2805 3067 2868 de
3123 2823 3266 2886 pre·

545 2891 726 2966 senti,
775 2891 1061 2973 quicquid
1109 2891 1340 2970 fecerit,
1370 2893 1432 2956 et
1478 2892 1779 2974 quomodo
1826 2892 2021 2955 stabit
2067 2890 2299 2955 factum
2350 2891 2812 2973 particulariter
2846 2894 2910 2955 et
2940 2890 3262 2969 distincte,

549 2984 617 3044 ut
663 2979 874 3043 habita
914 2977 1344 3044 informatione
1393 2999 1504 3044 sua
1562 2980 1880 3061 providere
1945 2980 2272 3062 possimne,
2319 2981 2479 3043 sicut
2531 2979 2706 3043 nobis
2757 2979 2972 3044 utilius
3022 2981 3086 3043 et
3135 2999 3271 3043 me·

551 3068 670 3130 lius
719 3066 1056 3148 apparebit.

761 3173 853 3235 De
901 3175 1070 3253 parte
1122 3171 1266 3250 108,
1317 3191 1432 3237 non
1481 3172 1541 3251 8,
1590 3190 1708 3237 non
1757 3172 1979 3237 sinceri
2033 3174 2128 3236 10.

638 3280 814 3337 Misti
865 3280 1002 3380 JfL.
1054 3283 1152 3349 69,
1200 3298 1242 3338 u
1286 3281 1439 3340 mlet.
1487 3281 1722 3341 arkivu.

957 3502 1458 3585 CCCXLIV.
1514 3503 1720 3587 God.
1776 3505 1992 3587 1387.
2049 3507 2415 3608 svibnja,
2468 3530 2528 3589 u
2581 3509 2873 3589 Rima.
2946 3592 2956 3598 ,

627 3669 797 3741 Papa
831 3670 1234 3742 preporucuje
1280 3664 1437 3728 mlet.
1485 3670 1784 3742 republiki
1831 3670 2222 3743 oslobodjenje
2268 3669 2497 3744 Marije
2543 3673 2879 3746 nyma-hrt).
2929 3672 3204 3745 kraljicc.

769 3805 955 3869 1387.
1001 3806 1332 3870 indictione
1381 3808 1458 3870 X.
1510 3808 1628 3872 Pro
1675 3810 1850 3891 parte
1901 3808 2134 3873 domini
2182 3810 2373 3873 nostri
2408 3829 2564 3892 pape
2596 3810 2853 3875 dicenda
2885 3813 3286 3880 serenissimo

551 3896 797 3958 domino
845 3895 982 3958 duci
1031 3898 1094 3958 et
1143 3895 1469 3977 magnifice
1514 3897 1947 3961 communitati
1997 3897 2404 3961 Veneciarum
2454 3917 2565 3979 per
2614 3918 2710 3962 me
2743 3898 3152 3965 Guillelmum
3205 3905 3284 3968 de

551 3981 823 4047 Clarutis
871 3983 1177 4046 notarium
1226 3982 1502 4046 eiusdem
1550 3983 1784 4047 domini
1833 3986 2025 4048 ducis.
2079 3987 2346 4048 OmissiS.

762 4089 920 4152 Item
972 4088 1199 4152 ibidem
1251 4087 1537 4153 dominus
1585 4108 1744 4172 papa
1790 4091 2076 4154 hortatur
2114 4093 2178 4154 et
2208 4094 2389 4174 rogat
2432 4094 2674 4156 eosdem
2709 4092 3022 4156 dominum
3061 4096 3284 4159 ducem

553 4178 617 4240 et
662 4178 1174 4240 communitatem
1228 4177 1660 4253 Veneciarum‚
1711 4179 1869 4260 quod
1923 4196 2163 4243 omnem
2215 4181 2480 4244 favorem
2531 4199 2829 4281 omneque
2861 4180 3160 4246 auxilium
3196 4184 3288 4247 eis

556 4264 877 4344 possibilia
918 4267 992 4327 ad
1029 4264 1462 4327 liberationem
1510 4266 1907 4329 serenissime
1950 4267 2194 4331 domine
2243 4267 2442 4331 Marie
2489 4268 2698 4349 regine
2747 4267 3069 4351 Hungarie
3104 4272 3171 4334 et
3198 4272 3280 4334 ad

558 4354 1078 4416 conservationem
1127 4355 1330 4415 status
1378 4352 1571 4433 ipsius
1619 4372 1688 4416 ac
1740 4353 2004 4417 illustris
2051 4355 2344 4437 principis
2392 4356 2631 4419 domini
2688 4354 3067 4437 Sigismundi
3118 4359 3284 4439 regis

557 4436 879 4520 Hungarie
927 4442 990 4502 et
1037 4440 1209 4539 regni
1276 4440 1536 4540 predicti
1603 4444 1881 4523 prompte
1949 4445 2010 4505 et
2053 4442 2385 4507 efficaciter
2430 4441 2795 4517 adhibeant,
2843 4461 2986 4505 nam
3037 4463 3107 4506 ex
3159 4444 3280 4508 hoc

554 4523 797 4588 domino
845 4545 1018 4606 pape,
1070 4529 1163 4589 cui
1215 4528 1520 4608 premissa
1545 4529 2116 4593 multuminsident
2158 4531 2350 4608 cordi,
2378 4531 2785 4612 singulariter
2809 4529 3282 4612 complacebunt

554 4609 671 4687 ipsi
714 4612 832 4673 dux
880 4615 943 4674 et
982 4615 1400 4678 communitas
1450 4615 1850 4681 Venetiarum
1900 4620 2019 4681 etc.

649 4711 1215 4778 Commemorialium
1275 4721 1460 4781 VIII.
1510 4720 1660 4797 126,
1711 4741 1754 4783 u
1793 4724 1947 4783 mlet.
1998 4724 2236 4785 arkivu.
