3620 5282
2982 442 2991 450 .
3055 360 3185 425 393

468 569 578 632 per
626 548 943 613 dominnm
994 550 1215 613 ducem
1261 552 1324 614 et
1370 548 1663 612 maiorem
1710 548 1951 630 partem
2000 546 2092 610 sui
2142 545 2380 611 consilii
2416 543 2670 608 minoris
2703 561 2775 606 ex
2809 543 2978 623 parte
3012 561 3182 606 com·

442 638 672 702 ..munis
721 636 1124 701 Veneciarum
1168 635 1423 715 Quirino
1475 635 1812 700 Vendelino
1861 636 1933 698 de
1982 634 2240 698 confinio
2287 634 2485 697 sancti
2529 631 2746 697 Jacobi
2795 631 2870 693 de
2914 630 3179 711 Lupi-ino

465 730 533 786 et
576 723 893 807 Pangrato
940 725 1147 788 Dauro
1194 725 1269 788 de
1316 723 1574 788 confinio
1621 723 1817 787 sancti
1851 722 2189 787 Salvatoris
2233 738 2446 785 omnes
2481 718 2766 783 denarios
2813 723 2877 782 et
2920 736 3015 781 res
3050 736 3181 780 om-

469 831 577 876 nes
625 812 1015 894 generaliter,
1065 831 1215 896 quos
1265 811 1361 875 vel
1407 830 1560 894 quas
1602 830 1710 893 per
1750 829 1884 874 sese
1946 810 2040 873 vel
2103 829 2211 891 per
2277 807 2548 890 aliquam
2614 823 2940 888 personam
2995 805 3180 868 huius

474 899 715 962 scilicet
762 899 991 964 habeut
1034 900 1127 963 vel
1178 902 1319 964 dare
1367 899 1592 963 debent
1638 898 1822 962 alicui
1872 916 2126 980 persone
2172 897 2246 959 de
2293 898 2535 959 racione
2597 895 2844 957 domine
2914 891 3180 973 impera-

469 987 662 1062 triciS,
713 989 937 1051 sororis
983 987 1217 1051 domini
1278 986 1443 1069 regis
1490 985 1764 1068 Ungarie
1826 1004 2017 1068 usque
2079 985 2224 1048 dum
2285 983 2474 1047 fuerit
2540 983 2900 1065 preceptum
2966 983 3029 1042 et
3076 998 3180 1043 vo-

466 1074 674 1138 luntas
722 1075 955 1138 domini
1002 1075 1175 1139 ducis
1222 1078 1286 1139 et
1332 1076 1462 1139 eius
1507 1073 1767 1151 consilii,
1837 1076 1902 1137 et
1964 1073 2317 1154 specialiter
2377 1070 2575 1136 eidem
2623 1070 2934 1150 Pangrato
2987 1068 3180 1130 inter-

465 1161 702 1226 dictum
750 1162 870 1226 fuit
917 1181 1128 1227 omnes
1175 1162 1455 1226 denarios
1501 1166 1564 1224 et
1612 1181 1726 1236 ree,
1774 1180 1923 1243 quos
1986 1161 2084 1224 vel
2148 1179 2299 1243 quas
2362 1158 2685 1222 habuisset
2750 1155 2847 1219 vel
2913 1155 3102 1218 habet
3148 1171 3185 1217 a

468 1249 702 1313 Jacobo
751 1250 826 1313 de
875 1252 1086 1314 sancto
1133 1250 1383 1314 Andrea
1429 1248 1504 1312 de
1550 1248 1792 1312 racione
1841 1248 2003 1312 dicte
2050 1248 2293 1312 domine
2335 1244 2745 1328 imperatricis
2778 1244 3005 1307 sororis
3047 1261 3185 1324 pre-

466 1336 580 1401 fati
627 1337 791 1420 regis
840 1337 1134 1420 Ungarie,
1179 1338 1497 1403 absolutus
1543 1336 1663 1400 fuit
1708 1336 1911 1400 dictus
1961 1335 2334 1417 Pangratus.

547 1426 734 1486 Liber
782 1428 1134 1502 Pleyiorum,
1181 1429 1283 1488 list
1327 1430 1431 1497 22,
1479 1428 1562 1485 br.
1607 1430 1748 1498 190,
1795 1445 1838 1485 u
1881 1427 2222 1486 mletadkom
2268 1425 2499 1485 arkivu.

880 1617 1072 1699 VII.
1128 1617 1334 1700 God.
1390 1617 1611 1701 1223.
1665 1619 1758 1700 21
1815 1618 2247 1720 prosince,
2300 1640 2360 1699 u
2413 1610 2777 1702 Mletclh

1361 1745 1566 1803 Dobra
1612 1739 1934 1818 szjeaeana
1980 1746 2299 1818 uzapcena.

679 1864 791 1927 Die
841 1867 927 1929 XI
964 1868 1220 1929 exeunte
1269 1885 1478 1930 mense
1515 1866 1882 1943 decembrio,
1931 1865 2259 1929 indictione
2287 1864 2429 1940 XII,
2479 1864 2812 1928 Antolinus
2838 1863 3190 1945 Lugnanus*

467 1950 540 2013 de
587 1953 849 2016 confinio
896 1954 1094 2017 sancti
1146 1953 1328 2016 Mafei
1372 1954 1447 2017 de
1494 1954 1776 2018 Rivoalto
1808 1957 1872 2018 et
1907 1954 2127 2017 Petrus
2153 1952 2511 2018 Carrarinus
2560 1952 2633 2016 de
2681 1951 2943 2016 confinio
2981 1950 3179 2015 sancti

464 2037 760 2102 ,Iohannis
809 2041 1189 2123 evangeliste
1237 2043 1545 2106 steterunt
1593 2041 1827 2123 plegios
1875 2046 1939 2105 et
1987 2040 2351 2123 principales
2417 2042 2743 2122 pagatores
2808 2057 3019 2102 versus
3067 2039 3179 2101 do·

466 2125 702 2190 minum
751 2129 965 2192 ducem
1016 2130 1091 2193 ad
1138 2131 1381 2210 partem
1442 2130 1785 2193 communis
1853 2130 2258 2192 Veneciarum
2321 2127 2395 2193 de
2460 2126 2676 2191 dandis
2739 2128 2803 2190 et
2866 2125 3173 2191 solvendis

465 2213 581 2276 sibi
631 2213 824 2278 libras
878 2215 980 2280 DC
1032 2216 1434 2281 Veneciarum
1484 2216 1607 2280 de.
1646 2216 1822 2280 ..ad
1871 2217 2020 2281 Vm
2068 2216 2197 2279 dies
2261 2215 2565 2298 proximos
2632 2219 2769 2295 post
2824 2213 3170 2296 proximum

466 2301 704 2365 Pasca.
746 2352 761 2365 .
800 2354 812 2366 .
851 2352 865 2366 .
917 2303 1009 2367 vel
1059 2304 1306 2368 tantum
1356 2305 1579 2381 minus,
1630 2306 1925 2386 quantum
1978 2304 2294 2367 inventum
2344 2303 2532 2367 fuerit
2577 2303 2780 2365 minus
2824 2301 3029 2365 valere
3079 2319 3177 2364 res

465 2406 695 2468 omnes,
745 2409 860 2472 que
909 2391 1155 2455 fuerant
1201 2392 1552 2456 intromissa
1602 2412 1708 2472 per
1752 2392 2161 2456 vicedominos
2206 2410 2277 2454 ex
2327 2396 2497 2472 parto
2547 2389 2890 2454 communis
2950 2437 3178 2453 .....

465 2474 537 2538 de
584 2478 845 2541 confinio
891 2479 1089 2543 sancti
1132 2479 1368 2543 Mathei
1398 2479 1492 2544 =de
1527 2479 1809 2544 Rivoalto
1857 2479 2202 2543 occassione
2249 2478 2495 2542 illorum
2545 2478 2619 2540 de
2654 2477 2973 2559 Spalanto‚
3024 2494 3179 2560 quo-

463 2583 596 2628 rum
655 2583 719 2628 re
756 2615 769 2628 .
808 2565 930 2628 ‚lle
978 2586 1052 2629 0.
1089 2616 1104 2630 .
1141 2616 1153 2629 .
1192 2617 1205 2630 .
1246 2587 1380 2632 esse
1421 2568 1484 2631 et
1523 2586 1638 2650 que
1680 2566 1928 2631 fuerant
1974 2566 2325 2631 intromisse
2371 2584 2481 2649 pro
2532 2567 2850 2630 Dominico
2905 2563 3173 2644 Querino

462 2654 569 2715 aut
616 2672 713 2716 res
762 2654 902 2719 illas
950 2655 1005 2717 ei
1052 2654 1288 2720 dabunt
1340 2702 1607 2720 ......
1657 2659 1896 2738 partem
1963 2654 2251 2729 illarum,
2315 2671 2501 2736 quam
2565 2673 2684 2717 non
2749 2653 3173 2719 vendidissent

465 2738 650 2803 simul
698 2760 841 2805 cum
891 2743 1179 2807 omnibus
1228 2744 1352 2807 illis
1400 2743 1685 2817 denariiS‚
1735 2761 1888 2824 quos
1933 2742 2264 2806 habuerint
2310 2743 2383 2806 de
2433 2742 2560 2806 illis
2608 2743 2790 2806 rebus
2827 2790 2840 2803 .
2878 2790 2893 2803 .
2932 2790 2945 2803 .
2998 2742 3172 2821 parte

464 2845 669 2890 earum
721 2848 904 2909 quam
956 2830 1394 2909 vendidissent,
1444 2835 1506 2894 et
1554 2830 1831 2894 totaliter
1879 2830 2151 2907 haberet,
2199 2828 2358 2911 quod
2391 2829 2676 2893 dominus
2708 2828 2881 2907 (dux)
2932 2832 2996 2891 et
3044 2828 3174 2891 eius

469 2915 788 2979 consilinm
840 2936 947 3000 per
994 2919 1200 2982 omnia
1239 2919 1530 2983 adtendet
1575 2921 1639 2981 et
1685 2918 2036 2982 observabit
2085 2966 2099 2980 .
2144 2968 2155 2980 .
2193 2966 2206 2980 .
2242 2917 2404 2998 quod
2464 2916 2625 2980 infra
2670 2918 2961 2997 quartum
3008 2915 3177 2978 diem

469 3001 611 3064 ante
658 3005 952 3083 prefixum
1003 3007 1332 3070 terminum
1383 3005 1609 3069 debent
1648 3024 1713 3069 se
1753 3009 2106 3087 presentare
2139 3007 2280 3068 ante
2319 3004 2693 3086 presentiam
2729 3002 2962 3066 domini
2997 3002 3177 3066 ducis

471 3089 534 3149 et
578 3088 708 3153 eius
755 3092 1017 3169 consilii,
1067 3093 1339 3158 dicentes
1376 3096 1439 3157 et
1485 3096 1790 3176 rogantes,
1842 3096 1912 3157 ut
1959 3091 2138 3156 illum
2166 3094 2348 3155 finem
2397 3092 2536 3156 inde
2568 3091 2869 3167 ordinent,
2922 3090 3174 3172 qualem

470 3173 774 3240 videbitur
821 3181 909 3242 eis
956 3179 1081 3244 fore
1127 3180 1396 3256 iustum,
1468 3183 1532 3244 et
1591 3180 1732 3244 inde
1793 3181 1907 3261 ipsi
1981 3178 2166 3243 ambo
2228 3198 2335 3262 per
2387 3180 2498 3243 hec
2544 3178 2751 3243 omnia
2793 3177 3178 3242 observanda

466 3264 668 3327 omnia
717 3284 930 3331 eorum
973 3268 1131 3331 bona
1179 3268 1401 3350 ubique
1465 3269 1701 3351 pignori
1765 3268 2196 3351 obligaverunt
2256 3268 2474 3332 eidem.
2547 3265 2703 3345 Quia
2750 3266 2979 3330 iuravit
3027 3263 3181 3329 Cer-

466 3351 676 3429 necha‚
727 3354 918 3418 nichil
966 3357 1039 3417 de
1085 3356 1267 3420 rebus
1300 3356 1425 3419 illis
1451 3357 1754 3438 pertinere
1781 3356 2197 3438 Spalantanis,
2243 3353 2638 3419 absolverunt
2669 3403 2683 3417 .
2721 3402 2735 3417 .
2773 3404 2787 3418 .
2823 3403 2837 3417 .
2865 3353 3002 3418 Idus
3045 3371 3185 3435 pre-

472 3440 649 3519 cepto
695 3440 927 3505 domini
974 3443 1145 3506 ducis
1191 3444 1310 3507 sibi
1359 3443 1520 3508 facto
1566 3463 1673 3525 per
1720 3444 1918 3526 legem
1969 3461 2075 3524 pro
2124 3443 2615 3507 advocatoribus

551 3529 736 3589 Liber
783 3533 1135 3607 Pleyiorum,
1182 3535 1285 3593 list
1333 3538 1388 3603 1,
1431 3535 1515 3595 br.
1552 3537 1611 3609 3,
1657 3551 1699 3592 u
1742 3535 2084 3593 mletackom
2130 3535 2361 3593 arkivu.

901 3719 1116 3800 Vlll.
1171 3720 1379 3803 God.
1434 3721 1660 3803 1224.
1717 3722 1813 3804 19
1844 3722 2182 3823 ozujka,
2236 3743 2296 3802 u
2352 3720 2745 3803 Mlctcih.

466 3842 514 3901 O
558 3846 757 3916 njekoj
803 3846 1024 3919 lat-adii,
1060 3848 1406 3920 poeinjenoj
1449 3865 1533 3906 na
1577 3849 1859 3922 uyarskoj
1917 3849 2112 3921 zemlji
2131 3892 2144 3916 ,
2194 3848 2626 3921 posvjedoeava
2684 3845 2954 3904 solunski
2998 3847 3176 3919 krab'.

673 3966 789 4029 Die
838 3966 991 4029 XIII
1039 3972 1299 4031 exeunte
1340 3970 1588 4033 marcio,
1638 3969 1944 4033 Volunt-as
1977 3968 2097 4032 fuit
2126 3968 2360 4032 domini
2395 3968 2571 4032 ducis
2604 3968 2667 4029 et
2703 3965 2952 4030 maioris
2987 3968 3182 4047 partis

464 4052 593 4115 eius
642 4054 904 4130 consilii,
955 4061 1023 4117 ut
1071 4055 1339 4120 Jacobus
1383 4056 1729 4134 Acotanto‚
1805 4056 2189 4121 consiliarius
2237 4055 2471 4120 domini
2530 4054 2741 4132 ducis,
2808 4052 2930 4117 iret
2992 4054 3183 4117 00110-

463 4140 672 4220 quium
716 4141 1044 4206 habitu1·us
1084 4161 1222 4205 cum
1272 4142 1516 4209 domino
1568 4145 1883 4208 Demetrio
1931 4144 2029 4208 dei
2078 4145 2279 4226 gratia
2325 4143 2715 4209 Salanicense
2763 4159 2905 4222 rege
2940 4141 3005 4204 et
3036 4141 3181 4205 aliis

466 4226 827 4306 quibusdam
886 4230 1192 4294 militibus
1240 4249 1380 4294 cum
1446 4232 1577 4313 ipso
1637 4252 1781 4316 rege
1845 4232 2252 4296 existentibus
2312 4250 2421 4314 pro
2488 4232 2750 4294 veritate
2814 4228 3181 4313 inquirenda
3265 4258 3270 4263 ·

466 4316 532 4375 et
576 4318 1028 4395 cognoscenda,
1097 4318 1415 4393 videlicet,
1489 4319 1539 4383 si
1609 4320 1841 4403 aliquid
1912 4320 2178 4384 scienter
2225 4320 2615 4401 cognovisset
2679 4316 2883 4380 dictus
2933 4334 3035 4379 rex
3083 4319 3179 4382 vel

460 4400 688 4482 aliquis
734 4403 804 4466 de
852 4405 1092 4468 robaria
1142 4406 1305 4471 facta
1355 4408 1415 4471 in
1464 4412 1627 4472 terra
1675 4409 1837 4484 regis
1887 4408 2158 4490 Ungarie
2207 4426 2411 4471 rerum
2460 4410 2523 4469 et
2555 4405 2953 4470 denariorum
3006 4404 3175 4470 Petri

459 4487 726 4564 Alberti‚
776 4491 1001 4556 Donati
1051 4492 1276 4557 Aulivo
1319 4497 1384 4559 et
1423 4495 1679 4559 Vidonis
1725 4495 2029 4569 Penetuli‚
2087 4496 2360 4559 omnium
2405 4494 2831 4559 Veneciarum.
2906 4491 3022 4571 Qui
3069 4492 3179 4558 Ja-

459 4577 667 4655 001100,
716 4595 855 4641 cum
899 4581 1323 4646 recitationem
1352 4585 1673 4647 verborum
1714 4583 1861 4646 dicti
1899 4583 2064 4664 regis
2111 4585 2176 4645 et
2219 4582 2454 4664 Ugonis
2497 4580 2717 4646 militis
2759 4579 2989 4643 domini
3021 4580 3180 4645 Nar-

459 4662 578 4727 zoli
625 4665 950 4742 audiviset,
1002 4667 1205 4733 silicet
1252 4672 1312 4733 in
1361 4671 1644 4736 Veneciis
1687 4690 1964 4734 reversus
2012 4670 2129 4733 fuit
2175 4672 2247 4732 ad
2292 4669 2606 4733 dominum
2667 4668 2885 4732 ducem
2934 4671 2997 4732 et
3042 4668 3174 4733 eius
3230 4688 3236 4693 ’

458 4753 803 4830 consilium,
853 4754 1078 4832 dicenS,
1129 4776 1193 4820 se
1235 4757 1380 4820 hore
1427 4760 1499 4821 ad
1549 4759 1662 4822 hos
1717 4759 2022 4822 audivisse
2065 4776 2172 4839 per
2219 4757 2462 4840 singula
2507 4757 2624 4821 dici
2681 4755 2878 4819 eidem
2926 4755 3175 4820 domino
