3620 5282
624 354 755 420 462

622 549 738 613 que
784 548 892 596 nos
938 531 1339 598 intererimus
1387 535 1463 598 ad
1510 532 1848 598 dominium
1916 549 2156 614 semper
2223 548 2334 596 nos
2404 531 2666 598 invitare
2733 534 2797 597 et
2883 548 3019 596 non
3072 532 3350 596 deserere

621 617 1050 702 poliquerunt3
1098 637 1208 686 nos
1254 621 1463 704 itaque
1509 623 1691 686 iustis
1737 620 2141 703 petitionibus
2210 621 2564 685 eorumdem
2631 621 2696 685 in
2753 638 3051 702 persona
3115 619 3343 684 domini

620 708 813 771 nostri
858 708 1021 789 regis
1066 713 1425 790 annuentes
1473 715 1672 793 primo
1718 713 1781 773 et
1823 708 2244 790 principaliter
2288 710 2558 774 iuramus
2597 727 2718 772 una
2763 728 2928 772 cum
2982 709 3345 772 dominabus

622 796 1042 861 contoralibus
1088 799 1317 863 nostris
1364 817 1435 863 ac
1483 798 1793 862 nobilibus
1841 796 2108 879 proceris
2147 798 2562 862 servientibus
2608 798 2868 877 nostris,
2945 798 3124 878 ipsos
3195 797 3344 861 cives

620 884 682 947 in
727 903 933 948 eorum
980 886 1239 963 iuribus,
1289 886 1707 963 libertatibuS,
1752 885 1995 968 gratiis,
2045 885 2474 949 donationibus
2505 887 2569 950 et
2597 885 3188 950 consuetudinibus
3219 902 3346 949 con-

620 990 884 1050 servare,
934 974 1281 1055 specialiter
1305 977 1583 1057 tempore
1616 975 1764 1039 olim
1797 973 2178 1047 serenissimi
2209 974 2503 1056 principis
2539 973 2771 1038 domini
2807 973 3127 1038 Lodovici
3161 971 3343 1038 felicis

618 1060 1057 1126 recordationis
1106 1064 1270 1144 regis
1316 1063 1635 1148 Hungarie
1679 1081 1796 1145 que
1844 1061 2173 1146 privilegia
2216 1061 2634 1140 obtinuerunt,
2683 1065 2878 1145 grata
2932 1066 3004 1126 et
3052 1065 3195 1125 rata
3238 1060 3336 1124 ha-

616 1146 899 1214 bebimus
946 1151 1322 1229 inconcusse,
1373 1154 1438 1215 et
1482 1153 1687 1216 omnia
1733 1152 1934 1216 cetera
1980 1150 2513 1233 qualitercumque
2556 1152 2878 1234 acquisita
2945 1149 3336 1233 presentibus

619 1238 1054 1320 approbamus
1099 1240 1164 1302 et
1207 1257 1245 1303 a
1287 1240 1469 1304 modo
1516 1241 1580 1304 in
1632 1256 1890 1322 persona
1934 1238 2087 1303 dicti
2131 1237 2364 1303 domini
2441 1238 2636 1302 nostri
2701 1239 2878 1319 regis
2957 1239 3199 1302 eisdem
3268 1238 3336 1300 de

618 1326 890 1408 presenti
968 1328 1287 1408 tamquam
1368 1346 1579 1392 eorum
1656 1328 1968 1410 propriam
2042 1328 2472 1402 hereditatem,
2550 1325 2919 1391 molendina
2972 1327 3040 1390 in
3087 1325 3329 1390 flumine

619 1413 920 1490 Charcha,
971 1412 1119 1496 Slap
1157 1417 1393 1495 vocata,
1441 1417 1671 1487 situata
1709 1415 1773 1479 in
1843 1415 2067 1480 Otozac
2134 1417 2197 1480 et
2266 1417 2327 1480 in
2396 1417 2561 1480 terra
2611 1415 2794 1479 firma
2845 1433 2927 1479 ex
2974 1418 3158 1496 parte
3203 1413 3329 1478 ville

618 1501 960 1580 Colevrata,
1008 1503 1397 1569 restituimus
1442 1506 1506 1569 et
1552 1503 2027 1588 resignavimus
2074 1506 2393 1586 tamquam
2441 1501 2652 1570 eorum
2702 1522 2843 1567 rem
2871 1504 3201 1586 propriam
3231 1502 3326 1565 da-

617 1609 757 1654 mus
803 1592 867 1654 et
912 1591 1282 1655 conferimus
1329 1594 1618 1674 perpetuo
1664 1591 2034 1675 possidenda
2079 1595 2143 1656 et
2187 1591 2501 1667 habenda3
2550 1590 2701 1656 item
2748 1595 3047 1656 castrum
3109 1590 3185 1655 ad
3211 1610 3327 1672 pre·

617 1697 758 1742 sens
806 1678 1119 1743 conditum
1167 1680 1229 1742 in
1279 1680 1590 1746 territorio
1636 1699 1739 1745 seu
1791 1683 1855 1745 in
1902 1679 2192 1745 districtu
2242 1680 2850 1762 Sibinicensi,.quod
2905 1683 3151 1763 aparet,
3201 1697 3324 1760 pro-

621 1765 935 1831 mittimus
977 1786 1014 1831 a
1059 1770 1241 1832 modo
1281 1770 1344 1833 et
1388 1789 1457 1833 ex
1504 1787 1664 1833 nunc
1705 1768 1865 1832 illud
1917 1769 2193 1832 castrum
2241 1769 2492 1842 abolire,
2561 1772 2895 1847 destruere
2946 1770 3012 1832 et
3061 1767 3317 1833 totaliter

617 1854 975 1919 subvertere
1022 1855 1084 1920 in
1134 1864 1392 1933 terram;
1434 1858 1586 1920 item
1633 1856 1792 1940 quod
1842 1859 1915 1922 de
1961 1858 2163 1921 cetero
2212 1856 2276 1920 in
2325 1858 2489 1923 dicto
2535 1858 2664 1922 loco
2711 1874 2833 1941 nec
2883 1857 2950 1920 in
2996 1856 3142 1919 aliis
3186 1855 3318 1918 locis

621 1942 944 2007 districtus
993 1944 1394 2009 Sibinicensis
1441 1946 1681 2009 nullum
1750 1951 2026 2009 castrum
2096 1963 2208 2008 nec
2270 1943 2623 2010 fortilicium
2684 1952 3065 2027 nosRneque
3110 1942 3313 2026 aliquis

620 2032 1030 2096 Bosnensium
1079 2051 1191 2097 nec
1236 2032 1314 2096 ad
1360 2052 1471 2098 nos
1516 2034 1956 2116 pertinentium
2024 2030 2223 2098 facere
2285 2035 2547 2116 possint.
2615 2034 2776 2099 Item
2909 2032 3030 2096 nod
3098 2030 3304 2097 Holahi

613 2122 886 2185 cuiusvis
936 2120 1321 2197 conditionis,
1372 2123 1697 2204 presertim
1739 2120 1971 2185 domini
2021 2122 2216 2185 nostri
2262 2123 2428 2203 regis
2476 2123 2694 2198 Bosne,
2728 2124 2824 2187 sic
2857 2143 2891 2188 e
2969 2122 3159 2185 nostri
3189 2118 3301 2184 Ho-

613 2207 740 2273 lahi
788 2217 1103 2292 presentes
1152 2211 1216 2275 et
1260 2208 1457 2274 futuri
1503 2230 1617 2274 non
1667 2210 1908 2292 possint
1951 2207 2275 2274 desensum
2325 2210 2570 2286 habere,
2650 2231 2848 2296 neque
2898 2231 2939 2294 p
3058 2227 3133 2273 ua
3172 2207 3306 2272 obti-

615 2317 757 2362 nere
803 2298 865 2361 in
915 2297 1225 2361 territorio
1271 2301 1334 2362 et
1380 2298 1665 2362 districtu
1715 2297 2094 2363 Sibenicensi
2142 2300 2554 2381 predictorum
2603 2300 2715 2363 sub
2764 2318 2929 2382 pena
3019 2301 3303 2363 ucatorum

616 2386 750 2451 auri
799 2386 1310 2468 applicandorum
1359 2384 1601 2450 scilicet
1646 2388 1896 2450 centum
1965 2386 2213 2450 domino
2271 2385 2647 2453 Holaborum
2717 2392 2784 2451 et
2857 2407 2972 2453 cen
3018 2406 3117 2450 um
3161 2403 3298 2449 com-

612 2474 901 2539 munitati
952 2474 1319 2539 Sibinicensi
1366 2475 1616 2549 totineS,
1666 2475 1947 2557 quotiens
1991 2472 2460 2540 cantrafecerint
2506 2477 2567 2538 iu
2614 2477 2964 2558 premissis.
3069 2485 3182 2537 tem
3213 2470 3302 2534 ad-

612 2563 947 2643 iungimuS,
977 2567 1038 2625 et
1086 2563 1393 2645 potestate
1440 2562 1697 2645 predicti
1733 2561 1964 2626 domini
2012 2562 2201 2627 nostri
2248 2564 2411 2647 regis
2456 2563 2635 2628 villas
2668 2564 3009 2629 Drinovlan
3114 2561 3297 2639 Prisap

612 2659 676 2716 et
721 2650 1013 2716 Culisichi
1063 2656 1309 2716 vocatas
1356 2671 1541 2734 prope
1587 2650 1818 2716 flumen
1867 2649 2053 2715 Cerca
2100 2652 2450 2718 adiacentes
2514 2671 2652 2717 cnm
2703 2655 2996 2718 omnibus
3130 2651 3178 2714 is
3217 2650 3291 2711 iu-

610 3095 967 3176 tercumque
1017 3096 1328 3175 possident
1369 3094 1429 3157 in
1480 3091 1704 3169 Lucha,
1754 3092 2098 3174 incipiendo
2145 3094 2224 3157 ab
2271 3095 2534 3159 ecclesia
2610 3095 2672 3160 S.
2734 3096 2932 3160 Maris
2977 3096 3047 3157 de

611 3202 804 3265 usque
850 3184 924 3246 ad
974 3181 1276 3246 Gudunca
1343 3181 1639 3245 inclusive
1685 3200 1824 3244 cum
1871 3181 2177 3245 sexdecim
2228 3185 2496 3246 sortibus
2530 3186 2833 3247 terrarum
2894 3182 3054 3247 intra
3097 3181 3154 3243 di

608 3274 807 3335 terras
855 3271 1171 3352 emptitias
1218 3277 1279 3335 et
1326 3270 1757 3353 pignoratitiae
1804 3268 2181 3352 prefatorum
2233 3269 2719 3335 Sibenicensium
2770 3270 3077 3335 collationi
3123 3287 3183 3332 re
3266 3267 3305 3328 =e

609 3358 753 3423 dare
801 3364 1150 3440 spectantes
1200 3358 1441 3423 easdem
1494 3359 1904 3439 possessiones
1947 3357 2262 3440 emptitias
2310 3364 2374 3423 et
2420 3361 2846 3442 pignoratitiae
2873 3357 3226 3423 communita
3292 3353 3302 3365 '

612 3453 676 3510 et
722 3447 1047 3512 comitatui
1093 3459 1162 3512 ac
1213 3447 1456 3511 iuducio
1503 3447 1694 3529 ipsius
1727 3448 2189 3511 communitatis
2222 3448 2625 3530 applicamuS,
2659 3467 2733 3512 ac
2766 3449 2957 3512 dictas
2986 3443 3207 3509 sexdeci

610 3542 806 3601 sortes
854 3539 1019 3598 terre
1067 3535 1184 3617 ipsi
1228 3537 1655 3600 communitati
1690 3539 1977 3617 perpetue
2026 3535 2367 3600 donationis
2413 3537 2598 3601 titulo
2643 3536 3036 3608 conferimus:
3080 3535 3140 3596 et
3180 3532 3197 3593 i

606 3641 789 3707 super
834 3625 1247 3705 promittimus
1294 3628 1356 3687 et
1405 3623 1779 3705 presentium
1830 3624 2185 3688 testimonio
2235 3622 2533 3705 prefatam
2584 3626 3076 3688 communitatem
3108 3618 3206 3685 Sib

608 3714 920 3777 nicensem
970 3731 1414 3786 assecuramus,
1463 3713 1619 3794 quod
1666 3712 1728 3775 iu
1765 3712 1936 3776 nullo
1969 3731 2162 3795 neque
2209 3711 2271 3775 in
2318 3713 2625 3795 aliquibus
2657 3711 3065 3794 superscriptis
3095 3725 3160 3770 ex

611 3800 828 3865 demus
876 3805 1089 3865 contra
1134 3801 1295 3881 ipsos
1345 3798 1790 3877 Sibenicenses,
1836 3799 1943 3863 sed
1989 3802 2050 3864 in
2098 3799 2384 3864 omnibus
2434 3800 2786 3882 prescriptis
2833 3805 2892 3863 et
2932 3793 3183 3862 infrascri

607 3892 689 3955 tis
736 3888 898 3954 firmi
946 3891 1009 3953 et
1053 3889 1174 3952 rati
1218 3891 1549 3952 manebunt
1594 3887 1707 3951 sub
1755 3886 1997 3952 vinculo
2043 3889 2373 3953 iuramenti
2422 3890 2612 3954 nostri
2662 3889 2928 3971 predicti,
2994 3885 3089 3950 sed
3130 3899 3192 3945 eo

606 3980 745 4043 dem
792 3979 954 4042 cives
988 3975 1409 4041 Sibenicenses
1455 3978 1667 4040 contra
1712 3976 2024 4059 quoslibet
2068 3977 2461 4040 defendemus
2507 3981 2572 4042 et
2618 3975 2947 4042 iurabimus
2988 3991 3086 4055 per
3125 3968 3179 4066 di

608 4070 740 4131 tum
789 4067 1104 4131 dominum
1152 4069 1429 4131 nostrum
1477 4082 1682 4147 regem
1730 4070 1916 4147 atque
1990 4069 2197 4129 nostro
2242 4064 2587 4130 favebimus
2632 4070 2761 4130 toto
2813 4082 3002 4148 posse;
3056 4063 3111 4121 et
3138 4074 3224 4155 ⁰111.

606 4174 792 4238 super
836 4156 946 4220 has
998 4157 1237 4219 nostras
1285 4152 1665 4231 donationes,
1714 4154 1947 4235 gratias
1996 4156 2060 4217 et
2104 4152 2424 4218 libertates
2474 4154 2649 4219 modo
2680 4155 2961 4236 premisso
2988 4146 3091 4229 ipsi
3134 4162 3240 4241 un·

608 4263 827 4327 pensas
873 4263 978 4325 per
1025 4243 1339 4306 dominum
1386 4246 1664 4305 nostrum
1711 4260 1922 4323 regem
1968 4239 2292 4306 Hostoiam
2340 4261 2409 4306 ac
2455 4262 2564 4325 per
2608 4244 2849 4324 easdem
2879 4240 3092 4310 litteras
3125 4247 3235 4312 prt-

606 4330 923 4413 vilegiales
970 4332 1351 4407 confirmare,
1400 4349 1470 4395 ac
1512 4329 1857 4393 iuramento
1925 4328 2117 4411 ipsius
2192 4335 2256 4394 et
2301 4331 2594 4394 baronum
2638 4348 2875 4395 suorum
2916 4321 3221 4408 approbare,

606 4420 913 4483 ratificare
959 4422 1023 4483 et
1068 4419 1425 4483 confirmare
1462 4418 1777 4482 faciemus.
1827 4417 1900 4482 In
1946 4437 2089 4482 casu
2136 4422 2362 4496 autem,
2409 4418 2513 4482 ubi
2548 4419 2953 4483 serenissimus
2975 4410 3232 4502 princeps.

605 4510 890 4574 dominus
938 4505 1292 4572 Vladislaus
1338 4525 1443 4571 rex
1488 4505 1565 4570 ad
1612 4508 1764 4571 istas
1813 4508 2018 4590 partes
2065 4507 2427 4588 pervenerit,
2473 4508 2662 4588 ipsius
2710 4507 2930 4570 litteras
2957 4499 3206 4594 iuratust-15
3265 4487 3276 4516 *

604 4597 763 4662 tales
809 4616 951 4660 cum
999 4596 1285 4660 omnibus
1332 4593 1627 4660 clausulis
1675 4599 1740 4659 et
1784 4595 2213 4660 donationibus
2260 4595 2781 4677 qualitercumque
2844 4585 3199 4686 suprascflptlt

604 4685 965 4751 confirmare
1014 4686 1078 4748 et
1122 4684 1457 4767 approbare
1504 4680 1822 4748 faciemus·
1869 4682 2289 4748 Nihilominus
2322 4683 2689 4748 assumimus
2728 4687 2793 4747 et
2832 4676 3200 4764 promuumus,

604 4774 764 4862 quod
809 4773 870 4839 in
918 4791 1084 4854 casu,
1131 4789 1248 4856 quo
1293 4789 1404 4838 nos
1450 4776 1513 4837 et
1559 4773 1638 4838 ad
1681 4772 1838 4857 quod
1883 4771 2223 4864 dominium
2270 4773 2546 4838 conversi
2592 4771 2895 4849 fuerimus,
2923 4761 3002 4832 vel
3027 4770 3203 4842 ‘Imm‘
3307 4857 3322 4876 .

3411 5011 3452 5112 h·-
