3620 5282
3077 357 3204 421 427

784 474 1239 615 Lx'xxn.
1296 532 1485 616 con
1564 533 1783 616 1287.
1840 532 1944 615 29
2005 534 2326 634 sunna,
2378 553 2439 614 u
2492 532 2883 615 motem.

468 661 681 721 Prima
716 676 795 731 se,
842 661 923 719 da
965 677 1028 720 se
1061 660 1298 734 posalje
1331 661 1616 734 poseanik
1661 661 1699 719 k
1743 660 2050 718 srbskomu
2117 660 2322 729 kralju
2381 660 2520 717 radi
2552 662 2914 733 patvorenja
2969 661 3206 721 mletac·

954 749 1058 807 laih
1098 749 1280 823 yrosa
1323 751 1347 807 i
1391 767 1435 807 u
1464 748 1641 821 postu
1686 746 2023 820 inplaaeenja
2067 748 2318 821 njekoqa
2361 747 2741 807 mzeteanina.

685 869 802 933 Die
851 867 1155 953 vigesimo
1203 885 1361 933 nono
1410 867 1544 932 iulii
1583 868 1761 950 capta
1805 866 1926 932 fnit
1968 885 2131 949 pare,
2181 868 2337 951 quod
2383 868 2606 932 debeat
2643 868 2939 935 destinari
2988 869 3202 935 amba-

469 958 643 1023 xator
689 976 849 1022 unus
916 956 991 1019 ad
1039 975 1250 1040 regem
1316 956 1511 1020 Raxie
1574 955 1892 1020 occasione
1954 974 2309 1038 grossorum
2373 956 2898 1022 contrafactorum
2963 959 3192 1022 nostris

470 1044 703 1130 grossis
751 1047 816 1109 et
859 1063 967 1126 pro
1013 1044 1259 1127 negotio
1307 1043 1529 1109 Jacobi
1583 1043 1849 1122 Pollam,
1914 1043 2017 1126 qui
2085 1043 2306 1108 debeat
2368 1043 2593 1109 habere
2658 1044 2852 1109 libras
2899 1046 3193 1126 quattuor

466 1150 822 1216 grossorum
867 1149 977 1215 pro
1027 1150 1137 1196 330
1174 1131 1425 1197 sallario
1472 1133 1535 1195 et
1580 1148 1825 1215 grossos
1869 1131 2084 1196 decem
2130 1132 2267 1196 octo
2315 1131 2375 1196 in
2425 1132 2541 1210 die,
2614 1133 2677 1196 et
2721 1133 2810 1197 ire
2858 1151 2997 1197 cnm
3047 1150 3196 1198 con-

469 1220 805 1285 ditionibus
852 1219 1153 1284 dictorum
1195 1219 1407 1283 decem
1448 1221 1585 1284 octo
1631 1236 2009 1302 grossorum,
2068 1220 2133 1283 et
2195 1217 2594 1284 medietatem
2640 1219 2792 1285 dicti
2839 1220 3079 1285 sallarii
3126 1224 3194 1286 et

468 1326 872 1390 expensarum
918 1306 1143 1371 debeat
1186 1307 1423 1372 solvere
1471 1308 1750 1371 nostrum
1794 1323 2138 1383 commune,
2188 1309 2253 1370 et
2297 1307 2489 1371 aliam
2536 1307 2930 1373 medietatem
2980 1308 3189 1373 solvat

482 1395 753 1461 Jacobus
785 1395 1027 1460 Pollani
1074 1395 1404 1477 predictus,
1452 1395 1585 1477 Ego
1622 1397 1739 1458 etc.

562 1487 775 1549 Maius
820 1487 1147 1546 concilium.
1192 1484 1660 1556 Luna-Zancta,
1707 1486 1808 1543 list
1851 1486 2005 1560 243,
2072 1502 2113 1543 u
2163 1485 2380 1544 arkivu
2425 1486 2782 1546 mletackom.

792 1672 1291 1754 LXXXIII.
1366 1672 1574 1755 Gon.
1629 1673 1855 1757 1287.
1911 1674 2000 1754 11
2057 1674 2334 1774 tulna,
2385 1693 2446 1754 u
2498 1672 2889 1756 Mletcih.

478 1800 746 1875 Pozivlju
789 1818 852 1860 se
894 1801 1139 1860 knezovi
1186 1800 1354 1860 kreks·
1397 1800 1665 1871 Fridrilc,
1712 1802 1872 1859 Ivan
1918 1802 1943 1859 i
1987 1800 2321 1870 Leonardo,
2370 1800 2450 1858 (Ia
2494 1800 2711 1873 izplate
2755 1800 2955 1861 duidu
3001 1802 3202 1862 ebione

1505 1888 1774 1963 yodiane
1819 1888 2175 1948 darovstine.

683 2008 800 2072 Die
849 2008 1169 2074 undecimo
1224 2008 1594 2092 septembris
1639 2010 1821 2090 capta
1880 2008 2000 2074 fuit
2043 2028 2207 2091 pam,
2256 2008 2415 2091 quod
2461 2009 2749 2072 mittatur
2803 2009 3204 2092 precipiendo

473 2095 784 2160 nobilibus
834 2097 984 2161 viris
1030 2096 1364 2172 Frideric0,
1412 2095 1639 2161 Joanni
1687 2098 1751 2160 ct
1795 2096 2110 2163 Leonardo
2152 2098 2484 2161 comitibus
2533 2096 2729 2180 Vegle
2785 2115 2894 2178 pro
2945 2116 3055 2162 suo
3104 2115 3207 2162 co-

473 2182 813 2266 lumpnello
852 2186 966 2249 snb
1012 2184 1219 2250 debito
1283 2183 1602 2249 fidelitatis
1664 2188 1727 2247 et
1790 2184 2120 2249 iuramenti
2169 2186 2234 2249 et
2282 2183 2396 2248 sub
2448 2202 2604 2266 pena
2655 2183 2979 2250 soldorum
3026 2185 3208 2267 quin-

474 2290 593 2353 que
639 2291 748 2354 pro
796 2271 975 2350 libra,
1021 2272 1181 2354 quod
1236 2291 1425 2354 nsque
1490 2274 1566 2336 ab
1620 2270 1851 2337 festum
1907 2273 2252 2337 nativitatis
2302 2272 2567 2336 debeant
2635 2272 2898 2337 solvisse
2954 2272 3206 2339 domino

477 2359 613 2423 duci
660 2360 724 2423 in
772 2360 1048 2425 Venetiis
1095 2360 1491 2442 infascriptas
1537 2360 1939 2443 pecuniarum
1990 2361 2373 2442 quantitates
2420 2359 2663 2423 debitas
2713 2359 2921 2424 eidem
2955 2360 3205 2426 domino

477 2446 617 2510 duci
662 2448 741 2512 ab
787 2448 876 2512 eis
921 2465 1032 2530 pro
1079 2447 1329 2531 regaliis
1370 2447 1703 2512 comitatus
1749 2448 1943 2530 Vegle
2002 2449 2270 2512 detentis
2318 2450 2380 2511 et
2425 2464 2541 2512 non
2591 2447 2832 2523 solutiS,
2894 2467 3003 2530 per
3049 2468 3206 2513 nun·

480 2535 598 2598 tios
645 2537 710 2599 et
748 2534 995 2600 litteras
1042 2536 1245 2617 plnres
1292 2538 1358 2600 et
1400 2536 1631 2618 pluries
1665 2534 1999 2617 requisitis,
2045 2555 2193 2617 quas
2244 2536 2641 2617 pecuniarum
2674 2536 3065 2617 quantitates
3099 2555 3208 2619 pro

481 2620 669 2688 dictis
712 2623 981 2706 regaliis,
1052 2624 1104 2688 si
1168 2623 1244 2688 ad
1303 2621 1537 2688 dictum
1586 2625 1922 2688 terminum
1970 2623 2288 2699 solverint,
2362 2622 2647 2688 dominus
2720 2625 2840 2689 dux
2903 2625 3042 2690 inde
3088 2625 3209 2689 erit

485 2712 809 2775 contentus
857 2714 921 2775 et
964 2710 1150 2776 faciet
1196 2714 1285 2776 eis
1333 2711 1464 2776 fieri
1513 2713 1903 2787 securitateS,
1973 2731 2122 2795 quas
2171 2711 2458 2787 debebit3
2532 2712 2585 2775 si
2642 2730 2785 2776 vero
2839 2730 2957 2775 non
3005 2713 3208 2778 solve·

481 2796 608 2861 rint
653 2816 757 2863 eas
802 2798 881 2862 ad
928 2799 1265 2864 terminum
1310 2799 1673 2881 predictum,
1723 2797 2051 2864 Cattavere
2097 2798 2326 2863 facient
2373 2798 2667 2880 apprendi
2700 2802 2765 2863 et
2809 2802 2999 2882 accipi
3049 2800 3207 2864 bona

481 2901 693 2950 eorum
754 2885 1125 2969 ubicumque
1180 2886 1496 2969 potuerint
1563 2886 1822 2970 reperiri
1889 2889 2020 2951 tam
2084 2905 2191 2969 pro
2252 2886 2501 2968 regaliis
2593 2886 2783 2968 ipsis,
2852 2906 3038 2968 quam
3091 2906 3202 2970 pro

485 2972 657 3053 penis
699 2974 992 3056 predictis
1060 2976 1124 3038 et
1190 2993 1300 3057 pro
1369 2975 1686 3057 exigendis
1758 2976 1890 3038 tam
1956 2975 2130 3056 penis
2200 2992 2383 3055 quam
2459 2974 2713 3055 regaliis
2776 2974 3074 3055 predictis
3123 2975 3214 3041 sa·

483 3060 647 3125 cient
690 3062 835 3143 poni
881 3080 1174 3144 personas
1235 3062 1314 3126 ad
1380 3065 1837 3127 sacramentum
1886 3063 1950 3126 et
2009 3062 2243 3144 imponi
2289 3079 2510 3143 penam
2560 3063 2624 3125 et
2680 3079 2888 3143 penas,
2936 3067 2999 3126 et
3046 3063 3208 3146 exigi

482 3165 587 3212 eas
617 3149 695 3213 ab
742 3147 851 3227 013,
887 3150 991 3231 (131
1032 3149 1362 3214 inciderint
1398 3148 1460 3214 in
1514 3168 1618 3214 eas
1651 3172 1665 3228 3
1707 3151 1772 3214 et
1819 3149 1968 3214 dicti
2017 3148 2349 3214 Cattavere
2373 3148 2644 3213 habeant
2674 3150 2928 3215 tertiam
2962 3154 3203 3232 partem

481 3252 654 3317 pene,
703 3239 768 3302 et
809 3237 1041 3320 relique
1090 3238 1202 3302 due
1247 3239 1451 3319 partes
1484 3236 1810 3303 deveniant
1859 3238 1921 3302 in
1969 3254 2309 3314 commune,
2357 3237 2423 3300 et
2468 3235 2868 3302 nihilominus
2920 3238 3207 3304 dominus

486 3325 551 3386 et
609 3324 941 3389 consiliarii
1009 3324 1340 3406 procedent
1406 3328 1623 3392 contra
1688 3325 1996 3407 predictos
2057 3327 2335 3403 comites,
2409 3325 2513 3406 qni
2574 3342 2693 3390 non
2758 3324 3074 3406 solverint,
3136 3329 3207 3392 nt

485 3410 720 3476 dictum
758 3415 872 3489 est,
921 3411 1080 3476 sicut
1129 3412 1435 3478 videbitur
1482 3412 1955 3494 procedendum,
2026 3431 2141 3495 que
2205 3413 2608 3495 quantitates,
2659 3414 3064 3495 pecuniarum
3114 3434 3211 3478 re·

491 3498 724 3564 stantes
766 3498 918 3565 solvi
964 3518 1073 3582 pro
1119 3500 1368 3582 regaliis
1412 3505 1558 3565 sunt
1601 3501 1740 3579 iste,
1805 3500 2095 3564 videlicet
2141 3501 2323 3564 solidi
2358 3518 2575 3564 novem
2606 3518 2960 3583 grossorum
2994 3502 3200 3566 minus

486 3588 705 3667 quarta
752 3587 930 3652 unius
976 3587 1176 3670 grossi
1222 3607 1331 3670 pro
1390 3607 1546 3654 anno
1607 3588 1940 3652 millesimo
2003 3587 2426 3652 ducentesimo
2471 3590 2901 3670 octuagesimo
2950 3590 3205 3671 quint03

489 3672 639 3737 item
686 3674 844 3739 libre
889 3674 1148 3741 ducente
1196 3694 1306 3758 pro
1352 3694 1511 3741 anno
1560 3674 1893 3740 millesimo
1940 3674 2357 3740 ducentesimo
2388 3677 2774 3759 otuagesimo
2815 3679 3005 3754 sexto,
3056 3695 3208 3759 quas

490 3760 711 3826 debent
756 3762 991 3827 solvere
1036 3762 1185 3828 dicti
1233 3763 1491 3827 comites
1536 3762 1918 3841 FredericuS‚
1966 3762 2236 3828 Joannes
2284 3765 2348 3827 et
2385 3763 2753 3828 Leonardus.
2818 3764 2948 3847 Ego
2999 3766 3114 3827 etc.

575 3851 787 3912 Maius
828 3854 1152 3913 consilium.
1201 3852 1700 3914 Zaneta-Pilosus
1745 3854 1847 3912 list
1891 3853 2041 3929 253,
2106 3871 2148 3912 u
2190 3854 2406 3913 arkivu
2451 3853 2810 3913 mletackom.

728 4059 1207 4141 LXXXIV.
1263 4059 1471 4142 God.
1528 4058 1743 4142 1287.
1799 4061 1901 4143 14
1955 4060 2413 4162 listopada,
2466 4081 2527 4142 u
2581 4045 2969 4144 Mletcih‘.

786 4187 961 4247 Kako
1006 4189 1088 4248 aa
1130 4205 1192 4248 se
1237 4188 1453 4260 inplate
1493 4188 1694 4262 qazije,
1756 4189 1887 4262 koje
1930 4205 2004 4248 su
2047 4205 2110 4248 se
2155 4187 2462 4248 oboruzaze
2505 4188 2646 4247 raaz·
2695 4186 2913 4249 emisa.

699 4308 816 4373 Die
863 4309 1324 4392 decimoquarto
1388 4310 1655 4375 octobris
1711 4311 1894 4393 capta
1951 4309 2073 4373 fuit
2131 4328 2293 4391 pare,
2357 4309 2516 4391 quod
2564 4309 2878 4374 occasione
2925 4308 3207 4373 armandi

494 4391 730 4475 galleas
777 4398 841 4461 et
884 4396 1058 4480 ligna
1102 4401 1313 4464 contra
1368 4396 1728 4462 Almisanos
1781 4398 1984 4481 possit
2030 4397 2227 4480 accipi
2274 4400 2488 4461 mutuo
2534 4397 2607 4460 de
2653 4396 2923 4461 denariis
2972 4397 3197 4472 litoris,

492 4481 809 4548 retinendo
842 4484 1001 4563 11103,
1046 4487 1322 4567 quisunt
1354 4487 1678 4568 opportuni
1709 4503 1821 4568 pro
1853 4486 2054 4562 litore,
2104 4485 2268 4549 sicut
2308 4483 2514 4548 dicent
2547 4484 2641 4547 illi
2672 4483 2747 4548 de
2793 4504 2976 4566 super
3020 4484 3203 4548 litore

492 4565 601 4645 ita,
654 4570 812 4651 quod
852 4571 927 4636 de
972 4572 1188 4654 primis
1258 4573 1527 4638 denariis
1587 4573 1836 4652 montisi,
1895 4574 2000 4657 qui
2046 4571 2388 4650 intrabunt,
2453 4571 2715 4635 debeant
2769 4571 2977 4635 reddi:
3046 4573 3110 4635 et
3154 4570 3207 4632 si

493 4656 819 4722 consilium
865 4661 963 4724 est
1007 4663 1219 4726 contra
1263 4663 1380 4725 etc.
1431 4661 1563 4743 Ego
1611 4663 1729 4726 etc.

579 4747 793 4810 Maius
835 4752 1163 4812 consilium.
1211 4750 1714 4816 Ztmeta-Pilosus
1758 4752 1861 4811 list
1905 4751 2038 4811 256
2055 4793 2070 4819 ,
2117 4767 2158 4808 u
2203 4747 2420 4808 arkivu
2463 4747 2823 4809 mletackom.
