3620 5282
3037 340 3167 405 445

794 506 1133 590 cxvn.
1214 508 1421 592 God.
1474 509 1695 594 1335.
1751 510 1858 595 26
1912 511 2279 613 svibnja,
2330 534 2392 594 ιι
2441 510 2835 595 Mletcih.

442 633 575 695 Pis'e
618 649 682 694 se
725 632 1038 694 knenovom
1081 634 1308 694 krdkino
1350 635 1375 694 i
1409 637 1812 782 pomos-Romul
1840 637 2161 782 ξαρειαηιι,
2228 638 2384 698 nelca
2427 638 2616 697 adare
2658 655 2743 697 na
2787 639 3161 714 neprq‘y’ateh‘c

1681 741 1727 784 u
1807 740 1840 783 s
1864 741 1939 783 rt.

652 840 839 906 1335.
889 840 988 906 die
1035 839 1120 904 26
1166 840 1335 921 maii,
1380 843 1605 925 capta:
1669 842 1827 927 quod
1872 844 1946 907 ad
1995 840 2227 906 factum
2274 843 2477 926 gentis
2527 842 2857 908 Sclavonie
2905 862 3160 926 respon·
3263 843 3280 876 ⁴

445 927 666 993 deatnr
709 928 1055 1011 capitaneo,
1093 928 1251 1010 qnod
1319 947 1427 994 nos
1497 929 1844 1008 scribimuS,
1917 931 1982 995 et
2047 929 2235 994 scribi
2283 931 2505 995 debeat
2550 931 2889 996 comitibus
2941 931 3153 1015 Vegle,

438 1015 600 1098 quod
645 1015 710 1079 in
742 1033 853 1080 suo
898 1017 1167 1081 adventu
1214 1016 1508 1083 veniendo
1550 1017 1614 1082 in
1638 1016 1910 1095 Istriam,
1957 1017 2282 1082 intendant
2316 1018 2393 1081 ad
2441 1017 2944 1097 destructionem,
2991 1037 3160 1084 mor-

433 1105 566 1168 tem
613 1103 679 1167 et
722 1101 1015 1169 damnum
1064 1102 1317 1168 Voluini
1378 1104 1451 1168 de
1520 1102 1946 1187 Stalimbergh
2013 1104 2212 1169 hostis
2271 1104 2503 1186 publici
2571 1106 2766 1169 nostri
2808 1106 3156 1172 communis

428 1191 493 1254 et
536 1190 855 1255 hominnm
900 1192 1228 1269 terrarum,
1277 1189 1550 1255 locorum
1600 1193 1665 1256 et
1709 1191 2008 1257 bonorum
2055 1209 2327 1270 snorum,
2391 1193 2456 1256 et
2500 1191 2578 1256 ad
2625 1191 3156 1258 damnificandum

428 1276 601 1355 ali08,
649 1278 723 1342 de
769 1277 997 1360 quibus
1043 1276 1348 1342 scribetur
1392 1278 1484 1342 eis
1531 1296 1641 1361 per
1686 1278 2079 1360 capitaneum
2111 1279 2434 1353 nostrum;
2482 1280 2546 1343 et
2579 1280 2913 1344 mittantur
2938 1279 3150 1345 littere

430 1364 496 1428 in
546 1364 830 1429 manibus
876 1364 1028 1429 dicti
1076 1365 1385 1446 capitanei
1430 1366 1494 1430 et
1556 1366 1836 1431 executio
1883 1382 2112 1443 earum,
2180 1366 2279 1430 cui
2351 1365 2679 1445 scribatur,
2731 1366 2897 1449 quod
2943 1367 3158 1433 habita

428 1451 794 1516 certitudine
834 1450 909 1516 de
954 1453 1220 1516 adventu
1265 1451 1575 1517 dictorum
1620 1453 1920 1517 comitum
1970 1452 2044 1517 ad
2087 1453 2409 1517 servitium
2459 1455 2761 1533 nostrum,
2808 1453 3013 1519 dictas
3044 1455 3152 1520 lit-

435 1540 599 1603 teras
629 1537 871 1603 solicite
916 1539 1005 1603 eis
1052 1539 1290 1617 mittat,
1339 1539 1405 1604 et
1447 1539 1741 1604 informet
1769 1557 1873 1604 eos
1905 1558 2011 1621 per
2043 1557 2186 1604 suas
2220 1538 2483 1618 litterae,
2532 1539 2697 1604 sicut
2741 1541 2798 1605 ei
2842 1540 3153 1607 videbitur

427 1625 491 1688 in
536 1625 831 1708 predictis
876 1643 990 1708 pro
1034 1627 1262 1691 honore
1312 1628 1540 1691 nostro.
1585 1627 1678 1692 De
1720 1627 1893 1708 parte
1943 1626 2087 1704 102,
2138 1625 2212 1690 de
2257 1644 2378 1691 non
2422 1627 2485 1706 O,
2532 1645 2650 1692 non
2699 1628 2920 1692 sinceri
2965 1628 3027 1693 4.

513 1715 701 1776 Liber
744 1715 1112 1792 Roqatorum
1145 1734 1264 1791 pro
1306 1716 1488 1788 factis
1543 1716 1740 1777 Ystrie
1774 1717 1872 1790 11,
1918 1734 1962 1775 u
2006 1717 2158 1776 mlet.
2205 1718 2441 1778 arkivu.

758 1921 1150 2004 cxvm.
1207 1922 1416 2010 eoo.
1468 1920 1694 2006 1335.
1750 1921 1859 2004 so
1910 1921 2277 2024 svibnja,
2329 1944 2391 2004 u
2441 1920 2834 2003 motem.

423 2046 592 2109 Knez
641 2045 874 2121 Dujam
902 2048 1072 2107 kreks·
1104 2047 1242 2108 nece
1286 2048 1368 2107 da
1397 2049 1590 2121 primi
1633 2047 1912 2123 vojnicku
1955 2048 2181 2126 stubba,
2230 2051 2367 2122 toqa
2408 2064 2472 2107 se
2515 2048 2657 2107 radi
2700 2044 2911 2109 nala-ie
2957 2047 3148 2109 kncaeu

999 2135 1333 2206 rabskomu,
1377 2136 1462 2195 da
1504 2137 1561 2196 si
1590 2137 1671 2210 ju
1702 2136 1977 2210 priskrbi
2021 2135 2098 2195 od
2141 2135 2325 2210 daencye
2368 2138 2593 2196 strane.

641 2271 809 2337 1335
854 2271 954 2338 die
997 2270 1343 2355 penultima
1383 2271 1550 2352 maii,
1602 2275 1830 2357 capta:
1895 2292 2039 2338 cum
2103 2272 2311 2337 autem
2357 2271 2623 2355 quilibet
2668 2270 2936 2351 affectet,
2978 2273 3144 2355 qnod

417 2359 531 2424 hec
576 2360 827 2443 negotia
868 2378 1011 2424 cnm
1057 2361 1284 2425 honore
1331 2361 1540 2425 nostro
1601 2360 1874 2426 breviter
1934 2360 2245 2438 finiantur,
2308 2361 2374 2425 et
2432 2359 2549 2424 hoc
2594 2377 2731 2425 esse
2776 2378 2897 2425 non
2942 2360 3144 2443 possit

420 2447 541 2511 nisi
589 2446 930 2512 habeamus
974 2447 1209 2530 equites
1255 2446 1333 2511 ad
1397 2448 1831 2513 sufficientiam
1876 2448 1954 2512 ad
2000 2447 2378 2531 stipendium
2442 2447 2744 2527 nostrum,
2793 2465 2905 2512 nec
2944 2447 3139 2513 simus

417 2533 591 2613 certi,
645 2535 698 2599 si
732 2534 993 2599 comites
1038 2534 1235 2618 Vegle
1274 2536 1338 2600 et
1382 2535 1457 2599 de
1506 2534 1972 2619 Orthemburgh
2037 2536 2182 2600 sunt
2244 2533 2490 2599 venturi
2535 2534 2613 2599 ad
2659 2535 2981 2600 servitium
3027 2553 3139 2600 no-

419 2627 642 2701 strum,
692 2625 757 2687 et
803 2621 857 2686 si
900 2620 1170 2701 venient,
1217 2622 1584 2702 nesciamus,
1633 2622 1687 2690 si
1745 2623 2055 2689 sufficient
2100 2641 2208 2705 pro
2267 2620 2448 2689 factis
2512 2621 2764 2701 nostris,
2812 2622 2947 2688 ideo
2992 2640 3142 2688 con-

418 2711 634 2775 sulunt
680 2709 1015 2793 sapienteS,
1060 2709 1222 2792 quod
1268 2711 1576 2775 scribatur
1620 2712 1840 2777 comiti
1885 2709 2041 2776 Arbi
2088 2714 2152 2776 et
2197 2729 2297 2775 ser
2343 2709 2587 2775 Marino
2631 2709 2895 2775 Venerio
2943 2711 3008 2776 et
3038 2730 3138 2776 ser

416 2796 688 2863 Zanachi
732 2797 1019 2880 Georgio,
1068 2798 1227 2880 quod
1274 2796 1588 2863 solicite-nt
1625 2798 1755 2864 toto
1804 2816 2004 2882 posse,
2074 2797 2235 2880 qnod
2282 2796 2403 2878 ipsi
2453 2796 2710 2861 comites
2757 2796 3135 2879 quamcitius

415 2902 546 2948 esse
588 2885 796 2967 potest
840 2885 1094 2951 veniant
1138 2885 1214 2948 ad
1259 2885 1584 2950 servitium
1652 2886 1953 2963 nostrum,
2018 2885 2082 2949 et
2149 2884 2203 2949 si
2271 2883 2496 2967 aliquis
2565 2901 2775 2949 eornm
2821 2886 3136 2949 recusaret
3192 2940 3198 2946 .

416 2971 640 3120 veniri}
687 2969 1147 3125 pecnniagmgis
1184 2972 1610 3125 abnndtantem
1633 2972 1840 3125 1ἑιρῢίιει
1888 2971 2127 3121 εοΙίἕίιο
2139 2971 2438 3123 Pdebleant
2487 2969 2833 3123 ᾱῗεῢίηῆτῖὲ
2862 2971 2944 3035 Et
2987 2971 3134 3054 qnia

416 3074 516 3120 ser
620 3076 682 3121 er
716 3076 886 3124 ncms
1101 3076 1277 3124 omco
1348 3079 1381 3124 e
1473 3078 1572 3124 ser
1695 3078 1788 3125 1co
1817 3079 1928 3125 aus
2035 3077 2068 3122 e
2191 3077 2281 3122 no
2311 3078 2363 3122 ιε
2422 3077 2538 3123 sun
2657 3075 2726 3122 ro
2836 3078 2866 3122 r
2916 3077 3128 3124 eorum

411 3142 713 3227 regimina
740 3146 1042 3229 occupati,
1089 3165 1202 3212 nec
1245 3151 1501 3229 possunt
1545 3147 1625 3212 ad
1658 3147 1771 3214 hec
1818 3147 2137 3211 attendere
2183 3146 2413 3229 absque
2457 3077 2670 3211 eorutln
2722 3078 2946 3229 {ragno
2980 3145 3134 3211 sini-

412 3234 559 3310 stro,
611 3251 770 3299 nnnc
816 3233 1127 3317 eligantur
1173 3251 1282 3317 per
1330 3233 1693 3300 electionem
1742 3235 1868 3301 tres
1915 3234 2224 3318 sapientes
2276 3234 2338 3298 in
2387 3233 2507 3297 isto
2553 3232 2829 3311 consili0‚
2877 3232 2983 3315 qni
3036 3231 3133 3296 in-

408 3318 660 3401 quirant
703 3322 768 3385 et
808 3320 1136 3403 procurent
1180 3322 1253 3385 de
1298 3323 1594 3403 possendo
1651 3323 1879 3388 habere
1943 3322 2182 3406 equites
2244 3320 2322 3385 ad
2386 3319 2768 3403 stipendium
2828 3321 2891 3385 et
2936 3320 3132 3385 servi-

407 3406 568 3471 tium
613 3408 896 3471 nostrum
935 3408 1008 3471 de
1056 3407 1336 3490 qualibet
1378 3410 1572 3491 parte,
1621 3428 1736 3492 que
1774 3410 1928 3492 ipsis
1976 3407 2219 3487 melior,
2266 3407 2532 3474 velocior
2577 3409 2641 3472 et
2683 3406 2897 3472 utilior
2938 3426 3130 3492 appa-

404 3494 589 3572 rebit,
637 3513 757 3559 non
801 3495 1101 3560 firmando
1160 3497 1487 3579 propterea
1549 3495 1781 3578 aliquid
1849 3514 1991 3562 cum
2049 3495 2360 3578 aliquibus
2425 3494 2736 3577 equitibus
2800 3494 2917 3559 nisi
2966 3497 3128 3560 sicut

404 3599 511 3662 per
556 3581 724 3646 istud
765 3581 1093 3646 consilium
1138 3579 1328 3647 fuerit
1373 3583 1743 3662 ordinatum,
1793 3584 1864 3648 ut
1907 3584 1961 3647 si
2006 3581 2185 3647 nobis
2228 3581 2519 3647 deficeret
2564 3582 2888 3647 servitium
2934 3581 3129 3647 comi-

406 3667 544 3733 tum
614 3667 1033 3751 predictorum
1096 3669 1196 3734 vel
1250 3688 1369 3735 non
1428 3670 1733 3750 deficeret,
1791 3670 2195 3735 nihilominus
2263 3670 2457 3734 simus
2526 3668 2756 3751 provisi
2801 3670 2875 3733 de
2939 3668 3125 3734 factis

412 3754 661 3833 nostris,
709 3756 775 3821 et
819 3755 1049 3821 habere
1092 3758 1400 3838 possimus
1457 3758 1693 3842 equites
1740 3757 2120 3822 sufficientes
2165 3755 2231 3821 in
2276 3755 2554 3839 quolibet
2597 3774 2747 3821 casn
2809 3758 2885 3820 ad
2932 3756 3122 3821 servi-

402 3840 565 3906 tium
613 3844 914 3921 nostrum,
963 3844 1202 3926 quando
1251 3843 1645 3910 voluerimus
1693 3845 1928 3910 Verum
1973 3844 2124 3909 dicti
2170 3844 2480 3927 sapientes
2508 3844 2814 3927 accipiant
2843 3842 2919 3907 de
2944 3845 3124 3908 firmo

403 3930 655 3994 centnm
701 3929 960 4013 equiteS,
1010 3930 1172 3996 sicut
1216 3950 1408 4014 nuper
1467 3932 1722 4015 captum
1781 3931 1913 3996 fuit
1960 3931 2024 3996 in
2089 3932 2208 3996 isto
2264 3930 2538 4009 consili0‚
2604 3932 2670 3996 et
2713 3929 2896 3995 detur
2941 3929 3126 3995 dictis

404 4014 790 4117 sapientibus
852 4016 1184 4117 consilium
1250 4019 1609 4119 rogatorum
1673 4019 2177 4120 quotiescumque
2241 4017 2363 4101 ipsi
2431 4017 2531 4084 vel
2593 4019 2712 4083 duo
2774 4036 2984 4084 eornm
3045 4019 3126 4083 ad

405 4120 951 4274 Μῃῃεὸἑὲῗὲιῗέθὲ
951 4124 987 4257 ξ
990 4106 1211 4258 “gli-1112?
1252 4107 1593 4258 ἷζῖθὲιιξιῗὲ
1637 4105 2072 4277 ῗὲξιεὶίΐήἒὲαε
2133 4192 2381 4258 comitis
2458 4190 2634 4271 Arbi,
2705 4193 2867 4275 quod
2910 4210 3116 4259 comes

398 4273 680 4360 Duymns
725 4278 802 4344 de
847 4279 1072 4364 Veglia
1115 4298 1236 4345 non
1280 4280 1367 4345 sit
1413 4281 1726 4358 venturus,
1774 4281 1847 4345 ut
1878 4280 2303 4362 sperabamus,
2350 4279 2433 4344 ad
2460 4281 2739 4345 nostrum
2766 4280 3115 4360 servitium,

393 4363 460 4428 et
501 4368 827 4449 propterea
869 4369 1084 4432 nostra
1128 4366 1388 4434 intentio
1436 4387 1555 4433 non
1617 4368 2092 4451 adimpleretnr3
2155 4367 2331 4433 vadit
2374 4387 2539 4450 pars,
2590 4368 2753 4450 quod
2800 4368 3114 4434 scribatur

392 4448 512 4532 ipsi
559 4454 792 4535 comiti,
836 4456 996 4539 quod
1043 4455 1095 4519 si
1140 4454 1341 4520 dictus
1405 4474 1608 4522 comes
1671 4456 1955 4540 Duymns
1997 4473 2119 4520 non
2165 4455 2406 4520 veniret
2459 4455 2537 4519 ad
2582 4456 2873 4520 nostrum
2920 4455 3117 4522 servi-

392 4538 572 4618 tium,
621 4543 693 4606 nt
737 4542 1010 4626 scripsit,
1057 4542 1220 4625 quod
1252 4547 1536 4626 procuret
1581 4543 1867 4609 celeriter
1911 4543 2140 4608 habere
2187 4544 2251 4607 et
2295 4542 2569 4625 accipere
2613 4541 2690 4606 de
2719 4543 2862 4608 aliis
2894 4542 3117 4608 melio-

388 4624 561 4691 ribus
608 4629 682 4693 de
728 4629 891 4708 inde,
940 4633 1004 4695 et
1049 4629 1124 4694 de
1171 4630 1316 4708 illis,
1364 4630 1468 4714 qui
1514 4630 1642 4695 sint
1688 4631 1888 4714 magis
1933 4631 2064 4713 apti
2107 4630 2184 4694 ad
2235 4630 2494 4709 bellum,
2539 4633 2605 4696 et
2658 4630 2863 4715 magis
2924 4630 3119 4696 destri

388 4732 499 4798 pro
547 4717 896 4799 quantitate
940 4717 1104 4784 sicut
1151 4717 1270 4783 sibi
1316 4717 1642 4799 videbitur,
1706 4736 1899 4801 nsque
1959 4718 2039 4783 ad
2098 4734 2412 4783 summam
2475 4716 2765 4784 videlicet
2838 4717 3116 4802 pecunie,
