3620 5282
2992 377 3101 440 141

384 550 585 615 munis
647 550 1052 614 Veneciarum
1124 550 1370 613 nomine
1431 550 1743 615 antedicto
1814 550 2078 614 liberant
2143 551 2205 613 et
2284 550 2617 614 absolvunt
2681 551 2972 631 perpetuo
3034 553 3111 616 ab

386 638 552 703 omni
593 636 724 702 iure
772 637 1175 722 possessionis
1223 639 1286 700 et
1332 638 1606 715 dominii,
1656 656 1842 719 quam
1881 656 1987 701 seu
2036 640 2191 718 quod
2239 640 2296 700 in
2347 639 2529 701 dictis
2579 637 2730 700 locis
2780 640 2874 701 vel
2909 639 3116 722 aliquo

387 745 596 789 eorum
642 726 962 802 haberent,
1011 728 1075 789 et
1122 726 1198 789 ab
1245 726 1410 789 omni
1459 725 1701 790 vinculo
1748 726 2186 809 cuiuscumque
2235 727 2483 807 omagii,
2538 725 2874 803 fidelitatis,
2927 728 3112 790 iuris-

389 813 677 878 dictionis
724 817 787 878 et
832 813 1229 895 obligationis
1278 814 1538 877 alterius
1607 814 2048 894 cuiuscumque
2120 832 2503 895 quocumque
2561 813 2804 876 nomine
2870 833 3111 878 censea-

387 902 487 964 tur
532 902 598 965 et
644 920 763 982 que
809 901 930 964 dici
981 901 1080 964 vel
1127 902 1462 983 excogitari
1510 902 1723 984 possit,
1773 919 1895 982 qua
1958 919 2067 964 seu
2128 920 2236 982 per
2298 921 2481 983 quam
2556 900 2715 964 dicte
2765 900 2981 965 civitas
3051 905 3117 966 et

387 991 607 1065 castra,
678 989 1064 1064 communia,
1129 989 1292 1051 terre
1353 992 1417 1052 et
1472 989 1750 1053 homines
1818 989 2019 1051 forent
2079 992 2645 1070 quomodocumque
2694 1001 2755 1049 et·
2818 990 3116 1069 qualiter-

386 1094 643 1158 cumque
686 1076 851 1139 dicto
899 1075 1149 1140 domino
1191 1075 1329 1138 duci
1376 1077 1439 1139 et
1484 1076 1793 1141 communi
1844 1075 2250 1140 Veneciarum
2315 1076 2572 1157 obligati
2635 1078 2732 1139 vel
2787 1079 3114 1157 quomedo-

390 1163 545 1227 libet
590 1165 963 1242 tenerentur,
1013 1164 1350 1227 liberantes
1400 1164 1464 1227 et
1507 1162 1897 1226 absolventes
1966 1182 2074 1227 nos
2122 1163 2393 1229 notarios
2462 1162 2889 1244 infrascriptos
2956 1168 3115 1228 tam·

387 1269 569 1331 quam
618 1270 907 1332 personas
959 1250 1231 1332 publicas
1280 1249 1648 1331 stipulantes
1696 1253 1758 1313 et
1804 1250 2171 1331 recipientes
2236 1252 2480 1315 nomine
2556 1255 2619 1314 et
2684 1251 2810 1314 vice
2880 1252 3116 1332 predic-

392 1342 595 1402 torum
643 1338 938 1415 civitatiS,
989 1342 1351 1407 castrorum,
1400 1339 1840 1414 communium,
1888 1337 2365 1402 universitatum
2415 1340 2477 1402 et
2523 1338 2925 1422 singularium
2977 1360 3116 1421 per-

390 1430 678 1489 sonarum
727 1427 1081 1491 earumdem
1128 1444 1163 1489 a
1206 1425 1498 1507 predictis
1545 1425 1832 1490 omnibus
1881 1430 1943 1487 et
1990 1425 2249 1507 singulis
2296 1446 2403 1507 per
2464 1425 2990 1506 acceptilationem
3052 1430 3115 1490 et

387 1514 758 1595 aquilianam
808 1512 1278 1595 stipulationem
1325 1513 1529 1576 verbis
1590 1513 1969 1576 solemnibus
2031 1516 2095 1576 et
2156 1513 2502 1596 legiptimis
2564 1514 2957 1593 interpositis,
3025 1514 3114 1577 fa-

388 1602 620 1664 cientes
667 1600 844 1664 nobis
889 1600 1075 1665 dictis
1131 1599 1387 1665 notariis
1448 1601 1521 1664 ut
1582 1618 1770 1682 supra
1826 1600 2265 1683 recipientibus
2337 1603 2408 1665 de
2474 1601 2761 1682 predictis
2829 1602 3112 1665 omnibus

387 1688 451 1751 et
496 1688 760 1770 singulis
807 1689 1012 1765 finem,
1060 1687 1522 1770 quietationem,
1565 1688 1984 1751 omnimodam
2037 1688 2465 1752 liberationem
2515 1687 2590 1753 de
2661 1688 2922 1751 ulterius
2992 1709 3109 1753 non

389 1776 669 1856 petend0,
719 1778 1154 1858 promittentes
1195 1775 1371 1838 nobis
1417 1775 1603 1839 dictis
1652 1776 1911 1839 notariis
1961 1777 2030 1839 ut
2075 1795 2258 1857 supra
2330 1774 2771 1857 stipulantibus
2833 1778 2898 1838 et
2962 1776 3112 1840 reci-

389 1863 700 1943 pientibus
748 1882 858 1927 nec
905 1882 1020 1927 non
1086 1862 1381 1945 predictis
1449 1863 1905 1927 venerabilibus
1969 1866 2033 1926 et
2093 1862 2358 1944 egregiis
2427 1864 2716 1945 syndicis,
2776 1865 3108 1939 actoribuS,

389 1952 907 2031 procuratoribuS,
957 1950 1481 2015 ambaxiatoribus
1529 1953 1594 2014 et
1631 1950 1871 2014 nunciis
1929 1949 2299 2031 specialibus
2360 1951 2507 2013 dicti
2550 1951 2802 2028 domini,
2870 1952 3105 2014 vicedo-

391 2037 565 2115 mini,
609 2037 864 2102 ecclesie
906 2038 970 2102 et
1015 2039 1273 2120 capituli
1321 2035 1785 2120 Aquilegiensis
1834 2038 1898 2101 et
1960 2037 2156 2118 patrie
2218 2038 2500 2101 Foriiulii
2562 2038 2807 2100 nomine
2877 2040 2938 2100 et
2984 2040 3113 2102 vice

387 2124 538 2189 dicti
611 2125 1064 2206 patriarchatus
1135 2130 1199 2189 et
1260 2125 1514 2190 ecclesie
1561 2124 2019 2206 Aquilegiensis
2087 2124 2546 2206 recipientibus,
2609 2124 2769 2205 quod
2830 2126 3000 2188 nulla
3049 2127 3108 2190 in

390 2214 747 2294 perpetuum
780 2212 878 2291 lis,
927 2232 1130 2288 causa,
1177 2213 1485 2290 molestia,
1534 2212 1952 2276 controversia
2000 2212 2096 2275 vel
2122 2213 2439 2293 requisitio
2489 2213 2594 2275 fiet
2638 2213 2731 2275 vel
2767 2214 3112 2277 movebitur

386 2303 602 2363 contra
648 2301 846 2364 dictas
887 2301 1224 2377 civitatem,
1275 2304 1500 2376 castra,
1550 2299 1905 2362 communia
1950 2300 2014 2361 et
2063 2317 2352 2380 personas
2401 2319 2511 2364 nec
2561 2319 2676 2363 non
2726 2304 2941 2362 contra
3005 2301 3111 2363 do·

389 2386 624 2450 minum
678 2387 1094 2470 patriarcham
1144 2391 1208 2450 et
1252 2389 1578 2455 ecclesiam
1628 2386 2130 2468 Aquilegiensem
2197 2388 2256 2449 in
2328 2387 2550 2450 iudicio
2621 2407 2732 2451 nec
2802 2389 2972 2452 extra
3040 2391 3112 2450 de

392 2474 523 2536 iure
571 2493 682 2539 nec
727 2475 803 2559 de
851 2475 1013 2539 facto
1059 2474 1304 2556 publice
1354 2474 1449 2538 vel
1501 2474 1740 2538 occulte
1786 2473 2016 2537 directe
2067 2474 2157 2538 vel
2223 2494 2326 2555 per
2388 2474 2775 2552 indirectum,
2840 2477 3109 2556 exceptis

392 2564 454 2623 et
501 2564 830 2627 reservatis
878 2581 913 2625 a
960 2562 1250 2644 predictis
1297 2562 1582 2625 omnibus
1629 2563 1693 2624 et
1739 2562 2004 2643 singulis
2053 2562 2421 2641 prestatione
2469 2580 2667 2625 annua
2714 2562 2881 2625 illius
2916 2583 3109 2645 quan-

387 2650 589 2713 titatis
632 2649 779 2728 vini,
831 2650 1049 2714 ribolei
1097 2655 1161 2713 et
1200 2650 1340 2726 olei,
1388 2669 1504 2732 que
1554 2669 1660 2730 per
1706 2651 1901 2713 dictos
1927 2650 2192 2714 Venetos
2239 2654 2302 2714 et
2349 2670 2670 2714 commune
2706 2651 3106 2714 veneciarum

392 2737 625 2817 regalia
669 2737 1083 2820 appellantur,
1154 2756 1269 2819 que
1339 2738 1507 2802 dicta
1569 2738 1791 2822 civitas
1854 2741 1917 2800 et
1980 2739 2393 2802 communitas
2440 2740 2719 2819 Tergesti
2783 2739 2944 2801 dicto
3006 2739 3110 2801 do-

388 2825 551 2888 mino
599 2828 736 2888 duci
787 2828 851 2889 et
898 2824 1208 2889 communi
1263 2824 1665 2888 Veneciarum
1717 2825 1897 2889 solite
1946 2827 2009 2888 et
2052 2827 2339 2888 consueta
2410 2831 2552 2887 sunt
2612 2825 2872 2906 prestari
2943 2828 3108 2888 ante-

386 2929 566 2992 quam
611 2912 901 2976 domiuus
950 2913 1067 2976 dux
1114 2914 1176 2975 et
1238 2931 1560 2976 commune
1610 2913 2013 2976 Venetiarum
2077 2912 2379 2988 haberent
2444 2912 2785 2976 dominium
2852 2914 2914 2975 et
2974 2933 3112 2994 pos-

383 2999 717 3063 sessionem
775 3003 840 3064 et
888 3001 1169 3064 tenerent
1230 3000 1544 3064 civitatem
1604 2999 1924 3080 Tergesti‚
1990 3019 2108 3080 que
2172 3000 2406 3080 prefato
2473 3000 2803 3080 magnifico
2866 3000 3111 3063 domino

384 3084 523 3148 duci
587 3089 651 3149 et
708 3088 1020 3150 communi
1087 3087 1490 3150 veneciarum
1557 3087 1817 3167 prestari
1881 3088 2143 3149 debeant
2209 3086 2501 3166 predictis
2556 3105 2674 3149 non
2721 3088 3110 3151 obst-autibus

385 3172 567 3252 prout
628 3173 691 3236 et
751 3174 1085 3237 secundum
1148 3175 1305 3255 quod
1368 3192 1693 3237 commune
1745 3174 2023 3255 Tergesti
2096 3176 2456 3237 consuetum
2525 3176 2589 3236 et
2650 3174 2900 3237 solitum
2977 3179 3111 3238 erat

386 3263 681 3340 prestare,
725 3264 1053 3342 antequam
1103 3279 1429 3324 commune
1476 3262 1882 3325 Veneciarum
1933 3262 2171 3324 teneret
2217 3267 2280 3324 et
2328 3262 2663 3342 possideret
2727 3262 2954 3324 dictam
3022 3264 3107 3325 ci-

385 3346 644 3410 vitatem
688 3347 988 3429 Ten-gesti,
1059 3352 1121 3410 et
1167 3352 1412 3430 excepto
1456 3349 1646 3411 etiam
1699 3348 1856 3429 quod
1915 3347 2100 3412 dictis
2162 3349 2410 3412 domino
2468 3349 2606 3411 duci
2670 3351 2733 3412 et
2795 3353 3103 3411 communi

387 3435 791 3498 Veneciarum
841 3440 903 3499 et
948 3435 1214 3499 subditis
1260 3440 1325 3499 et
1369 3435 1866 3498 districtualibus
1912 3436 2263 3499 eorumdem
2336 3439 2690 3499 remaneant
2753 3436 2945 3512 salva,
3012 3437 3105 3500 in-

387 3522 582 3603 tegra,
635 3521 877 3589 illibata
920 3525 984 3585 et
1029 3523 1206 3585 illesa
1253 3522 1385 3586 iura
1433 3523 1746 3586 mercandi
1812 3524 2003 3586 libere
2060 3526 2123 3586 et
2180 3524 2411 3605 absque
2473 3524 2779 3587 solutione
2841 3524 3106 3587 alicuius

386 3610 644 3691 pedagii,
693 3610 866 3685 datii,
916 3610 1014 3672 vel
1060 3609 1317 3709 gabellq
1347 3629 1451 3673 seu
1502 3611 1760 3673 alterins
1822 3610 2231 3691 impositionis
2293 3612 2754 3693 cuiuscumque,
2812 3614 2875 3674 et
2936 3615 3106 3674 tran·
3164 3617 3179 3634 ⁸

385 3698 616 3770 seundi,
666 3697 871 3760 standi
918 3699 981 3759 et
1029 3698 1482 3760 redeundicum
1534 3699 1662 3761 suis
1709 3685 1993 3778 navigiis,
2044 3700 2456 3762 mercimoniis
2503 3702 2689 3779 atque
2741 3700 2943 3777 rebuS,
2989 3720 3105 3781 que

383 3783 697 3848 habebant
744 3785 802 3848 in
848 3783 986 3866 ipsa
1031 3785 1283 3848 civitate
1332 3789 1396 3847 et
1453 3785 1761 3848 territorio
1824 3804 1892 3849 eo
1955 3787 2130 3849 modo
2191 3790 2255 3848 et
2315 3787 2530 3862 forma,
2598 3789 2773 3866 prout
2834 3785 2999 3851 soliti
3047 3791 3110 3849 et

385 3873 656 3934 consueti
705 3874 896 3949 erant,
943 3873 1271 3953 antequam
1322 3872 1603 3935 dominus
1651 3874 1770 3935 dux
1834 3876 1896 3935 et
1958 3891 2281 3937 commune
2346 3874 2744 3936 veneciarum
2810 3874 3107 3937 haberent

382 3957 721 4022 dominium
770 3963 833 4023 et
877 3960 1324 4042 possessionem
1373 3962 1437 4022 et
1507 3963 1785 4023 tenerent
1845 3961 2159 4024 civitatem
2226 3961 2527 4043 Tergesti.
2606 3961 2684 4023 Et
2740 3980 2915 4024 versa
2975 3962 3104 4025 vice

383 4045 532 4108 dicti
582 4046 867 4110 dominus
915 4047 1033 4110 dux
1081 4048 1144 4109 et
1194 4064 1517 4110 commune
1572 4047 1963 4110 Venetiarum
2032 4051 2357 4112 teneantur
2416 4052 2478 4112 et
2538 4048 2804 4111 debeant
2871 4048 3104 4112 solvere

384 4134 448 4195 et
494 4136 767 4213 prestare
814 4135 1019 4197 omnia
1067 4135 1194 4209 illa,
1242 4153 1359 4214 que
1404 4133 1570 4196 soliti
1620 4138 1682 4194 et
1723 4135 1998 4198 consueti
2027 4139 2205 4197 erant
2246 4136 2479 4198 solvere
2527 4139 2589 4199 et
2627 4137 2903 4216 prestare
2940 4154 3104 4198 com-

386 4220 552 4283 muni
600 4221 874 4302 Tergesti
929 4227 991 4285 et
1037 4221 1452 4303 singularibus
1511 4221 1802 4302 personis,
1867 4223 1916 4284 si
1982 4222 2070 4286 eis
2133 4222 2364 4286 solvere
2411 4226 2475 4287 et
2538 4223 2811 4305 prestare
2870 4223 3102 4305 aliquid

381 4311 849 4372 consueverunt.
901 4310 978 4372 Et
1027 4310 1274 4390 insuper
1321 4310 1441 4372 fuit
1502 4311 1706 4372 actum
1780 4310 1941 4372 inter
2010 4309 2208 4373 dictas
2271 4315 2477 4392 partes
2549 4310 2897 4374 nominibus
2968 4331 3105 4390 pre-

382 4394 566 4458 dictis
615 4414 727 4458 non
777 4397 1165 4478 obstantibus
1193 4396 1649 4477 suprascriptis,
1695 4397 1853 4476 quod
1877 4416 2090 4460 omnes
2124 4399 2360 4472 domus,
2399 4399 2813 4478 possessiones
2847 4400 2910 4461 et
2941 4399 3104 4461 bona

377 4481 720 4547 immobilia
767 4484 1174 4565 singularium
1228 4501 1620 4565 personarum
1671 4484 2058 4547 subditarum
2109 4485 2259 4548 dicti
2306 4486 2649 4549 communis
2696 4485 3099 4549 Veneciarum

376 4588 526 4651 quos
569 4569 803 4634 habent
846 4572 907 4633 in
957 4571 1121 4633 dicta
1167 4572 1422 4636 civitate
1465 4573 1526 4634 et
1572 4570 1883 4634 territorio
1930 4572 2233 4652 Ter-gesti,
2290 4576 2656 4648 castrorum,
2719 4572 2990 4636 locorum
3042 4576 3106 4636 et

375 4656 771 4720 districtuum
801 4659 1231 4738 predictorum,
1280 4659 1414 4741 que'
1444 4657 1737 4722 tenebant
1781 4661 1845 4722 et
1890 4660 2287 4741 possidebant
2331 4662 2474 4723 ante
2518 4663 2865 4740 presentem
2921 4679 3102 4741 guer-

375 4763 528 4824 ram,
573 4743 807 4808 eisdem
856 4746 1262 4811 restituantur
1308 4746 1477 4827 talia,
1525 4746 1733 4829 qualia
1779 4748 1927 4810 sunt
1981 4748 2039 4811 in
2103 4765 2171 4809 eo
2231 4746 2363 4810 iure
2410 4747 2812 4827 possessionis
2860 4749 2923 4810 et
2991 4747 3100 4812 do-
