3620 5282
2988 344 3105 407 191

629 514 1160 603 CCLXVIII.
1213 514 1419 597 God.
1476 515 1702 598 1382.
1759 514 1808 596 3
1862 517 2290 617 prosinca‚
2345 538 2405 597 u
2463 515 2856 599 Mletcih.

379 655 742 729 Izabranim,
776 659 857 717 da
891 660 1086 732 podju
1151 661 1264 718 lcao
1292 660 1595 732 postem-ici
1639 677 1681 716 u
1740 659 2036 734 Uyarsku,
2090 659 2443 731 doz-vobem,
2497 660 2577 717 da
2635 659 2848 730 slubbe,
2879 662 3009 733 lcoje
3055 663 3114 718 bi

926 747 1232 820 mediatim
1277 748 1475 816 debili,
1519 752 1773 819 nastupe
1819 764 1902 805 na
1947 748 2193 819 njihovu
2235 749 2554 820 povratku.

595 865 763 929 1382
809 864 1146 929 indictione
1215 869 1408 942 sexta,
1480 866 1576 929 die
1643 866 1828 930 tertio
1897 866 2124 929 mensis
2180 867 2545 931 decembris,
2600 863 2709 929 Ser
2758 865 3109 932 Guilelmus

380 950 662 1030 Quirino,
736 971 837 1016 ser
882 952 1198 1018 ‚Iohannes
1248 953 1553 1032 Storlad0‚
1602 972 1700 1018 ser
1732 952 2058 1018 Galeacius
2093 953 2415 1035 Delphino,
2451 973 2549 1018 ser
2584 953 2899 1019 Johannes
2932 954 3111 1020 Mau-

375 1058 591 1105 roceno
652 1039 1031 1111 consiliarii:
1080 1060 1182 1105 ser
1241 1040 1555 1105 Johannes
1619 1040 1958 1107 Gradonico
2018 1045 2391 1122 procurator,
2460 1059 2560 1105 ser
2608 1039 2865 1105 Carolus
2918 1041 3106 1121 Geno,

373 1127 701 1208 sapientes
761 1125 988 1209 Capta:
1056 1129 1215 1210 quod
1298 1128 1678 1206 ambaxator,
1739 1128 1843 1210 qui
1899 1128 1996 1191 est
2063 1129 2296 1193 electus
2365 1128 2444 1192 ad
2506 1132 2713 1210 partes
2760 1129 3107 1211 Hungarie‚

375 1217 440 1277 et
485 1213 644 1279 eiam
671 1216 1063 1296 ,acceptavit,
1092 1217 1156 1279 et
1200 1215 1308 1280 ille
1353 1216 1563 1292 etiam,
1613 1217 1718 1298 qui
1765 1216 2058 1296 elligetur
2103 1215 2235 1279 loco
2284 1214 2470 1292 illius,
2533 1217 2640 1297 qui
2690 1214 3001 1293 refutavit,
3054 1219 3105 1281 si

379 1301 779 1385 elligerentur
820 1304 884 1366 in
932 1304 1244 1383 posterum
1287 1304 1361 1367 ad
1409 1303 1660 1386 aliquod
1704 1302 2001 1385 regimen,
2052 1304 2380 1366 teneantur
2422 1303 2857 1367 nichilominus
2909 1303 2997 1367 ire
3045 1314 3108 1368 et

379 1390 661 1471 prosequi
708 1390 1104 1454 ambaxatam
1171 1391 1357 1454 istam
1420 1410 1527 1473 pro
1590 1408 1709 1454 non
1755 1390 2144 1470 impediendo
2191 1388 2353 1454 facta
2400 1393 2581 1466 terre,
2634 1392 3002 1454 reservando
3049 1392 3103 1453 ei

382 1477 479 1540 vel
522 1477 610 1541 eis
656 1478 955 1561 regimen,
1003 1481 1077 1541 ut
1121 1480 1220 1541 est
1261 1479 1516 1543 iustum.
1567 1477 1672 1555 81,
1720 1477 1798 1540 de
1848 1494 1967 1540 non
2019 1478 2078 1553 f),
2129 1496 2247 1541 non
2288 1476 2513 1541 sinceri
2561 1476 2621 1540 2.

581 1563 856 1629 Ellectus
924 1565 1280 1629 ambaxator
1347 1564 1428 1629 ad
1494 1569 1699 1647 partes
1767 1564 2119 1645 Hungarie:
2186 1566 2297 1629 Ser
2363 1565 2691 1629 Ber-tucius
2740 1564 3104 1643 Contareno,

371 1650 667 1717 refutavit
734 1670 875 1716 cum
941 1671 1115 1735 pena.
1164 1652 1276 1718 Ser
1342 1653 1567 1717 Petrus
1635 1652 1838 1735 Aymo
1883 1651 2233 1730 advocator,
2297 1651 2590 1716 refutavit
2635 1654 2882 1734 propter
2928 1655 3103 1717 infir·

371 1740 684 1804 mitatem.
734 1737 849 1804 Ser
895 1740 1242 1805 Bernardus
1282 1740 1655 1824 Bragadino,
1704 1738 1999 1803 refutavit
2045 1757 2183 1803 curn
2210 1759 2379 1822 pena.
2419 1738 2529 1803 Ser
2562 1738 2843 1803 Marinus
2877 1739 3102 1818 Memo,

369 1825 669 1891 refutavit
710 1845 852 1890 cum
899 1844 1077 1908 pena.

461 1934 640 1994 Misti
682 1934 1034 1996 XXXVII.
1087 1936 1233 2015 124,
1280 1951 1322 1993 u
1366 1935 1525 1995 mlet.
1574 1935 1809 2004 arkivu,

660 2140 1103 2226 CCLXIX.
1162 2142 1368 2224 Gon.
1425 2141 1647 2225 1382.
1702 2140 1754 2220 6
1808 2142 2240 2242 proeium,
2293 2165 2352 2223 ιι
2406 2140 2800 2224 meteih.

378 2284 543 2344 Rada·
567 2286 770 2345 bolesti
790 2286 1059 2346 odric-itm
1089 2288 1274 2346 Petar
1303 2285 1480 2346 Aimo
1510 2287 1585 2346 od
1620 2286 1913 2362 duinosti,
1946 2287 2025 2345 da
2055 2287 2169 2346 kao
2190 2287 2476 2359 poseanik
2504 2286 2684 2359 podje
2713 2303 2752 2345 u
2797 2285 3099 2359 Uyarsku.

585 2387 773 2452 1382.
823 2388 921 2452 die
968 2389 1057 2452 Vl
1103 2387 1465 2453 decembris,
1537 2387 1767 2470 Capta:
1818 2389 1977 2470 quod
2025 2389 2251 2453 nobilis
2319 2390 2411 2453 vir
2455 2408 2554 2452 ser
2600 2388 2826 2452 Petrus
2871 2387 3098 2471 Aymo,

369 2472 603 2538 electus
649 2475 1007 2540 ambaxator
1052 2477 1130 2539 ad
1178 2475 1604 2540 serenissimas
1650 2476 1934 2539 dominas
1983 2476 2226 2559 reginas
2272 2477 2636 2540 absolvatur
2682 2494 2719 2540 a
2765 2475 2934 2539 dicta
2965 2493 3103 2538 am-

368 2560 592 2626 baxata
633 2580 741 2645 pro
788 2563 1099 2646 gravitate
1148 2582 1423 2646 persone,
1471 2563 1716 2628 iurante
1765 2565 1897 2646 ipso
1945 2582 2194 2628 causam
2245 2582 2376 2628 esse
2426 2582 2658 2628 veram.

457 2670 635 2729 Misti
686 2670 1036 2733 XXXVII.
1087 2674 1232 2743 125,
1279 2690 1320 2730 u
1367 2672 1520 2731 mlet.
1567 2673 1803 2732 arkivu.

660 2891 1031 2975 CCLXX
1111 2895 1319 2977 God.
1375 2895 1602 2978 1382.
1661 2894 1757 2977 16
1810 2895 2243 2995 prosinca,
2295 2918 2354 2976 u
2409 2895 2796 2977 Mletcih.

813 3039 1201 3098 Poslanikom
1244 3056 1319 3098 za
1377 3040 1654 3114 Uyarsku
1689 3039 2025 3112 poscit-uben
2059 3040 2252 3112 jedan
2298 3042 2621 3099 tumacm‘lc.

579 3139 771 3203 1382.
821 3139 1155 3205 indictione
1202 3141 1311 3219 VI,
1360 3141 1459 3205 die
1513 3141 1592 3205 16
1639 3142 2003 3206 decembris
2065 3140 2433 3219 consiliarii,
2489 3141 2696 3222 capita
2741 3141 2805 3204 et
2851 3140 3094 3223 sapien-

361 3229 476 3291 tes.
507 3225 734 3307 Capta:
763 3245 904 3290 cum
932 3229 1177 3291 omnino
1202 3230 1285 3292 sit
1309 3229 1723 3294 necessarium
1744 3230 1969 3293 nostris
1993 3229 2496 3294 ambaxatoribns
2515 3229 2697 3292 ituris
2724 3228 2801 3291 ad
2828 3228 3095 3292 serenis·

360 3316 554 3379 simas
615 3314 891 3377 dominas
945 3314 1190 3396 reginas
1251 3315 1474 3381 habere
1533 3337 1723 3381 unum
1787 3316 2188 3398 interpretem
2249 3335 2359 3399 pro
2422 3317 2578 3380 bono
2638 3314 2981 3392 ambaxate,
3032 3317 3097 3379 et

358 3404 489 3466 sine
535 3420 654 3485 quo
704 3400 898 3465 facere
967 3419 1086 3464 non
1149 3408 1406 3484 possunt
1470 3404 1594 3468 ullo
1656 3407 1855 3480 modo,
1904 3408 1968 3466 et
2000 3406 2125 3466 tres
2171 3422 2454 3475 saumas;
2507 3404 2675 3467 vadit
2721 3421 2887 3483 pars,
2935 3401 3092 3484 quod

363 3508 621 3571 expense
668 3489 817 3553 dicti
884 3489 1241 3571 interpretis
1307 3491 1372 3553 et
1431 3510 1786 3555 saumarum
1852 3490 1982 3554 fieri
2032 3492 2272 3571 possint
2317 3496 2380 3554 et
2424 3494 2552 3555 sint
2585 3491 2750 3554 ultra
2794 3508 3089 3571 expensas

368 3579 552 3642 dictis
602 3577 826 3640 nostris
870 3576 1372 3641 ambaxatoribus
1419 3579 1741 3642 limitatas
2516 3613 2519 3615 >

448 3686 628 3744 Misti
681 3679 1028 3743 XXXVII.
1075 3687 1220 3754 125,
1265 3704 1305 3744 u
1351 3687 1506 3746 mlet.
1556 3689 1793 3745 arkivu.

691 3906 1137 3989 CCLXXI.
1193 3906 1402 3988 God.
1456 3835 1674 3989 {383
1731 3906 1781 3987 2
1835 3906 2189 4008 sicema,
2244 3929 2303 3987 u
2360 3907 2753 3988 Mletcih.

841 4053 1224 4111 Poslam'kom
1267 4070 1343 4111 za
1400 4052 1675 4125 Uyarsku
1722 4052 2002 4124 odredjen
2046 4053 2154 4111 rok
2198 4067 2272 4110 za
2318 4044 2592 4109 odlazak.

571 4153 758 4218 1382.
805 4154 904 4219 die
950 4156 1220 4219 secunda
1266 4154 1550 4218 ianuarii.
1600 4153 1975 4218 Consiliarii.
2012 4154 2239 4237 Capta:
2285 4154 2434 4234 quia
2471 4157 2565 4217 est
2595 4155 2671 4215 de
2721 4153 3086 4218 necessitate

351 4238 500 4302 dare
525 4242 969 4322 expeditionem
996 4242 1503 4306 ainbaxatoribus
1550 4244 1781 4304 nostris
1812 4243 1991 4305 ituris
2019 4243 2092 4304 ad
2120 4242 2552 4303 serenissimas
2602 4242 2881 4305 dominas
2930 4243 3087 4322 regi-

353 4345 465 4389 nas
511 4329 833 4410 Hungarie
875 4335 939 4392 et
984 4348 1103 4393 non
1153 4330 1404 4410 perdere
1453 4333 1738 4409 tempus;
1789 4329 1959 4392 vadit
2022 4346 2183 4408 pars,
2249 4328 2406 4408 quod
2456 4327 2609 4390 dicti
2653 4328 3085 4392 ambaxatores

352 4415 602 4478 omnino
664 4419 991 4480 teneantur
1053 4416 1335 4480 recedere
1403 4419 1466 4479 et
1531 4416 1621 4479 ire
1692 4416 1766 4478 ad
1839 4434 2015 4478 suam
2087 4417 2475 4479 ambaxatam
2550 4434 2743 4495 usque
2812 4415 3087 4479 medium

349 4503 581 4565 mensis
629 4504 933 4584 presentis
982 4504 1236 4567 ianuarii
1288 4504 1405 4566 sub
1451 4521 1606 4584 pena
1662 4502 1960 4565 librarum
2012 4500 2058 4564 C
2106 4520 2212 4581 pro
2259 4501 2553 4581 quolibet,
2605 4519 2789 4584 quam
2837 4504 3089 4585 exigant

346 4587 747 4652 advocatores
815 4591 1182 4665 communis,
1254 4591 1533 4653 habendo
1600 4593 1842 4671 partem
1907 4593 1978 4651 ut
2042 4590 2116 4651 de
2160 4588 2303 4651 aliis
2351 4590 2445 4651 sui
2495 4587 2702 4652 officii.

429 4696 611 4755 Misti
661 4694 1011 4755 XXXVII.
1065 4699 1210 4775 126,
1257 4716 1299 4756 u
1344 4700 1497 4756 mlet.
1549 4698 1785 4756 arkivu.
