3620 5282
553 343 686 408 404

551 518 969 584 reconciliatio
1014 518 1318 581 tractetur
1365 517 1552 580 etiam
1605 535 1710 597 pro
1757 516 1951 593 nobiS,
2004 515 2092 580 ita
2133 516 2291 597 quod
2364 533 2484 581 non
2532 535 2960 582 remaneamus
3030 518 3155 583 soli
3240 517 3312 581 in

552 625 776 690 guerra
826 655 841 669 .
892 652 906 667 .
957 655 969 667 .
1024 654 1038 668 .

762 726 984 791 Modus
1032 744 1186 797 vero,
1233 744 1375 788 cum
1424 743 1545 806 quo
1591 731 1754 791 esset
1801 731 2014 791 nostra
2059 726 2325 791 intencio
2389 727 2676 792 devenire
2740 730 2814 793 ad
2880 748 3087 810 pacem
3137 747 3299 792 cum

551 815 813 879 Turchis
862 812 1176 895 predictis,
1227 816 1392 875 esset
1435 815 1768 878 secundum
1799 815 1956 898 quod
2005 815 2390 897 temporibus
2427 816 2744 897 preteritis
2777 836 3018 897 semper
3049 818 3309 881 fuimus

552 911 614 967 et
660 902 950 966 stetimus
998 920 1136 964 cum
1189 901 1365 981 patre
1412 905 1475 963 et
1520 920 1660 964 cum
1711 921 1800 977 eo,
1851 906 1914 967 et
1959 902 2300 966 secundum
2349 904 2509 984 quod
2560 906 2763 967 videre
2828 904 3111 985 poteritis
3192 922 3310 984 per

550 991 847 1065 formam,
948 1006 1132 1069 quam
1227 988 1501 1051 obtinuit
1592 989 1684 1052 vir
1751 990 1977 1053 nobilis
2058 1008 2155 1053 ser
2229 990 2594 1055 Franciscus
2671 992 2929 1070 Quirino
3005 991 3083 1056 ab
3173 993 3308 1054 isto

553 1079 764 1142 Basito
814 1128 827 1140 .
878 1122 893 1139 .
946 1126 961 1139 .
1011 1125 1025 1139 .

762 1181 989 1244 Verum
1041 1179 1186 1260 quia
1230 1180 1426 1260 possit
1473 1197 1812 1257 occurrere,
1861 1181 2013 1261 quod
2063 1179 2197 1262 ipse
2249 1182 2497 1245 Basitns
2541 1182 2637 1247 vel
2685 1184 2778 1245 sui
2813 1182 3042 1246 facient
3076 1185 3306 1265 requi-

548 1270 836 1334 sitionem
886 1270 949 1331 et
997 1268 1376 1330 mentionem
1427 1269 1499 1330 de
1534 1268 1795 1345 duobus,
1833 1271 1896 1331 et
1928 1268 2128 1349 primo
2162 1267 2238 1331 de
2273 1269 2531 1333 volendo
2575 1268 2807 1333 habere
2840 1288 3051 1351 pacem
3086 1272 3304 1334 etiam

552 1357 873 1420 nobiscum
923 1355 983 1418 in
1034 1355 1209 1425 muri,
1260 1358 1322 1417 et
1368 1354 1661 1417 similiter
1697 1355 1863 1418 sicut
1909 1355 2061 1420 alias
2111 1356 2283 1427 dixit.
2336 1358 2407 1419 de
2442 1377 2558 1421 non
2595 1358 2852 1421 volendo
2885 1359 3029 1420 dare
3066 1375 3300 1437 pacem

552 1445 700 1508 locis
753 1464 858 1524 per
906 1461 1014 1504 nos
1057 1443 1131 1504 de
1183 1460 1335 1505 novo
1383 1443 1723 1524 acquisitiS,
1772 1445 1957 1524 prout
2005 1446 2151 1506 suut
2220 1443 2509 1507 civitates
2577 1444 2784 1526 Argos
2853 1448 2915 1508 et
2964 1444 3300 1525 Neapolis„

549 1532 955 1606 Athenarum,
1006 1530 1323 1603 Durachii,
1376 1536 1439 1592 et
1486 1528 1751 1604 Scutari,
1801 1529 1944 1611 quia
1990 1531 2240 1601 diceret,
2291 1533 2444 1611 quod
2512 1531 2713 1595 forent
2782 1551 2911 1606 sua,
2995 1537 3060 1595 et
3124 1533 3294 1614 quod

552 1623 697 1683 suut
745 1640 851 1682 sue
904 1618 1264 1685 venationis,
1314 1624 1382 1678 ut
1430 1616 1652 1679 solitus
1703 1619 1799 1679 est
1846 1617 2066 1693 dicere,
2117 1617 2194 1680 ad
2227 1618 2349 1681 ista
2384 1619 2667 1682 volumus
2700 1620 2859 1700 quod
2896 1619 3297 1681 vicebaiulus

551 1710 760 1771 noster
808 1725 913 1768 seu
960 1705 1139 1781 aliuS,
1190 1703 1292 1785 qui
1337 1703 1414 1765 ad
1462 1704 1575 1767 hoc
1623 1706 1755 1773 iret,
1804 1706 2023 1767 debeat
2068 1706 2450 1785 respondere,
2502 1706 2663 1788 quod
2712 1709 2831 1770 iam
2871 1706 3069 1769 multo
3122 1710 3292 1770 tem·

552 1814 699 1877 pore
742 1812 881 1856 cum
932 1790 1465 1873 predecessoribus
1515 1792 1801 1854 omnibus
1846 1792 1974 1854 suis
2022 1794 2086 1854 et
2132 1811 2362 1869 secum,
2412 1796 2463 1856 si
2515 1796 2668 1857 bene
2734 1795 3107 1867 recordatur,
3178 1812 3292 1855 nos

551 1883 783 1946 fuimus
835 1878 1062 1963 pluries
1111 1880 1185 1941 ad
1238 1880 1355 1941 ista
1404 1878 1731 1960 colloquia,
1784 1881 1850 1943 et
1895 1899 2135 1960 semper
2183 1898 2395 1944 omnes
2441 1881 2534 1944 sui
2607 1888 2671 1945 et
2740 1881 3105 1963 magnitudo
3173 1899 3288 1943 sua

551 1970 668 2034 fuit
735 1970 1043 2043 contenta,
1116 1966 1276 2047 quod
1347 1967 1407 2028 in
1481 1969 1636 2030 mari
1711 1985 1825 2029 non
1873 1966 2242 2030 haberemus
2292 1986 2501 2048 pacem
2549 1987 2781 2045 secum,
2831 1988 3015 2049 quam
3067 1987 3281 2049 pacem

550 2075 860 2138 nunquam
910 2055 1240 2117 habuimus
1288 2071 1426 2116 cum
1476 2054 1685 2134 aliqua
1733 2055 1981 2117 natione
2045 2074 2281 2136 pagana
2343 2055 2440 2118 vel
2499 2056 2859 2131 christiana,
2926 2074 3075 2119 nam
3130 2056 3286 2118 bene

552 2146 805 2207 scivisse
853 2146 915 2204 et
960 2142 1116 2204 scire
1190 2145 1410 2222 potest,
1489 2144 1646 2221 quod
1724 2146 1928 2205 nostre
2006 2142 2181 2223 galee
2233 2144 2292 2205 in
2342 2143 2831 2225 quibuscumque
2880 2144 3169 2223 partibus
3218 2143 3278 2205 in

555 2232 713 2296 mari
761 2235 1165 2312 persecuntur
1214 2228 1446 2308 piratas
1497 2232 1558 2291 et
1590 2230 1941 2309 predatores
1980 2231 2190 2305 maris,
2226 2229 2457 2293 multos
2490 2250 2749 2312 quorum
2805 2230 2993 2293 etiam
3030 2231 3285 2294 christi-

549 2337 699 2382 anos
748 2317 1127 2398 temporibus
1176 2317 1403 2378 nostris
1454 2317 1607 2377 mori
1655 2314 1917 2379 fecimus
1971 2365 1983 2378 .
2035 2363 2046 2373 .
2093 2364 2106 2378 .
2154 2317 2310 2380 Loca
2355 2336 2464 2398 per
2507 2336 2615 2380 nos
2666 2318 2906 2380 noviter
2953 2319 3283 2399 acquisita,

550 2408 716 2469 sicut
757 2405 908 2468 bene
957 2422 1137 2466 nosce
1189 2406 1410 2483 potest,
1462 2422 1570 2466 nos
1621 2402 1779 2466 iuste
1827 2402 2153 2466 habuimus
2201 2406 2264 2467 et
2309 2406 2733 2485 aquisivimuS,
2787 2413 2850 2468 et
2882 2405 2959 2467 ab
2995 2405 3150 2475 illis,
3184 2405 3286 2488 qui

553 2493 806 2556 iuridice
854 2490 964 2554 illa
1014 2494 1299 2570 poterant
1349 2489 1523 2553 nobis
1573 2490 1716 2552 dare
1765 2495 1830 2552 et
1876 2509 2131 2571 quorum
2181 2495 2375 2566 erant,
2439 2511 2546 2555 nec
2611 2511 2881 2573 unquam
2931 2493 3284 2574 accepimus

552 2582 801 2644 unicum
852 2578 1142 2659 lapidem,
1192 2578 1295 2660 qui
1345 2577 1502 2640 foret
1549 2578 1609 2639 in
1641 2579 1960 2660 pontentia
1994 2582 2056 2640 et
2104 2580 2405 2659 potestate
2448 2598 2558 2643 sua
2605 2598 2716 2641 nec
2747 2580 3130 2659 accipiemus
3165 2630 3180 2641 .
3215 2626 3229 2641 .
3267 2626 3280 2639 .

757 2683 1011 2762 Quando
1060 2694 1265 2746 autem
1316 2686 1516 2745 staret
1562 2688 1849 2746 constans
1898 2683 1972 2746 de
2009 2683 2267 2747 nolendo
2301 2684 2614 2747 includere
2647 2686 2856 2748 omnia
2899 2685 3034 2748 loca
3071 2693 3281 2749 nostra

548 2777 756 2837 vetera
803 2777 864 2833 et
915 2788 1089 2843 nova,
1139 2776 1203 2833 et
1249 2769 1323 2832 de
1376 2770 1628 2833 volendo
1677 2789 1886 2850 pacem
1938 2771 2283 2851 generalem
2335 2773 2393 2833 in
2446 2778 2613 2835 terra
2662 2775 2821 2836 etin
2857 2772 3012 2835 mari
3066 2822 3080 2834 .
3138 2824 3149 2835 .
3205 2823 3217 2834 .

548 2860 732 2935 dicat,
783 2858 941 2940 quod
987 2858 1151 2920 istud
1202 2857 1371 2920 nullo
1421 2857 1601 2922 modo
1650 2857 1847 2921 facere
1896 2863 2104 2939 posset
2174 2859 2306 2922 sine
2378 2863 2581 2923 nostro
2644 2858 2898 2940 speciali
2966 2860 3280 2933 mandato,

547 2947 654 3011 sed
702 2947 854 3027 quod
907 2945 1139 3008 scribet
1188 2956 1394 3025 presto
1444 2945 1635 3014 nobis,
1685 2949 1747 3007 et
1794 2946 2150 3026 expectabit
2193 2949 2462 3009 nostram
2501 2948 2983 3027 responsionem.
3035 2947 3275 3010 Verum

548 3036 609 3098 in
661 3034 775 3097 hoc
823 3052 965 3096 casu
1012 3052 1288 3095 essemus
1339 3032 1511 3094 valde
1561 3033 1858 3107 contenti,
1919 3032 2079 3113 quod
2141 3035 2270 3096 tarn
2338 3033 2620 3096 dominus
2687 3037 3020 3114 imperator
3088 3052 3274 3115 quam

544 3121 891 3186 Januenses
940 3118 1254 3183 differrent
1300 3122 1375 3181 ad
1425 3120 1922 3183 concordandum
1971 3140 2054 3193 se,
2106 3120 2298 3183 donec
2346 3123 2711 3202 respondere
2752 3139 3080 3203 possemus
3134 3172 3146 3183 .
3199 3169 3213 3182 .
3262 3170 3274 3183 .

544 3209 785 3291 quando
833 3211 1037 3270 autem
1091 3208 1205 3287 ipsi
1257 3207 1507 3279 vollent,
1554 3210 1699 3269 tunc
1751 3205 2072 3286 permittat
2122 3208 2283 3287 ipsos
2318 3210 2693 3284 concludere,
2731 3216 2796 3272 et
2826 3210 3064 3272 scribas
3107 3207 3284 3272 nobis

553 3298 845 3360 distincte
890 3298 1117 3370 omnia,
1167 3313 1284 3376 que
1338 3294 1498 3357 facta
1545 3294 1772 3358 fuerint
1823 3343 1836 3355 .
1889 3344 1901 3356 .
1951 3343 1963 3355 .
2017 3345 2030 3357 .

758 3402 1046 3463 Preterea
1092 3401 1234 3479 quia
1282 3400 1758 3474 consideramus,
1809 3400 1971 3481 quod
2021 3400 2093 3462 de
2140 3398 2262 3462 levi
2311 3403 2522 3480 posset
2552 3419 2703 3474 esse,
2739 3401 2901 3482 quod
2934 3400 3286 3480 imperator

547 3485 866 3551 Chaloiani
914 3506 1098 3568 nepos
1169 3488 1559 3568 imperatoris
1609 3487 2030 3551 Chiermanuli
2082 3488 2376 3550 intrasset
2421 3486 2484 3550 in
2535 3487 2791 3568 imperio
2841 3507 2947 3550 seu
2995 3489 3288 3560 intraret,

548 3577 710 3656 quia,
762 3578 831 3637 ut
877 3576 1198 3654 sentimus,
1250 3575 1501 3637 Basitus
1552 3576 1792 3638 videtur
1841 3575 2171 3655 dispositus
2221 3593 2339 3638 non
2386 3576 2612 3638 habere
2663 3592 2874 3653 pacem
2913 3594 3132 3639 secum
3169 3574 3288 3637 nisi

547 3663 858 3744 relinquat
905 3662 1257 3742 imperium,
1307 3661 1696 3726 comittimus
1746 3663 1882 3737 tibi,
1932 3662 2092 3743 quod
2138 3662 2198 3724 in
2227 3663 2345 3725 isto
2379 3680 2520 3726 casu
2555 3667 2621 3724 tn
2656 3663 2885 3725 habeas
2920 3663 3285 3725 libertatem

543 3750 932 3831 comparendi
982 3751 1055 3814 ad
1107 3751 1479 3830 presentiam
1530 3768 1725 3824 suam,
1776 3750 1840 3811 et
1884 3747 2050 3813 facta
2096 3750 2470 3814 salutatione
2539 3753 2601 3812 et
2669 3749 2984 3814 oblatione
3054 3751 3287 3824 solitis,

550 3838 838 3901 retractis
888 3837 1014 3901 illis
1064 3836 1270 3900 verbis
1310 3838 1542 3900 amoris
1590 3839 1652 3898 et
1696 3835 2125 3911 benivolentie,
2177 3856 2293 3917 que
2340 3837 2676 3900 secundum
2725 3841 2978 3916 tempus
3031 3839 3149 3901 tibi
3201 3835 3291 3898 vi-

546 3926 871 4000 debuntur,
922 3923 1226 4006 requirere
1273 3926 1495 3988 debeas
1543 3925 1614 3986 de
1662 3925 2056 3986 renovatione
2127 3924 2375 3986 illarum
2450 3927 2830 4006 treguarum,
2905 3944 3064 4005 quas
3130 3924 3288 3987 alias

542 4011 692 4075 fecit
767 4016 829 4074 et
904 4012 1226 4074 renovavit
1302 4030 1511 4074 secum
1567 4012 1824 4074 condam
1907 4012 1996 4073 vir
2043 4011 2267 4074 nobilis
2339 4031 2435 4074 ser
2485 4012 2852 4075 Franciscus
2902 4012 3181 4075 Fusculo
3228 4011 3287 4073 in

544 4099 758 4174 forma,
809 4118 993 4179 quam
1046 4099 1158 4160 tibi
1208 4118 1315 4179 pro
1365 4102 1471 4161 tua
1522 4097 1951 4160 informatione
2022 4097 2281 4161 fecimus
2351 4098 2621 4161 exbiberi
2670 4146 2684 4160 .
2736 4147 2751 4158 .
2803 4149 2817 4163 .
2872 4148 2882 4159 .
2937 4101 3034 4162 De
3109 4102 3289 4180 parte

543 4186 648 4262 58,
700 4206 818 4249 nou
872 4188 981 4262 11τ
1024 4205 1139 4248 non
1190 4186 1410 4247 sinceri
1466 4184 1565 4247 14.

632 4294 869 4356 Secreta
919 4294 1171 4354 Consilii
1219 4294 1582 4367 Royatorum
1631 4294 1709 4352 R.
1763 4295 1907 4367 146,
1956 4310 1997 4349 u
2043 4295 2195 4353 mlet.
2244 4295 2477 4352 arkivu.
