3620 5282
517 379 605 445 92

520 557 810 639 scopatus
858 557 1052 622 Lesne
1097 558 1164 621 et
1209 556 1399 622 etiam
1448 576 1588 622 cum
1635 576 1847 622 eorum
1894 557 2203 641 potestate
2248 575 2345 620 ser
2393 555 2609 621 Sclavo
2642 555 2907 631 Bollani,
2955 571 3103 636 quas
3129 572 3240 617 ex—

517 646 688 726 pedit
734 645 1070 723 reformari,
1122 647 1441 727 propterea
1486 645 1634 709 visis
1684 649 1747 710 et
1788 664 1926 710 cum
1984 646 2151 708 omui
2213 644 2535 727 diligentia
2602 641 2964 707 examinatis
3026 660 3234 706 eorum

518 732 1016 816 allegationibuS,
1068 732 1623 809 testificationibuS,
1694 734 2075 815 processibus
2140 735 2203 796 et
2265 734 2592 814 scripturis
2652 730 2971 812 utriusque
3016 730 3233 812 partis,

520 824 584 884 et
629 837 737 903 per
782 823 1117 904 scripturas
1178 822 1486 903 predictas
1546 820 1878 904 diligenter
1941 823 2247 903 inspectas
2310 821 2613 884 habeatur
2685 823 2749 883 et
2811 820 3228 902 cognoscatur,

519 911 675 990 quod
724 910 1088 992 principium
1115 909 1294 974 huius
1342 912 1406 973 et
1451 910 1750 973 deffectus
1791 910 1977 974 fuerit
2009 928 2194 974 causa
2231 909 2554 991 potestatis
2586 907 2869 990 predicti,
2918 925 3233 988 perquem

523 998 621 1061 est
664 999 864 1079 primo
911 1015 1269 1080 processum
1317 1001 1531 1062 cont-ra
1573 1017 1671 1062 ser
1716 997 1937 1062 Nicola
1982 999 2055 1062 de
2103 996 2408 1074 Comolze,
2459 1016 2557 1061 ser
2604 995 2810 1060 Vitale
2843 995 3118 1078 Bogdani
3166 997 3230 1057 et

520 1103 618 1148 ser
665 1086 966 1150 Luchsam
1017 1084 1403 1169 Sclavogosti
1449 1086 1610 1150 cives
1656 1087 1812 1150 Fare
1860 1089 1923 1150 et
1969 1086 2162 1149 Braze
2208 1087 2273 1149 in
2317 1085 2493 1149 libris
2541 1083 2893 1167 quingentis
2935 1101 3044 1165 pro
3086 1101 3234 1164 quo-

518 1172 675 1246 libet
704 1175 768 1237 et
811 1193 915 1256 per
962 1174 1169 1239 decem
1211 1192 1402 1238 annos
1448 1175 1575 1238 fore
1600 1175 1937 1238 confinatos
1974 1177 2146 1237 extra
2170 1173 2521 1237 dist-rictum
2562 1172 2717 1236 Fare
2763 1174 2826 1236 et
2872 1172 3064 1234 Braze
3110 1174 3227 1234 etc.

520 1262 702 1343 prout
743 1261 807 1325 in
856 1262 986 1342 ipso
1032 1280 1319 1344 processu
1366 1263 1559 1327 lacius
1605 1262 1976 1339 continetur,
2025 1266 2089 1326 et
2133 1261 2246 1326 hoc
2296 1259 2509 1325 fecerit
2568 1258 2882 1343 predictus
2928 1259 3231 1341 potestaS,

515 1347 662 1429 quia
709 1349 967 1430 predicti
1035 1369 1098 1414 se
1146 1351 1609 1415 intromiserunt
1664 1353 1877 1414 contra
1942 1349 2272 1432 quamdam
2333 1351 2574 1431 partem
2622 1348 2677 1412 ei
2732 1347 3072 1412 atributam
3120 1365 3230 1428 per

520 1436 751 1500 iudices
800 1440 862 1501 ct
909 1438 1256 1515 consilium,
1307 1459 1415 1521 per
1462 1458 1644 1520 quam
1694 1439 1902 1502 nullus
1950 1440 2295 1501 mundanus
2358 1457 2424 1501 se
2493 1436 2905 1500 intromittere
2967 1434 3232 1499 debebat

523 1525 583 1587 in
628 1544 785 1606 pena
831 1525 1129 1589 librarum
1180 1527 1235 1589 V
1283 1528 1529 1590 centum
1569 1545 1677 1626 pro
1725 1527 2031 1607 quolibet,
2097 1530 2167 1589 ut
2212 1529 2308 1589 est
2353 1525 2621 1602 dictum,
2685 1526 2748 1587 et
2795 1523 3019 1600 etiarn,
3087 1522 3232 1603 quia

521 1614 706 1677 verba
755 1614 956 1677 multa
996 1615 1424 1696 inceeratoria
1475 1615 1769 1679 iniuriosa
1815 1617 1879 1678 et
1922 1614 2244 1678 inhonesta
2287 1612 2362 1678 de
2406 1612 2652 1677 domino
2712 1607 3019 1694 potestate
3065 1611 3232 1675 dixe·

518 1702 681 1776 runt,
733 1720 946 1766 versus
993 1703 1198 1784 ipsum
1249 1702 1519 1766 insultus
1565 1702 1805 1785 aliquos
1853 1701 2182 1780 facientes,
2250 1704 2315 1764 ut
2365 1701 2429 1765 in
2494 1699 3033 1764 testificationibus
3100 1699 3227 1762 suis

515 1783 759 1870 plenius
809 1791 904 1853 est
951 1789 1314 1871 probatum·
1371 1791 1478 1854 sed
1523 1791 1737 1854 habito
1782 1791 2097 1872 respectu,
2154 1789 2318 1871 quod
2382 1788 2640 1871 predicti
2689 1791 2752 1851 et
2795 1786 3227 1868 infrascriptus

515 1876 1000 1960 archidyaconus
1047 1896 1165 1942 non
1207 1880 1544 1942 meruerint
1588 1881 1831 1942 tantam
1879 1895 2119 1960 penam,
2164 1879 2226 1942 et
2271 1876 2760 1952 consideranteS,
2811 1876 2969 1958 quod
3015 1893 3233 1957 procu-

516 1964 739 2028 rabant
775 1964 849 2030 de
896 1965 1193 2030 electione
1240 1968 1625 2048 episcopatus
1669 1965 1932 2048 predicti
1972 1985 2079 2048 pro
2110 1965 2373 2047 dompno
2418 1965 2621 2039 Helia,
2671 1965 2792 2046 qui,
2843 1968 2913 2027 ut
2957 1969 3054 2027 est
3089 1980 3223 2027 ma-

518 2052 834 2132 nifestum,
887 2054 1006 2118 fuit
1051 2057 1115 2118 et
1159 2056 1255 2117 est
1301 2054 1740 2118 dominationis
1791 2053 2011 2129 karUS,
2062 2053 2391 2118 consulunt
2448 2056 2511 2116 et
2570 2051 2783 2116 volunt
2843 2050 3230 2115 concorditer

513 2141 839 2223 sapienteS,
888 2144 956 2206 ut
997 2161 1207 2206 eorum
1255 2162 1410 2225 pena
1457 2160 1573 2207 non
1619 2145 1896 2206 transeat
1941 2142 2219 2206 totaliter
2263 2140 2602 2222 impunita,
2669 2144 2732 2203 et
2776 2139 2935 2223 quod
2982 2156 3227 2203 causam

515 2228 782 2293 habeant
829 2230 944 2293 sub
993 2230 1135 2313 iugo
1179 2230 1347 2293 rendi
1397 2230 1587 2294 etiam
1635 2230 1879 2294 timoris
1940 2229 2232 2307 dominii,
2288 2229 2443 2311 quod
2490 2227 2802 2310 predictus
2863 2246 2962 2292 ser
3010 2225 3229 2291 Nicola

513 2318 714 2398 primo
762 2321 947 2400 caput
993 2318 1408 2400 predictorum
1458 2318 1801 2400 promptior
1848 2319 1908 2381 ιιι
1955 2319 2094 2382 istis
2142 2335 2328 2400 quam
2390 2317 2497 2379 alii
2551 2316 2754 2380 solvat
2814 2314 3004 2380 libras
3052 2314 3228 2379 XXV

513 2409 576 2467 et
624 2405 953 2472 banniatur
999 2425 1107 2487 ρει
1169 2406 1370 2469 totum
1435 2405 1684 2487 tempus
1745 2405 2065 2486 regiminis
2130 2406 2454 2488 potestatis
2515 2403 2817 2486 p1esentis
2880 2422 2978 2467 ser
3026 2402 3229 2467 Sclavi

409 2491 440 2522 f
518 2491 783 2570 Bollani,
834 2495 895 2558 et
941 2494 1050 2557 alii
1094 2493 1211 2558 duo
1258 2495 1499 2558 solvant
1543 2495 1733 2558 libias
1776 2494 1835 2557 X
1882 2511 1989 2575 pro
2037 2494 2314 2576 quolibet
2359 2495 2421 2556 et
2469 2493 2836 2555 banniantur
2876 2511 2983 2573 per
3026 2493 3226 2555 totum

512 2582 758 2665 tempus
806 2582 1096 2647 similiter
1141 2582 1462 2665 regiminis
1507 2583 1837 2666 potestatis
1884 2581 2147 2665 predict-i
2179 2583 2352 2647 extra
2382 2580 2728 2646 districtum
2754 2580 2904 2644 Fare
2929 2582 2994 2644 et
3017 2579 3225 2644 Braze.

513 2669 675 2735 Vero
723 2690 861 2735 cum
911 2670 1389 2755 archidyaconus
1436 2670 1744 2752 predictus
1807 2689 1914 2753 per
1960 2671 2161 2754 ipsum
2225 2670 2538 2734 dominum
2600 2671 2973 2751 potestatem
3040 2667 3226 2732 fuerit

512 2756 807 2823 similiter
853 2761 1337 2841 condempnatus
1386 2760 1448 2822 in
1494 2760 1669 2822 libris
1719 2758 1764 2823 C
1816 2761 2062 2842 propter
2107 2758 2315 2841 aliqua
2356 2758 2544 2823 verba
2603 2757 2895 2822 iniuriosa
2941 2758 3006 2820 et
3049 2755 3220 2819 inho-

516 2849 689 2910 nesta
736 2867 844 2930 per
885 2867 1025 2912 eum
1076 2847 1240 2911 dicta
1287 2846 1529 2912 domino
1575 2848 1899 2930 potestati,
1962 2849 2026 2911 et
2070 2846 2194 2911 fore
2254 2845 2541 2909 bannitus
2587 2865 2693 2927 per
2737 2847 2937 2909 toturn
2984 2848 3226 2925 tempus

391 2995 395 2999 ,
511 2934 786 3018 episcopi
833 2935 1047 3012 futuri,
1091 2954 1161 2999 ac
1201 2936 1387 2999 etiam
1435 2936 1579 3017 quia
1624 2935 1854 2999 multos
1901 2938 2074 2999 actus
2115 2934 2311 2998 malos
2337 2953 2549 2999 versus
2594 2934 2827 2998 dictum
2854 2935 3227 3015 potestatem

513 3022 681 3098 fecit,
732 3025 803 3087 ut
847 3023 910 3086 ιιι
956 3042 1243 3105 processu
1289 3024 1519 3087 domini
1567 3025 1895 3105 potestatis
1941 3022 2320 3116 continetur
2388 3041 2570 3104 super
2614 3040 2733 3104 quo
2793 3021 3041 3104 quidem
3086 3039 3229 3103 pro-

516 3128 693 3174 cessu
743 3112 807 3175 et
853 3112 1136 3175 omnibus
1183 3112 1310 3175 suis
1356 3111 1737 3193 processibus
1800 3113 1991 3175 tertes
2052 3097 2273 3194 ydonei
2327 3110 2573 3175 fuerunt
2631 3109 2947 3193 producti,
3014 3109 3229 3174 volunt

510 3199 820 3280 sapientes
866 3199 1262 3275 concorditer,
1306 3199 1469 3281 quod
1515 3204 1587 3263 ut
1632 3198 1931 3282 equalitas
1975 3199 2137 3262 inter
2182 3217 2391 3265 omnes
2437 3198 2648 3262 debita
2706 3198 3101 3277 observetur,
3165 3198 3227 3260 et

509 3284 586 3349 ad
630 3305 881 3369 presens
928 3289 1011 3351 sit
1054 3289 1319 3370 tempus,
1369 3306 1484 3370 quo
1530 3287 1832 3351 retinendi
1896 3286 2022 3352 sint
2067 3287 2231 3351 cives
2293 3287 2353 3350 in
2401 3288 2570 3350 statu
2631 3286 2884 3369 pacifico
2947 3288 3011 3349 et
3056 3287 3227 3350 tran-

512 3372 722 3455 quillo,
767 3375 926 3456 quod
974 3375 1281 3457 predictus
1329 3375 1810 3459 archidyaconus
1864 3394 1972 3457 per
2017 3376 2346 3457 quamdam
2396 3375 2786 3452 libertatem,
2836 3393 3020 3456 quam
3067 3373 3221 3437 atri-

513 3461 649 3525 buit
694 3462 942 3527 domino
989 3463 1313 3545 potestati,
1377 3481 1495 3544 qua
1551 3484 1614 3527 se
1676 3466 1892 3546 sponte
1955 3463 2256 3544 obligavit
2307 3463 2372 3527 in
2434 3463 2561 3526 suis
2619 3463 2792 3526 bonis
2839 3462 3111 3545 paternis
3159 3464 3224 3526 et

508 3550 825 3626 maternis,
874 3550 1075 3616 solvat
1121 3551 1311 3616 libras
1357 3551 1417 3615 X
1465 3570 1812 3634 parvorum,
1861 3553 1926 3615 et
1969 3551 2257 3615 similite-r
2284 3550 2614 3615 banniatur
2658 3569 2767 3634 per
2813 3553 3009 3615 totum
3059 3555 3220 3614 tem·

511 3658 627 3720 pus
674 3639 994 3722 regiminis
1056 3640 1385 3722 potestatis
1447 3643 1619 3703 extra
1665 3641 1820 3703 Fare
1883 3641 1946 3703 et
2000 3640 2193 3704 Braze
2248 3638 2617 3705 districtum.
2687 3639 2915 3704 Omnes
2977 3639 3223 3704 suerunt

509 3725 583 3790 de
630 3732 824 3809 parte,
873 3727 949 3791 de
995 3748 1110 3791 non
1159 3728 1330 3805 VIII,
1382 3747 1495 3791 non
1546 3728 1767 3792 sinceri
1814 3728 1876 3792 Ο.

590 3818 770 3877 Misia·
820 3818 1051 3878 XXIV
1092 3822 1192 3887 90,
1240 3837 1282 3877 u
1328 3820 1542 3877 arhiv-u
1586 3819 1944 3879 mletac'kom.

911 4007 1155 4101 CXL.
1235 4007 1441 4091 God.
1496 4009 1723 4092 1348.
1777 4008 1880 4091 28
1935 4010 2264 4110 srpnja,
2316 4032 2375 4092 u
2429 4009 2820 4091 Mletc-lh.

505 4136 642 4194 Ρίἔε
688 4153 749 4193 se
774 4136 1191 4209 pom-orskomu
1237 4136 1556 4208 kapetame,
1604 4136 1683 4194 da
1718 4136 1952 4209 posalje
1987 4136 2179 4209 jedna
2220 4137 2414 4209 yalejju
2464 4155 2500 4194 ιι
2547 4135 2802 4209 Sic-ile'ju,
2865 4138 3017 4196 nelca
3060 4154 3222 4197 uzmc

894 4226 1062 4295 ujeke
1108 4242 1298 4292 novoe,
1345 4226 1525 4283 zatim
1572 4224 1652 4282 da
1694 4242 1756 4284 se
1802 4227 1977 4297 upum·
2018 4242 2089 4284 sa
2122 4225 2396 4299 aalijamel
2432 4243 2472 4282 u
2519 4224 2880 4297 Dalmaczju.

719 4343 905 4408 1348.
954 4344 1053 4408 die
1099 4344 1369 4408 XXVIII
1414 4344 1566 4419 iulii,
1613 4349 1827 4428 capta:
1875 4365 2016 4410 cum
2063 4365 2172 4428 per
2218 4345 2485 4428 gratiam
2539 4344 2639 4411 dei
2685 4347 2999 4411 contracta
3048 4346 3220 4412 Scla-

506 4431 678 4495 vonie
727 4432 811 4495 sit
859 4433 1012 4497 satis
1061 4433 1120 4496 in
1169 4434 1334 4497 statu
1383 4434 1588 4515 quieto
1651 4453 1759 4515 per
1804 4453 1894 4510 ea,
1944 4454 2058 4517 que
2124 4434 2443 4511 habentur,
2497 4438 2560 4497 et
2605 4435 2772 4497 sicut
2830 4436 3034 4516 potest
3079 4455 3216 4500 esse

504 4524 722 4584 notum
773 4521 832 4583 ιιι
881 4521 1161 4603 partibus
1210 4520 1419 4585 Sicilie
1462 4520 1547 4585 sit
1592 4522 1751 4587 bona
1799 4524 2111 4605 quantitas
2142 4523 2395 4604 pecunie
2446 4525 2509 4586 et
2552 4522 2797 4586 haveris
2831 4524 3023 4587 nostri
3050 4541 3218 4587 com-

507 4609 727 4686 muniS,
778 4608 936 4690 quod
985 4610 1293 4691 hucusque
1341 4629 1459 4673 non
1516 4610 1719 4691 potuit
1777 4610 1948 4674 mitti
2009 4631 2150 4675 cum
2214 4610 2547 4674 securitate
2607 4616 2979 4693 opportuna:
3046 4612 3217 4677 vadit

501 4715 664 4779 parS,
716 4697 1121 4762 consideratis
1164 4696 1458 4779 predictis
1507 4700 1584 4761 ad
1631 4699 1745 4763 hoc
1785 4699 1941 4781 quod
1989 4698 2219 4764 dictum
2268 4704 2548 4763 nostrum
2593 4701 2817 4764 havere
2839 4718 3050 4766 secure
3073 4719 3217 4765 con-

507 4785 767 4849 ducatur
806 4786 1102 4850 Venecias
1146 4787 1208 4849 et
1251 4805 1358 4867 pro
1404 4787 1731 4851 securitate
1795 4786 2175 4869 navigiorum
2244 4790 2589 4852 nostrorum
2647 4806 2717 4853 ac
2764 4788 2929 4853 fama
2982 4791 3213 4870 nostra,
