3620 5282
3060 404 3188 469 293

621 568 1288 654 ccccxxxw.
1362 571 1568 659 θοὰ.
1624 573 1846 658 1355.
1901 574 1997 655 16
2044 575 2476 674 prosinca,
2532 597 2591 656 u
2641 576 3032 659 Mletcih.

463 696 803 770 Zapovieda
848 715 909 755 se
942 701 1361 770 pomorslcomu
1408 701 1745 773 kapetanu,
1809 703 1888 759 da
1942 718 2004 760 se
2049 702 2229 759 uenali
2274 718 2345 759 sa
2385 702 2660 776 yalijami
2711 705 2887 775 uputi
2939 723 2980 762 u
3033 705 3181 765 Dal-

1013 787 1251 857 maciju,
1298 789 1322 844 i
1367 790 1589 860 nastojz
1632 807 1664 845 ο
1724 790 1936 847 obrani
1977 789 2312 862 omljesnjih
2354 790 2634 862 yradova.

688 922 870 985 1355.
919 922 1251 989 indictione
1297 927 1406 1003 IX,
1455 927 1555 991 die
1603 928 1752 992 XVI
1802 929 2160 992 decembris.
2226 926 2530 1005 Quattuor
2593 928 2927 994 consiliarii
2976 933 3039 995 et
3085 950 3185 996 sa-

463 1010 700 1093 pientes
745 1008 1085 1075 Sclavonie.
1135 1011 1368 1095 Capta:
1418 1033 1555 1078 cum
1605 1017 1856 1097 propter
1909 1034 2084 1090 nova,
2133 1034 2248 1097 que
2298 1034 2456 1078 nunc
2504 1016 2722 1079 habita
2766 1020 2931 1094 sunt,
2981 1019 3187 1101 requi-

462 1099 632 1162 ratur
680 1098 888 1162 subita
934 1100 1238 1182 provisi0,
1288 1106 1608 1184 propterea
1659 1102 1828 1166 vadit
1875 1122 2035 1185 pars,
2084 1101 2244 1184 quod
2308 1102 2423 1165 hac
2488 1107 2660 1167 nocte
2725 1105 3012 1169 mittatur
3058 1124 3180 1170 nna

462 1203 718 1268 persona
764 1185 1077 1251 sufficiens
1126 1189 1199 1251 ad
1248 1190 1635 1270 capitaneum
1687 1194 1963 1254 nostrum
2014 1189 2364 1272 generalem
2414 1209 2512 1254 ser
2556 1191 2938 1255 Ber-nardum
2986 1193 3186 1258 Justi-

465 1272 667 1350 niano,
716 1291 824 1354 per
871 1292 1052 1356 quam
1105 1277 1158 1340 ei
1209 1277 1633 1358 significentur
1676 1296 1831 1341 nova
1858 1276 2148 1359 predicta,
2199 1295 2316 1359 que
2346 1277 2689 1351 habentur;
2742 1282 2806 1343 et
2852 1280 3176 1345 mandetur

467 1359 665 1423 eidem
713 1362 1056 1443 capitaneo,
1105 1363 1264 1444 quod
1312 1383 1451 1428 cum
1497 1364 1694 1447 galeis
1760 1365 1877 1429 sibi
1943 1364 2244 1441 comissis,
2311 1382 2428 1428 non
2494 1364 2896 1447 intelligendo
2943 1368 3176 1449 galeas,

466 1466 583 1529 que
628 1446 878 1512 fuerunt
923 1448 999 1512 ad
1050 1454 1412 1527 mercatum,
1477 1470 1662 1534 quam
1725 1453 1917 1516 cicius
1975 1453 2234 1535 poterit,
2296 1451 2482 1516 vadat
2544 1452 2621 1516 ad
2676 1455 2873 1517 terras
2937 1458 3180 1520 nostras

471 1534 808 1613 Sclavenie,
858 1536 1143 1602 videlicet
1190 1538 1528 1620 Spalatum,
1581 1539 1952 1622 Tragurium
2002 1542 2065 1604 et
2112 1538 2297 1604 etiam
2367 1539 2743 1618 Sibinicum,
2807 1544 2859 1605 si
2911 1541 2968 1606 ei
3017 1542 3186 1607 vide-

467 1625 637 1686 retur
683 1641 816 1687 esse
863 1643 1111 1689 necesse
1158 1625 1416 1703 illucire‚
1463 1630 1528 1690 et
1573 1627 1788 1691 habita
1836 1627 2159 1693 collatione
2200 1645 2338 1691 cum
2387 1628 2728 1692 rectoribus
2776 1631 3003 1693 nostris
3043 1629 3181 1695 illa-

471 1729 607 1773 rum
655 1712 980 1788 terrarum,
1028 1716 1092 1775 et
1136 1716 1422 1794 percepta
1469 1714 1546 1777 ab
1590 1715 1678 1778 eis
1729 1716 1895 1778 omni
1942 1713 2398 1791 informacione,
2449 1734 2633 1796 quam
2680 1716 2924 1798 poterit,
2999 1736 3181 1800 super

469 1798 640 1862 novis
682 1799 973 1881 predictis
1017 1803 1079 1863 et
1123 1819 1305 1882 super
1350 1802 1824 1883 provisionibus,
1875 1821 1993 1883 que
2040 1802 2388 1866 viderentur
2437 1803 2651 1879 fiende,
2707 1803 3027 1884 provideat
3074 1823 3183 1886 per

467 1903 710 1949 omnem
762 1888 1006 1952 modum
1055 1891 1118 1951 et
1169 1889 1351 1963 viam,
1401 1890 1622 1971 quibus
1670 1890 1890 1953 melius
1938 1890 2068 1954 fieri
2118 1889 2357 1970 poterit,
2419 1909 2562 1954 cum
2625 1891 2753 1954 suis
2813 1890 3183 1956 consiliariis

467 1975 539 2037 de
584 1973 785 2038 dando
833 1974 1175 2039 subsidium
1224 1979 1287 2040 et
1330 1977 1637 2055 favorem,
1700 1978 1865 2042 sicut
1920 1972 2086 2041 'dicto
2147 1976 2468 2058 capitaneo
2529 1980 2592 2042 et
2655 1977 3026 2043 consiliariis
3069 1999 3176 2043 seu

468 2060 682 2125 maiori
733 2062 891 2144 parti
939 2081 1151 2127 eorum
1200 2063 1526 2142 videbitur,
1590 2067 1810 2129 castris
1859 2063 2068 2128 Clissii
2116 2066 2178 2128 et
2225 2062 2560 2142 Scardona,
2619 2068 2690 2129 ut
2750 2084 2814 2129 se
2869 2066 3175 2130 sustinere

467 2150 723 2230 possint,
774 2150 825 2214 si
876 2150 989 2231 hoc
1038 2152 1238 2216 facere
1284 2171 1460 2235 posse
1512 2152 1803 2216 videbunt
1853 2171 1990 2215 cum
2052 2152 2435 2216 salvamento
2482 2154 2545 2216 et
2590 2154 2922 2217 securitate
2970 2154 3175 2236 gentis

468 2238 672 2301 nostre
719 2238 834 2301 sibi
882 2240 1163 2303 comisse.
1199 2240 1279 2302 Et
1320 2241 1372 2304 si
1417 2241 1586 2305 dicta
1628 2241 1760 2305 loca
1805 2259 1913 2303 seu
1961 2243 2164 2304 castra
2210 2240 2436 2304 habere
2482 2243 2735 2323 possent
2773 2240 2868 2306 vel
2898 2260 3008 2324 per
3051 2259 3181 2306 mo-

466 2325 615 2388 dum
663 2327 971 2389 tractatus
1021 2327 1118 2389 vel
1168 2345 1275 2408 per
1314 2327 1502 2392 alium
1554 2328 1799 2392 modum
1867 2347 2005 2391 cum
2070 2327 2400 2392 securitate
2467 2330 2676 2393 tamen
2722 2328 2926 2411 gentis
2974 2332 3181 2394 nostre
3267 2373 3274 2380 -

468 2412 764 2493 predicte,
812 2431 882 2477 ea
930 2413 1270 2495 suscipiant
1315 2416 1373 2478 in
1425 2416 1801 2498 protectione
1850 2418 1913 2479 et
1959 2416 2237 2480 custodia
2283 2417 2524 2490 nostra;
2575 2416 2627 2480 si
2678 2434 2816 2481 vero
2850 2436 2965 2482 non
3012 2417 3182 2481 vide-

464 2502 601 2562 rent
645 2518 824 2581 posse
872 2520 1190 2566 succurere
1237 2504 1457 2566 castris
1503 2504 1817 2586 predictis,
1868 2505 2034 2567 stent
2086 2503 2247 2586 apud
2295 2507 2494 2568 terras
2563 2507 2803 2589 nostras
2873 2503 3181 2587 predictas

465 2605 574 2670 pro
622 2586 1066 2654 confortatione
1115 2589 1390 2655 fidelium
1439 2596 1785 2657 nostrorum
1838 2591 2085 2656 illarum
2134 2591 2426 2675 partium,
2485 2592 2856 2673 providendo
2895 2592 2969 2657 de
3012 2592 3181 2657 omni

466 2675 739 2740 subsidio
786 2679 849 2740 et
893 2678 1136 2756 auxilio,
1185 2679 1345 2760 quod
1395 2683 1558 2744 esset
1622 2683 2032 2762 opportunum
2078 2680 2260 2744 terris
2323 2681 2550 2743 nostris
2597 2681 2924 2761 predictis;
2997 2682 3061 2745 et
3103 2680 3183 2744 li-

468 2763 788 2828 centiando
834 2768 1106 2830 armatas
1152 2769 1393 2831 nostras
1442 2787 1479 2831 a
1526 2770 1832 2842 mercato,
1901 2768 1972 2830 ut
2017 2767 2255 2848 possint
2316 2767 2520 2830 venire
2579 2766 2809 2831 directe
2868 2767 3178 2845 Venetias,

470 2853 532 2917 et
577 2851 856 2916 scribant
903 2852 1078 2917 nobis
1128 2853 1434 2928 velociter,
1486 2855 1777 2937 quidquid
1829 2854 2086 2929 fecerint
2133 2855 2195 2917 et
2239 2854 2598 2930 habuerint,
2674 2873 2793 2917 non
2842 2854 3177 2918 recedendo

472 2941 544 3003 de
591 2939 773 3003 dictis
822 2940 1102 3021 partibus
1145 2941 1373 3023 absque
1422 2944 1704 3007 mandato
1751 2944 1979 3006 nostro.
2030 2942 2108 3004 Et
2152 2942 2545 3022 provideatur
2574 2940 2970 3004 nihilominus
3023 2941 3181 3016 inte-

466 3027 584 3091 rim
631 3027 703 3091 de
749 3025 891 3104 hiis,
942 3028 1460 3110 que‘viderentur
1506 3029 1880 3112 providenda
1926 3047 2034 3110 pro
2094 3029 2319 3092 honore
2368 3031 2575 3093 nostro
2619 3030 2683 3091 et
2724 3029 3182 3093 conservatione

469 3116 774 3178 terrarum
825 3118 888 3177 et
932 3115 1206 3179 locorum
1255 3118 1605 3180 nostrorum
1646 3118 1918 3199 partium
1970 3116 2404 3198 predictarum.
2451 3116 2534 3178 Et
2581 3118 2787 3198 portet
2817 3115 3021 3180 dictus
3054 3117 3180 3180 itu-

466 3221 569 3267 rus
615 3202 865 3266 lieteras
913 3205 1153 3267 nostras
1202 3204 1577 3268 continentes
1626 3222 1781 3267 nova
1830 3202 2042 3267 habita
2087 3206 2149 3267 et
2194 3204 2308 3267 hoc
2357 3203 2716 3267 mandatum
2766 3204 3068 3278 nostrum,
3118 3204 3183 3268 et

468 3308 571 3355 eas
617 3289 903 3354 dimittat
947 3289 1010 3352 in
1058 3289 1336 3371 qualibet
1380 3295 1546 3355 terra
1591 3295 1654 3356 et
1699 3292 1831 3355 loco
1879 3292 2115 3367 nostr0,
2168 3291 2245 3355 ad
2308 3309 2489 3373 quam
2549 3291 2644 3354 vel
2692 3293 2768 3356 ad
2815 3310 2997 3373 quem
3044 3291 3179 3369 ibit,

464 3379 534 3442 ut
580 3379 639 3442 in
686 3395 831 3441 casu
879 3395 999 3459 quo
1045 3396 1164 3442 non
1210 3382 1417 3461 posset
1460 3380 1725 3462 reperire
1786 3379 2173 3460 capitaneum
2236 3381 2514 3442 nostrum
2575 3380 2956 3461 predictum,
3007 3378 3176 3442 idem

466 3465 822 3549 capitaneus
870 3483 976 3547 per
1024 3468 1287 3530 rectores
1335 3470 1573 3530 nostros
1622 3467 1843 3530 habere
1899 3466 2091 3548 possit
2138 3467 2271 3548 ipsa
2317 3484 2471 3530 nova
2516 3468 2580 3529 et
2625 3466 2864 3531 dictum
2922 3467 3177 3531 manda·

465 3554 597 3617 tum
645 3553 946 3616 nostrum.
996 3552 1100 3617 53.

676 3639 788 3705 Ser
832 3639 1135 3721 Mapheus
1181 3641 1336 3706 Emo
1377 3641 1765 3706 consiliarius
1815 3641 1948 3705 vult
1993 3643 2234 3723 partem
2301 3641 2782 3724 suprascriptam
2832 3642 3178 3723 sapientum

470 3746 607 3792 cum
658 3728 779 3791 ista
823 3727 1191 3806 condicione,
1241 3730 1398 3810 quod
1446 3729 1788 3809 provisores
1839 3729 2030 3794 nostri
2093 3729 2220 3793 sint
2282 3748 2421 3793 cum
2481 3729 2803 3811 capitaneo
2865 3729 3073 3793 nostro
3119 3730 3183 3793 et

464 3814 831 3880 consiliariis
880 3815 1026 3890 suiS,
1078 3818 1139 3879 et
1185 3816 1598 3880 conferrentes
1647 3816 1920 3890 insimul,
1969 3817 2021 3880 si
2061 3815 2325 3880 viderint
2369 3834 2547 3898 posse
2595 3815 2819 3880 habere
2862 3814 3027 3879 dicta
3078 3833 3182 3880 ca-

467 3905 598 3966 stra
642 3921 782 3967 cum
831 3904 1165 3966 securitate
1213 3903 1416 3986 gentis
1464 3905 1692 3976 nostre,
1743 3922 1815 3968 ea
1881 3903 2240 3985 suscipiant,
2303 3904 2583 3968 habendo
2645 3902 3000 3966 libertatem
3073 3922 3182 3986 per

467 3989 763 4055 maiorem
810 3990 1052 4072 partem
1102 3991 1376 4073 ipsorum
1425 3992 1709 4073 posseudi
1779 3990 2139 4072 promittere
2203 3991 2265 4055 in
2326 3990 2491 4054 facto
2553 3990 2841 4072 peccunie
2905 4008 3013 4073 pro
3070 3991 3184 4054 ha-

466 4076 661 4141 bendo
707 4077 874 4142 dicta
922 4080 1124 4142 castra
1186 4096 1376 4159 usque
1443 4078 1517 4142 ad
1568 4078 1982 4161 quantitatem
2048 4097 2155 4159 per
2218 4096 2325 4142 nos
2373 4078 2528 4141 alias
2583 4077 2856 4142 eiusdem
2903 4078 3183 4160 proviso·

466 4163 634 4230 ribus
680 4163 904 4229 nostris
951 4182 1323 4241 concessam,
1374 4167 1437 4229 et
1476 4164 1615 4229 inde
1659 4153 1840 4242 infra,
1899 4165 2059 4230 sicut
2104 4165 2329 4229 melius
2376 4165 2577 4229 facere
2626 4167 2932 4246 poterunt.
2981 4163 3086 4228 48.

677 4252 981 4317 Dominus
1051 4269 1149 4315 ser
1192 4251 1485 4317 Nicolaus
1559 4251 1896 4317 Contareno
1959 4251 2381 4317 consiliarius:
2447 4252 2605 4333 quod
2669 4270 2854 4334 super
2899 4251 3038 4317 istis
3083 4271 3182 4316 ne-

467 4338 658 4422 gociis
704 4339 1058 4404 differratur
1108 4358 1297 4421 usque
1344 4340 1420 4404 ad
1468 4338 1633 4404 diem
1682 4339 2017 4405 crastinam
2063 4340 2129 4403 in
2171 4357 2386 4417 mane,
2452 4340 2515 4401 et
2559 4357 2696 4402 cras
2743 4340 2804 4403 in
2855 4358 3032 4404 mane
3079 4358 3183 4403 vo·

470 4430 641 4490 cetur
685 4427 854 4492 istud
901 4426 1250 4504 consilium,
1301 4429 1365 4491 et
1411 4427 1535 4502 fiet,
1585 4426 1748 4490 sicut
1796 4426 2131 4491 videbitur.
2180 4426 2242 4489 5.

551 4517 730 4576 Misti
779 4517 911 4576 XX
919 4515 1061 4576 VII.
1110 4520 1211 4585 49,
1254 4536 1297 4578 u
1343 4519 1558 4576 arkivu
1603 4518 1959 4575 mletaekom.

3283 1019 3316 1043 b
