3620 5282
483 270 692 397 68¹

470 525 742 577 caseum,
794 503 1066 583 bladum,
1117 505 1383 569 farinam
1432 505 1499 569 et
1544 504 1706 568 alias
1757 523 1874 581 reS,
1926 504 2091 568 ultra
2137 507 2199 568 et
2248 508 2450 583 preter
2518 502 2776 567 iniurias
2840 504 3049 568 illatas
3109 504 3225 567 ha-

472 591 850 658 bitatoribus
900 593 1061 656 dicte
1109 593 1330 670 insule,
1381 592 1460 655 ad
1510 592 1784 673 valorem
1835 593 2199 655 ducatorum
2249 590 2344 655 CC
2412 590 2506 655 vel
2566 594 2749 655 circa.
2814 593 3016 673 Igitur
3085 611 3227 656 cum

472 680 625 744 talia
691 679 864 743 nobis
931 682 994 742 et
1043 680 1272 744 nostris
1321 679 1681 744 concivibus
1732 682 1864 743 sint
1903 678 2348 743 intollerabilis,
2396 683 2458 743 et
2513 679 3033 760 insopportabilia
3080 699 3226 762 sup-

472 771 737 849 portare,
791 766 1031 847 placeat
1079 769 1493 850 magnitudini
1545 769 1751 842 vestre
1798 769 1963 831 circa
2005 766 2280 849 predicta
2332 767 2519 830 talem
2568 767 2858 830 adbibere
2892 767 3223 843 cautelam,

472 854 629 936 quod
681 872 856 918 voces
906 856 1150 918 cessent
1194 855 1449 936 querule
1499 873 1950 936 oppressorum,
1999 858 2062 917 et
2108 854 2266 935 quod
2318 856 2445 917 tam
2517 855 2590 917 de
2660 855 2978 935 preteritis
3035 873 3222 935 quam

471 943 546 1006 de
593 942 982 1024 presentibus
1025 941 1442 1006 damnificatis
1493 942 1636 1005 talis
1685 941 1997 1007 satisfatio
2042 942 2170 1017 fiat,
2212 942 2368 1023 quod
2414 943 2656 1022 possint
2701 946 2765 1004 et
2812 941 3058 1005 valeant
3091 961 3222 1004 me-

475 1030 594 1093 rito
641 1027 1006 1105 contentari,
1055 1032 1120 1092 et
1164 1030 1324 1111 quod
1366 1027 1692 1093 manifeste
1740 1030 1901 1093 detis
1950 1029 2245 1110 intelligi,
2296 1030 2453 1110 quod
2495 1029 2770 1109 predicta
2804 1048 2908 1093 vos
2941 1031 3218 1110 gravant,

475 1117 539 1180 et
585 1117 746 1198 quod
794 1116 1224 1181 dissentientes
1251 1118 1545 1197 predictis
1572 1119 1784 1181 contra
1834 1118 1990 1180 velle
2040 1122 2242 1180 vestre
2297 1117 2742 1197 magnitudinis
2790 1116 2941 1179 talia
2976 1120 3219 1197 patrata

475 1206 830 1279 noscuntur,
903 1222 974 1267 ac
1021 1206 1207 1269 etiam
1257 1206 1332 1267 ad
1379 1205 1729 1268 consimilia
1774 1206 1848 1268 de
1899 1206 2013 1269 tali
2062 1204 2333 1268 remedio
2375 1204 2690 1286 providere
2743 1204 2994 1281 vellitis,
3058 1205 3219 1286 quod

475 1293 717 1355 cessent
761 1290 824 1354 in
874 1295 1206 1372 posterum,
1254 1296 1317 1355 et
1365 1291 1622 1356 tollatur
1670 1293 1908 1355 occasio
1958 1292 2254 1372 cuiusque
2306 1291 2581 1354 scandali
2626 1290 2947 1374 prefuturi,
2997 1293 3061 1354 et
3111 1310 3221 1373 per

479 1377 762 1456 latorem,
811 1378 865 1441 si
915 1378 1132 1458 placet,
1187 1383 1450 1444 vestram
1502 1380 1562 1442 in
1606 1379 1721 1443 hac
1769 1381 1944 1461 parte
1993 1378 2241 1443 finalem
2327 1380 2729 1442 intentionem
2793 1379 2963 1442 nobis
3026 1397 3223 1442 reser-

479 1485 618 1530 vare
686 1466 913 1538 velitis,
978 1469 1050 1531 ut
1111 1466 1548 1530 infestantibus
1604 1466 1749 1530 lesis
1817 1466 2129 1529 valeamus
2191 1470 2427 1529 certum
2477 1468 2623 1530 dare
2675 1485 3052 1548 responsum.
3125 1466 3220 1530 Ibi

477 1554 617 1617 date
663 1552 760 1616 die
807 1553 928 1616 XX
973 1554 1209 1635 apriliS,
1259 1554 1522 1617 secunde
1571 1552 1925 1619 indictionis
1978 1554 2228 1637 (1364).

565 1658 1137 1720 Commemorialium
1199 1657 1332 1719 VII
1372 1662 1475 1730 32,
1523 1678 1563 1718 u
1608 1662 1764 1721 mlet.
1814 1662 2049 1719 arkivu.

721 1849 1066 1931 CXVII.
1122 1848 1326 1931 God.
1385 1848 1613 1930 1364.
1668 1848 1767 1930 23
1823 1850 2195 1951 trimma,
2253 1871 2309 1930 ιι
2366 1849 2968 1930 Dubrovnlku.

471 1996 512 2053 1
552 1994 935 2053 Dubrovcam'
979 2008 1041 2050 se
1084 1991 1213 2050 tube
1259 1993 1545 2065 republica·
1587 1993 1726 2051 radi
1771 1994 1932 2050 stoke
1972 1988 2341 2069 pokradjene
2385 1993 2490 2060 iim
2532 1992 2608 2050 od
2650 1992 2913 2062 njezinik
2943 2009 3024 2064 po
3050 2010 3219 2050 mom

1573 2081 1916 2152 prolazccih
1964 2082 2108 2139 deta.

681 2198 1045 2281 Exemplum
1113 2190 1466 2262 litterarum
1529 2198 1730 2263 ducali
1793 2198 2065 2263 dominio
2114 2218 2220 2279 per
2278 2200 2554 2281 regimen
2604 2198 2865 2281 Ragusii
2930 2217 3036 2280 pro
3086 2199 3219 2262 ani-

474 2287 743 2351 malibus
805 2287 1136 2357 derobatis.
1217 2285 1619 2349 Serenissime
1684 2286 1949 2351 domiue.
2016 2288 2237 2349 Vestre
2299 2286 2499 2350 ducali
2570 2286 2937 2349 excellentie
3006 2292 3217 2350 tenore

471 2376 850 2457 presentium
894 2372 1154 2438 facimus
1203 2373 1623 2451 manifestum,
1673 2375 1829 2455 quod
1881 2394 2068 2455 nuper
2112 2379 2467 2437 transeunte
2519 2379 2720 2437 vestro
2761 2374 3036 2437 exercitu
3103 2394 3216 2457 ga-

473 2463 730 2537 learum,
794 2480 1055 2543 quarum
1121 2463 1255 2524 erat
1308 2462 1661 2542 capitaneus
1725 2462 2012 2526 dominus
2074 2460 2389 2526 Johanues
2457 2461 2756 2532 Dandulo,
2829 2461 3081 2542 quidam
3130 2462 3211 2524 de

472 2550 636 2612 dicto
705 2548 976 2613 exercitu
1043 2547 1120 2610 ad
1182 2551 1472 2629 punctam
1541 2550 1812 2612 nostram
1878 2547 2114 2632 Stagni,
2179 2550 2237 2612 iu
2289 2549 2511 2623 locum,
2575 2550 2676 2630 qui
2727 2547 2960 2612 dicitur
3010 2548 3215 2630 Vigel,

468 2636 935 2712 descenderunt,
986 2638 1051 2699 et
1092 2635 1173 2699 ibi
1225 2635 1437 2699 domos
1479 2640 1618 2701 octo
1665 2637 2039 2700 rusticorum
2087 2637 2332 2718 penitus
2396 2637 2801 2707 disrobantes,
2863 2656 3049 2700 unum
3114 2656 3215 2700 ru-

469 2724 699 2789 sticum
748 2725 1031 2787 nostrum
1082 2723 1540 2798 interfecerunt,
1587 2726 1649 2788 et
1699 2743 1883 2787 unam
1934 2725 2256 2787 mulierem
2306 2726 2380 2787 ad
2434 2723 2655 2788 faciem
2705 2726 2919 2787 taliter
2962 2743 3215 2805 percus-

471 2816 704 2889 serunt,
753 2812 909 2894 quod
959 2814 1032 2874 de
1083 2816 1276 2874 mort-e
1323 2815 1605 2892 speratur
1648 2814 1854 2892 potius
1900 2831 2083 2893 quam
2148 2814 2220 2874 de
2271 2814 2414 2875 vita.
2482 2813 2681 2889 Quare
2744 2816 2950 2876 vestre
3018 2811 3218 2875 excel·

472 2899 660 2962 lentie
707 2900 1028 2964 humiliter
1074 2898 1511 2980 supplicamuS,
1564 2903 1869 2980 quatenus
1912 2899 2156 2980 justitie
2189 2902 2251 2962 et
2283 2901 2473 2962 nostri
2511 2901 2738 2962 amoris
2776 2899 3009 2962 iutuitu
3034 2918 3214 2980 super

474 2985 793 3069 premissis
841 2989 912 3050 de
957 2987 1213 3050 salutari
1265 2986 1521 3050 timedio
1568 2987 1981 3067 providenteS,
2032 2991 2095 3048 et
2140 2987 2215 3049 de
2264 2986 2582 3067 premissis
2629 2987 2917 3066 dampnis
2976 2990 3211 3049 noviter

472 3074 646 3138 nobis
694 3074 907 3149 illatis,
958 3077 1020 3136 et
1064 3075 1232 3155 prius
1284 3073 1360 3135 de
1404 3072 1605 3136 bubus
1653 3078 1787 3137 octo
1836 3073 2012 3137 nobis
2061 3075 2132 3136 de
2180 3074 2347 3136 dicta
2410 3078 2635 3154 puncta
2700 3073 2925 3154 Stagni
2984 3072 3209 3136 ablatis

472 3179 579 3241 per
626 3161 867 3242 galeam
917 3159 1175 3225 Joannis
1229 3159 1557 3236 Danduiui,
1607 3180 1713 3241 pro
1774 3167 1845 3224 ut
1894 3164 2098 3224 vestre
2161 3161 2523 3224 excellentie
2587 3162 2973 3241 scripsimus,
3034 3162 3213 3223 sat-is-

474 3247 803 3310 factionem
857 3248 1128 3310 debitam
1178 3245 1491 3321 facientes,
1561 3249 1752 3312 talem
1815 3248 2112 3326 ordinem,
2176 3249 2227 3311 si
2293 3249 2549 3328 placeat,
2612 3247 2812 3311 facere
2873 3248 3215 3330 dignemini

475 3338 540 3396 et
588 3337 968 3406 mandatum,
1021 3338 1089 3397 ut
1136 3336 1337 3396 vestre
1384 3338 1594 3416 gentes
1646 3336 1705 3398 in
1769 3337 1997 3398 nostris
2058 3336 2359 3416 partibuS,
2426 3336 2532 3398 ubi
2600 3335 3049 3398 honorabiliter
3107 3336 3217 3398 ad-

480 3421 832 3495 mittuntur,
881 3419 1109 3483 nullam
1155 3420 1389 3483 faciant
1435 3422 1851 3486 offensionem.

686 3508 958 3571 ,Iacobus
997 3509 1070 3571 de
1117 3508 1377 3589 Georgio
1425 3512 1626 3572 rector
1689 3510 2032 3574 communis
2095 3509 2372 3591 Ragusii.
2445 3509 2684 3572 Iudices
2755 3512 2817 3572 et
2880 3510 3209 3573 consilium

475 3596 749 3660 civitatis
796 3597 1091 3658 eiusdem.
1162 3595 1285 3659 Ubi
1331 3595 1478 3658 data
1528 3596 1625 3659 die
1689 3597 1988 3679 vigesimo
2050 3598 2232 3660 tertio
2295 3595 2528 3677 aprilis,
2595 3599 2859 3660 secunde
2924 3597 3216 3662 indictio·

478 3684 595 3761 nis,
652 3684 839 3747 1364.

569 3790 1138 3851 Commemorialium
1198 3789 1331 3851 VII
1369 3790 1476 3862 34,
1519 3812 1560 3852 u
1604 3795 1760 3854 mlet.
1812 3794 2045 3853 arkivu.

814 3998 1187 4080 vam.
1240 3997 1446 4088 God,
1504 3997 1731 4081 1364.
1781 3997 1883 4079 29
1938 3999 2312 4098 travitin,
2371 4020 2427 4079 ιι
2483 3998 2867 4080 Mletcih.

480 4145 821 4217 Republika
867 4144 1155 4203 mletacka
1197 4144 1501 4216 iepricava
1545 4161 1607 4202 se
1649 4144 1798 4216 pred
1840 4144 2170 4217 aqam-hren
2220 4143 2471 4215 krazjem
2506 4143 2670 4216 ylede
2715 4143 2898 4201 skoda
2951 4144 3027 4201 od
3084 4144 3209 4215 πήσ-

1299 4232 1460 4290 zinih
1503 4232 1629 4290 Zeta
1678 4231 2020 4290 Zadranom
2067 4231 2389 4302 uciaezjenih.

693 4354 953 4416 Domino
1010 4352 1144 4433 regi
1194 4352 1530 4432 Hungarie.
1581 4351 1673 4414 Ne
1722 4350 1878 4415 forte
1928 4371 2107 4431 super
2156 4353 2271 4412 isto
2319 4348 2564 4430 negotio
2635 4351 2836 4413 vestre
2900 4350 3215 4415 maiestati

481 4457 587 4519 per
635 4439 872 4519 aliquos
909 4441 1109 4503 minus
1146 4459 1284 4501 vera
1322 4438 1673 4502 informatio
1705 4440 2083 4518 preberetur,
2134 4438 2372 4518 copiam
2409 4438 2814 4516 quarumdam
2860 4437 3213 4502 litterarum

485 4524 659 4587 nobis
703 4545 811 4604 per
860 4528 1126 4589 bannum
1168 4528 1441 4590 vestrum
1493 4526 1800 4588 Dalmatie
1851 4526 2090 4588 noviter
2137 4524 2640 4587 transmissarum
2713 4543 2894 4605 super
2958 4525 3214 4605 quibus-

483 4611 630 4674 dam
676 4610 917 4674 damnis
964 4613 1356 4676 Jadrensium
1433 4617 1495 4676 et
1566 4615 1804 4694 copiam
1872 4612 2274 4692 responsionis
2338 4613 2549 4674 nostre
2611 4610 2689 4674 ad
2752 4613 2915 4692 ipsas
2971 4612 3218 4678 litteras

486 4699 686 4766 vestre
732 4699 1084 4762 celsitudini
1135 4701 1381 4764 mittere
1426 4700 1812 4782 providimus
1871 4699 2292 4776 interclusam,
2341 4698 2651 4780 optantes,
2714 4699 2767 4762 si
2828 4698 2984 4763 forte
3045 4699 3218 4766 ultra
