3620 5282
2009 245 2065 292 ὓ

378 355 661 442 ”350

689 549 1328 635 ccccxcvln.
1388 548 1588 631 coc.
1644 547 1865 630 1395.
1919 547 2015 630 12
2074 544 2527 646 iistopada,
2592 563 2650 623 u
2706 539 3095 622 metam.

747 691 944 773 Capta
981 710 1141 773 pars,
1196 692 1357 773 quod
1404 689 1649 773 possint
1693 689 1881 753 scribi
1929 688 2173 751 litterae
2223 688 2468 750 domino
2512 701 2704 765 papae
2735 686 2799 747 et-
2830 678 3261 745 cardinalibus

532 780 594 844 iu
641 780 905 844 favorem
942 779 1309 843 venerabilis
1354 778 1466 841 viri
1519 778 1728 841 fratris
1772 777 2037 840 Frauchi
2108 775 2289 838 electi
2356 775 2416 837 in
2461 772 2989 851 archiepiscopum
3042 770 3259 832 Dura-

529 885 796 932 censem.
847 871 916 930 ut
961 866 1040 929 ad
1087 866 1326 930 dictum
1373 865 1971 945 archiepiscopatum
2044 864 2107 925 in
2157 863 2287 925 loco
2334 859 2543 924 fratris
2606 857 2909 924 Johaunis
2973 855 3258 938 episcopi

529 953 1035 1103 {erretiuasstink
1085 972 1193 1036 per
1240 952 1568 1040 consilium
1621 953 1910 1017 venetum
1955 969 2076 1014 nou
2121 948 2452 1031 acceptati,
2517 966 2623 1028 per
2692 963 3007 1010 summum
3056 942 3265 1025 ponti-

575 1060 705 1106 cem
756 1061 859 1123 pre
890 1044 1123 1106 eratur.

615 1148 797 1208 Misti
845 1149 1109 1210 XLIII.
1159 1151 1263 1220 89,
1308 1166 1351 1209 u
1395 1149 1552 1210 mlet.
1601 1148 1836 1206 arkivu.

723 1334 1291 1420 CCCCXCIX.
1348 1336 1552 1419 God.
1609 1334 1836 1419 1395.
1891 1335 1941 1420 5
1996 1335 2494 1433 studenoga‚
2545 1355 2607 1414 u
2661 1330 3054 1412 Mlctcih.

742 1478 841 1543 Ad
889 1478 1254 1541 instantiam
1302 1476 1770 1541 communitatis
1804 1475 2191 1558 Spalatensis
2233 1474 2531 1558 rogantia,
2564 1475 2869 1556 quatenus
2900 1469 3262 1553 respublica

534 1567 824 1647 dignetur
871 1566 1141 1630 scribere
1187 1564 1433 1647 dispoto
1479 1565 1816 1637 Misistrae,
1868 1567 1938 1628 ut
1983 1564 2047 1627 in
2091 1564 2451 1628 libertatem
2478 1561 2718 1626 relaxet
2764 1577 2985 1623 navem
3031 1557 3260 1641 Spala-

534 1658 772 1716 tensem
820 1656 1064 1734 captam
1113 1672 1220 1734 per
1266 1671 1409 1716 suos
1456 1653 1533 1715 ad
1584 1652 1855 1716 insulam
1923 1651 2074 1715 Meli
2137 1655 2455 1716 oneratam
2517 1649 2831 1732 lapidibus
2879 1646 3265 1712 Mothonum

535 1740 963 1818 conducendis,
1007 1740 1440 1815 deliberatum,
1490 1738 1650 1821 quod
1697 1741 1887 1803 scribi
1932 1739 2201 1803 debeant
2244 1738 2490 1802 litterae
2538 1738 2785 1801 domino
2818 1735 3083 1817 dispoto,
3116 1751 3268 1816 gra-

535 1829 728 1892 vando
776 1826 1010 1891 factum
1063 1830 1125 1891 et
1172 1828 1529 1892 violentiam
1580 1827 1941 1906 predictam,
1989 1828 2054 1890 et
2101 1826 2464 1908 requirendo
2508 1824 2952 1890 relaxationem
2983 1825 3049 1886 et
3079 1821 3269 1886 resti-

536 1915 838 1980 tutionem
886 1915 1086 2007 dictae
1132 1914 1327 1992 navia,
1376 1916 1695 1979 homiuum
1758 1919 1822 1979 et
1886 1916 2184 1980 bonorum
2232 1912 2400 1990 eius,
2458 1914 2522 1978 et
2575 1912 2948 1976 informetur
3008 1908 3087 1973 de
3152 1907 3269 1973 hoc

540 2003 674 2085 ipsa
712 2002 1150 2067 communitas.

624 2111 805 2170 Mssa·
852 2106 1116 2171 XL111.
1166 2111 1270 2185 91,
1317 2128 1360 2168 u
1405 2110 1565 2170 meet.
1610 2069 1846 2170 erkivu.

955 2317 1054 2399 Ι).
1110 2316 1317 2399 God.
1369 2313 1595 2399 1395.
1652 2316 1752 2398 10
1806 2316 2308 2416 studenoga,
2361 2339 2422 2398 u
2471 2315 2836 2416 Olgunu.

538 2460 844 2523 Punomoc
885 2476 961 2519 aa
1001 2460 1331 2534 poslanike,
1376 2459 1507 2532 koje
1539 2460 1608 2531 je
1651 2459 1780 2518 slao
1831 2458 2073 2534 Gjorqje
2119 2459 2412 2520 Sracimir
2459 2459 2755 2532 republika·
2806 2458 3136 2532 mletackoj,
3167 2458 3246 2517 da

1077 2549 1174 2620 joy·
1207 2547 1451 2619 ponude
1492 2547 1650 2619 99·αά
1694 2546 1938 2607 Skadar
1981 2548 2144 2621 ijo&
2184 2549 2425 2621 njekoja
2480 2549 2711 2607 micsta.

754 2666 947 2751 Copia
993 2668 1330 2732 sindicatus
1379 2671 1443 2732 et
1488 2669 1903 2750 procuratorii
1955 2669 2271 2751 magnifici
2321 2668 2551 2733 domini
2588 2667 2842 2751 Georgii
2878 2667 3263 2733 Stracimerii

544 2759 606 2822 in
652 2775 974 2840 personam
1022 2774 1272 2819 suorum
1323 2757 1847 2820 ambassiatorum
1896 2775 2006 2839 pro
2054 2757 2235 2820 factis
2285 2754 2551 2821 Scutari.
2601 2793 2700 2804 —
2747 2757 2817 2819 In
2864 2757 3116 2821 nomine
3161 2756 3272 2820 do·

544 2846 696 2909 mini
748 2844 943 2908 nostri
991 2844 1120 2908 iesu
1163 2844 1378 2907 christi
1416 2862 1615 2907 amen.
1665 2843 1848 2907 Anno
1895 2845 2244 2908 nativitatis
2293 2843 2572 2908 eiusdem
2641 2842 2977 2907 millesimo
3025 2847 3266 2907 trecen-

545 2933 766 2997 tesimo
814 2933 1209 3015 nonagesimo
1257 2931 1491 3015 quinto,
1541 2934 1764 3013 quarta
1808 2932 2164 3006 indictione,
2213 2933 2309 2995 die
2356 2932 2595 2995 decimo
2645 2931 2878 2995 mensis
2911 2931 3265 2995 novembris

544 3022 608 3085 in
655 3022 858 3084 castro
904 3020 1179 3084 civitatis
1225 3018 1539 3100 Dulcigni.
1586 3019 1712 3082 Nos
1761 3017 2067 3101 Georgius
2144 3020 2215 3081 de
2287 3018 2682 3084 Straciomeri
2747 3019 2821 3082 de
2884 3017 3118 3082 Balsiis
3164 3019 3260 3082 dei

547 3108 753 3190 gratia
800 3108 1087 3172 dominus
1155 3107 1342 3170 Zente
1399 3114 1515 3169 etc.
1592 3105 1865 3169 volentes
1921 3124 2031 3189 pro
2094 3106 2410 3187 aliquibus
2472 3106 2703 3170 nostris
2766 3105 3042 3188 negociis
3088 3124 3265 3188 pera-

547 3195 766 3277 gendis
813 3196 1057 3258 nostros
1105 3193 1585 3258 ambassiatores
1633 3194 1941 3258 destinare
1998 3194 2074 3257 ad
2142 3192 2639 3257 illustrissimam
2698 3195 2759 3257 et
2806 3194 3269 3257 serenissimam

549 3281 1033 3346 dominationem
1084 3281 1505 3355 Venetiarum,
1549 3278 1691 3344 binc
1741 3284 1855 3358 est,
1905 3281 2066 3363 quod
2116 3281 2282 3346 omni
2341 3281 2543 3357 modo,
2593 3280 2711 3358 via,
2761 3279 2892 3344 iure
2939 3284 3004 3345 et
3049 3280 3272 3350 forma,

550 3368 770 3452 quibus
820 3367 1042 3431 melius
1090 3386 1417 3450 possumus
1466 3370 1529 3431 et
1588 3367 1904 3444 debemuS,
1966 3368 2247 3446 facimus,
2314 3369 2753 3432 constituimus
2800 3372 2863 3431 et
2903 3368 3269 3432 ‘ordinamus

555 3460 799 3519 nostros
848 3459 1292 3536 procuratoreS,
1342 3454 1623 3532 factores,
1673 3458 1737 3519 et
1783 3458 2201 3538 negociatores
2249 3456 2313 3519 et
2360 3457 2616 3519 nuncios
2660 3456 2958 3536 specIales
2984 3474 3269 3520 reveren-

557 3542 889 3605 dissimum
938 3542 1011 3604 in*
1062 3542 1297 3605 cbristo
1360 3548 1602 3623 patrem
1670 3542 1989 3606 dominum
2052 3543 2311 3606 fratrem
2375 3543 2709 3607 Nicolaum
2768 3542 3136 3608 Samarixiis
3200 3544 3273 3608 de

553 3629 808 3694 Scutero
848 3647 1019 3692 sacre
1068 3629 1384 3710 theologie
1424 3631 1862 3711 dignissimum
1931 3629 2342 3711 professorem
2397 3632 2719 3694 absentem
2788 3632 3089 3712 tauquam
3139 3650 3277 3713 pre-

554 3719 794 3781 sentem
843 3719 906 3780 et
937 3717 1206 3780 nobilem
1239 3718 1438 3780 virum
1473 3721 1535 3779 et
1567 3718 2002 3781 fidelissimum
2038 3719 2356 3781 dominum
2390 3717 2639 3782 Heliam
2679 3719 2986 3799 quondam
3021 3717 3274 3795 Marini,

556 3807 620 3869 et
666 3803 1019 3868 Chinesium
1070 3803 1315 3868 fidelem
1362 3805 1746 3879 servitorem,
1795 3807 2036 3868 nostros
2083 3806 2247 3868 cives
2281 3809 2602 3885 presentes
2649 3807 2711 3868 et
2758 3806 2975 3886 sponte
3010 3803 3275 3887 suscipi-

555 3895 726 3955 entes
775 3890 1119 3973 quem'libet
1164 3910 1376 3956 eorum
1423 3891 1489 3954 in
1537 3892 1805 3956 solidum
1849 3894 1924 3955 ad
1972 3893 2454 3973 comparendum
2517 3910 2724 3956 coram
2787 3891 3030 3973 prefata
3093 3893 3275 3958 illus·

556 3979 833 4042 trissima
880 3979 1314 4055 dominatione,
1379 3981 1629 4042 etcum
1690 3998 1764 4041 ea
1825 3979 2198 4057 faciendum,
2257 3980 2607 4056 dicendum,
2656 3980 3048 4060 operandum,
3120 3982 3279 4044 trac·

558 4069 839 4140 tandum,
887 4068 1253 4143 donandum,
1302 4066 1646 4140 iurandum,
1692 4067 2100 4130 exercendum
2152 4071 2215 4131 et
2260 4067 2745 4131 concludendum
2791 4067 3000 4131 omnia
3047 4069 3113 4129 et
3153 4068 3280 4131 sin·

562 4154 710 4238 gula
752 4155 982 4217 eisdem
1043 4173 1150 4235 per
1211 4173 1317 4216 nos
1380 4154 1729 4230 commissa,
1793 4157 1857 4216 et
1916 4171 1952 4217 a
1996 4153 2238 4236 prefata
2285 4154 2703 4218 dominatione
2747 4153 3171 4234 recipiendum
3217 4156 3283 4218 et

566 4241 967 4305 obtinendum
1018 4242 1224 4303 omnia
1271 4244 1335 4305 et
1380 4241 1645 4320 singula,
1690 4260 1804 4323 que
1853 4240 2086 4304 fuerint
2133 4245 2451 4324 oportuna,
2502 4243 2718 4305 dantes
2767 4243 2834 4306 et
2865 4243 3273 4306 concedentes

566 4331 797 4393 eisdem
850 4329 1363 4410 procuratoribuS,
1413 4326 1748 4392 factoribus
1797 4331 1863 4392 et
1909 4328 2156 4393 nunciis
2204 4329 2581 4413 specialibus
2641 4334 2706 4393 et
2751 4327 3014 4392 cuilibet
3059 4347 3273 4394 eorum

562 4416 623 4479 in
674 4416 939 4479 solidum
991 4416 1238 4496 plenum
1288 4417 1351 4478 et
1396 4417 1679 4497 generale
1730 4415 2092 4480 mandatum
2140 4437 2280 4482 cum
2328 4418 2508 4497 plena
2553 4416 2619 4481 et
2666 4416 2941 4498 generali
3005 4415 3274 4480 admini-

562 4505 884 4580 stratione,
932 4502 1140 4573 dandi,
1193 4503 1450 4577 dicendi,
1500 4502 1776 4580 cedendi,
1845 4502 2183 4583 tractandi,
2247 4504 2531 4580 donandi,
2599 4503 2860 4579 iurandi,
2932 4503 3280 4582 exercendi,

562 4588 945 4670 adimplendi
992 4591 1057 4652 et
1103 4589 1505 4653 concludendi
1553 4591 1760 4654 omnia
1806 4597 1871 4654 et
1917 4590 2180 4672 singula,
2245 4594 2313 4654 ut
2368 4590 2795 4670 supradictum
2840 4594 2937 4653 est
2976 4593 3041 4654 et
3090 4591 3281 4656 fuerit

566 4682 961 4755 oportunum,
1010 4681 1073 4740 et
1119 4677 1521 4759 singulariter
1567 4677 1853 4754 faciendi,
1898 4678 2160 4755 dicendi,
2188 4679 2500 4760 operandi,
2534 4677 2774 4742 iurandi
2809 4686 2870 4742 et
2899 4676 3281 4761 adimplendi

566 4761 775 4826 omnia
820 4768 882 4826 et
927 4762 1195 4846 singula,
1246 4783 1363 4846 que
1408 4784 1515 4830 nos
1556 4768 1686 4829 met
1731 4765 1854 4847 ipsi
1914 4763 2364 4831 constituentes
2428 4765 2649 4846 facere,
2705 4764 2929 4845 dicere,
3000 4784 3282 4832 exercere
