3620 5282
2967 351 3097 415 317

745 475 1139 613 oooou.
1196 527 1402 612 eon.
1459 527 1657 611 1393
1737 528 1825 609 11
1879 528 2168 630 muna,
2222 549 2283 609 u
2337 526 2733 609 metam.

363 674 706 749 Republika
749 674 1044 733 mletacka
1090 672 1303 732 nalaic
1346 688 1550 731 svomu
1602 674 2044 746 podkapetanw
2083 674 2519 751 pomorskomu,
2565 673 2722 731 neka
2765 690 2827 732 sc
2870 675 3100 755 nepaca

362 780 406 819 u
451 761 598 821 brod
641 761 856 820 Nikole
906 760 1335 836 Troyiranina,
1385 761 1561 833 posto
1623 763 1751 820 vozi
1813 779 1854 819 u
1919 756 2161 835 Apulju
2193 761 2524 834 poslanika
2568 761 2850 834 turskoya
2897 761 3103 834 idueey

363 853 551 924 stoqa,
596 849 695 908 da,
718 849 967 908 utana&
1009 849 1323 908 Benitbenu
1367 848 1634 922 poqodbu
1695 849 1895 922 medju
1963 849 2122 906 onim
2168 849 2421 921 krab'em
2465 850 2489 906 i
2534 849 2802 908 kccrkom
2846 849 3100 922 Bajazi·
3200 891 3216 908 .

1624 941 1836 996 tovom.

582 1037 769 1104 1393.
815 1038 1149 1103 indictione
1197 1038 1279 1103 11.
1326 1037 1425 1103 die
1470 1037 1582 1103 XI.
1635 1037 2032 1120 septembris,
2098 1034 2338 1119 Capta:
2405 1038 2565 1119 quod
2626 1038 2934 1103 scribatur
3003 1056 3101 1103 ser

370 1127 704 1192 Francisco
751 1127 988 1192 Bembo
1038 1126 1493 1208 vicecapitaneo
1543 1125 1755 1208 culphi
1800 1126 1864 1189 in
1908 1125 2024 1191 hac
2070 1124 2303 1188 forma:
2368 1123 2786 1190 intelleximus
2852 1126 3099 1190 litteras

368 1217 630 1295 vestras,
678 1233 833 1297 quas
880 1214 1147 1279 misistis
1191 1213 1384 1293 nobis,
1433 1212 1615 1279 datas
1662 1229 1851 1295 supra
1898 1211 2231 1295 Spalatum
2279 1211 2363 1275 28
2419 1213 2652 1277 mensis
2713 1213 2988 1296 augusti,
3038 1214 3100 1276 in

368 1301 593 1385 quibus
638 1302 803 1367 inter
847 1301 970 1366 alia
1014 1300 1087 1365 fit
1128 1301 1377 1380 mentio,
1426 1302 1693 1384 qualiter
1739 1299 1847 1365 ille
1895 1299 2202 1365 Nicolaus
2249 1299 2326 1365 de
2374 1300 2675 1382 Tragurio
2709 1302 2881 1366 vobis
2920 1301 3098 1379 dixit,

369 1391 529 1472 quod
576 1390 770 1456 habet
812 1389 876 1453 in
923 1389 1236 1454 mandatis
1284 1408 1318 1453 a
1366 1388 1612 1453 domino
1658 1407 1768 1454 suo
1809 1388 1887 1453 de
1932 1388 2214 1453 faciendo
2246 1388 2384 1470 poni
2418 1406 2561 1452 cum
2598 1406 2715 1451 uno
2752 1389 3102 1470 brigantino

366 1496 560 1542 unum
608 1478 923 1544 Turchum
971 1476 1035 1541 in
1083 1475 1415 1559 Apuleam,
1450 1476 1571 1560 ‚qui
1617 1479 1715 1541 est
1782 1475 2142 1540 ambaxator
2205 1474 2439 1539 domini
2505 1474 2766 1553 Basaiti,
2817 1478 2882 1541 et
2926 1475 3103 1540 vadit

366 1563 445 1630 ad
489 1564 811 1630 dominum
858 1582 1072 1648 regem
1121 1563 1519 1629 Vencislaum
1567 1582 1675 1647 pro
1740 1563 2195 1645 complemento
2256 1563 2620 1645 nuptiarum
2689 1564 3101 1628 tractatarum

369 1652 532 1717 inter
577 1653 782 1735 ipsum
830 1652 1148 1718 dominum
1197 1669 1408 1736 regem
1457 1654 1519 1716 et
1564 1650 1759 1716 filiam
1807 1651 1957 1716 dicti
2008 1651 2271 1729 Basaiti,
2320 1653 2385 1714 et
2430 1649 2589 1734 quod
2636 1668 2743 1716 vos
2790 1650 2944 1716 estis
2975 1650 3103 1715 dis-

369 1739 609 1822 positus
651 1741 742 1805 ire
787 1740 864 1804 ad
910 1741 1321 1823 apostandum
1367 1757 1510 1804 eum
1558 1739 1621 1803 in
1670 1740 1851 1821 aquis
1903 1736 2348 1819 Manfredonie‚
2412 1738 2559 1821 quia
2605 1737 2878 1817 habetis,
2939 1739 3100 1821 quod

368 1825 592 1892 debeat
635 1827 789 1892 illuc
830 1828 1140 1910 capitare;
1190 1828 1256 1893 et
1324 1825 1379 1891 si
1441 1844 1626 1891 casus
1685 1825 1884 1904 dabit,
1950 1827 2109 1909 quod
2175 1826 2388 1891 veniat
2448 1825 2511 1889 in
2570 1843 2792 1891 manus
2836 1828 3102 1907 vestras,

370 1913 629 1980 reddere
675 1914 794 1979 sibi
837 1916 1134 1980 meritum
1180 1932 1291 1998 pro
1340 1914 1471 1978 suis
1517 1913 1694 1978 bonis
1732 1913 2041 1995 operibus.
2136 1913 2316 1979 Unde
2344 1913 2749 1978 consideratis
2792 1914 3098 1990 omnibus,

418 2020 493 2065 ue
539 2002 983 2067 consideranda
1030 2002 1180 2067 sunt
1222 2020 1408 2084 super
1450 2001 1586 2083 ipsa
1630 2001 1976 2067 intentione
2021 2004 2249 2080 vestra,
2298 2002 2364 2065 et
2409 2001 2675 2065 maxime
2708 2003 2865 2083 quod
2901 2002 3103 2066 dictus

426 2088 656 2154 urchus
702 2091 1063 2155 ambaxator
1108 2106 1229 2154 non
1276 2090 1446 2153 vadit
1492 2090 1551 2153 in
1602 2107 1856 2154 cursum
1903 2107 2014 2153 nec
2059 2106 2171 2172 pro
2218 2087 2425 2171 aliqua
2483 2089 2627 2166 alia,
2674 2092 2975 2170 quantum
3020 2088 3101 2153 ad

367 2193 499 2255 nos,
547 2195 736 2242 causa
780 2176 1123 2257 inhonesta,
1191 2176 1478 2241 fidelitati
1544 2178 1748 2242 vestre
1794 2196 1938 2241 cum
1994 2178 2228 2242 nostris
2289 2176 2567 2241 consiliis
2635 2177 2968 2241 scribimus
3031 2177 3097 2241 et

371 2265 761 2342 mandamus,
811 2266 967 2347 quod
1016 2263 1082 2328 in
1127 2281 1270 2328 caso
1319 2264 1478 2346 quod
1524 2263 1768 2328 veniret
1812 2264 1876 2328 in
1947 2282 2170 2329 manus
2241 2268 2482 2329 vestras
2537 2265 2738 2328 eundo
2786 2265 2883 2328 vel
2930 2263 3104 2328 rede-

371 2352 554 2429 undo,
602 2370 711 2416 vos
753 2370 873 2416 non
920 2351 1199 2416 debeatis
1245 2351 1301 2415 ei
1344 2369 1458 2415 nec
1509 2351 1640 2416 suis
1686 2352 1748 2416 in
1799 2352 2075 2433 personis
2122 2350 2221 2415 vel
2268 2350 2454 2416 rebus
2504 2368 2614 2416 nec
2659 2351 2824 2415 dicto
2858 2351 3105 2434 brigen-

368 2440 500 2504 tino
544 2439 819 2523 aliquam
863 2439 1157 2504 iniuriam
1204 2437 1301 2503 vel
1348 2438 1711 2504 violentiam
1762 2437 1981 2520 facere,
2030 2437 2139 2504 sed
2203 2438 2486 2504 debeatis
2551 2441 2758 2521 ipsum
2806 2440 3103 2504 honorare

368 2543 511 2591 cum
557 2527 687 2592 illis
737 2527 939 2591 verbis
988 2530 1052 2592 et
1092 2545 1200 2611 per
1245 2525 1428 2590 illum
1478 2528 1753 2604 modum,
1819 2527 1925 2609 qui
1989 2529 2192 2591 vestre
2259 2527 2556 2608 sapientie
2623 2527 2952 2600 videbitur,
3014 2526 3106 2592 ita

369 2615 528 2697 quod
562 2613 792 2680 habeat
835 2632 1089 2681 causam
1138 2613 1434 2680 laudandi
1485 2631 1617 2691 nos,
1653 2613 2001 2680 dominium
2049 2616 2332 2680 nostrum
2374 2618 2437 2678 et
2482 2634 2610 2692 vos,
2673 2616 2942 2699 gerendo
2998 2634 3103 2680 vos

373 2701 590 2767 taliter
636 2704 698 2766 in
742 2704 1102 2768 executione
1142 2702 1326 2768 istius
1374 2702 1571 2766 nostri
1616 2703 1918 2781 mandati,
1971 2701 2127 2786 quod
2173 2703 2423 2785 possitis
2471 2704 2636 2786 apud
2683 2721 2793 2768 nos
2832 2704 2909 2767 de
2944 2703 3103 2767 bona

368 2789 718 2856 observatia
763 2790 1138 2856 comendari.

450 2898 607 2959 Misi
687 2898 913 2959 XLII.
963 2901 1109 2970 129,
1156 2916 1198 2959 u
1241 2898 1398 2961 mlet.
1448 2901 1685 2961 arkivu.

888 3087 1344 3171 CCCCLII.
1395 3087 1603 3171 θοὰ.
1658 3086 1884 3172 1393.
1925 3089 2591 3191 traana-rujna.

372 3232 681 3294 Bastinici
696 3234 833 3307 pok.
861 3232 1022 3293 Leia
1049 3233 1339 3309 Dukayja
1365 3235 1479 3293 Ῑεαο
1503 3235 1782 3293 vlastnici
1800 3234 1998 3309 yrada
2022 3233 2216 3294 Lcskc
2246 3234 2587 3307 ustupljuju
2612 3251 2693 3308 qa
2721 3234 3103 3294 Mletcanom.

583 3351 775 3436 Copia
818 3358 1140 3435 pactorum
1189 3355 1578 3419 firmatorum
1626 3372 1735 3436 per
1782 3354 2053 3418 nobilem
2107 3356 2307 3418 virum
2353 3372 2453 3417 ser
2497 3354 2847 3419 Johannem
2907 3354 3100 3419 Miani

370 3439 760 3521 capitaneum
811 3441 1040 3526 culphy
1086 3460 1225 3506 cum
1270 3442 1583 3524 aliquibus
1631 3441 1949 3506 nobilibus
1996 3460 2104 3522 pro
2149 3446 2352 3506 castro
2401 3441 2592 3506 Lexii.
2648 3479 2724 3489 -
2775 3442 2904 3507 Ista
2951 3450 3098 3506 sunt

370 3531 550 3609 pacta
596 3546 706 3610 pro
751 3532 954 3593 castro
1002 3531 1074 3593 de
1120 3529 1306 3593 Lexio
1347 3548 1486 3592 cum
1537 3530 1822 3594 omnibus
1856 3526 2197 3593 confinibus
2244 3533 2305 3593 et
2339 3530 2732 3612 pertinentiis
2766 3548 2837 3594 ac
2871 3530 3104 3593 haben-

370 3614 478 3678 tiis
520 3616 669 3691 suis,
718 3615 885 3680 facta
931 3617 997 3681 et
1033 3615 1282 3681 firmata
1325 3635 1431 3697 per
1480 3615 1714 3680 nobiles
1760 3617 1923 3680 viros
1971 3617 2253 3681 dominos
2304 3617 2539 3699 Progon
2588 3619 2654 3681 et
2705 3618 2911 3682 Tanus
2982 3616 3105 3680 fra-

372 3702 521 3781 treS,
567 3702 729 3768 filios
771 3705 1079 3785 quondam
1114 3702 1347 3769 domini
1391 3703 1586 3767 Lethe
1636 3703 1970 3786 Duchagii,
2021 3702 2306 3767 dominos
2353 3703 2503 3768 dicti
2571 3705 2779 3781 castri,
2830 3723 2941 3768 suo
2993 3724 3101 3769 no-

372 3790 537 3852 mine
578 3792 644 3855 et
690 3792 935 3855 nomine
983 3794 1047 3854 et
1086 3792 1213 3856 vice
1272 3791 1532 3854 alterius
1596 3790 1831 3855 domini
1899 3791 2137 3868 Progon
2205 3792 2485 3874 Duchagi
2535 3790 2749 3856 fratris
2792 3792 3099 3874 quondam

371 3877 623 3952 domini,
677 3879 874 3943 Paula
920 3878 1131 3942 'sanus
1185 3878 1462 3960 Ducbagi
1514 3875 1646 3942 filia
1687 3880 1995 3959 quondam
2041 3878 2274 3943 domini
2320 3879 2522 3952 Pauli,
2559 3898 2988 3962 germanorum
3041 3882 3105 3941 et

370 3966 917 4048 consaguineorum
964 3967 1242 4049 ipsorum
1289 3967 1676 4030 dominorum
1727 3966 1973 4046 Progon
2020 3970 2085 4028 et
2123 3964 2351 4041 Tanos,
2434 3986 2540 4047 pro
2602 3967 2823 4049 quibus
2870 3967 3105 4047 promi-

371 4056 590 4116 serunt
630 4055 765 4129 etc,
816 4072 957 4118 cum
1002 4053 1251 4136 egregio
1297 4056 1363 4117 et
1409 4052 1615 4117 nobile
1677 4053 1807 4117 viro
1869 4053 2113 4117 domino
2174 4052 2456 4117 Jobanne
2521 4053 2713 4117 Miani
2777 4055 2849 4116 de
2897 4052 3100 4116 ducali

371 4139 665 4205 mandato
714 4140 1037 4224 capitaneo
1082 4140 1332 4222 culphi,
1381 4142 1486 4223 qui
1536 4141 1921 4222 representat
1982 4139 2299 4204 dominum
2354 4142 2573 4204 ducem
2636 4143 2700 4203 et
2760 4140 3098 4203 dominium

373 4225 810 4292 Veneciarum.

583 4316 792 4380 Primo
840 4315 992 4379 dicti
1042 4314 1277 4380 domini
1328 4315 1568 4396 Progon
1616 4318 1681 4378 et
1743 4315 1955 4379 Tanus
2020 4314 2306 4396 Duchagi
2368 4315 2785 4395 promiserunt
2843 4317 2908 4379 et
2953 4313 3103 4378 offe-

367 4404 518 4465 runt
565 4404 810 4467 nomine
857 4422 974 4486 quo
1022 4420 1209 4484 supra
1254 4402 1404 4465 dare
1452 4404 1730 4465 castrum
1781 4404 2128 4485 predictum
2176 4402 2251 4465 de
2299 4402 2483 4465 Lexio
2530 4420 2671 4465 cum
2719 4405 2848 4466 toto
2910 4404 3093 4466 terri-

368 4488 526 4553 torio
570 4491 874 4565 exteriori,
919 4490 1232 4554 habentiis
1280 4494 1344 4553 et
1388 4489 1780 4571 pertinentiis
1830 4491 1960 4554 suis
2006 4493 2068 4554 et
2116 4508 2254 4552 cum
2304 4492 2433 4552 toto
2481 4490 2748 4553 dominio
2796 4496 2860 4552 et
2906 4508 3091 4572 guar-

366 4577 468 4640 dia
513 4576 575 4639 in
623 4576 936 4641 mandatis
984 4577 1215 4641 domini
1263 4577 1440 4640 ducis
1487 4582 1551 4639 et
1595 4576 1856 4639 dominii
1891 4577 2298 4641 Veneciarum
2346 4582 2411 4639 et
2465 4576 2699 4639 domini
2755 4577 3086 4658 capitanei,

356 4661 641 4745 predicti,
688 4664 791 4746 qui
845 4667 1236 4745 representat
1280 4665 1485 4746 ipsum
1530 4663 1853 4727 dominum
1902 4665 2122 4728 ducem
2168 4667 2233 4727 et
2276 4665 2614 4727 dominium
2669 4663 3075 4727 veneciarum

354 4768 498 4816 cum
546 4750 665 4815 hac
709 4751 1138 4831 condititione,
1186 4752 1351 4835 quod
1396 4751 1635 4817 dictum
1681 4753 1961 4816 castrum
2007 4752 2229 4816 debeat
2288 4749 2594 4815 dominari
2658 4754 2724 4813 et
2774 4749 3069 4815 custodiri
