3620 5282
3034 362 3120 434 ‘15

387 550 596 617 noster
641 568 744 614 rex
787 550 865 613 de
912 548 1076 614 facto
1140 549 1291 614 salis
1356 550 1430 615 de
1476 549 1647 632 Pago
1709 550 2087 614 mentionem
2152 549 2385 614 fecerit.
2449 546 2851 611 Postmodum
2915 550 3118 614 dictus

384 638 751 704 ambaxator
793 637 1068 707 eiusdem
1117 657 1190 701 ex
1237 639 1410 718 parte
1453 655 1566 701 ena
1611 640 1819 702 vestro
1864 635 2139 701 dominio
2184 636 2453 719 aliquam
2502 636 2957 715 responsionem
3001 656 3116 702 non

381 724 614 799 fecerit,
662 724 1047 790 declarantes
1097 724 1439 809 recepimus
1487 726 1552 789 et
1594 724 1992 789 continentiis
2032 724 2369 788 earundem
2417 722 2776 798 intonantia,
2839 724 2918 787 ad
2985 744 3118 789 eas-

382 815 519 879 dem
565 813 656 877 sic
700 815 900 877 vestre
962 811 1362 877 dominationi
1429 813 1890 894 respondemus,
1954 811 2116 895 quod
2179 811 2323 895 quia
2385 812 2458 874 de
2520 809 2648 874 illis
2712 812 3116 889 novitatibus,

383 900 727 984 de‘quibus
775 900 1073 978 scribitis,
1123 900 1368 981 penitus
1416 899 1606 965 nichil
1650 900 1830 963 nobis
1876 900 2178 974 consistit,
2252 918 2360 963 nec
2407 898 2480 963 ad
2546 899 2827 962 nostrum
2892 900 3118 964 scitum

382 989 589 1071 alique
636 987 941 1052 novitates
1002 987 1162 1053 facte
1225 989 1408 1063 sunt,
1473 988 1683 1053 littere
1743 987 1935 1052 etiam
1999 990 2203 1051 vestre
2264 986 2429 1068 ipsas
2490 987 2819 1061 novitates,
2871 1006 2997 1070 que
3058 989 3123 1052 et

385 1076 603 1159 quales
650 1079 815 1152 sunt,
860 1094 1121 1157 quarum
1170 1077 1382 1140 tamen
1428 1076 1906 1141 declarationem
1956 1074 2221 1139 libenter
2267 1072 2653 1148 vidissemus,
2712 1073 2943 1139 seriose
3003 1094 3119 1141 non

385 1163 832 1246 exprimebant,
884 1162 960 1226 ad
1006 1162 1122 1228 hoc
1171 1161 1361 1228 nichil
1408 1162 1531 1226 ista
1579 1165 1709 1227 vice
1757 1162 2124 1243 respondere
2183 1162 2495 1243 potuimus
2559 1161 2631 1224 de
2692 1161 2948 1229 eisdem.
3012 1163 3118 1227 sed

383 1250 839 1317 sciscitabimus
885 1251 960 1315 de
1006 1249 1180 1333 ipsis,
1249 1251 1527 1333 scitaque
1575 1250 2015 1333 premissorum
2068 1251 2347 1320 veritate,
2411 1248 2511 1313 his
2559 1248 2856 1331 proximis
2902 1249 3122 1315 diebus

388 1338 697 1404 mediante
744 1341 952 1403 nostro
998 1339 1244 1421 proprio
1293 1338 1539 1403 homine
1585 1357 1692 1420 per
1741 1338 1985 1402 nostras
2021 1336 2266 1402 litteras
2315 1338 2519 1401 vestre
2566 1335 2970 1402 dominationi
3026 1357 3123 1402 re·

387 1428 688 1510 spondere
735 1426 1111 1491 curabimus,
1162 1425 1451 1492 Ceterum
1496 1426 1557 1490 in
1606 1424 1773 1490 facto
1822 1443 1940 1490 non
1987 1423 2394 1507 responsionis
2438 1424 2911 1490 ambustorum
2971 1425 3123 1491 dicti

386 1513 617 1578 domini
681 1513 874 1578 nostri
934 1514 998 1577 in
1059 1512 1220 1579 facto
1278 1511 1447 1590 salis,
1510 1514 1586 1577 de
1648 1531 1767 1596 quo
1829 1511 2125 1589 scribitiS,
2189 1513 2438 1595 propter
2507 1510 2847 1577 absentiam
2898 1512 3121 1596 prefati

387 1601 618 1666 domini
665 1602 878 1677 nostri,
922 1619 993 1665 eo
1039 1603 1196 1684 quod
1245 1600 1435 1666 nichil
1481 1600 1658 1666 nobis
1725 1598 2005 1665 constitit
2074 1601 2147 1664 de
2207 1599 2441 1675 eodem,
2504 1598 2593 1663 nil
2654 1599 2920 1665 scribere
2964 1619 3125 1682 ,pos-

391 1709 627 1766 sumuS,
676 1690 785 1752 sed
833 1687 1105 1753 rediente
1151 1688 1286 1771 ipso
1333 1688 1583 1756 domino
1628 1688 1839 1752 nostro
1883 1686 1960 1751 de
2002 1686 2333 1763 Varadino,
2383 1686 2488 1751 ubi
2534 1704 2696 1750 nunc
2754 1688 2982 1767 existit,
3031 1706 3123 1763 ea,

394 1795 510 1861 que
553 1776 709 1842 scire
757 1776 972 1843 exinde
1020 1776 1379 1859 poterimus,
1447 1774 1802 1840 curabimus
1865 1775 2202 1840 rescribere
2265 1776 2467 1839 vestre
2527 1773 2954 1840 dominationi.
3025 1775 3124 1840 Ad

394 1865 883 1947 procurationem
933 1868 1139 1928 autem
1188 1865 1358 1948 pacis
1405 1863 1645 1929 unionis
1693 1864 1856 1928 inter
1900 1862 2221 1928 dominum
2270 1882 2477 1943 regem
2542 1865 2610 1926 et
2679 1866 2952 1926 vestrum
3018 1864 3128 1926 do-

396 1951 659 2016 minium
709 1952 1100 2029 servandam,
1146 1952 1222 2015 de
1269 1970 1390 2034 qua
1415 1950 1709 2027 scribitis,
1759 1950 1955 2015 simus
2002 1951 2273 2034 prompti
2319 1951 2385 2015 et
2430 1950 2649 2031 parati.
2698 1949 2782 2013 Et
2808 1950 2975 2014 sicut
3017 1970 3125 2015 nos

396 2039 644 2112 scimus,
692 2039 977 2103 dominus
1027 2042 1235 2103 noster
1281 2058 1384 2103 rex
1435 2058 1555 2102 una
1600 2057 1742 2102 cum
1793 2040 2000 2103 vestro
2049 2036 2323 2103 dominio
2368 2037 2538 2101 iuxta
2598 2055 2778 2100 suum
2842 2056 3127 2119 assump-

397 2128 530 2190 tum
578 2126 638 2190 in
683 2126 852 2209 pacis
884 2126 1318 2209 tranquilitate
1366 2145 1608 2208 semper
1652 2125 1922 2190 intendit
1951 2144 2358 2208 perseverare.
2408 2122 2650 2188 Datum
2685 2123 2748 2187 in
2784 2125 3125 2208 vissegrad

393 2213 595 2279 sabati
642 2215 913 2296 proxime
961 2214 1103 2295 post
1144 2212 1364 2279 festum
1412 2214 1610 2278 sancti
1654 2213 1973 2279 Valentini
2022 2213 2317 2278 martiris.
2367 2212 2668 2278 Nicolaus
2718 2212 3129 2295 archiepisco-

392 2321 508 2385 pus
554 2301 1009 2383 strigoniensis,
1057 2320 1127 2366 ac
1172 2300 1469 2366 Nicolaus
1514 2299 1717 2366 Gonth
1760 2301 2074 2385 palatinus
2116 2300 2290 2386 regni
2340 2299 2657 2383 Hungarie
2703 2302 2820 2365 etc.

484 2390 1053 2452 Oomnoemorialium
1109 2391 1238 2451 Vll
1282 2394 1385 2463 47,
1430 2409 1473 2451 u
1517 2393 1671 2453 mlet.
1717 2393 1952 2452 arkivu.

776 2581 1096 2664 CXXX.
1150 2580 1358 2665 God.
1414 2580 1640 2665 1365.
1695 2581 1789 2664 12
1846 2578 2196 2684 sicema,
2248 2603 2308 2664 u
2363 2580 2753 2664 Mletcih.

399 2727 557 2800 Daje
600 2744 662 2786 sc
712 2727 839 2786 150
884 2726 1113 2784 dulcata
1158 2723 1359 2786 Ivanu
1410 2727 1819 2802 Troyiraninu
1866 2728 1977 2786 kao
2009 2727 2297 2785 naknada
2342 2743 2418 2786 za
2461 2727 2606 2785 brod
2643 2742 2675 2784 a
2721 2730 2925 2801 trqom,
2972 2728 3069 2787 1εοί
3092 2745 3133 2785 u

397 2832 555 2875 more
589 2819 820 2887 potone
867 2814 1142 2874 uzrokom
1199 2814 1502 2888 kapetana
1523 2815 2004 2963 υξόοἴοηυέξὲραᾌθί
2063 2818 2138 2885 to,
2199 2816 2313 2874 ako
2366 2831 2430 2874 sc
2488 2814 2691 2874 odrcce
2749 2816 2972 2874 sasvim
3022 2831 3134 2887 po-

619 3003 801 3068 1364.
849 3004 1180 3068 indictione
1241 3005 1454 3082 tercia,
1519 3003 1616 3069 die
1677 3004 1801 3069 XII
1844 3004 2073 3068 mensis
2119 3001 2398 3080 ianuarii,
2448 3004 2662 3085 capta.-
2734 3020 2874 3066 cum
2938 3002 3134 3079 pridie

396 3093 634 3157 venerit
677 3092 793 3155 huc
842 3092 1093 3174 quidam
1133 3092 1448 3157 Johannes
1495 3093 1570 3156 de
1615 3091 1937 3175 Traguri0,
1984 3091 2135 3155 olim
2186 3090 2348 3154 filius
2392 3088 2682 3172 magistri
2714 3089 2960 3154 Nicolai
3007 3110 3136 3155 me-

396 3179 542 3256 dici,
592 3197 730 3241 cum
784 3179 1016 3244 litteris
1063 3179 1246 3245 banni
1296 3180 1611 3244 Dalmatie
1652 3182 1715 3244 et
1761 3198 1882 3243 uno
1928 3197 2039 3243 suo
2088 3178 2500 3254 ambaxatore,
2575 3180 2786 3258 petens
2850 3176 3136 3242 satisfac-

397 3267 632 3331 tionem
683 3266 1027 3349 aliquorum
1077 3268 1444 3332 damnorum
1488 3284 1762 3341 suorum,
1813 3285 1932 3348 que
1979 3267 2246 3331 asseruit
2291 3265 2411 3329 sibi
2452 3265 2635 3330 illata
2666 3264 2857 3330 fuisse
2890 3285 2998 3348 per
3038 3283 3138 3329 ser

401 3354 729 3419 Nicolaum
778 3354 1029 3418 Faletro
1077 3355 1225 3419 olim
1282 3356 1674 3437 capitaneum
1740 3354 1950 3437 culphi
2017 3373 2120 3436 pro
2181 3353 2606 3418 submersione
2677 3353 2858 3418 unius
2916 3352 3137 3435 ligneti

397 3460 536 3506 cum
587 3441 1071 3506 mercacionibus
1117 3445 1182 3505 et
1229 3442 1405 3507 bonis
1452 3441 1581 3507 suis
1631 3441 1913 3506 veniente
1978 3444 2054 3508 de
2110 3441 2395 3524 partibus
2442 3440 2616 3507 Sorie
2662 3442 2724 3505 in
2766 3440 2943 3524 aquis
2987 3438 3135 3505 Cor-

399 3528 719 3593 fuensibus
768 3529 843 3591 ad
894 3528 1165 3593 valorem
1204 3529 1571 3594 ducatorum
1619 3528 1794 3593 mille
1844 3529 1998 3607 auri,
2048 3547 2155 3612 pro
2201 3529 2272 3592 ut
2310 3527 2373 3591 in
2439 3527 2665 3593 litteris
2727 3527 2877 3592 dicti
2947 3529 3132 3592 banni

396 3616 864 3681 continebatur:
915 3614 1090 3680 vadit
1129 3612 1289 3699 pars,
1343 3616 1505 3700 quod
1553 3617 1792 3698 possint
1837 3617 2030 3699 accipi
2079 3618 2155 3681 de
2202 3617 2412 3681 monte
2458 3615 2670 3680 ducati
2704 3613 2804 3680 CL
2833 3616 2987 3693 auri,
3022 3615 3127 3698 qui

400 3705 622 3768 dentur
671 3703 790 3767 sibi
835 3722 945 3785 per
995 3703 1159 3768 viam
1207 3704 1409 3787 gratie
1453 3705 1516 3769 et
1560 3722 1680 3768 non
1740 3705 2058 3769 occasione
2125 3703 2391 3768 alicuius
2438 3704 2609 3782 iuriS,
2654 3700 2815 3785 quod
2879 3701 3124 3781 habeat,

400 3792 662 3855 faciente
708 3791 843 3872 ipso
888 3790 1171 3856 Johanne
1218 3791 1396 3856 nobis
1443 3792 1507 3856 et
1552 3791 1865 3856 communi
1915 3793 2121 3856 nostro
2168 3791 2353 3856 finem
2400 3793 2465 3855 et
2529 3790 2957 3855 remissionem
3021 3808 3132 3871 ge-

402 3878 673 3942 neralem
721 3880 794 3942 ad
844 3879 1092 3959 plenum
1139 3879 1216 3943 de
1256 3898 1374 3943 non
1423 3878 1683 3961 petendo
1730 3878 1969 3962 aliquid
2006 3880 2325 3943 occasione
2358 3878 2654 3960 predicta.
2701 3877 2780 3941 Et
2811 3878 2905 3940 est
2940 3879 3129 3958 capta

401 3984 503 4046 per
555 3966 640 4030 VI
686 3966 1089 4116 coilisiliarioS,
1137 3966 1260 4030 tria
1308 3966 1514 4050 capita
1560 3968 1625 4031 et
1670 3967 1838 4030 ultra
1881 3966 2062 4031 XXX
2105 3965 2181 4030 de
2228 3965 2339 4030 XL
2385 3969 2450 4029 et
2508 3963 2661 4029 duas
2726 3968 2928 4045 partes
2996 3982 3130 4027 ma-

397 4071 545 4117 ioris
592 4072 763 4118 consi
791 4073 856 4118 11.

483 4144 700 4209 Maius
744 4144 1077 4205 consilium.
1129 4144 1380 4206 Novella
1423 4146 1528 4214 94,
1573 4162 1616 4204 u
1660 4144 1814 4203 mlet.
1865 4144 2100 4204 arkivu.

750 4334 1117 4439 cxxxl.
1172 4332 1380 4415 God.
1434 4333 1662 4419 1365.
1717 4334 1812 4416 21
1867 4330 2214 4434 siebnja,
2269 4355 2329 4415 u
2382 4332 2772 4415 Mletcih.

396 4475 638 4538 Odboru
701 4477 996 4537 izabranu
1055 4493 1130 4536 za
1193 4478 1448 4553 uqarske
1507 4479 1529 4536 i
1589 4479 1867 4538 hrvatskc
1897 4478 2138 4551 poslove
2170 4476 2408 4562 prauae
2445 4493 2508 4537 se
2553 4476 2823 4536 dometak
2888 4476 3140 4549 dopitan

1310 4565 1533 4625 odboru
1570 4582 1646 4626 za
1686 4567 1918 4625 kretske
1953 4565 2212 4638 poslove.

611 4666 797 4732 1364.
868 4666 1200 4731 indictione
1264 4668 1488 4746 tercia,
1554 4669 1650 4732 die
1712 4667 1865 4733 XXI
1932 4665 2212 4731 ianuarii.
2276 4663 2579 4728 Dominus
2650 4667 2714 4729 et
2780 4665 3135 4730 consiliarii.
3162 4679 3178 4688 ’

399 4751 630 4836 Capta:
678 4773 825 4825 cum
873 4755 1003 4822 sint
1048 4752 1228 4821 electi
1277 4756 1405 4821 tres
1451 4755 1763 4838 sapientes
1805 4755 1868 4819 in
1910 4752 2167 4820 consilio
2218 4752 2595 4834 rogatorum,
2643 4752 2746 4835 qui
2791 4772 2902 4836 per
2962 4770 3029 4816 se
3074 4753 3141 4814 et
