3620 5282
507 288 641 353 320

841 456 1318 542 CCCCLVI.
1374 455 1581 539 God.
1636 456 1861 540 1393.
1916 456 2020 540 26
2075 459 2360 560 rinna,
2413 478 2472 537 u
2527 456 2920 539 Mletcih.

720 602 791 665 Iu
839 599 998 664 facto
1045 598 1363 665 homicidii
1411 601 1750 682 perpetrati
1775 619 1882 681 per
1908 597 2295 664 Cursachum
2321 598 2723 663 commissum
2751 597 3070 680 capitaneo
3107 599 3240 663 Du-

510 690 720 764 rachii‚
771 690 926 771 quod
974 688 1342 752 conveniant
1384 689 1461 751 ad
1506 687 1834 752 consilium
1912 688 2062 768 ipse,
2127 687 2491 770 capitaneus
2554 684 2785 765 culphi,
2857 684 3239 749 castellanus

509 776 802 841 Durachii
851 793 923 840 ac
971 776 1370 857 supracomiti
1418 775 1761 858 galearum,
1812 776 1876 838 et
1921 776 2277 840 examinent
2323 775 2577 839 modum
2628 772 2721 838 ita
2764 773 2922 855 quod
2957 773 3135 837 fieret
3164 772 3245 836 de

509 883 578 929 eo
626 862 873 926 iustitia
921 864 1054 927 sine
1102 863 1308 944 aliquo
1357 862 1650 928 scandalo
1698 865 1762 926 et
1796 862 2108 939 novitate;
2157 864 2211 927 si
2245 881 2386 927 vero
2420 862 2734 925 videretur
2763 859 2930 925 dicto
2962 860 3244 943 collegio,

511 953 670 1034 quod
719 949 977 1015 volendo
1025 951 1254 1014 dictam
1303 950 1607 1015 iustitiam
1656 950 1859 1014 facere
1905 951 1980 1014 (10
2030 951 2164 1033 ipso
2212 949 2502 1027 Cursaco‚
2553 951 2765 1032 posset
2796 949 2967 1030 sequi
3004 949 3247 1013 novitas

515 1042 581 1102 et
625 1037 1011 1114 scandalum,
1061 1039 1210 1102 tunc
1257 1037 1706 1120 supersedeant
1751 1038 1817 1101 et
1861 1037 2158 1110 scribant,
2200 1040 2265 1102 et
2309 1042 2525 1120 postea
2570 1036 3013 1119 providebitur,
3077 1037 3250 1100 sicut

515 1125 827 1190 videbitur
874 1144 1010 1190 esse
1056 1126 1312 1191 iustum.

598 1232 837 1292 Secreta
886 1232 1060 1294 Cous.
1106 1234 1256 1307 Roy.
1306 1233 1384 1293 R.
1434 1235 1537 1303 88,
1583 1251 1627 1293 u
1670 1234 1829 1296 mlet.
1877 1235 2116 1297 arkivu.

784 1419 1313 1504 CCCCLVII.
1366 1421 1574 1504 God.
1627 1423 1857 1505 1393.
1910 1423 2016 1507 29
2070 1421 2502 1526 prosinca‚
2552 1443 2615 1503 u
2663 1420 3056 1503 Mlctclh.

512 1564 701 1624 Anna
745 1565 1003 1638 Senjska
1047 1566 1330 1641 kneqinJ'a
1375 1567 1398 1623 i
1443 1567 1644 1640 njeaein
1689 1569 1810 1713 3ιέιά
1834 1567 1993 1713 nudle
2040 1566 2406 1626 Mletdanom
2445 1565 2604 1641 yrad
2647 1564 2942 1638 Raspurk
2995 1565 3020 1623 i
3063 1563 3253 1624 Novi-

1652 1673 1728 1729 9²·
1853 1673 1897 1713 u
1981 1655 2117 1714 stri.

731 1771 919 1838 1393.
979 1773 1313 1839 indictione
1360 1776 1646 1852 secunda,
1694 1774 1795 1839 die
1842 1773 2058 1839 XXIX
2102 1774 2469 1839 decembris.
2518 1771 2631 1838 Ser
2674 1774 3024 1839 Leonardus
3067 1773 3243 1837 Dan-

516 1860 662 1926 dulo
711 1861 892 1926 miles
943 1864 1319 1943 procurator,
1366 1882 1464 1926 ser
1505 1862 1730 1927 Petrus
1779 1861 2105 1945 Mecenigo
2140 1864 2513 1943 procurator,
2547 1881 2650 1927 ser
2681 1862 2902 1926 Petrus
2944 1858 3242 1925 Cornario

515 1951 892 2031 procurator,
943 1968 1043 2014 ser
1092 1949 1464 2014 Benedictus
1514 1949 1883 2032 Superantio
1928 1951 2237 2032 sapientes
2284 1949 2553 2015 consilii.
2601 1947 2839 2032 Capta:
2909 1965 3053 2011 cum
3118 1947 3241 2013 iam

516 2037 732 2101 multis
794 2035 1011 2101 diebus
1077 2035 1334 2101 fuerunt
1393 2038 1459 2101 et
1518 2037 1649 2102 sint
1711 2039 1812 2102 hic
1903 2037 2025 2102 duo
2089 2037 2541 2102 ambasiator-es
2604 2035 2932 2121 magnifice
2995 2034 3244 2100 domine

520 2125 694 2188 Anne
741 2123 1060 2188 comitisse
1108 2123 1309 2207 Segne
1356 2126 1420 2187 et
1465 2125 1596 2189 eius
1646 2126 1769 2190 uati
1850 2126 2128 2190 volentes
2177 2124 2354 2189 nobis
2399 2126 2543 2189 dare
2585 2125 2648 2189 in
2695 2125 2925 2208 pignus
2967 2126 3246 2187 castrum

516 2211 839 2294 Raspurch
889 2215 954 2275 et
1001 2209 1288 2276 Castrum
1339 2211 1606 2289 Novum,
1656 2232 1776 2295 que
1823 2216 1972 2278 sunt
2019 2212 2081 2276 in
2131 2211 2424 2277 manibus
2495 2211 2645 2289 suis,
2718 2231 2836 2295 que
2904 2215 3114 2275 castra
3179 2212 3247 2274 et

515 2300 876 2452 ἓῗέἓῑζέῗὲῗέ
921 2298 1426 2469 332222‘1‘2’1335‘
1452 2301 2528 2470 &gssot‘iuffle‘fflitit¹¹3?ss
2559 2299 3247 2461 {255¹‘3122u2ia22335

518 2473 683 2557 quod
730 2475 853 2539 dici
899 2478 1106 2556 potest
1151 2475 1343 2539 clavis
1384 2476 1578 2540 totius
1616 2475 1821 2552 Istrie‚
1869 2494 1981 2558 per
2027 2494 2213 2558 quam
2263 2475 2670 2541 salvabuntur
2718 2476 2784 2538 et
2814 2472 3235 2539 custodientur

519 2561 726 2626 omnia
774 2562 911 2626 loca
959 2563 1135 2625 notra
1182 2580 1219 2626 a
1265 2563 1498 2646 rapinis
1546 2564 1611 2628 et
1656 2563 1997 2628 latrociniis
2043 2563 2267 2639 solitis,
2330 2563 2419 2627 ita
2478 2565 2634 2646 quod
2704 2562 2976 2627 multum
3022 2560 3246 2625 faceret

516 2668 627 2732 pro
674 2650 850 2715 nobis
899 2651 963 2715 et
1011 2651 1166 2714 bono
1212 2669 1284 2714 ac
1332 2652 1538 2733 quieto
1586 2652 1758 2716 statu
1797 2650 2050 2717 illarum
2086 2654 2358 2734 partium
2392 2652 2621 2717 habere
2654 2650 3011 2735 specialiter
3042 2649 3243 2732 ipsum

518 2738 746 2814 locum,
796 2736 943 2819 quia
989 2740 1271 2803 contrata
1306 2739 1530 2804 melius
1561 2739 1948 2805 habitabitur
1979 2741 2043 2804 et
2074 2739 2489 2804 cultivabitur
2519 2757 2665 2805 cum
2700 2737 2960 2803 notabili
2993 2736 3250 2801 comodo

521 2829 685 2890 terre
731 2825 941 2890 nostre
982 2830 1047 2888 et
1094 2825 1343 2890 illarum
1391 2828 1661 2909 partium
1710 2827 1930 2902 Istrie;
1982 2825 2154 2891 vadit
2201 2845 2367 2910 pars,
2418 2826 2578 2909 quod
2609 2825 2948 2909 collegium
2993 2823 3251 2895 domini,

521 2912 1035 2990 consiliariorum,
1084 2914 1359 2995 capitum
1406 2919 1472 2978 et
1517 2914 1868 2996 sapientum
1917 2915 2145 2979 habeat
2188 2915 2547 2979 libertatem
2596 2914 2858 2979 tractari
2891 2914 2956 2977 et
2986 2912 3249 2978 tractari

522 3000 789 3065 faciendi
832 3019 973 3064 cum
1021 3000 1173 3083 ipsis
1218 3000 1735 3067 ambasiatoribus
1782 3001 1859 3066 de
1904 3003 2188 3066 habendo
2237 3019 2342 3081 per
2389 3003 2557 3066 viam
2600 3002 2876 3085 pignoris
2909 2999 3080 3064 dicta
3127 2998 3251 3063 duo

523 3090 732 3152 castra
771 3086 867 3151 vel
916 3091 1188 3153 castrum
1240 3088 1564 3170 Raspurch
1611 3089 1996 3154 solummodo
2040 3108 2181 3154 cum
2228 3088 2357 3153 illis
2405 3090 2769 3155 melioribus
2817 3088 3036 3164 modis,
3062 3104 3256 3152 avan·

523 3175 715 3257 tagiis
763 3179 827 3238 et
871 3175 1354 3253 condicionibus,
1384 3195 1553 3259 quos
1599 3179 1890 3260 poterunt
1952 3177 2233 3242 obtinere
2298 3177 2601 3259 possendo
2662 3177 3000 3259 expendere
3059 3193 3258 3257 usque

521 3262 595 3327 ad
647 3262 1065 3344 quantitatem
1130 3265 1490 3328 ducatorum
1533 3264 1749 3329 decem
1810 3264 2012 3330 millia
2072 3284 2182 3348 pro
2237 3264 2388 3346 ipsis
2458 3265 2698 3330 duobus
2759 3264 2933 3339 locis,
2993 3261 3092 3326 vel
3143 3279 3257 3345 pro

523 3352 731 3413 castro
778 3350 1107 3432 Raspurch
1154 3350 1304 3427 solo,
1355 3354 1418 3414 et
1462 3350 1743 3417 faciendo
1790 3352 1921 3417 fieri
1992 3352 2068 3418 de
2115 3353 2281 3417 dicta
2342 3353 2771 3435 pignoratione
2832 3351 3258 3415 instrumenta

523 3438 869 3501 necessaria
915 3442 980 3502 et
1024 3442 1326 3519 oportuna
1394 3458 1504 3522 pro
1571 3441 1910 3505 securitate
1970 3444 2034 3505 et
2101 3438 2348 3504 cautela
2417 3441 2617 3505 nostri
2684 3438 3060 3505 communis.
3159 3437 3255 3501 De

523 3525 699 3606 parte
749 3523 853 3602 69,
902 3544 1017 3589 non
1059 3527 1121 3604 4,
1172 3544 1288 3590 non
1337 3526 1559 3591 sinceri
1606 3529 1665 3591 2.

611 3632 792 3692 Misti
838 3630 1060 3694 XLII.
1104 3631 1251 3704 143,
1296 3652 1338 3693 u
1384 3636 1540 3696 mlet.
1574 3634 1814 3697 arkivu.

801 3820 1370 3905 cccclrvlll.
1424 3822 1632 3906 God.
1687 3825 1917 3909 1394.
1971 3828 2021 3912 ὃ
2075 3822 2424 3928 slebnja,
2479 3848 2538 3907 u
2591 3823 2988 3906 metelli.

738 3981 1235 4046 Instrumentum
1284 3983 1703 4048 conventionis
1749 3984 1999 4051 firmate
2047 3987 2209 4051 inter
2233 3986 2446 4052 ducale
2472 3985 2815 4051 dominium
2848 3984 2912 4048 et
2941 3983 3262 4048 ambasia-

530 4074 698 4134 tores
744 4069 1072 4151 magnifice
1120 4068 1365 4135 domine
1425 4071 1601 4135 Anne
1661 4073 1980 4138 comitisse
2049 4072 2249 4158 Segne
2325 4092 2436 4157 pro
2499 4077 2704 4139 castro
2750 4070 3093 4154 Raspurch.
3184 4070 3260 4135 In

528 4157 746 4222 christi
807 4157 1052 4220 nomine
1106 4174 1310 4220 amen.
1407 4159 1581 4223 Anno
1642 4160 1991 4225 nativitatis
2058 4161 2330 4226 eiusdem
2410 4161 2741 4227 millesimo
2819 4156 3261 4225 trecentesimo

531 4245 935 4327 nonagesimo
981 4245 1221 4325 quarto,
1271 4244 1611 4310 indictione
1672 4249 1960 4327 secunda,
2027 4248 2126 4314 die
2184 4249 2399 4331 quinto
2457 4248 2689 4313 mensis
2750 4245 3030 4312 ianuarii.
3096 4242 3260 4309 Cum

530 4332 867 4414 magnifica
913 4333 977 4395 et
1023 4335 1244 4414 potens
1291 4331 1540 4397 domina
1584 4336 1835 4398 domina
1879 4336 2061 4401 Anna
2107 4336 2429 4401 comitissa
2485 4335 2701 4418 Vegle‚
2773 4333 3091 4399 Modrusie
3137 4334 3258 4396 etc.

529 4418 752 4482 relicta
798 4417 955 4482 bone
1000 4418 1298 4483 memorie
1345 4420 1659 4503 magnifici
1710 4424 1774 4486 et
1818 4424 2091 4505 potent-is
2138 4422 2447 4506 quondam
2495 4422 2726 4489 domini
2792 4419 3096 4487 ,Iohannis
3157 4437 3263 4483 co-

531 4506 707 4568 mitis
751 4505 966 4588 Vegle,
1016 4506 1332 4572 Modrusie
1381 4511 1500 4584 etc,
1548 4527 1657 4593 per
1701 4509 2131 4594 infrascriptos
2171 4529 2314 4576 suos
2361 4515 2657 4586 oratoreS‚
2705 4511 3131 4593 procuratores
3193 4509 3263 4571 et

532 4590 789 4655 nuncios
839 4592 1083 4673 requiri·
1118 4593 1333 4657 fecerit
1380 4595 1457 4659 ab
1505 4595 1738 4660 illustri
1787 4603 1851 4660 et
1913 4598 2152 4662 excelso
2213 4598 2462 4662 domino
2516 4597 2764 4662 domino
2809 4595 3083 4661 Antonio
3130 4592 3259 4656 Ve-

534 4677 705 4741 nerio
750 4677 851 4741 dei
912 4681 1118 4760 gratia
1162 4680 1379 4745 inclito
1426 4684 1576 4747 duce
1624 4682 2028 4750 venetiarum
2055 4688 2194 4763 etc.
2241 4686 2308 4750 et
2352 4703 2390 4749 a
2435 4703 2545 4750 suo
2589 4684 2861 4750 dominio
2924 4684 3146 4747 mutuo
3190 4687 3261 4749 et
