3620 5282
523 383 602 448 16

520 559 771 637 iudiceS,
822 559 1166 635 consilium,
1215 560 1492 624 homines
1539 561 1604 624 et
1656 560 2123 624 universitatem
2172 560 2327 643 Pagi
2381 559 2569 624 creati
2617 562 2679 622 et
2723 555 3050 622 constituti
3097 557 3227 621 fue-

517 649 645 712 rint
705 646 1011 729 sapientes
1071 648 1186 711 viri
1232 648 1566 731 Dragogna
1614 646 2118 732 Schi(t)chevich,
2167 648 2474 712 Premuda
2519 645 2851 723 Laverich,
2916 646 3229 710 Prodanus

517 736 718 819 Jurgy
758 738 822 799 et
869 735 1132 818 Disigna
1175 735 1466 801 Damiani
1510 736 1746 815 sindici,
1813 739 2047 800 actores
2095 737 2159 799 et
2204 735 2408 801 nuncii
2469 734 2766 818 legittimi
2827 751 2900 797 ac
2945 733 3230 816 negocio-

520 843 658 888 rum
704 825 998 906 gesteres,
1046 823 1308 888 dictores
1342 826 1704 903 communiS,
1738 825 2054 889 hominum
2102 826 2164 888 et
2195 824 2661 888 huniversitatis
2692 822 2846 906 Pagi
2879 821 3233 905 specialiter

517 914 595 976 ad
642 911 1215 994 recognoscendum,
1264 912 1746 996 approbandum,
1798 912 2276 989 ratifficandum,
2320 931 2391 977 ac
2430 912 2616 976 etiam
2668 910 2744 975 ad
2794 910 2867 975 de
2915 928 3069 975 nevo
3109 911 3230 973 tra-

518 1000 783 1066 dendum
832 1002 896 1064 et
942 999 1213 1065 dandum
1260 1000 1601 1064 dominium
1665 1003 1860 1079 terre,
1927 1000 2124 1064 insule
2187 1004 2249 1064 et
2309 1000 2627 1064 districtus
2677 1000 2827 1081 Pagi
2889 996 3120 1063 illustri
3167 999 3232 1061 et

518 1088 845 1172 magnifice
894 1088 1138 1152 demine
1186 1087 1429 1154 demine
1476 1090 1718 1153 Andree
1767 1088 2050 1153 Dandulo
2099 1089 2191 1152 dei
2240 1088 2440 1172 gratia
2486 1088 2699 1153 inclite
2744 1087 2886 1151 duci
2934 1085 3230 1150 Venecia-

514 1196 674 1253 rum,
723 1175 1041 1259 recipienti
1090 1196 1194 1255 pro
1240 1196 1305 1241 se
1353 1181 1416 1241 et
1478 1179 1930 1241 successoribus
1992 1176 2119 1240 suis
2167 1178 2424 1241 ducibus
2471 1179 2534 1240 et
2579 1177 2889 1241 communi
2931 1174 3229 1239 Venecia-

518 1284 655 1329 rum
705 1283 844 1328 cum
893 1265 1189 1328 clausulis
1232 1266 1511 1329 omnibus
1546 1267 1852 1330 contentis
1886 1266 1948 1329 in
1983 1266 2388 1330 instrumento
2433 1265 2676 1348 publice
2723 1262 3059 1328 sindicatus
3092 1281 3230 1344 pre-

519 1353 670 1417 dicti
719 1353 949 1435 scripto
996 1372 1104 1434 per
1153 1372 1249 1417 me
1294 1354 1570 1417 Blasium
1621 1354 1990 1417 Michaelem
2039 1353 2337 1417 Leenardi
2383 1351 2692 1435 imperiali
2722 1352 3085 1416 auctoritate
3118 1367 3225 1413 no-

518 1441 749 1506 tarium
796 1445 859 1504 et
905 1442 1247 1505 communis
1313 1443 1470 1525 Pagi
1531 1442 1963 1506 cancellarium
2029 1460 2186 1505 anne
2233 1441 2468 1506 domini
2529 1440 2861 1505 millesime
2928 1439 3228 1503 trecente-

519 1530 676 1594 simo
721 1528 1187 1613 quadragesime
1235 1531 1533 1611 septime,
1599 1530 1928 1595 indictione
1984 1528 2474 1612 quintadecima,
2540 1528 2638 1593 die
2699 1527 2935 1592 decimo
2997 1526 3226 1591 mensis

520 1617 675 1693 iulii,
725 1636 762 1680 a
810 1636 907 1680 me
956 1617 1344 1699 infrascripto
1394 1619 1625 1683 notarie
1689 1619 1820 1683 vise
1867 1621 1931 1682 et
1975 1617 2172 1694 lecte,
2222 1621 2285 1681 et
2341 1617 2735 1700 postmodum
2797 1616 2946 1680 dicti
3006 1613 3228 1679 sindici

521 1704 849 1769 sindicarie
896 1705 1138 1769 nemine
1186 1706 1458 1788 predicte
1506 1705 1700 1770 eidem
1746 1706 1981 1770 illustri
2029 1707 2092 1771 et
2135 1705 2459 1789 magnifico
2504 1704 2750 1769 demine
2796 1704 3042 1767 domine
3087 1701 3228 1767 duci

521 1792 841 1874 recipienti
888 1796 959 1856 ut
1006 1813 1189 1876 supra
1227 1794 1507 1859 dederint
1551 1797 1616 1858 et
1664 1794 2032 1858 tradiderint
2071 1795 2408 1857 dominium
2458 1793 2618 1857 dicte
2663 1796 2856 1869 terre,
2922 1790 3121 1855 insule
3166 1791 3230 1854 et

518 1881 837 1946 districtus
884 1881 1041 1963 Pagi
1091 1882 1346 1947 eundem
1390 1882 1726 1948 dominium
1776 1883 2038 1966 benigne
2080 1882 2144 1946 et
2185 1882 2447 1947 feliciter
2507 1879 2852 1962 acceptanti
2902 1897 3040 1943 cum
3096 1896 3229 1943 om-

518 1970 700 2034 nibus
745 1967 1040 2033 clausulis
1087 1970 1390 2034 contentis
1438 1972 1500 2034 in
1554 1970 1965 2035 instrumento
2013 1969 2177 2034 dicte
2239 1969 2548 2047 dacienis,
2611 1968 2987 2036 tradicionis,
3018 1969 3082 2031 et
3126 1985 3228 2031 ac-

518 2056 895 2142 ceptacienis
960 2059 1186 2141 scripto
1247 2078 1355 2141 per
1407 2058 1749 2124 Johannem
1798 2059 1958 2123 Vide
2019 2057 2326 2140 imperiali
2389 2057 2758 2122 auctoritate
2808 2056 3119 2120 netarium
3167 2059 3231 2120 et

519 2146 779 2210 ducatus
830 2145 1234 2210 Veneciarum
1283 2148 1548 2225 scribam
1597 2147 1659 2210 in
1708 2148 2038 2212 millesime
2083 2147 2513 2211 trecentesimo
2562 2145 3027 2229 quadragesimo
3092 2164 3230 2227 sep-

518 2235 692 2308 time,
739 2234 1072 2297 indictione
1119 2234 1594 2317 quintadecima‚
1636 2236 1733 2299 die
1784 2236 2080 2319 vigesimo
2128 2235 2326 2316 prime
2391 2236 2619 2299 mensis
2674 2234 2829 2298 iulii.
2899 2232 3080 2297 Nunc
3127 2251 3229 2297 su-

518 2322 834 2406 pradictus
881 2322 1105 2386 nobilis
1150 2325 1212 2386 et
1258 2324 1502 2405 sapiens
1548 2324 1641 2387 vir
1686 2323 1970 2386 dominus
2003 2322 2308 2405 Mapheus
2339 2323 2574 2388 Bembo
2617 2322 2991 2387 honorabilis
3025 2339 3229 2386 cemes

519 2410 694 2493 Pagi,
745 2409 963 2474 sindici
1011 2411 1270 2492 predicti
1318 2412 1660 2476 communis
1710 2411 1864 2494 Pagi
1912 2411 2245 2494 Dragogna
2278 2410 2728 2489 Schitchovich,
2776 2411 3081 2475 Premuda
3111 2410 3230 2474 La-

520 2499 748 2576 verich,
797 2497 1116 2562 Prodanus
1162 2498 1361 2582 Jurgy
1405 2503 1468 2563 et
1515 2500 1772 2582 Disigna
1823 2499 2108 2563 Damiani
2157 2503 2221 2562 et
2266 2499 2497 2565 iudices
2552 2500 2718 2564 dicte
2764 2500 2925 2563 terre
2971 2500 3043 2562 de
3090 2517 3231 2562 con-

519 2606 701 2652 sensu
747 2587 813 2651 et
851 2585 1168 2651 voluntate
1214 2604 1496 2670 expressa
1543 2588 1817 2652 emnium
1887 2587 2287 2653 existencium
2335 2586 2398 2653 in
2444 2588 2581 2653 dico
2627 2587 2899 2666 consilio,
2947 2588 3051 2670 qni
3099 2588 3231 2655 fue-

518 2679 662 2740 runt
707 2694 957 2739 numero
1005 2674 1435 2758 quadraginta,
1500 2677 1739 2741 scilicet
1785 2677 2091 2741 Premuda
2147 2677 2476 2755 Laverich,
2526 2679 2859 2762 Dragogna
2909 2676 3230 2742 Schitche-

520 2764 677 2841 vich,
728 2764 1087 2828 Dominicus
1138 2763 1384 2842 Subich,
1434 2764 1746 2830 Johannes
1795 2765 2192 2843 Bratonisse,
2241 2766 2461 2829 Petrus
2507 2765 2833 2842 Vitevich,
2882 2764 3229 2847 Stephanus

519 2853 848 2928 Puzmano,
911 2850 1169 2916 Chissan
1217 2853 1503 2930 Pancich,
1570 2854 1771 2918 Rades
1837 2854 2074 2932 Cassce,
2137 2853 2390 2936 Begdan
2438 2854 2896 2938 Radogestich,
2966 2852 3232 2918 Cernota

518 2940 885 3017 Prestecich,
934 2941 1247 3005 Prodanus
1291 2940 1510 3025 Jurgy,
1559 2942 1732 3006 Elias
1779 2942 2254 3020 Guthenestich,
2307 2943 2516 3008 Rebaz
2561 2941 2921 3021 Pretocich,
2970 2940 3231 3007 Meduan

519 3028 811 3105 Plascich,
862 3029 1154 3092 Radevan
1206 3029 1503 3107 Prodan0,
1553 3030 1893 3095 Themicha
1940 3029 2258 3108 Chissane,
2308 3030 2526 3097 Oresta
2555 3032 2892 3107 Ambrosii,
2941 3031 3230 3096 Matheus

519 3117 692 3182 Petri
739 3114 1061 3194 Meiacich‚
1112 3116 1375 3197 Disigna
1422 3118 1730 3197 Damiani,
1795 3118 2111 3184 Johannes
2160 3119 2477 3201 Stephani,
2544 3118 2756 3185 Simon
2804 3119 3055 3196 Mrene,
3106 3120 3232 3182 Da-

520 3204 765 3268 mianus
824 3205 1154 3280 Tominch,
1218 3206 1468 3289 Moyssa
1532 3205 1939 3290 Sripthovich,
2005 3209 2241 3289 Dragos
2289 3207 2528 3285 Iehins,
2579 3209 2791 3271 Raden
2839 3206 3228 3289 Gischgnich,

520 3291 728 3356 Rades
771 3291 1008 3370 Gelich,
1059 3293 1364 3357 Disislaus
1412 3294 1848 3372 Vulzchovich,
1898 3296 2078 3361 Sivaz
2121 3293 2426 3371 Saratine‚
2479 3296 2706 3361 Cossan
2752 3295 2971 3378 Jurgy,
3019 3294 3230 3359 Raden

519 3379 842 3463 Oprevich,
893 3379 1144 3463 Moyssa
1189 3379 1504 3463 Stephani,
1556 3383 1794 3466 Dragos
1828 3383 2195 3448 Buldrisich.
2244 3383 2558 3449 Jehannes
2592 3382 2842 3460 Subich,
2890 3382 3228 3446 Damianus

519 3468 843 3545 Lucovich,
896 3469 1257 3533 Radevanus
1307 3469 1784 3545 Chranthevich‚
1829 3474 1889 3536 et
1935 3472 2145 3535 Raden
2191 3471 2613 3549 Themistich,
2678 3474 2743 3534 et
2787 3469 3055 3534 universi
3102 3470 3228 3534 exi-

521 3559 754 3622 stentes
799 3557 861 3619 in
910 3557 1072 3621 dicte
1119 3558 1371 3622 consilio
1418 3578 1556 3623 cum
1606 3559 1693 3623 eis
1736 3560 1940 3623 anime
1986 3561 2048 3622 et
2093 3560 2434 3622 intencione
2481 3558 2757 3623 tradendi
2788 3558 3130 3622 dominium
3165 3559 3230 3622 et

519 3645 900 3728 corporalem
947 3645 1394 3727 possessionem
1438 3650 1619 3722 terre,
1675 3646 1994 3711 districtus
2042 3650 2104 3711 et
2148 3646 2346 3711 insule
2391 3646 2580 3730 Pagi,
2646 3647 2946 3711 dederunt
2993 3648 3057 3711 et
3102 3649 3231 3710 tra-

518 3733 808 3798 diderunt
853 3732 1054 3798 claves
1102 3734 1322 3817 palacii
1368 3735 1706 3799 communis
1749 3735 1901 3818 Pagi
1964 3737 2027 3798 et
2089 3734 2382 3799 vexillum
2444 3735 2635 3817 ipsius
2685 3735 3030 3800 communis
3073 3735 3231 3819 Pagi

519 3821 831 3887 nobilibus
881 3822 1026 3886 viris
1069 3820 1396 3887 Francisce
1443 3823 1643 3887 Dente
1700 3825 1764 3887 et
1824 3823 2056 3887 Theme
2105 3822 2300 3887 Miani
2361 3823 2717 3889 camerariis
2763 3841 2873 3905 pre
2917 3823 3081 3889 dicte
3125 3824 3234 3889 de-

520 3911 686 3976 mine
733 3911 883 3975 duce
935 3913 999 3975 et
1041 3911 1352 3975 communi
1395 3911 1796 3975 Veneciarum
1842 3911 2068 3975 ibidem
2117 3930 2189 3975 ac
2241 3911 2492 3977 sindicis
2540 3915 2603 3976 et
2647 3912 2992 3978 sindicariis
3037 3914 3236 3979 nemi-

521 3998 701 4065 nibus
748 3999 1149 4082 suprascripti
1187 3998 1419 4064 demini
1457 3999 1627 4064 ducis
1672 3999 2097 4077 Veneciarum,
2146 4003 2331 4082 prout
2376 4001 2440 4065 in
2485 4000 2895 4067 instrumente
2926 4002 3079 4068 dicti
3107 4004 3237 4068 sin·

522 4087 780 4163 dicatu8‚
829 4087 1069 4152 bullato
1110 4087 1400 4170 plumbea
1447 4086 1620 4151 bulla
1664 4086 1867 4153 ducali
1915 4090 2213 4172 pendente
2273 4088 2517 4174 integra
2563 4091 2626 4154 et
2673 4090 2872 4169 illesa,
2922 4092 3094 4157 cuius
3139 4093 3234 4156 te-

522 4193 633 4241 ner
678 4176 821 4240 talis
867 4177 982 4240 est.

732 4264 804 4327 In
850 4262 1082 4328 Christi
1129 4264 1371 4330 nemine
1418 4284 1616 4330 amen.
1666 4264 1846 4332 Anne
1897 4265 2245 4332 nativitatis
2293 4266 2569 4331 eiusdem
2621 4266 2949 4332 millesimo
2996 4270 3231 4333 trecen-

523 4351 747 4416 tesimo
795 4351 1264 4437 quadragesime
1311 4354 1594 4436 septime,
1643 4354 1977 4420 indictione
2025 4355 2496 4439 quintadecima,
2547 4356 2644 4419 die
2704 4356 2997 4437 vigesimo
3045 4356 3233 4420 tercie

524 4440 676 4517 iulii,
726 4440 999 4504 excelsus
1045 4443 1108 4504 et
1155 4443 1516 4523 magnificus
1562 4445 1846 4508 dominus
1892 4444 2178 4509 deminus
2223 4444 2501 4508 Andreas
2551 4445 2837 4508 Dandule
2883 4444 2981 4508 dei
3030 4445 3235 4527 gratia

522 4528 951 4604 Veneciarum,
1002 4528 1322 4593 Dalmacie
1368 4535 1552 4613 atque
1579 4531 1829 4597 Creacie
1853 4534 1990 4608 dux,
2035 4531 2317 4598 deminus
2365 4535 2578 4616 quarte
2625 4534 2821 4614 partis
2871 4535 2934 4596 et
2978 4531 3233 4595 dimidie

524 4617 721 4680 tocius
768 4615 1008 4697 imperii
1055 4617 1371 4695 Remanie,
1434 4637 1543 4700 pre
1591 4638 1656 4684 se
1703 4621 1765 4683 et
1827 4620 2276 4685 successoribus
2341 4622 2467 4685 suis
2516 4620 2810 4698 ducibuS,
2873 4639 2945 4684 ac
2990 4619 3234 4685 nemine

525 4707 591 4770 et
633 4704 763 4769 vice
808 4704 1171 4781 communis,
1222 4705 1641 4771 universitatis
1704 4711 1767 4772 et
1830 4709 2147 4772 hominum
2196 4709 2632 4786 Veneciarum,
2695 4711 2760 4774 et
2818 4706 2981 4772 omni
3029 4706 3232 4784 mede,

455 4851 459 4855 ,
519 4792 676 4872 iure,
725 4792 920 4858 ferma
962 4793 1027 4857 et
1070 4811 1273 4872 causa,
1319 4793 1540 4875 quibus
1585 4795 1829 4875 meliu8‚
1879 4796 2192 4862 efficacius
2238 4798 2461 4880 potuit,
2511 4796 2677 4876 fecit,
2726 4795 3067 4873 constituit,
3101 4814 3236 4861 cre-
