3620 5282
2908 311 3042 379 473

625 493 1167 582 DCXXXIV.
1222 493 1428 577 θοὰ.
1487 491 1719 595 1403,
1772 494 1826 578 9
1881 491 2229 597 siecnja,
2281 515 2342 575 u
2394 490 2786 575 Mletcih.

346 639 518 716 Obiia
561 657 624 702 sc
656 640 889 715 zahtjev
933 642 1259 718 uqarehrv.
1308 641 1526 718 kraha,
1578 641 1660 701 da
1703 659 1805 701 mu
1846 658 1908 701 se
1951 641 2161 715 izplati
2201 641 2405 702 danalo
2449 641 2526 700 od
2572 642 2744 699 7000
2789 640 2930 699 dulc.
2973 656 3049 699 aa

1043 730 1248 804 proslc
1292 731 1375 790 tri
1413 730 1680 807 qodinei
1721 744 1797 791 za
1844 730 2068 791 cetvrtu
2112 729 2339 790 teleneu.

556 853 745 918 1402.
792 851 1121 918 indictione
1166 851 1274 929 XI,
1324 853 1421 918 die
1468 852 1656 917 V1111
1701 851 1987 919 ianuarii.
2036 849 2148 916 Ser
2191 852 2414 916 Petrus
2454 849 2743 916 Cornario
2791 849 3042 932 sapiens

344 940 606 1007 consilii.
656 940 810 1007 Cum
857 939 1267 1023 comparuerit
1326 941 1405 1006 ad
1469 940 1846 1024 presentiam
1922 940 2177 1005 dominii
2246 937 2499 1023 quidam
2567 938 3044 1004 Bartholomeus

346 1029 600 1096 Guidoti
644 1047 755 1113 pro
800 1030 975 1112 parte
1018 1028 1249 1094 domini
1294 1029 1462 1113 regis
1502 1030 1844 1113 Hungarie,
1913 1032 2127 1112 petens
2203 1032 2268 1093 et
2334 1026 2651 1110 requirens
2705 1028 2884 1110 parte
2934 1044 3048 1091 sua

348 1118 606 1183 ducatos
649 1116 801 1183 XXI
844 1117 1062 1196 millia,
1111 1135 1262 1201 quos
1308 1117 1463 1183 dicit
1506 1136 1620 1183 nos
1665 1118 1788 1184 sibi
1829 1119 1976 1183 dare
2022 1117 2241 1182 debere
2292 1133 2395 1196 pro
2440 1113 2642 1181 tribus
2687 1115 2865 1180 annis
2910 1132 3048 1197 pre-

346 1205 550 1273 teritis
598 1206 805 1290 vigore
850 1205 1022 1289 pacis
1068 1204 1377 1271 celebrate
1432 1206 1704 1285 Taurini,
1751 1205 2008 1272 dicendo
2056 1207 2120 1270 et
2186 1204 2548 1270 affirmando
2594 1203 2819 1268 habere
2878 1204 3047 1285 quie·

345 1295 611 1361 tationes
656 1293 1028 1361 necessarias
1074 1296 1138 1359 et
1181 1295 1551 1377 oportunas3
1596 1294 1756 1377 petit
1800 1294 1990 1360 etiam
2036 1292 2101 1358 in
2147 1291 2661 1376 complacentiam
2696 1293 2888 1375 ipsius
2934 1290 3046 1356 do-

345 1383 499 1449 mini
542 1384 705 1466 regis
747 1401 936 1448 unam
973 1386 1256 1466 quartam
1303 1401 1528 1467 pagam
1575 1402 1682 1466 pro
1739 1401 1897 1448 anno
1964 1380 2239 1467 presenti
2290 1379 2672 1464 completuro
2711 1381 2785 1444 de
2828 1397 3044 1444 mense

345 1471 593 1555 augusti
638 1471 880 1549 futur03
920 1470 1090 1538 vadit
1133 1489 1294 1554 pars,
1342 1471 1500 1554 quod
1545 1471 1987 1556 respondeatur
2038 1470 2202 1536 dicto
2248 1467 2700 1547 Bartholomeo,
2727 1467 2886 1552 quod
2935 1484 3045 1532 nos

346 1559 630 1625 videmus
675 1561 796 1625 iam
845 1559 1043 1625 multo
1089 1563 1361 1642 tempore
1407 1560 1609 1643 ipsum
1657 1559 1979 1627 dominum
2026 1577 2237 1643 regem
2284 1560 2458 1623 extra
2504 1575 2785 1640 regnum.
2860 1555 3048 1620 Vide-

345 1668 483 1714 mus
531 1647 724 1713 etiam
768 1649 833 1714 et
876 1648 1179 1714 sentimus
1226 1665 1482 1731 magnas
1523 1649 1588 1713 et
1632 1647 1906 1714 diversas
1955 1646 2326 1712 mutationes
2374 1647 2571 1712 factas
2616 1646 2682 1709 in
2713 1661 2922 1727 regno,
2958 1645 3047 1708 ita

348 1736 509 1821 quod
556 1740 801 1820 propter
847 1737 1035 1801 istam
1082 1739 1145 1801 et
1189 1736 1344 1801 alias
1412 1735 1813 1803 rationabiles
1882 1755 2094 1801 causas
2162 1753 2282 1801 non
2352 1734 2596 1801 videtur
2644 1733 2818 1797 nobis
2864 1750 3044 1815 posse

353 1826 554 1892 facere
604 1843 713 1906 pro
757 1824 1033 1909 presenti
1069 1824 1463 1900 solutionem,
1513 1843 1697 1908 quam
1745 1824 2011 1908 requirit
2049 1843 2087 1891 a
2134 1824 2331 1889 nobis.
2381 1824 2474 1888 De
2518 1824 2693 1906 parte
2740 1820 2844 1885 25.

558 1911 671 1979 Ser
717 1914 1067 1979 Ludovicus
1113 1912 1472 1978 Lauredano
1515 1914 1896 1998 procurator,
1942 1932 2040 1977 ser
2107 1912 2485 1977 Rambertus
2553 1908 2829 1989 Quirino,
2881 1908 3048 1990 sapi-

350 2004 526 2069 entes
573 2001 836 2071 consilii.
886 2000 1113 2084 Capta:
1161 2002 1344 2085 quod,
1391 2003 1835 2085 respondeatur
1879 2002 1983 2066 isti
2033 2001 2470 2066 Bartholomeo
2517 1998 2769 2065 Guidoti
2816 1998 3041 2061 nuncio

345 2091 578 2159 domini
624 2092 787 2175 regis
831 2090 1151 2174 Huugarie
1198 2090 1273 2155 ad
1310 2090 1799 2172 requisitionem,
1850 2107 2034 2172 quam
2084 2089 2259 2155 nobis
2328 2089 2497 2166 facit,
2568 2084 2727 2171 qu'od
2799 2088 3047 2168 propter

207 2185 216 2190 ’
344 2182 584 2265 aliquas
631 2180 823 2244 iustas
867 2180 934 2243 et
978 2177 1375 2244 rationabiles
1422 2196 1638 2244 causas
1671 2196 1789 2243 non
1834 2179 2114 2243 videmus
2152 2198 2328 2261 posse
2359 2175 2558 2242 facere
2589 2174 3045 2256 responsionem

345 2270 423 2335 ad
464 2266 953 2350 requisitionem,
1002 2286 1189 2349 quam
1237 2265 1414 2331 nobis
1457 2266 1610 2332 facit
1652 2285 1760 2349 pro
1808 2268 1983 2349 parte
2029 2265 2261 2346 domini
2310 2266 2495 2349 regis.

557 2357 638 2422 Et
685 2376 756 2421 ex
801 2374 961 2420 nunc
999 2355 1083 2420 sit
1128 2358 1403 2439 captum,
1450 2355 1610 2439 quod
1656 2359 1840 2439 capta
1898 2356 2163 2438 presenti
2238 2359 2428 2437 parte,
2502 2351 2763 2435 pecunia
2830 2370 3049 2433 supra-

349 2445 584 2528 scripta
627 2444 997 2510 ducatorum
1044 2443 1197 2509 XXI
1242 2443 1461 2522 millia,
1512 2462 1622 2510 nec
1666 2444 1873 2527 aliqua
1938 2443 2064 2507 alia
2131 2442 2296 2508 dicte
2362 2439 2725 2508 conditionis
2774 2440 2840 2503 in
2889 2443 3049 2505 tem-

349 2551 496 2618 pore
539 2533 747 2599 futuro
788 2551 908 2598 non
952 2533 1150 2615 possit
1179 2532 1406 2597 intoto
1435 2532 1532 2597 vel
1577 2535 1752 2615 parte
1794 2532 2077 2613 promitti
2125 2531 2221 2612 yel
2252 2532 2383 2596 dari
2416 2528 2599 2595 alicui
2640 2547 2893 2610 persone
2925 2528 3047 2593 nisi

354 2641 494 2688 cum
543 2621 912 2688 auctoritate
957 2621 1142 2687 istius
1187 2619 1428 2688 consilii
1477 2620 1834 2706 congregati
1881 2621 2132 2687 centum
2178 2636 2455 2696 numerO,
2505 2618 2601 2682 vel
2648 2618 2784 2682 inde
2818 2634 3047 2699 supra3

351 2730 465 2778 nec
511 2711 704 2795 possit
748 2710 894 2793 poni
938 2711 1015 2775 ad
1082 2711 1288 2793 ipsum
1355 2710 1701 2786 consilium,
1773 2710 1845 2775 ut
1914 2728 2055 2792 sepe
2118 2708 2255 2782 fuit,
2305 2707 2462 2792 quod
2509 2707 2624 2771 hoc
2671 2707 2866 2789 possit
2911 2705 3049 2770 fieri

352 2818 493 2866 cum
539 2800 763 2866 minori
809 2816 1066 2863 numero
1112 2817 1295 2882 quam
1346 2817 1529 2881 supra
1577 2799 1813 2863 dictum
1883 2800 1977 2862 est
2033 2800 2146 2863 sub
2213 2815 2372 2881 pena
2440 2797 2800 2860 ducatorum
2870 2792 3043 2859 mille

341 2907 451 2973 pro
497 2887 773 2973 quolibet
818 2886 1187 2961 consiliario,
1235 2885 1457 2968 capite,
1503 2888 1778 2969 sapiente
1827 2885 1924 2951 vel
1970 2885 2091 2951 alio
2130 2888 2396 2969 ponente
2482 2884 2578 2950 vel
2624 2884 3045 2948 consentiente

325 2978 580 3061 partem
623 2976 688 3040 in
733 2975 1108 3040 contrarium
1158 2974 1232 3038 de
1279 2992 1398 3057 qua
1444 2994 1562 3039 non
1612 2975 1803 3057 possit
1872 2974 2057 3040 alicui
2125 2972 2592 3040 contrafacienti
2638 2972 2774 3036 fieri
2817 2971 3040 3053 gratia,

345 3066 591 3145 donum,
640 3064 942 3141 remissio,
985 3063 1308 3140 revocatio,
1359 3062 1708 3145 declaratio,
1780 3082 1890 3129 nec
1955 3063 2166 3146 aliqua
2232 3063 2483 3128 termini
2552 3059 2873 3143 elongacio
2922 3058 3043 3124 sub

345 3153 518 3238 penis
561 3152 1017 3236 suprascriptis,
1064 3152 1129 3216 et
1174 3152 1263 3216 sic
1311 3152 1679 3232 procedatur
1723 3151 1799 3215 de
1846 3170 2004 3235 pena
2035 3153 2097 3216 in
2131 3169 2350 3233 penam
2381 3169 2575 3232 usque
2619 3147 2685 3213 in
2713 3146 3053 3223 infinitum,

346 3244 418 3309 ut
462 3241 824 3308 observetur
870 3240 1132 3306 intentio
1179 3256 1365 3321 supra
1409 3240 1661 3323 scripta.
1712 3240 1803 3304 De
1851 3245 2027 3323 parte
2073 3239 2175 3304 58.

432 3349 670 3415 Secreta
719 3348 892 3412 C'ons.
940 3350 1087 3421 Roq.
1138 3344 1195 3409 I.
1244 3351 1345 3419 86,
1393 3366 1437 3408 u
1474 3343 1634 3409 mlet.
1682 3349 1918 3409 arkivu.

603 3576 1103 3662 ncxxxv.
1160 3576 1360 3660 eod.
1416 3575 1649 3658 1403.
1704 3576 1802 3658 le
1856 3572 2205 3676 sieenja,
2256 3595 2317 3655 u
2371 3551 2818 3655 sibonum.

337 3730 579 3806 Sibenik
622 3741 837 3814 radtv'c
879 3755 943 3799 sc
984 3748 1064 3799 sa'
1104 3737 1406 3812 szjetom,
1452 3737 1541 3797 §to
1589 3753 1663 3883 sdu
1708 3736 2005 3838 oudjeean'i
2070 3734 2311 3809 plemiei
2377 3733 2591 3793 ucinili
2636 3736 2752 3793 mir
2795 3751 2865 3794 sa
2905 3753 3053 3811 qra-

1628 3841 1789 3899 yona

554 3949 1028 4035 Congratularia
1071 3948 1147 4012 de
1191 3965 1334 4030 pace
1383 3946 1595 4012 secuta
1640 3945 1803 4010 inter
1850 3943 2083 4010 nobiles
2123 3947 2188 4009 et
2238 3945 2400 4008 cives
2452 3940 2866 4025 Spalatenses
2917 3942 3046 4009 Nos

347 4042 673 4110 consilium
721 4040 1026 4105 secretum
1073 4036 1346 4102 civitatis
1394 4034 1658 4102 Sibenici
1711 4032 2120 4117 percipientes
2167 4052 2204 4098 a
2250 4031 2558 4097 nobilibus
2606 4035 2668 4095 et
2705 4034 3049 4097 communi-

346 4133 474 4197 tate
521 4129 796 4196 civitatis
843 4124 1079 4210 Spaleti
1114 4128 1243 4188 tam
1290 4142 1398 4207 per
1443 4141 1654 4190 eorum
1703 4124 1881 4207 gesta
1922 4140 2107 4205 quam
2156 4140 2264 4203 per
2309 4138 2524 4184 eorum
2569 4118 2835 4197 litteras,
2885 4121 3049 4203 quod

342 4219 602 4298 sedatiS,
638 4218 873 4301 fugatis
920 4216 983 4280 et
1026 4213 1249 4279 deletis
1296 4211 1600 4277 discordie
1646 4216 1710 4274 et
1767 4211 1998 4275 zizanie
2067 4209 2419 4276 turbinibus
2462 4209 2720 4292 longeve
2741 4206 2825 4287 ,in
2871 4208 3040 4275 dicta

341 4309 594 4375 civitate
639 4304 939 4389 regnam,
987 4304 1051 4368 et
1097 4302 1252 4384 quod
1298 4319 1418 4385 pax
1463 4299 1685 4366 celitus
1734 4296 2107 4363 descendens
2154 4297 2348 4363 dictos
2381 4297 2544 4362 clves
2571 4297 2776 4380 junxit
2806 4298 2869 4361 et
2899 4296 3039 4361 uni-

335 4397 429 4464 vit
473 4396 696 4460 unione
743 4396 807 4459 et
854 4390 1241 4476 conjuctione
1286 4387 1613 4454 fraternali
1660 4388 1722 4454 et
1755 4386 2106 4453 caritativa.
2153 4384 2537 4469 Perindeque
2571 4384 2867 4465 videnteS‚
2901 4404 3040 4467 per-

330 4486 633 4569 cipientes
680 4485 744 4547 et
788 4481 1069 4566 legentes
1117 4477 1394 4563 capitula
1434 4495 1619 4561 quam
1653 4475 1923 4560 plurima
1956 4474 2118 4540 dicte
2164 4474 2440 4539 civitatis
2472 4472 2664 4549 unite,
2709 4492 2820 4556 per
2870 4473 3039 4554 ejus-

331 4575 474 4641 dem
525 4572 851 4655 regiminis
896 4571 1323 4652 procuratores
1367 4566 1579 4649 politis
1613 4563 2003 4630 sermonibus
2050 4565 2315 4640 ostensa,
2363 4563 2429 4627 in
2464 4579 2726 4645 quorum
2773 4560 3034 4625 artificio

332 4661 534 4748 poluit
578 4659 810 4744 ingenii
856 4657 1142 4725 facundia
1178 4660 1241 4721 et
1288 4654 1443 4721 artis
1489 4653 1746 4719 arundo.
1796 4649 2034 4730 Quibus
2107 4649 2357 4735 quidem
2428 4650 2490 4714 in
2559 4651 2770 4714 nostra
2836 4650 3045 4715 mente

338 4750 646 4837 repositis,
691 4747 882 4835 dictis
925 4747 1394 4830 procurator-um
1443 4743 1605 4810 dicte
1657 4740 1929 4810 civitatis
1975 4741 2336 4820 annuentes,
2381 4756 2454 4804 ac
2522 4737 2674 4803 bene
2715 4737 3040 4819 librantes,
