3620 5282
3048 378 3135 447 37

739 544 1058 626 LXIX.
1112 544 1321 628 θοὰ.
1375 545 1596 631 1361.
1648 547 1701 628 8
1753 546 2125 648 svlbnja‚
2180 570 2238 630 ιι
2294 546 2798 649 visegradu.

410 689 730 751 Pomenuti
774 688 1053 763 biljeinik
1088 690 1304 764 javb'a,
1353 689 1434 748 da
1458 690 1526 764 jc
1570 688 1732 760 krazj
1776 688 1965 749 οἰὶἔαο
2007 706 2049 748 u
2095 691 2217 761 lov,·
2265 708 2306 749 α
2350 690 2595 768 krivoqa
2637 694 2841 768 kralja
2883 693 3142 774 Andrije

1242 778 1323 836 da
1355 780 1423 851 je
1468 778 1688 852 depala
1730 777 2050 837 zasluiena
2093 779 2309 839 hazan.

616 901 720 965 Ex
768 902 1037 983 tergo:
1088 898 1493 963 Serenissimo
1554 900 1618 963 et
1664 899 2184 965 excellentissimo
2246 900 2493 968 domino
2555 920 2664 968 suo
2725 905 2972 973 domino
3028 908 3141 977 Jo-

405 988 593 1053 hanni
636 987 985 1073 Delphyno‚
1033 987 1132 1051 dei
1177 987 1383 1070 gratia
1427 986 1566 1051 duci
1618 987 2020 1052 veneciarum
2062 989 2180 1053 etc.

616 1074 1020 1141 Serenissime
1080 1073 1327 1139 domine
1389 1073 1497 1138 mi.
1559 1074 1861 1140 Dominus
1919 1094 2025 1139 rex
2082 1076 2389 1160 equitavit
2457 1079 2533 1143 ad
2575 1098 2793 1145 nemus
2839 1079 2903 1145 in
2949 1101 3138 1149 vena-

406 1164 636 1229 tionem
683 1164 782 1228 die
827 1162 1134 1228 dominica
1188 1162 1266 1225 Vl
1315 1162 1543 1226 mensis
1590 1163 1896 1245 presentis
1942 1162 2091 1246 maij
2161 1167 2409 1246 sumpto
2456 1167 2732 1248 prandio,
2795 1169 2861 1233 et
2914 1169 3145 1236 dicitur

407 1253 603 1318 redire
649 1251 1062 1335 Visegradum
1126 1248 1226 1313 die
1286 1250 1504 1315 sabata
1568 1249 1665 1315 vel
1727 1250 1827 1314 die
1892 1249 2206 1316 dominica
2264 1270 2463 1335 nuper
2520 1256 2945 1339 subsequenti.
3008 1258 3143 1342 Ego

404 1342 612 1406 autem
663 1338 873 1404 volens
917 1360 1018 1405 me
1065 1338 1385 1403 informari
1430 1358 1468 1401 a
1524 1338 1770 1402 domino
1816 1337 2173 1416 Guilielmo,
2235 1339 2435 1405 icturo
2499 1342 2577 1406 ad
2638 1343 2955 1410 dominum
3021 1345 3143 1409 im-

404 1428 770 1512 peratorem,
821 1429 896 1491 de
941 1427 1039 1491 die
1086 1425 1181 1490 sui
1227 1444 1526 1503 recessuS,
1576 1427 1646 1490 ut
1692 1444 1934 1508 possem
1966 1425 2237 1492 dominio
2273 1430 2476 1492 vestro
2508 1427 2802 1495 denotare
2833 1433 2908 1496 de
2941 1433 3139 1512 Buda,

405 1516 677 1600 equitavi
719 1515 797 1579 W
805 1515 1158 1597 isegradum
1207 1514 1477 1596 presenti
1549 1514 1646 1577 die
1709 1532 1952 1578 summo
2012 1533 2212 1592 mane,
2278 1514 2599 1582 locuturus
2662 1516 2828 1583 dicto
2890 1520 3140 1586 domino

407 1603 765 1679 GuilielmO,
815 1603 921 1687 qui
971 1601 1161 1667 michi
1209 1601 1381 1679 dixit,
1432 1600 1589 1684 quod
1639 1620 1756 1664 non
1823 1601 2131 1679 credebat,
2189 1621 2390 1685 ymmo
2435 1603 2767 1669 afirmabat
2834 1608 3140 1689 quantum

402 1693 467 1758 in
515 1711 581 1757 se
628 1709 805 1774 posse
852 1693 1170 1756 seccedere
1217 1690 1291 1753 de
1335 1689 1481 1754 hinc
1571 1691 1716 1753 ante
1778 1708 1966 1771 quam
2026 1688 2510 1756 cellebrarentur
2570 1691 2794 1775 nupcie
2856 1693 2971 1758 filii
3036 1714 3139 1759 co-

406 1779 577 1844 mitis
625 1778 1046 1844 Bartholomei
1095 1778 1169 1841 de
1208 1776 1431 1859 Segna,
1481 1797 1598 1860 que
1644 1776 1873 1841 debent
1918 1775 2243 1842 cellebrari
2288 1781 2506 1843 octava
2563 1779 2660 1844 die
2721 1781 2862 1862 post
2905 1781 3136 1847 festum

404 1870 653 1951 pentem
696 1868 951 1932 costem.
996 1866 1130 1930 Hoc
1176 1884 1318 1930 vero
1366 1865 1578 1929 videns
1625 1866 1690 1928 et
1730 1883 2118 1946 cognoscenS,
2169 1865 2444 1948 disposui
2491 1885 2600 1950 per
2667 1867 2930 1933 latorem
2999 1886 3138 1953 pre·

403 1957 680 2022 sencium
726 1954 1098 2033 litterarum,
1148 1968 1265 2036 que
1314 1953 1589 2018 mittitur
1634 1951 1725 2017 illi
1785 1952 1863 2017 de
1900 1952 2002 2017 hel
2043 1999 2278 2018 .....
2327 1973 2510 2037 super
2571 1954 2738 2020 facto
2806 1955 3139 2036 ballarum,

408 2063 594 2127 quam
641 2044 774 2125 ipse
810 2041 1096 2107 dominus
1132 2041 1510 2107 Guilielmus
1557 2040 1716 2105 ferre
1765 2040 2033 2105 debebat
2079 2040 2351 2106 dominio
2399 2042 2627 2120 vestro,
2674 2042 3009 2123 destinare,
3069 2046 3140 2109 ut

406 2132 625 2196 deinde
667 2129 922 2213 possitis
969 2128 1253 2195 cellerius
1301 2129 1386 2193 ibi
1434 2129 1877 2206 transmittere,
1927 2128 1979 2192 si
2027 2148 2181 2211 opus
2226 2128 2434 2207 fuerit,
2482 2147 2669 2212 quam
2715 2129 2959 2197 dehinc.

614 2236 714 2302 Illi
759 2238 987 2314 autem,
1038 2234 1142 2319 qui
1192 2255 1257 2299 se
1305 2233 1568 2301 faciebat
1614 2233 1870 2298 fratrem
1917 2233 2148 2299 domini
2193 2234 2377 2319 regiS,
2426 2235 2678 2301 fuerunt
2720 2255 2931 2304 narres
2963 2239 3142 2304 sfisse

405 2327 470 2390 et
514 2324 788 2391 auricule
852 2324 1061 2401 incise,
1132 2326 1197 2388 et
1241 2324 1474 2403 positus
1541 2322 1819 2404 pluribus
1880 2321 2099 2387 diebus
2161 2324 2236 2386 ad
2308 2322 2615 2389 berlinam
2677 2342 2822 2390 cum
2883 2326 3144 2392 tonsura

407 2412 746 2497 capilorum
790 2415 870 2477 ad
919 2411 1167 2477 modum
1218 2411 1400 2475 unius
1454 2455 1762 2475 .......
1814 2410 1879 2475 et
1937 2410 2085 2494 quia
2142 2410 2456 2476 confessus
2518 2412 2728 2489 fuerit,
2792 2431 2859 2476 se
2919 2413 3140 2479 fecisse

408 2501 562 2567 illud
611 2501 829 2566 contra
869 2519 1114 2565 omnem
1148 2546 1414 2563 ......
1463 2500 1539 2564 ad
1586 2496 1933 2564 svasionem
1996 2498 2314 2563 cuiusdam
2380 2498 2703 2581 presbiteri
2765 2498 2842 2565 de
2903 2501 3139 2579 Renn0,

408 2592 472 2655 et
517 2609 651 2656 esse
698 2587 898 2655 filium
945 2586 1128 2653 unius
1174 2587 1472 2653 cerdonis.

621 2696 843 2760 Vester
890 2694 1170 2759 servulus
1232 2697 1295 2758 et
1341 2693 1618 2759 notarius
1680 2692 1879 2758 fidelis
1929 2692 2403 2759 Bartholemeus
2450 2693 2688 2761 Urssio.
2751 2695 2986 2761 Datum
3045 2694 3145 2760 die

414 2785 560 2849 VIII
607 2782 760 2866 maij
806 2782 870 2847 in
923 2782 1267 2866 Visegrado
1314 2782 1463 2848 hora
1510 2800 1926 2865 vesperarum.

501 2893 783 2954 Izvornik
828 2910 870 2950 u
915 2891 1068 2952 necet.
1119 2892 1356 2953 arkivu.

832 3100 1101 3180 LXX.
1156 3098 1357 3180 Goil.
1417 3099 1636 3182 1361.
1697 3099 1795 3180 14
1851 3098 2163 3200 lipnjaeu
2216 3120 2274 3180 ιι
2328 3096 2719 3180 Mletclh.

408 3247 582 3309 Neka
621 3264 682 3306 se
728 3245 977 3319 odpravi
1015 3245 1298 3318 poslanik
1342 3245 1381 3302 lc
1427 3245 1754 3319 uyaraelm’.
1805 3243 2010 3318 kralju
2053 3243 2191 3302 radi
2229 3247 2467 3303 nameta
2500 3239 2834 3316 polraiena
2880 3263 2922 3303 u
2967 3244 3147 3305 Rabu

1170 3333 1247 3390 od
1291 3333 1650 3406 mletac‘lwya
1695 3332 1881 3391 breda
1917 3333 2084 3405 proti
2128 3331 2382 3405 obibnju.

631 3454 788 3519 l3bl
849 3450 1176 3516 indictione
1225 3453 1390 3529 XIV,
1455 3453 1552 3518 die
1613 3453 1760 3516 XIV
1822 3453 2052 3518 mensis
2113 3451 2295 3535 junii.
2357 3453 2469 3518 Ser
2529 3452 2822 3518 Nicolaus
2870 3452 3143 3530 Faletro,

412 3564 509 3608 ser
558 3543 834 3606 Andreas
882 3539 1156 3618 Quirino,
1221 3560 1321 3603 ser
1382 3541 1607 3604 Petrus
1673 3541 2056 3621 Superantio,
2120 3540 2433 3623 sapientes
2496 3539 2839 3624 Hungarie.
2907 3539 3142 3625 Capta:

411 3631 556 3714 quia
602 3649 793 3712 nuper
840 3631 915 3692 ad
964 3627 1254 3693 noticiam
1305 3628 1539 3693 ducalis
1609 3628 1865 3693 dominii
1926 3630 2288 3711 perductum
2347 3630 2463 3705 est,
2526 3629 2684 3711 quod
2741 3630 2887 3693 dum
2953 3628 3146 3713 aliqui

410 3718 607 3784 nostri
655 3720 822 3782 cives
868 3719 932 3781 et
973 3715 1183 3780 fideles
1225 3716 1608 3780 caricassent
1653 3717 1711 3779 in
1757 3716 2019 3799 quodam
2069 3715 2315 3800 navigio
2379 3714 2700 3781 cuiusdam
2761 3715 3009 3798 patroni
3069 3717 3147 3792 de

413 3808 618 3871 Firmo
651 3806 965 3889 lignamen
1016 3804 1073 3868 in
1114 3803 1392 3886 partibus
1440 3802 1640 3886 Segne
1692 3823 1796 3884 pro
1847 3803 2141 3868 veniendo
2188 3802 2508 3880 VeneciaS,
2568 3805 2632 3868 et
2675 3801 2913 3867 dictum
2976 3802 3145 3867 navi-

412 3894 582 3976 gium
646 3898 852 3958 coacte
912 3912 1014 3974 per
1064 3892 1374 3956 fortunam
1438 3892 1627 3955 maris
1690 3892 2013 3957 intraverit
2075 3892 2134 3955 in
2198 3892 2381 3974 portu
2443 3890 2606 3955 delle
2666 3889 3035 3955 Tabernelle
3080 3889 3146 3953 in

411 3982 794 4047 iurisditione
839 3980 1015 4058 Arbi,
1082 3982 1226 4045 tunc
1289 3981 1774 4060 supervenerunt
1834 3980 1910 4043 ad
1968 3979 2203 4044 dictum
2262 3976 2575 4062 navigium
2637 3975 2843 4059 plures
2902 3975 2968 4041 in
3023 3995 3151 4041 una

413 4069 640 4136 barcha
685 4071 945 4144 armata,
994 4069 1360 4141 asserenteS,
1409 4066 1632 4132 debere
1665 4066 1890 4132 habere
1924 4066 2356 4140 trentesimum
2388 4065 2634 4131 nomine
2666 4062 2904 4128 domini
2942 4064 3146 4148 regis}

414 4157 576 4241 quod
622 4156 944 4222 audientes
994 4156 1088 4219 illi
1136 4155 1210 4219 de
1260 4155 1504 4238 navigio
1549 4154 1836 4219 continue
1883 4155 2243 4219 recusarunt
2305 4153 2562 4229 solvere,
2623 4152 2972 4217 asserentes
3029 4152 3148 4217 hoc

414 4265 549 4309 esse
591 4247 804 4310 contra
848 4262 1062 4308 omnes
1117 4243 1406 4325 antiquas
1475 4242 1950 4308 consuetudines
2012 4244 2077 4306 et
2134 4241 2462 4307 libertates
2512 4240 2891 4307 Venetorum
2953 4240 3020 4305 et
3081 4237 3147 4305 in

414 4335 706 4398 damnum
756 4334 823 4397 et
864 4331 1264 4415 preiuditium
1313 4329 1659 4396 communis
1708 4329 2131 4395 Venetiarum.
2180 4328 2302 4393 Sed
2348 4328 2619 4395 finaliter
2666 4327 2859 4393 nichil
2914 4326 3150 4411 profuit

415 4421 524 4496 eiS,
569 4422 714 4504 quia
759 4419 1094 4503 opportuit,
1144 4418 1304 4501 qnod
1354 4418 1664 4484 solverent
1702 4417 1941 4483 dictum
1989 4417 2444 4495 trentesimum,
2511 4419 2576 4482 et
2643 4415 2938 4500 predicta,
3001 4433 3149 4481 con-

414 4508 684 4572 siderato
734 4507 898 4572 malo
949 4508 1169 4572 effectu
1219 4507 1284 4570 et
1330 4505 1780 4588 consequentia,
1829 4525 2012 4589 quam
2062 4507 2311 4588 possent
2348 4508 2704 4587 producere,
2752 4502 2928 4569 nullo
2961 4503 3146 4568 modo

418 4599 544 4662 sint
590 4596 951 4674 tolleranda,
1001 4594 1191 4659 immo
1240 4594 1398 4659 bona
1459 4595 1608 4659 hora
1667 4594 1753 4657 sit
1813 4594 2290 4677 providendum;
2352 4593 2522 4659 vadit
2588 4611 2750 4677 pars,
2814 4591 2976 4675 quod
3036 4591 3145 4655 do-

419 4685 642 4763 minus,
705 4682 1078 4762 consiliarii,
1142 4681 1345 4766 capita
1401 4682 1466 4746 et
1525 4682 1836 4763 sapientes
1896 4681 2218 4766 Hungarie
2277 4681 2550 4754 habeant
2623 4679 2975 4747 libertatem
3036 4696 3145 4766 per

417 4773 716 4839 maiorem
760 4773 997 4855 partem
1048 4769 1337 4837 mittendi
1385 4787 1577 4835 unum
1621 4769 2033 4835 sufficientem
2083 4769 2375 4836 nuncium
2407 4770 2505 4837 vel
2546 4785 2867 4853 personam
2901 4764 3143 4851 quando
