<?xml version="1.0" encoding="UTF-8"?>
<!DOCTYPE html PUBLIC "-//W3C//DTD XHTML 1.0 Transitional//EN"
    "http://www.w3.org/TR/xhtml1/DTD/xhtml1-transitional.dtd">
<html xmlns="http://www.w3.org/1999/xhtml" xml:lang="en" lang="en">
 <head>
  <title>
</title>
<meta http-equiv="Content-Type" content="text/html;charset=utf-8" />
  <meta name='ocr-system' content='tesseract 3.04.00' />
  <meta name='ocr-capabilities' content='ocr_page ocr_carea ocr_par ocr_line ocrx_word'/>
</head>
<body>
  <div class='ocr_page' id='page_1' title='image "./monumentaspecta02umjegoog_0074.png"; bbox 0 0 3620 5282; ppageno 0'>
   <div class='ocr_carea' id='block_1_1' title="bbox 535 349 619 413">
    <p class='ocr_par' dir='ltr' id='par_1_1' title="bbox 535 349 619 413">
     <span class='ocr_line' id='line_1_1' title="bbox 535 349 619 413; baseline -0.012 0"><span class='ocrx_word' id='word_1_1' title='bbox 535 349 619 413; x_wconf 83' lang='lat'>28</span> 
     </span>
    </p>
   </div>
   <div class='ocr_carea' id='block_1_2' title="bbox 528 518 3288 1574">
    <p class='ocr_par' dir='ltr' id='par_1_2' title="bbox 528 518 3288 1574">
     <span class='ocr_line' id='line_1_2' title="bbox 528 518 3288 610; baseline 0 -21"><span class='ocrx_word' id='word_1_2' title='bbox 528 546 689 609; x_wconf 84' lang='lat' dir='ltr'>pars,</span> <span class='ocrx_word' id='word_1_3' title='bbox 737 526 896 609; x_wconf 92' lang='lat' dir='ltr'>quod</span> <span class='ocrx_word' id='word_1_4' title='bbox 943 527 1255 591; x_wconf 79' lang='lat' dir='ltr'>scribatur</span> <span class='ocrx_word' id='word_1_5' title='bbox 1312 532 1379 592; x_wconf 88' lang='lat' dir='ltr'>et</span> <span class='ocrx_word' id='word_1_6' title='bbox 1447 528 1883 593; x_wconf 75' lang='lat' dir='ltr'><strong>committatur</strong></span> <span class='ocrx_word' id='word_1_7' title='bbox 1944 528 2127 594; x_wconf 86' lang='lat' dir='ltr'>dictis</span> <span class='ocrx_word' id='word_1_8' title='bbox 2191 529 2416 593; x_wconf 85' lang='lat' dir='ltr'>nostris</span> <span class='ocrx_word' id='word_1_9' title='bbox 2477 529 2866 605; x_wconf 88' lang='lat' dir='ltr'>camerariis,</span> <span class='ocrx_word' id='word_1_10' title='bbox 2935 518 3288 610; x_wconf 74' lang='lat' dir='ltr'>agravand‘?</span> 
     </span>
     <span class='ocr_line' id='line_1_3' title="bbox 530 609 3279 699; baseline 0 -21"><span class='ocrx_word' id='word_1_11' title='bbox 530 632 638 679; x_wconf 88' lang='lat' dir='ltr'>nos</span> <span class='ocrx_word' id='word_1_12' title='bbox 687 616 760 680; x_wconf 91' lang='lat' dir='ltr'>de</span> <span class='ocrx_word' id='word_1_13' title='bbox 801 633 889 693; x_wconf 94' lang='lat' dir='ltr'>eo,</span> <span class='ocrx_word' id='word_1_14' title='bbox 939 618 1096 697; x_wconf 90' lang='lat' dir='ltr'>quod</span> <span class='ocrx_word' id='word_1_15' title='bbox 1145 616 1375 680; x_wconf 91' lang='lat' dir='ltr'>nolunt</span> <span class='ocrx_word' id='word_1_16' title='bbox 1423 616 1669 699; x_wconf 81' lang='lat' dir='ltr'>exigere</span> <span class='ocrx_word' id='word_1_17' title='bbox 1718 616 1885 681; x_wconf 85' lang='lat' dir='ltr'>dicta</span> <span class='ocrx_word' id='word_1_18' title='bbox 1932 618 2127 695; x_wconf 90' lang='lat' dir='ltr'>dacia,</span> <span class='ocrx_word' id='word_1_19' title='bbox 2178 620 2249 682; x_wconf 92' lang='lat' dir='ltr'>ut</span> <span class='ocrx_word' id='word_1_20' title='bbox 2294 618 2600 692; x_wconf 88' lang='lat' dir='ltr'>tenentur,</span> <span class='ocrx_word' id='word_1_21' title='bbox 2652 616 2814 699; x_wconf 90' lang='lat' dir='ltr'>quod</span> <span class='ocrx_word' id='word_1_22' title='bbox 2864 616 2989 680; x_wconf 88' lang='lat' dir='ltr'>sint</span> <span class='ocrx_word' id='word_1_23' title='bbox 3021 609 3279 679; x_wconf 86' lang='lat' dir='ltr'>studios¹</span> 
     </span>
     <span class='ocr_line' id='line_1_4' title="bbox 532 702 3279 787; baseline 0 -21"><span class='ocrx_word' id='word_1_24' title='bbox 532 705 595 767; x_wconf 93' lang='lat' dir='ltr'>et</span> <span class='ocrx_word' id='word_1_25' title='bbox 638 702 866 767; x_wconf 74' lang='lat' dir='ltr'><strong>soliciti</strong></span> <span class='ocrx_word' id='word_1_26' title='bbox 911 704 988 767; x_wconf 89' lang='lat' dir='ltr'>ad</span> <span class='ocrx_word' id='word_1_27' title='bbox 1040 703 1416 787; x_wconf 82' lang='lat' dir='ltr'>exigendum</span> <span class='ocrx_word' id='word_1_28' title='bbox 1465 705 1630 769; x_wconf 87' lang='lat' dir='ltr'>dicta</span> <span class='ocrx_word' id='word_1_29' title='bbox 1682 708 1894 769; x_wconf 89' lang='lat' dir='ltr'>nostra</span> <span class='ocrx_word' id='word_1_30' title='bbox 1938 706 2111 770; x_wconf 88' lang='lat' dir='ltr'>dacia</span> <span class='ocrx_word' id='word_1_31' title='bbox 2156 710 2219 769; x_wconf 89' lang='lat' dir='ltr'>et</span> <span class='ocrx_word' id='word_1_32' title='bbox 2262 723 2475 769; x_wconf 90' lang='lat' dir='ltr'>omnes</span> <span class='ocrx_word' id='word_1_33' title='bbox 2519 704 2675 769; x_wconf 89' lang='lat' dir='ltr'>alios</span> <span class='ocrx_word' id='word_1_34' title='bbox 2725 704 2999 768; x_wconf 91' lang='lat' dir='ltr'>redditus</span> <span class='ocrx_word' id='word_1_35' title='bbox 3047 705 3111 767; x_wconf 91' lang='lat' dir='ltr'>et</span> <span class='ocrx_word' id='word_1_36' title='bbox 3140 720 3279 786; x_wconf 88' lang='lat' dir='ltr'>pro-</span> 
     </span>
     <span class='ocr_line' id='line_1_5' title="bbox 534 791 3278 876; baseline 0 -22"><span class='ocrx_word' id='word_1_37' title='bbox 534 793 753 855; x_wconf 90' lang='lat' dir='ltr'>ventus</span> <span class='ocrx_word' id='word_1_38' title='bbox 799 792 993 855; x_wconf 89' lang='lat' dir='ltr'>nostri</span> <span class='ocrx_word' id='word_1_39' title='bbox 1037 792 1406 869; x_wconf 78' lang='lat' dir='ltr'>communiS,</span> <span class='ocrx_word' id='word_1_40' title='bbox 1461 795 1525 857; x_wconf 86' lang='lat' dir='ltr'>et</span> <span class='ocrx_word' id='word_1_41' title='bbox 1572 793 2025 876; x_wconf 88' lang='lat' dir='ltr'>inquirendum,</span> <span class='ocrx_word' id='word_1_42' title='bbox 2095 813 2168 857; x_wconf 91' lang='lat' dir='ltr'>ne</span> <span class='ocrx_word' id='word_1_43' title='bbox 2217 791 2386 858; x_wconf 83' lang='lat' dir='ltr'>fraus</span> <span class='ocrx_word' id='word_1_44' title='bbox 2448 794 2881 857; x_wconf 88' lang='lat' dir='ltr'>committatur</span> <span class='ocrx_word' id='word_1_45' title='bbox 2926 792 2989 855; x_wconf 91' lang='lat' dir='ltr'>in</span> <span class='ocrx_word' id='word_1_46' title='bbox 3036 792 3123 855; x_wconf 91' lang='lat' dir='ltr'>eis</span> <span class='ocrx_word' id='word_1_47' title='bbox 3171 792 3278 854; x_wconf 87' lang='lat' dir='ltr'>da-</span> 
     </span>
     <span class='ocr_line' id='line_1_6' title="bbox 531 878 3274 963; baseline 0.001 -22"><span class='ocrx_word' id='word_1_48' title='bbox 531 879 661 954; x_wconf 78' lang='lat' dir='ltr'>ciiS,</span> <span class='ocrx_word' id='word_1_49' title='bbox 710 881 773 944; x_wconf 86' lang='lat' dir='ltr'>et</span> <span class='ocrx_word' id='word_1_50' title='bbox 818 883 889 943; x_wconf 90' lang='lat' dir='ltr'>ut</span> <span class='ocrx_word' id='word_1_51' title='bbox 949 880 1229 963; x_wconf 87' lang='lat' dir='ltr'>predicta</span> <span class='ocrx_word' id='word_1_52' title='bbox 1289 881 1555 945; x_wconf 90' lang='lat' dir='ltr'>debeant</span> <span class='ocrx_word' id='word_1_53' title='bbox 1620 882 1982 958; x_wconf 88' lang='lat' dir='ltr'>observare,</span> <span class='ocrx_word' id='word_1_54' title='bbox 2048 900 2255 946; x_wconf 89' lang='lat' dir='ltr'>comes</span> <span class='ocrx_word' id='word_1_55' title='bbox 2324 883 2532 945; x_wconf 89' lang='lat' dir='ltr'>noster</span> <span class='ocrx_word' id='word_1_56' title='bbox 2579 884 2642 945; x_wconf 93' lang='lat' dir='ltr'>et</span> <span class='ocrx_word' id='word_1_57' title='bbox 2687 879 3022 945; x_wconf 89' lang='lat' dir='ltr'>consiliarii</span> <span class='ocrx_word' id='word_1_58' title='bbox 3084 878 3274 944; x_wconf 84' lang='lat' dir='ltr'>Jadre</span> 
     </span>
     <span class='ocr_line' id='line_1_7' title="bbox 533 967 3278 1052; baseline 0 -22"><span class='ocrx_word' id='word_1_59' title='bbox 533 968 771 1049; x_wconf 90' lang='lat' dir='ltr'>possint</span> <span class='ocrx_word' id='word_1_60' title='bbox 816 968 1131 1050; x_wconf 90' lang='lat' dir='ltr'>imponere</span> <span class='ocrx_word' id='word_1_61' title='bbox 1178 967 1269 1032; x_wconf 92' lang='lat' dir='ltr'>eis</span> <span class='ocrx_word' id='word_1_62' title='bbox 1304 971 1379 1032; x_wconf 78' lang='lat' dir='ltr'>‘et</span> <span class='ocrx_word' id='word_1_63' title='bbox 1425 969 1687 1034; x_wconf 82' lang='lat' dir='ltr'>cuilibet</span> <span class='ocrx_word' id='word_1_64' title='bbox 1732 987 1946 1033; x_wconf 88' lang='lat' dir='ltr'>eorum</span> <span class='ocrx_word' id='word_1_65' title='bbox 1999 989 2219 1052; x_wconf 85' lang='lat' dir='ltr'>penam</span> <span class='ocrx_word' id='word_1_66' title='bbox 2272 972 2337 1034; x_wconf 92' lang='lat' dir='ltr'>et</span> <span class='ocrx_word' id='word_1_67' title='bbox 2384 988 2607 1052; x_wconf 79' lang='lat' dir='ltr'>penaS,</span> <span class='ocrx_word' id='word_1_68' title='bbox 2674 973 2744 1033; x_wconf 88' lang='lat' dir='ltr'>ut</span> <span class='ocrx_word' id='word_1_69' title='bbox 2791 970 2879 1033; x_wconf 85' lang='lat' dir='ltr'>eis</span> <span class='ocrx_word' id='word_1_70' title='bbox 2923 968 3019 1033; x_wconf 85' lang='lat' dir='ltr'>vel</span> <span class='ocrx_word' id='word_1_71' title='bbox 3064 985 3278 1031; x_wconf 89' lang='lat' dir='ltr'>eornm</span> 
     </span>
     <span class='ocr_line' id='line_1_8' title="bbox 537 1055 3277 1140; baseline 0 -22"><span class='ocrx_word' id='word_1_72' title='bbox 537 1055 756 1120; x_wconf 89' lang='lat' dir='ltr'>maiori</span> <span class='ocrx_word' id='word_1_73' title='bbox 809 1056 970 1137; x_wconf 90' lang='lat' dir='ltr'>parti</span> <span class='ocrx_word' id='word_1_74' title='bbox 1019 1055 1347 1134; x_wconf 90' lang='lat' dir='ltr'>videbitur,</span> <span class='ocrx_word' id='word_1_75' title='bbox 1403 1059 1471 1121; x_wconf 90' lang='lat' dir='ltr'>ut</span> <span class='ocrx_word' id='word_1_76' title='bbox 1513 1057 1761 1140; x_wconf 79' lang='lat' dir='ltr'>exigant</span> <span class='ocrx_word' id='word_1_77' title='bbox 1807 1057 1980 1122; x_wconf 86' lang='lat' dir='ltr'>dicta</span> <span class='ocrx_word' id='word_1_78' title='bbox 2028 1058 2205 1122; x_wconf 87' lang='lat' dir='ltr'>dacia</span> <span class='ocrx_word' id='word_1_79' title='bbox 2251 1060 2315 1122; x_wconf 88' lang='lat' dir='ltr'>et</span> <span class='ocrx_word' id='word_1_80' title='bbox 2361 1076 2571 1122; x_wconf 86' lang='lat' dir='ltr'>omnes</span> <span class='ocrx_word' id='word_1_81' title='bbox 2624 1057 2778 1122; x_wconf 89' lang='lat' dir='ltr'>alios</span> <span class='ocrx_word' id='word_1_82' title='bbox 2822 1056 3110 1121; x_wconf 76' lang='lat' dir='ltr'>introitus</span> <span class='ocrx_word' id='word_1_83' title='bbox 3173 1073 3277 1119; x_wconf 91' lang='lat' dir='ltr'>no-</span> 
     </span>
     <span class='ocr_line' id='line_1_9' title="bbox 533 1143 3275 1227; baseline 0 -21"><span class='ocrx_word' id='word_1_84' title='bbox 533 1145 648 1206; x_wconf 85' lang='lat' dir='ltr'>stri</span> <span class='ocrx_word' id='word_1_85' title='bbox 695 1144 1043 1208; x_wconf 89' lang='lat' dir='ltr'>communis</span> <span class='ocrx_word' id='word_1_86' title='bbox 1090 1144 1305 1221; x_wconf 78' lang='lat' dir='ltr'>Jadre‚</span> <span class='ocrx_word' id='word_1_87' title='bbox 1357 1161 1393 1209; x_wconf 91' lang='lat' dir='ltr'>a</span> <span class='ocrx_word' id='word_1_88' title='bbox 1445 1145 1689 1227; x_wconf 79' lang='lat' dir='ltr'>quibnS,</span> <span class='ocrx_word' id='word_1_89' title='bbox 1740 1146 1792 1209; x_wconf 91' lang='lat' dir='ltr'>si</span> <span class='ocrx_word' id='word_1_90' title='bbox 1842 1163 1961 1209; x_wconf 92' lang='lat' dir='ltr'>non</span> <span class='ocrx_word' id='word_1_91' title='bbox 2008 1147 2405 1211; x_wconf 85' lang='lat' dir='ltr'>observarent</span> <span class='ocrx_word' id='word_1_92' title='bbox 2466 1145 2777 1226; x_wconf 88' lang='lat' dir='ltr'>predicta,</span> <span class='ocrx_word' id='word_1_93' title='bbox 2841 1145 3122 1209; x_wconf 82' lang='lat' dir='ltr'>excutere</span> <span class='ocrx_word' id='word_1_94' title='bbox 3170 1143 3275 1206; x_wconf 91' lang='lat' dir='ltr'>de-</span> 
     </span>
     <span class='ocr_line' id='line_1_10' title="bbox 535 1230 3275 1318; baseline 0.001 -24"><span class='ocrx_word' id='word_1_95' title='bbox 535 1231 724 1295; x_wconf 91' lang='lat' dir='ltr'>beant</span> <span class='ocrx_word' id='word_1_96' title='bbox 772 1230 974 1295; x_wconf 83' lang='lat' dir='ltr'>dictas</span> <span class='ocrx_word' id='word_1_97' title='bbox 1023 1250 1212 1315; x_wconf 89' lang='lat' dir='ltr'>penas</span> <span class='ocrx_word' id='word_1_98' title='bbox 1264 1252 1380 1314; x_wconf 91' lang='lat' dir='ltr'>per</span> <span class='ocrx_word' id='word_1_99' title='bbox 1429 1252 1533 1297; x_wconf 89' lang='lat' dir='ltr'>eos</span> <span class='ocrx_word' id='word_1_100' title='bbox 1583 1233 1677 1298; x_wconf 88' lang='lat' dir='ltr'>vel</span> <span class='ocrx_word' id='word_1_101' title='bbox 1727 1252 1937 1298; x_wconf 91' lang='lat' dir='ltr'>eorum</span> <span class='ocrx_word' id='word_1_102' title='bbox 1972 1234 2267 1299; x_wconf 90' lang='lat' dir='ltr'>maiorem</span> <span class='ocrx_word' id='word_1_103' title='bbox 2303 1235 2542 1318; x_wconf 88' lang='lat' dir='ltr'>partem</span> <span class='ocrx_word' id='word_1_104' title='bbox 2591 1234 2679 1297; x_wconf 91' lang='lat' dir='ltr'>eis</span> <span class='ocrx_word' id='word_1_105' title='bbox 2712 1233 2809 1298; x_wconf 90' lang='lat' dir='ltr'>vel</span> <span class='ocrx_word' id='word_1_106' title='bbox 2845 1251 3055 1297; x_wconf 87' lang='lat' dir='ltr'>eorum</span> <span class='ocrx_word' id='word_1_107' title='bbox 3087 1231 3275 1297; x_wconf 87' lang='lat' dir='ltr'>alicui</span> 
     </span>
     <span class='ocr_line' id='line_1_11' title="bbox 532 1318 3276 1404; baseline 0.001 -22"><span class='ocrx_word' id='word_1_108' title='bbox 532 1319 877 1401; x_wconf 81' lang='lat' dir='ltr'>impositae,</span> <span class='ocrx_word' id='word_1_109' title='bbox 929 1321 993 1383; x_wconf 87' lang='lat' dir='ltr'>et</span> <span class='ocrx_word' id='word_1_110' title='bbox 1022 1319 1300 1403; x_wconf 87' lang='lat' dir='ltr'>predicta</span> <span class='ocrx_word' id='word_1_111' title='bbox 1342 1319 1762 1404; x_wconf 89' lang='lat' dir='ltr'>iniungantur</span> <span class='ocrx_word' id='word_1_112' title='bbox 1808 1320 1872 1385; x_wconf 90' lang='lat' dir='ltr'>in</span> <span class='ocrx_word' id='word_1_113' title='bbox 1919 1322 2452 1388; x_wconf 84' lang='lat' dir='ltr'>commissionibus</span> <span class='ocrx_word' id='word_1_114' title='bbox 2500 1321 2744 1385; x_wconf 88' lang='lat' dir='ltr'>comitis</span> <span class='ocrx_word' id='word_1_115' title='bbox 2791 1322 2855 1386; x_wconf 93' lang='lat' dir='ltr'>et</span> <span class='ocrx_word' id='word_1_116' title='bbox 2897 1318 3276 1385; x_wconf 88' lang='lat' dir='ltr'>consiliario-</span> 
     </span>
     <span class='ocr_line' id='line_1_12' title="bbox 531 1406 3160 1491; baseline 0.003 -22"><span class='ocrx_word' id='word_1_117' title='bbox 531 1426 670 1470; x_wconf 88' lang='lat' dir='ltr'>rum</span> <span class='ocrx_word' id='word_1_118' title='bbox 717 1406 911 1472; x_wconf 86' lang='lat' dir='ltr'>Jadre</span> <span class='ocrx_word' id='word_1_119' title='bbox 959 1411 1024 1473; x_wconf 89' lang='lat' dir='ltr'>et</span> <span class='ocrx_word' id='word_1_120' title='bbox 1069 1409 1567 1473; x_wconf 81' lang='lat' dir='ltr'>camerariorum</span> <span class='ocrx_word' id='word_1_121' title='bbox 1615 1408 2054 1491; x_wconf 88' lang='lat' dir='ltr'>predictorum.</span> <span class='ocrx_word' id='word_1_122' title='bbox 3159 1406 3160 1409; x_wconf 50' lang='lat'>&#39;</span> 
     </span>
     <span class='ocr_line' id='line_1_13' title="bbox 621 1497 2264 1574; baseline 0.002 -20"><span class='ocrx_word' id='word_1_123' title='bbox 621 1497 779 1557; x_wconf 79' lang='lat' dir='ltr'>Secr.</span> <span class='ocrx_word' id='word_1_124' title='bbox 831 1515 985 1557; x_wconf 59' lang='lat' dir='ltr'>consu</span> <span class='ocrx_word' id='word_1_125' title='bbox 1035 1503 1221 1574; x_wconf 61' lang='grc' dir='ltr'><em>φοραί.</em></span> <span class='ocrx_word' id='word_1_126' title='bbox 1270 1498 1345 1557; x_wconf 81' lang='grc' dir='ltr'>Α.</span> <span class='ocrx_word' id='word_1_127' title='bbox 1400 1502 1504 1570; x_wconf 88' lang='grc'>87,</span> <span class='ocrx_word' id='word_1_128' title='bbox 1561 1518 1603 1558; x_wconf 80' lang='lat' dir='ltr'><em>u</em></span> <span class='ocrx_word' id='word_1_129' title='bbox 1649 1502 1867 1559; x_wconf 77' lang='lat' dir='ltr'>arkivu</span> <span class='ocrx_word' id='word_1_130' title='bbox 1907 1502 2264 1561; x_wconf 69' lang='lat' dir='ltr'>mletackom.</span> 
     </span>
    </p>
   </div>
   <div class='ocr_carea' id='block_1_3' title="bbox 795 1688 3012 1793">
    <p class='ocr_par' dir='ltr' id='par_1_3' title="bbox 795 1688 3012 1793">
     <span class='ocr_line' id='line_1_14' title="bbox 795 1688 3012 1793; baseline 0 -23"><span class='ocrx_word' id='word_1_131' title='bbox 795 1689 1295 1770; x_wconf 82' lang='lat' dir='ltr'>XXXVIII.</span> <span class='ocrx_word' id='word_1_132' title='bbox 1354 1690 1559 1773; x_wconf 62' lang='lat' dir='ltr'>flod.</span> <span class='ocrx_word' id='word_1_133' title='bbox 1616 1689 1839 1772; x_wconf 78' lang='lat'><strong>1347.</strong></span> <span class='ocrx_word' id='word_1_134' title='bbox 1895 1693 1937 1772; x_wconf 95' lang='lat'>1</span> <span class='ocrx_word' id='word_1_135' title='bbox 1995 1690 2449 1793; x_wconf 78' lang='lat' dir='ltr'>listopada,</span> <span class='ocrx_word' id='word_1_136' title='bbox 2502 1713 2563 1772; x_wconf 94' lang='lat' dir='ltr'>u</span> <span class='ocrx_word' id='word_1_137' title='bbox 2620 1688 3012 1772; x_wconf 81' lang='lat' dir='ltr'>Mletcih.</span> 
     </span>
    </p>
   </div>
   <div class='ocr_carea' id='block_1_4' title="bbox 534 1814 3277 1980">
    <p class='ocr_par' dir='ltr' id='par_1_4' title="bbox 534 1814 3277 1980">
     <span class='ocr_line' id='line_1_15' title="bbox 534 1814 3277 1893; baseline -0 -18"><span class='ocrx_word' id='word_1_138' title='bbox 534 1815 746 1889; x_wconf 80' lang='lat' dir='ltr'>Nudja</span> <span class='ocrx_word' id='word_1_139' title='bbox 793 1833 854 1875; x_wconf 82' lang='lat' dir='ltr'>se</span> <span class='ocrx_word' id='word_1_140' title='bbox 902 1817 1091 1877; x_wconf 77' lang='lat' dir='ltr'>knezu</span> <span class='ocrx_word' id='word_1_141' title='bbox 1141 1817 1384 1893; x_wconf 77' lang='lat' dir='ltr'>Gryuru</span> <span class='ocrx_word' id='word_1_142' title='bbox 1433 1820 1562 1877; x_wconf 88' lang='lat'>500</span> <span class='ocrx_word' id='word_1_143' title='bbox 1610 1819 1914 1893; x_wconf 63' lang='lat' dir='ltr'>yodisnjih</span> <span class='ocrx_word' id='word_1_144' title='bbox 1974 1819 2169 1877; x_wconf 79' lang='lat' dir='ltr'>libam</span> <span class='ocrx_word' id='word_1_145' title='bbox 2191 1866 2206 1892; x_wconf 89' lang='lat'>‚</span> <span class='ocrx_word' id='word_1_146' title='bbox 2271 1821 2382 1878; x_wconf 80' lang='lat' dir='ltr'>ako</span> <span class='ocrx_word' id='word_1_147' title='bbox 2427 1820 2621 1878; x_wconf 74' lang='lat' dir='ltr'>uc&#39;uva</span> <span class='ocrx_word' id='word_1_148' title='bbox 2663 1814 2971 1876; x_wconf 80' lang='lat' dir='ltr'>Ostrovicu</span> <span class='ocrx_word' id='word_1_149' title='bbox 3014 1832 3090 1876; x_wconf 74' lang='lat' dir='ltr'>za</span> <span class='ocrx_word' id='word_1_150' title='bbox 3137 1817 3277 1874; x_wconf 81' lang='lat' dir='ltr'>sina</span> 
     </span>
     <span class='ocr_line' id='line_1_16' title="bbox 1185 1907 2632 1980; baseline 0.001 -16"><span class='ocrx_word' id='word_1_151' title='bbox 1185 1908 1371 1966; x_wconf 78' lang='lat' dir='ltr'>kneza</span> <span class='ocrx_word' id='word_1_152' title='bbox 1425 1907 1634 1966; x_wconf 84' lang='lat' dir='ltr'>Pavla.</span> <span class='ocrx_word' id='word_1_153' title='bbox 1687 1907 1926 1966; x_wconf 80' lang='lat' dir='ltr'>Posada</span> <span class='ocrx_word' id='word_1_154' title='bbox 1966 1907 2265 1966; x_wconf 80' lang='lat' dir='ltr'>zadarska</span> <span class='ocrx_word' id='word_1_155' title='bbox 2310 1908 2632 1980; x_wconf 77' lang='lat' dir='ltr'>umaljena.</span> 
     </span>
    </p>
   </div>
   <div class='ocr_carea' id='block_1_5' title="bbox 530 2024 3274 4662">
    <p class='ocr_par' dir='ltr' id='par_1_5' title="bbox 530 2024 3274 4046">
     <span class='ocr_line' id='line_1_17' title="bbox 760 2024 3266 2110; baseline 0 -22"><span class='ocrx_word' id='word_1_156' title='bbox 760 2025 942 2089; x_wconf 84' lang='lat'><strong>1347.</strong></span> <span class='ocrx_word' id='word_1_157' title='bbox 991 2025 1090 2091; x_wconf 91' lang='lat' dir='ltr'>die</span> <span class='ocrx_word' id='word_1_158' title='bbox 1137 2030 1332 2108; x_wconf 90' lang='lat' dir='ltr'>primo</span> <span class='ocrx_word' id='word_1_159' title='bbox 1379 2027 1670 2104; x_wconf 80' lang='lat' dir='ltr'>octubriS,</span> <span class='ocrx_word' id='word_1_160' title='bbox 1720 2030 1932 2109; x_wconf 86' lang='lat' dir='ltr'>capta:</span> <span class='ocrx_word' id='word_1_161' title='bbox 1997 2027 2159 2110; x_wconf 90' lang='lat' dir='ltr'>quod</span> <span class='ocrx_word' id='word_1_162' title='bbox 2215 2028 2524 2092; x_wconf 87' lang='lat' dir='ltr'>scribatur</span> <span class='ocrx_word' id='word_1_163' title='bbox 2587 2024 2863 2093; x_wconf 64' lang='lat' dir='ltr'>,Iohanni</span> <span class='ocrx_word' id='word_1_164' title='bbox 2910 2024 3110 2091; x_wconf 85' lang='lat' dir='ltr'>Guido</span> <span class='ocrx_word' id='word_1_165' title='bbox 3157 2044 3266 2089; x_wconf 91' lang='lat' dir='ltr'>no·</span> 
     </span>
     <span class='ocr_line' id='line_1_18' title="bbox 530 2112 3274 2198; baseline 0 -21"><span class='ocrx_word' id='word_1_166' title='bbox 530 2113 689 2177; x_wconf 88' lang='lat' dir='ltr'>tario</span> <span class='ocrx_word' id='word_1_167' title='bbox 737 2116 964 2191; x_wconf 88' lang='lat' dir='ltr'>nostro,</span> <span class='ocrx_word' id='word_1_168' title='bbox 1013 2114 1172 2197; x_wconf 88' lang='lat' dir='ltr'>quod</span> <span class='ocrx_word' id='word_1_169' title='bbox 1220 2115 1556 2179; x_wconf 85' lang='lat' dir='ltr'>intellectis</span> <span class='ocrx_word' id='word_1_170' title='bbox 1603 2115 1835 2180; x_wconf 90' lang='lat' dir='ltr'>litteris</span> <span class='ocrx_word' id='word_1_171' title='bbox 1884 2117 2010 2179; x_wconf 80' lang='lat' dir='ltr'>suis</span> <span class='ocrx_word' id='word_1_172' title='bbox 2059 2122 2121 2179; x_wconf 87' lang='lat' dir='ltr'>et</span> <span class='ocrx_word' id='word_1_173' title='bbox 2170 2116 2397 2180; x_wconf 89' lang='lat' dir='ltr'>litteris</span> <span class='ocrx_word' id='word_1_174' title='bbox 2445 2116 2694 2180; x_wconf 91' lang='lat' dir='ltr'>comitis</span> <span class='ocrx_word' id='word_1_175' title='bbox 2731 2112 3015 2198; x_wconf 88' lang='lat' dir='ltr'>Gregorii</span> <span class='ocrx_word' id='word_1_176' title='bbox 3059 2112 3274 2178; x_wconf 92' lang='lat' dir='ltr'>Ostro-</span> 
     </span>
     <span class='ocr_line' id='line_1_19' title="bbox 531 2201 3270 2287; baseline 0 -21"><span class='ocrx_word' id='word_1_177' title='bbox 531 2202 704 2277; x_wconf 91' lang='lat' dir='ltr'>vicie,</span> <span class='ocrx_word' id='word_1_178' title='bbox 753 2203 1209 2268; x_wconf 88' lang='lat' dir='ltr'>continentibus</span> <span class='ocrx_word' id='word_1_179' title='bbox 1267 2203 1519 2267; x_wconf 87' lang='lat' dir='ltr'>finalem</span> <span class='ocrx_word' id='word_1_180' title='bbox 1580 2203 2039 2286; x_wconf 87' lang='lat' dir='ltr'>responsionem</span> <span class='ocrx_word' id='word_1_181' title='bbox 2100 2205 2156 2268; x_wconf 90' lang='lat' dir='ltr'>ei</span> <span class='ocrx_word' id='word_1_182' title='bbox 2221 2203 2446 2269; x_wconf 90' lang='lat' dir='ltr'>factam</span> <span class='ocrx_word' id='word_1_183' title='bbox 2512 2223 2618 2287; x_wconf 88' lang='lat' dir='ltr'>per</span> <span class='ocrx_word' id='word_1_184' title='bbox 2678 2203 2917 2267; x_wconf 88' lang='lat' dir='ltr'>dictum</span> <span class='ocrx_word' id='word_1_185' title='bbox 2979 2201 3270 2266; x_wconf 89' lang='lat' dir='ltr'>comitem</span> 
     </span>
     <span class='ocr_line' id='line_1_20' title="bbox 534 2289 3261 2375; baseline 0 -21"><span class='ocrx_word' id='word_1_186' title='bbox 534 2289 923 2372; x_wconf 90' lang='lat' dir='ltr'>Gregorium,</span> <span class='ocrx_word' id='word_1_187' title='bbox 972 2291 1027 2355; x_wconf 91' lang='lat' dir='ltr'>ei</span> <span class='ocrx_word' id='word_1_188' title='bbox 1066 2291 1394 2356; x_wconf 84' lang='lat' dir='ltr'>scribimus</span> <span class='ocrx_word' id='word_1_189' title='bbox 1435 2294 1499 2356; x_wconf 93' lang='lat' dir='ltr'>et</span> <span class='ocrx_word' id='word_1_190' title='bbox 1548 2293 1930 2368; x_wconf 82' lang='lat' dir='ltr'>mandamus,</span> <span class='ocrx_word' id='word_1_191' title='bbox 1967 2294 2270 2375; x_wconf 88' lang='lat' dir='ltr'>qnatenus</span> <span class='ocrx_word' id='word_1_192' title='bbox 2303 2293 2526 2357; x_wconf 88' lang='lat' dir='ltr'>iterato</span> <span class='ocrx_word' id='word_1_193' title='bbox 2572 2292 2661 2358; x_wconf 90' lang='lat' dir='ltr'>ire</span> <span class='ocrx_word' id='word_1_194' title='bbox 2697 2292 2918 2355; x_wconf 89' lang='lat' dir='ltr'>debeat</span> <span class='ocrx_word' id='word_1_195' title='bbox 2947 2290 3022 2355; x_wconf 87' lang='lat' dir='ltr'>ad</span> <span class='ocrx_word' id='word_1_196' title='bbox 3054 2290 3261 2372; x_wconf 90' lang='lat' dir='ltr'>ipsum</span> 
     </span>
     <span class='ocr_line' id='line_1_21' title="bbox 536 2376 3262 2463; baseline 0 -22"><span class='ocrx_word' id='word_1_197' title='bbox 536 2377 827 2442; x_wconf 91' lang='lat' dir='ltr'>comitem</span> <span class='ocrx_word' id='word_1_198' title='bbox 874 2377 1262 2462; x_wconf 84' lang='lat' dir='ltr'>Gregorium,</span> <span class='ocrx_word' id='word_1_199' title='bbox 1311 2380 1663 2462; x_wconf 86' lang='lat' dir='ltr'>replicando</span> <span class='ocrx_word' id='word_1_200' title='bbox 1706 2380 1827 2443; x_wconf 89' lang='lat' dir='ltr'>sibi</span> <span class='ocrx_word' id='word_1_201' title='bbox 1877 2381 2285 2462; x_wconf 85' lang='lat' dir='ltr'>provisionem</span> <span class='ocrx_word' id='word_1_202' title='bbox 2352 2400 2458 2463; x_wconf 93' lang='lat' dir='ltr'>per</span> <span class='ocrx_word' id='word_1_203' title='bbox 2518 2399 2628 2445; x_wconf 91' lang='lat' dir='ltr'>nos</span> <span class='ocrx_word' id='word_1_204' title='bbox 2690 2379 2920 2443; x_wconf 84' lang='lat' dir='ltr'>factam</span> <span class='ocrx_word' id='word_1_205' title='bbox 2979 2376 3055 2442; x_wconf 90' lang='lat' dir='ltr'>de</span> <span class='ocrx_word' id='word_1_206' title='bbox 3098 2378 3262 2444; x_wconf 84' lang='lat' dir='ltr'>acci-</span> 
     </span>
     <span class='ocr_line' id='line_1_22' title="bbox 535 2465 3262 2549; baseline 0.001 -21"><span class='ocrx_word' id='word_1_207' title='bbox 535 2465 756 2547; x_wconf 90' lang='lat' dir='ltr'>piendo</span> <span class='ocrx_word' id='word_1_208' title='bbox 803 2467 1076 2530; x_wconf 87' lang='lat' dir='ltr'>castrum</span> <span class='ocrx_word' id='word_1_209' title='bbox 1141 2466 1480 2533; x_wconf 88' lang='lat' dir='ltr'>Ostrovicie</span> <span class='ocrx_word' id='word_1_210' title='bbox 1527 2469 1590 2532; x_wconf 92' lang='lat' dir='ltr'>in</span> <span class='ocrx_word' id='word_1_211' title='bbox 1636 2469 1847 2532; x_wconf 90' lang='lat' dir='ltr'>nostra</span> <span class='ocrx_word' id='word_1_212' title='bbox 1911 2468 2188 2532; x_wconf 90' lang='lat' dir='ltr'>custodia</span> <span class='ocrx_word' id='word_1_213' title='bbox 2247 2469 2492 2533; x_wconf 92' lang='lat' dir='ltr'>nomine</span> <span class='ocrx_word' id='word_1_214' title='bbox 2552 2470 2686 2533; x_wconf 89' lang='lat' dir='ltr'>eius</span> <span class='ocrx_word' id='word_1_215' title='bbox 2736 2469 2801 2531; x_wconf 91' lang='lat' dir='ltr'>et</span> <span class='ocrx_word' id='word_1_216' title='bbox 2850 2466 3100 2549; x_wconf 86' lang='lat' dir='ltr'>nepotis</span> <span class='ocrx_word' id='word_1_217' title='bbox 3145 2467 3262 2545; x_wconf 89' lang='lat' dir='ltr'>sui,</span> 
     </span>
     <span class='ocr_line' id='line_1_23' title="bbox 536 2552 3266 2638; baseline 0.001 -22"><span class='ocrx_word' id='word_1_218' title='bbox 536 2552 734 2618; x_wconf 88' lang='lat' dir='ltr'>dando</span> <span class='ocrx_word' id='word_1_219' title='bbox 779 2554 835 2619; x_wconf 91' lang='lat' dir='ltr'>ei</span> <span class='ocrx_word' id='word_1_220' title='bbox 882 2556 1075 2620; x_wconf 90' lang='lat' dir='ltr'>libras</span> <span class='ocrx_word' id='word_1_221' title='bbox 1124 2555 1294 2619; x_wconf 90' lang='lat' dir='ltr'>mille</span> <span class='ocrx_word' id='word_1_222' title='bbox 1341 2557 1413 2619; x_wconf 89' lang='lat' dir='ltr'>de</span> <span class='ocrx_word' id='word_1_223' title='bbox 1460 2555 1807 2638; x_wconf 88' lang='lat' dir='ltr'>provisione</span> <span class='ocrx_word' id='word_1_224' title='bbox 1855 2557 2021 2621; x_wconf 88' lang='lat' dir='ltr'>omni</span> <span class='ocrx_word' id='word_1_225' title='bbox 2072 2574 2247 2636; x_wconf 89' lang='lat' dir='ltr'>anno,</span> <span class='ocrx_word' id='word_1_226' title='bbox 2298 2559 2361 2620; x_wconf 90' lang='lat' dir='ltr'>et</span> <span class='ocrx_word' id='word_1_227' title='bbox 2404 2557 2561 2638; x_wconf 78' lang='lat' dir='ltr'>quod</span> <span class='ocrx_word' id='word_1_228' title='bbox 2609 2558 2718 2621; x_wconf 88' lang='lat' dir='ltr'>hec</span> <span class='ocrx_word' id='word_1_229' title='bbox 2750 2556 2964 2620; x_wconf 87' lang='lat' dir='ltr'>nostra</span> <span class='ocrx_word' id='word_1_230' title='bbox 2991 2554 3266 2637; x_wconf 87' lang='lat' dir='ltr'>provisio</span> 
     </span>
     <span class='ocr_line' id='line_1_24' title="bbox 541 2643 3273 2728; baseline 0 -22"><span class='ocrx_word' id='word_1_231' title='bbox 541 2651 671 2707; x_wconf 86' lang='lat' dir='ltr'>erat</span> <span class='ocrx_word' id='word_1_232' title='bbox 718 2643 933 2708; x_wconf 90' lang='lat' dir='ltr'>modus</span> <span class='ocrx_word' id='word_1_233' title='bbox 981 2644 1251 2710; x_wconf 89' lang='lat' dir='ltr'>directus</span> <span class='ocrx_word' id='word_1_234' title='bbox 1300 2646 1362 2709; x_wconf 88' lang='lat' dir='ltr'>et</span> <span class='ocrx_word' id='word_1_235' title='bbox 1409 2647 1590 2728; x_wconf 91' lang='lat' dir='ltr'>aptus</span> <span class='ocrx_word' id='word_1_236' title='bbox 1649 2664 1759 2727; x_wconf 91' lang='lat' dir='ltr'>pro</span> <span class='ocrx_word' id='word_1_237' title='bbox 1819 2645 2190 2710; x_wconf 81' lang='lat' dir='ltr'>relaxatione</span> <span class='ocrx_word' id='word_1_238' title='bbox 2238 2649 2302 2711; x_wconf 94' lang='lat' dir='ltr'>et</span> <span class='ocrx_word' id='word_1_239' title='bbox 2345 2644 2710 2710; x_wconf 88' lang='lat' dir='ltr'>liberatione</span> <span class='ocrx_word' id='word_1_240' title='bbox 2771 2645 2873 2707; x_wconf 88' lang='lat' dir='ltr'>sui</span> <span class='ocrx_word' id='word_1_241' title='bbox 2922 2644 3164 2726; x_wconf 86' lang='lat' dir='ltr'>nepotis</span> <span class='ocrx_word' id='word_1_242' title='bbox 3208 2645 3273 2708; x_wconf 90' lang='lat' dir='ltr'>et</span> 
     </span>
     <span class='ocr_line' id='line_1_25' title="bbox 535 2730 3269 2818; baseline 0.001 -24"><span class='ocrx_word' id='word_1_243' title='bbox 535 2730 807 2795; x_wconf 86' lang='lat' dir='ltr'>filiarum</span> <span class='ocrx_word' id='word_1_244' title='bbox 854 2731 929 2797; x_wconf 92' lang='lat' dir='ltr'>de</span> <span class='ocrx_word' id='word_1_245' title='bbox 977 2733 1262 2798; x_wconf 88' lang='lat' dir='ltr'>manibus</span> <span class='ocrx_word' id='word_1_246' title='bbox 1311 2733 1558 2798; x_wconf 89' lang='lat' dir='ltr'>comitis</span> <span class='ocrx_word' id='word_1_247' title='bbox 1606 2734 1865 2818; x_wconf 85' lang='lat' dir='ltr'>Doymi;</span> <span class='ocrx_word' id='word_1_248' title='bbox 1913 2734 1977 2798; x_wconf 88' lang='lat' dir='ltr'>et</span> <span class='ocrx_word' id='word_1_249' title='bbox 2015 2735 2069 2798; x_wconf 90' lang='lat' dir='ltr'>si</span> <span class='ocrx_word' id='word_1_250' title='bbox 2111 2733 2315 2799; x_wconf 88' lang='lat' dir='ltr'>dictus</span> <span class='ocrx_word' id='word_1_251' title='bbox 2359 2752 2562 2799; x_wconf 86' lang='lat' dir='ltr'>comes</span> <span class='ocrx_word' id='word_1_252' title='bbox 2609 2732 2959 2815; x_wconf 85' lang='lat' dir='ltr'>Gregorius</span> <span class='ocrx_word' id='word_1_253' title='bbox 3003 2731 3269 2797; x_wconf 87' lang='lat' dir='ltr'>instaret</span> 
     </span>
     <span class='ocr_line' id='line_1_26' title="bbox 537 2819 3272 2905; baseline 0.001 -22"><span class='ocrx_word' id='word_1_254' title='bbox 537 2819 698 2884; x_wconf 89' lang='lat' dir='ltr'>dicte</span> <span class='ocrx_word' id='word_1_255' title='bbox 746 2820 875 2885; x_wconf 91' lang='lat' dir='ltr'>eius</span> <span class='ocrx_word' id='word_1_256' title='bbox 924 2821 1330 2905; x_wconf 88' lang='lat' dir='ltr'>responsioni,</span> <span class='ocrx_word' id='word_1_257' title='bbox 1377 2824 1524 2886; x_wconf 90' lang='lat' dir='ltr'>tunc</span> <span class='ocrx_word' id='word_1_258' title='bbox 1561 2822 1759 2886; x_wconf 90' lang='lat' dir='ltr'>dicere</span> <span class='ocrx_word' id='word_1_259' title='bbox 1805 2822 2070 2886; x_wconf 86' lang='lat' dir='ltr'>debeant</span> <span class='ocrx_word' id='word_1_260' title='bbox 2115 2823 2231 2904; x_wconf 91' lang='lat' dir='ltr'>ipsi</span> <span class='ocrx_word' id='word_1_261' title='bbox 2263 2823 2494 2899; x_wconf 80' lang='lat' dir='ltr'>comitr,</span> <span class='ocrx_word' id='word_1_262' title='bbox 2542 2820 2722 2905; x_wconf 89' lang='lat' dir='ltr'>quod,</span> <span class='ocrx_word' id='word_1_263' title='bbox 2781 2819 3086 2884; x_wconf 85' lang='lat' dir='ltr'>habentes</span> <span class='ocrx_word' id='word_1_264' title='bbox 3133 2838 3272 2902; x_wconf 89' lang='lat' dir='ltr'>spe-</span> 
     </span>
     <span class='ocr_line' id='line_1_27' title="bbox 541 2908 3271 2992; baseline 0.001 -21"><span class='ocrx_word' id='word_1_265' title='bbox 541 2908 765 2971; x_wconf 87' lang='lat' dir='ltr'>cialem</span> <span class='ocrx_word' id='word_1_266' title='bbox 806 2925 1081 2974; x_wconf 88' lang='lat' dir='ltr'>amorem</span> <span class='ocrx_word' id='word_1_267' title='bbox 1129 2909 1205 2983; x_wconf 89' lang='lat' dir='ltr'>ei,</span> <span class='ocrx_word' id='word_1_268' title='bbox 1239 2914 1302 2973; x_wconf 89' lang='lat' dir='ltr'>et</span> <span class='ocrx_word' id='word_1_269' title='bbox 1344 2909 1716 2975; x_wconf 89' lang='lat' dir='ltr'>confidentes</span> <span class='ocrx_word' id='word_1_270' title='bbox 1762 2910 1836 2974; x_wconf 91' lang='lat' dir='ltr'>de</span> <span class='ocrx_word' id='word_1_271' title='bbox 1885 2930 1996 2974; x_wconf 89' lang='lat' dir='ltr'>sua</span> <span class='ocrx_word' id='word_1_272' title='bbox 2044 2911 2202 2975; x_wconf 89' lang='lat' dir='ltr'>bona</span> <span class='ocrx_word' id='word_1_273' title='bbox 2249 2911 2568 2976; x_wconf 89' lang='lat' dir='ltr'>devotione</span> <span class='ocrx_word' id='word_1_274' title='bbox 2617 2913 2680 2975; x_wconf 86' lang='lat' dir='ltr'>et</span> <span class='ocrx_word' id='word_1_275' title='bbox 2724 2908 3050 2986; x_wconf 87' lang='lat' dir='ltr'>fidelitate,</span> <span class='ocrx_word' id='word_1_276' title='bbox 3086 2927 3271 2992; x_wconf 87' lang='lat' dir='ltr'>quam</span> 
     </span>
     <span class='ocr_line' id='line_1_28' title="bbox 543 2996 3272 3082; baseline 0.001 -24"><span class='ocrx_word' id='word_1_277' title='bbox 543 2996 720 3078; x_wconf 87' lang='lat' dir='ltr'>gerit</span> <span class='ocrx_word' id='word_1_278' title='bbox 752 3015 963 3061; x_wconf 86' lang='lat' dir='ltr'>versus</span> <span class='ocrx_word' id='word_1_279' title='bbox 996 3000 1274 3063; x_wconf 90' lang='lat' dir='ltr'>nostrum</span> <span class='ocrx_word' id='word_1_280' title='bbox 1305 2996 1665 3075; x_wconf 90' lang='lat' dir='ltr'>dominium,</span> <span class='ocrx_word' id='word_1_281' title='bbox 1715 3000 2024 3063; x_wconf 84' lang='lat' dir='ltr'>reddimur</span> <span class='ocrx_word' id='word_1_282' title='bbox 2066 3000 2241 3076; x_wconf 92' lang='lat' dir='ltr'>certi,</span> <span class='ocrx_word' id='word_1_283' title='bbox 2291 2999 2446 3082; x_wconf 90' lang='lat' dir='ltr'>quod</span> <span class='ocrx_word' id='word_1_284' title='bbox 2472 2998 2706 3063; x_wconf 89' lang='lat' dir='ltr'>dictum</span> <span class='ocrx_word' id='word_1_285' title='bbox 2755 2999 3030 3062; x_wconf 89' lang='lat' dir='ltr'>castrum</span> <span class='ocrx_word' id='word_1_286' title='bbox 3056 2996 3272 3063; x_wconf 88' lang='lat' dir='ltr'>Ostro-</span> 
     </span>
     <span class='ocr_line' id='line_1_29' title="bbox 542 3084 3270 3171; baseline 0.001 -25"><span class='ocrx_word' id='word_1_287' title='bbox 542 3084 703 3147; x_wconf 89' lang='lat' dir='ltr'>vicie</span> <span class='ocrx_word' id='word_1_288' title='bbox 760 3084 997 3150; x_wconf 86' lang='lat' dir='ltr'>tenebit</span> <span class='ocrx_word' id='word_1_289' title='bbox 1045 3089 1109 3149; x_wconf 89' lang='lat' dir='ltr'>et</span> <span class='ocrx_word' id='word_1_290' title='bbox 1153 3087 1542 3151; x_wconf 88' lang='lat' dir='ltr'>conservabit</span> <span class='ocrx_word' id='word_1_291' title='bbox 1603 3087 1846 3151; x_wconf 91' lang='lat' dir='ltr'>nomine</span> <span class='ocrx_word' id='word_1_292' title='bbox 1895 3088 2135 3170; x_wconf 87' lang='lat' dir='ltr'>nepotis</span> <span class='ocrx_word' id='word_1_293' title='bbox 2202 3088 2295 3152; x_wconf 90' lang='lat' dir='ltr'>sui</span> <span class='ocrx_word' id='word_1_294' title='bbox 2358 3087 2616 3171; x_wconf 89' lang='lat' dir='ltr'>predicti</span> <span class='ocrx_word' id='word_1_295' title='bbox 2664 3087 2831 3151; x_wconf 85' lang='lat' dir='ltr'>iuxta</span> <span class='ocrx_word' id='word_1_296' title='bbox 2875 3085 3134 3150; x_wconf 90' lang='lat' dir='ltr'>formam</span> <span class='ocrx_word' id='word_1_297' title='bbox 3176 3088 3270 3150; x_wconf 92' lang='lat' dir='ltr'>te-</span> 
     </span>
     <span class='ocr_line' id='line_1_30' title="bbox 538 3172 3270 3258; baseline 0 -23"><span class='ocrx_word' id='word_1_298' title='bbox 538 3172 832 3236; x_wconf 86' lang='lat' dir='ltr'>stamenti</span> <span class='ocrx_word' id='word_1_299' title='bbox 870 3172 1114 3237; x_wconf 91' lang='lat' dir='ltr'>comitis</span> <span class='ocrx_word' id='word_1_300' title='bbox 1162 3174 1341 3238; x_wconf 89' lang='lat' dir='ltr'>Pauli</span> <span class='ocrx_word' id='word_1_301' title='bbox 1383 3173 1640 3238; x_wconf 87' lang='lat' dir='ltr'>condam</span> <span class='ocrx_word' id='word_1_302' title='bbox 1695 3173 1907 3238; x_wconf 88' lang='lat' dir='ltr'>fratris</span> <span class='ocrx_word' id='word_1_303' title='bbox 1954 3176 2084 3251; x_wconf 71' lang='lat' dir='ltr'>sui:</span> <span class='ocrx_word' id='word_1_304' title='bbox 2142 3178 2205 3240; x_wconf 91' lang='lat' dir='ltr'>et</span> <span class='ocrx_word' id='word_1_305' title='bbox 2250 3194 2360 3258; x_wconf 92' lang='lat' dir='ltr'>pro</span> <span class='ocrx_word' id='word_1_306' title='bbox 2415 3175 2616 3239; x_wconf 88' lang='lat' dir='ltr'>dando</span> <span class='ocrx_word' id='word_1_307' title='bbox 2665 3175 2718 3239; x_wconf 90' lang='lat' dir='ltr'>ei</span> <span class='ocrx_word' id='word_1_308' title='bbox 2761 3192 3004 3239; x_wconf 92' lang='lat' dir='ltr'>omnem</span> <span class='ocrx_word' id='word_1_309' title='bbox 3052 3173 3270 3237; x_wconf 88' lang='lat' dir='ltr'>bonam</span> 
     </span>
     <span class='ocr_line' id='line_1_31' title="bbox 538 3261 3266 3346; baseline 0.001 -24"><span class='ocrx_word' id='word_1_310' title='bbox 538 3277 788 3323; x_wconf 86' lang='lat' dir='ltr'>causam</span> <span class='ocrx_word' id='word_1_311' title='bbox 835 3261 1265 3342; x_wconf 85' lang='lat' dir='ltr'>perseverandi</span> <span class='ocrx_word' id='word_1_312' title='bbox 1304 3263 1367 3325; x_wconf 92' lang='lat' dir='ltr'>in</span> <span class='ocrx_word' id='word_1_313' title='bbox 1415 3263 1530 3326; x_wconf 93' lang='lat' dir='ltr'>hoc</span> <span class='ocrx_word' id='word_1_314' title='bbox 1593 3261 1879 3327; x_wconf 88' lang='lat' dir='ltr'>volumus</span> <span class='ocrx_word' id='word_1_315' title='bbox 1946 3263 2001 3328; x_wconf 87' lang='lat' dir='ltr'>ei</span> <span class='ocrx_word' id='word_1_316' title='bbox 2050 3264 2194 3329; x_wconf 90' lang='lat' dir='ltr'>dare</span> <span class='ocrx_word' id='word_1_317' title='bbox 2256 3263 2450 3327; x_wconf 90' lang='lat' dir='ltr'>libras</span> <span class='ocrx_word' id='word_1_318' title='bbox 2514 3263 2887 3346; x_wconf 87' lang='lat' dir='ltr'>quingentas</span> <span class='ocrx_word' id='word_1_319' title='bbox 2948 3261 3266 3324; x_wconf 84' lang='lat' dir='ltr'>annuatim</span> 
     </span>
     <span class='ocr_line' id='line_1_32' title="bbox 540 3347 3269 3433; baseline 0 -23"><span class='ocrx_word' id='word_1_320' title='bbox 540 3347 613 3411; x_wconf 91' lang='lat' dir='ltr'>de</span> <span class='ocrx_word' id='word_1_321' title='bbox 657 3349 1023 3429; x_wconf 90' lang='lat' dir='ltr'>provisione,</span> <span class='ocrx_word' id='word_1_322' title='bbox 1074 3350 1423 3431; x_wconf 89' lang='lat' dir='ltr'>recipiendo</span> <span class='ocrx_word' id='word_1_323' title='bbox 1470 3352 1529 3413; x_wconf 89' lang='lat' dir='ltr'>in</span> <span class='ocrx_word' id='word_1_324' title='bbox 1579 3351 1885 3433; x_wconf 90' lang='lat' dir='ltr'>principio</span> <span class='ocrx_word' id='word_1_325' title='bbox 1934 3352 2265 3416; x_wconf 83' lang='lat' dir='ltr'>cuiuslibet</span> <span class='ocrx_word' id='word_1_326' title='bbox 2309 3351 2496 3416; x_wconf 91' lang='lat' dir='ltr'>medii</span> <span class='ocrx_word' id='word_1_327' title='bbox 2541 3352 2686 3414; x_wconf 91' lang='lat' dir='ltr'>anni</span> <span class='ocrx_word' id='word_1_328' title='bbox 2734 3349 3129 3413; x_wconf 90' lang='lat' dir='ltr'>medietatem</span> <span class='ocrx_word' id='word_1_329' title='bbox 3177 3347 3269 3411; x_wconf 90' lang='lat' dir='ltr'>di-</span> 
     </span>
     <span class='ocr_line' id='line_1_33' title="bbox 538 3435 3266 3519; baseline 0 -21"><span class='ocrx_word' id='word_1_330' title='bbox 538 3439 777 3500; x_wconf 89' lang='lat' dir='ltr'>ctorum</span> <span class='ocrx_word' id='word_1_331' title='bbox 827 3435 1214 3502; x_wconf 88' lang='lat' dir='ltr'>denariorum</span> <span class='ocrx_word' id='word_1_332' title='bbox 1262 3439 1327 3502; x_wconf 88' lang='lat' dir='ltr'>et</span> <span class='ocrx_word' id='word_1_333' title='bbox 1371 3438 1688 3503; x_wconf 89' lang='lat' dir='ltr'>retinendo</span> <span class='ocrx_word' id='word_1_334' title='bbox 1737 3442 1802 3502; x_wconf 90' lang='lat' dir='ltr'>et</span> <span class='ocrx_word' id='word_1_335' title='bbox 1852 3441 2261 3505; x_wconf 87' lang='lat' dir='ltr'>conservando</span> <span class='ocrx_word' id='word_1_336' title='bbox 2307 3442 2579 3503; x_wconf 88' lang='lat' dir='ltr'>castrum</span> <span class='ocrx_word' id='word_1_337' title='bbox 2628 3437 2972 3519; x_wconf 89' lang='lat' dir='ltr'>predictum</span> <span class='ocrx_word' id='word_1_338' title='bbox 3021 3436 3266 3500; x_wconf 87' lang='lat' dir='ltr'>nomine</span> 
     </span>
     <span class='ocr_line' id='line_1_34' title="bbox 549 3524 3263 3612; baseline 0 -25"><span class='ocrx_word' id='word_1_339' title='bbox 549 3524 644 3587; x_wconf 92' lang='lat' dir='ltr'>sui</span> <span class='ocrx_word' id='word_1_340' title='bbox 686 3525 749 3588; x_wconf 89' lang='lat' dir='ltr'>et</span> <span class='ocrx_word' id='word_1_341' title='bbox 794 3525 1067 3608; x_wconf 81' lang='lat' dir='ltr'>nepotis3</span> <span class='ocrx_word' id='word_1_342' title='bbox 1114 3544 1253 3590; x_wconf 92' lang='lat' dir='ltr'>cum</span> <span class='ocrx_word' id='word_1_343' title='bbox 1301 3527 1421 3591; x_wconf 91' lang='lat' dir='ltr'>hiis</span> <span class='ocrx_word' id='word_1_344' title='bbox 1470 3528 1534 3590; x_wconf 92' lang='lat' dir='ltr'>et</span> <span class='ocrx_word' id='word_1_345' title='bbox 1581 3527 1722 3591; x_wconf 87' lang='lat' dir='ltr'>aliis</span> <span class='ocrx_word' id='word_1_346' title='bbox 1769 3528 1992 3605; x_wconf 91' lang='lat' dir='ltr'>verbis,</span> <span class='ocrx_word' id='word_1_347' title='bbox 2043 3548 2156 3612; x_wconf 91' lang='lat' dir='ltr'>que</span> <span class='ocrx_word' id='word_1_348' title='bbox 2205 3528 2261 3592; x_wconf 92' lang='lat' dir='ltr'>ei</span> <span class='ocrx_word' id='word_1_349' title='bbox 2307 3545 2417 3610; x_wconf 91' lang='lat' dir='ltr'>pro</span> <span class='ocrx_word' id='word_1_350' title='bbox 2469 3528 2695 3590; x_wconf 90' lang='lat' dir='ltr'>honore</span> <span class='ocrx_word' id='word_1_351' title='bbox 2741 3526 2949 3588; x_wconf 90' lang='lat' dir='ltr'>nostro</span> <span class='ocrx_word' id='word_1_352' title='bbox 2997 3525 3060 3587; x_wconf 88' lang='lat' dir='ltr'>et</span> <span class='ocrx_word' id='word_1_353' title='bbox 3107 3524 3263 3588; x_wconf 91' lang='lat' dir='ltr'>bono</span> 
     </span>
     <span class='ocr_line' id='line_1_35' title="bbox 552 3611 3267 3699; baseline 0 -25"><span class='ocrx_word' id='word_1_354' title='bbox 552 3611 699 3676; x_wconf 83' lang='lat' dir='ltr'>facti</span> <span class='ocrx_word' id='word_1_355' title='bbox 745 3613 925 3677; x_wconf 89' lang='lat' dir='ltr'>utilia</span> <span class='ocrx_word' id='word_1_356' title='bbox 970 3614 1361 3692; x_wconf 87' lang='lat' dir='ltr'>videbuntur,</span> <span class='ocrx_word' id='word_1_357' title='bbox 1407 3614 1762 3696; x_wconf 89' lang='lat' dir='ltr'>accipiendo</span> <span class='ocrx_word' id='word_1_358' title='bbox 1810 3618 1889 3681; x_wconf 90' lang='lat' dir='ltr'>ab</span> <span class='ocrx_word' id='word_1_359' title='bbox 1937 3618 2068 3699; x_wconf 90' lang='lat' dir='ltr'>ipso</span> <span class='ocrx_word' id='word_1_360' title='bbox 2130 3616 2353 3680; x_wconf 88' lang='lat' dir='ltr'>comite</span> <span class='ocrx_word' id='word_1_361' title='bbox 2401 3613 2697 3697; x_wconf 87' lang='lat' dir='ltr'>Gregorio</span> <span class='ocrx_word' id='word_1_362' title='bbox 2743 3613 2836 3694; x_wconf 39' lang='lat' dir='ltr'>de,</span> <span class='ocrx_word' id='word_1_363' title='bbox 2868 3613 3126 3676; x_wconf 88' lang='lat' dir='ltr'>tenendo</span> <span class='ocrx_word' id='word_1_364' title='bbox 3172 3611 3267 3674; x_wconf 92' lang='lat' dir='ltr'>di-</span> 
     </span>
     <span class='ocr_line' id='line_1_36' title="bbox 547 3699 3268 3785; baseline 0.001 -22"><span class='ocrx_word' id='word_1_365' title='bbox 547 3702 714 3763; x_wconf 89' lang='lat' dir='ltr'>ctum</span> <span class='ocrx_word' id='word_1_366' title='bbox 762 3703 1038 3766; x_wconf 87' lang='lat' dir='ltr'>castrum</span> <span class='ocrx_word' id='word_1_367' title='bbox 1084 3722 1194 3785; x_wconf 91' lang='lat' dir='ltr'>per</span> <span class='ocrx_word' id='word_1_368' title='bbox 1242 3703 1493 3767; x_wconf 91' lang='lat' dir='ltr'>modum</span> <span class='ocrx_word' id='word_1_369' title='bbox 1543 3703 1890 3785; x_wconf 88' lang='lat' dir='ltr'>predictum</span> <span class='ocrx_word' id='word_1_370' title='bbox 1941 3705 2398 3768; x_wconf 89' lang='lat' dir='ltr'>sacramentum</span> <span class='ocrx_word' id='word_1_371' title='bbox 2444 3705 2509 3767; x_wconf 85' lang='lat' dir='ltr'>et</span> <span class='ocrx_word' id='word_1_372' title='bbox 2545 3719 2789 3766; x_wconf 91' lang='lat' dir='ltr'>omnem</span> <span class='ocrx_word' id='word_1_373' title='bbox 2835 3699 3022 3764; x_wconf 85' lang='lat' dir='ltr'>aliam</span> <span class='ocrx_word' id='word_1_374' title='bbox 3091 3719 3268 3765; x_wconf 91' lang='lat' dir='ltr'>secu-</span> 
     </span>
     <span class='ocr_line' id='line_1_37' title="bbox 546 3787 3270 3874; baseline 0.001 -24"><span class='ocrx_word' id='word_1_375' title='bbox 546 3788 795 3852; x_wconf 89' lang='lat' dir='ltr'>ritatem</span> <span class='ocrx_word' id='word_1_376' title='bbox 842 3793 906 3855; x_wconf 86' lang='lat' dir='ltr'>et</span> <span class='ocrx_word' id='word_1_377' title='bbox 949 3791 1275 3868; x_wconf 85' lang='lat' dir='ltr'>cautelam,</span> <span class='ocrx_word' id='word_1_378' title='bbox 1326 3811 1508 3874; x_wconf 90' lang='lat' dir='ltr'>quam</span> <span class='ocrx_word' id='word_1_379' title='bbox 1560 3791 1782 3857; x_wconf 89' lang='lat' dir='ltr'>babere</span> <span class='ocrx_word' id='word_1_380' title='bbox 1831 3792 2091 3874; x_wconf 88' lang='lat' dir='ltr'>poterit;</span> <span class='ocrx_word' id='word_1_381' title='bbox 2140 3791 2360 3872; x_wconf 92' lang='lat' dir='ltr'>quibus</span> <span class='ocrx_word' id='word_1_382' title='bbox 2408 3790 2689 3854; x_wconf 88' lang='lat' dir='ltr'>omnibus</span> <span class='ocrx_word' id='word_1_383' title='bbox 2737 3787 3173 3871; x_wconf 88' lang='lat' dir='ltr'>percompletis</span> <span class='ocrx_word' id='word_1_384' title='bbox 3205 3791 3270 3853; x_wconf 89' lang='lat' dir='ltr'>et</span> 
     </span>
     <span class='ocr_line' id='line_1_38' title="bbox 552 3876 3265 3962; baseline 0.001 -23"><span class='ocrx_word' id='word_1_385' title='bbox 552 3876 751 3954; x_wconf 77' lang='lat' dir='ltr'>factis,</span> <span class='ocrx_word' id='word_1_386' title='bbox 801 3879 864 3943; x_wconf 93' lang='lat' dir='ltr'>et</span> <span class='ocrx_word' id='word_1_387' title='bbox 907 3881 1193 3944; x_wconf 86' lang='lat' dir='ltr'>contento</span> <span class='ocrx_word' id='word_1_388' title='bbox 1238 3880 1401 3943; x_wconf 91' lang='lat' dir='ltr'>dicto</span> <span class='ocrx_word' id='word_1_389' title='bbox 1449 3879 1677 3944; x_wconf 88' lang='lat' dir='ltr'>comite</span> <span class='ocrx_word' id='word_1_390' title='bbox 1724 3879 2026 3962; x_wconf 87' lang='lat' dir='ltr'>Gregorio</span> <span class='ocrx_word' id='word_1_391' title='bbox 2074 3879 2148 3943; x_wconf 89' lang='lat' dir='ltr'>de</span> <span class='ocrx_word' id='word_1_392' title='bbox 2195 3878 2503 3962; x_wconf 89' lang='lat' dir='ltr'>predictis,</span> <span class='ocrx_word' id='word_1_393' title='bbox 2553 3878 2842 3942; x_wconf 87' lang='lat' dir='ltr'>Venetias</span> <span class='ocrx_word' id='word_1_394' title='bbox 2903 3879 3265 3943; x_wconf 86' lang='lat' dir='ltr'>revertatur.</span> 
     </span>
     <span class='ocr_line' id='line_1_39' title="bbox 546 3965 2038 4046; baseline 0.003 -19"><span class='ocrx_word' id='word_1_395' title='bbox 546 3965 637 4028; x_wconf 92' lang='lat' dir='ltr'>De</span> <span class='ocrx_word' id='word_1_396' title='bbox 682 3967 856 4046; x_wconf 88' lang='lat' dir='ltr'>parte</span> <span class='ocrx_word' id='word_1_397' title='bbox 905 3966 1007 4046; x_wconf 84' lang='lat'>74,</span> <span class='ocrx_word' id='word_1_398' title='bbox 1053 3968 1126 4031; x_wconf 92' lang='lat' dir='ltr'>de</span> <span class='ocrx_word' id='word_1_399' title='bbox 1174 3987 1294 4032; x_wconf 89' lang='lat' dir='ltr'>non</span> <span class='ocrx_word' id='word_1_400' title='bbox 1347 3968 1444 4046; x_wconf 89' lang='lat'>10,</span> <span class='ocrx_word' id='word_1_401' title='bbox 1493 3986 1613 4032; x_wconf 90' lang='lat' dir='ltr'>non</span> <span class='ocrx_word' id='word_1_402' title='bbox 1667 3968 1887 4032; x_wconf 90' lang='lat' dir='ltr'>sinceri</span> <span class='ocrx_word' id='word_1_403' title='bbox 1942 3969 2038 4031; x_wconf 84' lang='lat'>12.</span> 
     </span>
    </p>

    <p class='ocr_par' dir='ltr' id='par_1_6' title="bbox 543 4051 3268 4579">
     <span class='ocr_line' id='line_1_40' title="bbox 753 4051 3267 4139; baseline -0.001 -20"><span class='ocrx_word' id='word_1_404' title='bbox 753 4051 984 4138; x_wconf 86' lang='lat' dir='ltr'>Capta:</span> <span class='ocrx_word' id='word_1_405' title='bbox 1034 4075 1174 4120; x_wconf 89' lang='lat' dir='ltr'>cum</span> <span class='ocrx_word' id='word_1_406' title='bbox 1221 4059 1430 4120; x_wconf 90' lang='lat' dir='ltr'>nostra</span> <span class='ocrx_word' id='word_1_407' title='bbox 1493 4056 1740 4134; x_wconf 85' lang='lat' dir='ltr'>intersit</span> <span class='ocrx_word' id='word_1_408' title='bbox 1801 4074 2099 4139; x_wconf 84' lang='lat' dir='ltr'>expensas</span> <span class='ocrx_word' id='word_1_409' title='bbox 2163 4055 2415 4120; x_wconf 88' lang='lat' dir='ltr'>inutiles</span> <span class='ocrx_word' id='word_1_410' title='bbox 2476 4073 2826 4128; x_wconf 86' lang='lat' dir='ltr'>removere,</span> <span class='ocrx_word' id='word_1_411' title='bbox 2892 4054 2956 4118; x_wconf 86' lang='lat' dir='ltr'>et</span> <span class='ocrx_word' id='word_1_412' title='bbox 3016 4073 3125 4137; x_wconf 90' lang='lat' dir='ltr'>per</span> <span class='ocrx_word' id='word_1_413' title='bbox 3170 4054 3267 4118; x_wconf 91' lang='lat' dir='ltr'>dei</span> 
     </span>
     <span class='ocr_line' id='line_1_41' title="bbox 543 4140 3268 4226; baseline 0.001 -22"><span class='ocrx_word' id='word_1_414' title='bbox 543 4140 820 4224; x_wconf 86' lang='lat' dir='ltr'>gratiam</span> <span class='ocrx_word' id='word_1_415' title='bbox 869 4143 932 4206; x_wconf 92' lang='lat' dir='ltr'>in</span> <span class='ocrx_word' id='word_1_416' title='bbox 981 4144 1172 4210; x_wconf 83' lang='lat' dir='ltr'>Jadra</span> <span class='ocrx_word' id='word_1_417' title='bbox 1221 4162 1337 4207; x_wconf 90' lang='lat' dir='ltr'>non</span> <span class='ocrx_word' id='word_1_418' title='bbox 1406 4144 1741 4209; x_wconf 88' lang='lat' dir='ltr'>babeamus</span> <span class='ocrx_word' id='word_1_419' title='bbox 1802 4145 1876 4207; x_wconf 88' lang='lat' dir='ltr'>ad</span> <span class='ocrx_word' id='word_1_420' title='bbox 1936 4164 2184 4226; x_wconf 88' lang='lat' dir='ltr'>presens</span> <span class='ocrx_word' id='word_1_421' title='bbox 2232 4143 2306 4209; x_wconf 93' lang='lat' dir='ltr'>de</span> <span class='ocrx_word' id='word_1_422' title='bbox 2369 4142 2577 4225; x_wconf 89' lang='lat' dir='ltr'>aliquo</span> <span class='ocrx_word' id='word_1_423' title='bbox 2640 4142 2960 4218; x_wconf 88' lang='lat' dir='ltr'>dubitare,</span> <span class='ocrx_word' id='word_1_424' title='bbox 3023 4142 3268 4207; x_wconf 89' lang='lat' dir='ltr'>videtur</span> 
     </span>
     <span class='ocr_line' id='line_1_42' title="bbox 543 4229 3264 4315; baseline 0 -22"><span class='ocrx_word' id='word_1_425' title='bbox 543 4229 951 4310; x_wconf 78' lang='lat' dir='ltr'>sapientibuS,</span> <span class='ocrx_word' id='word_1_426' title='bbox 997 4232 1156 4315; x_wconf 89' lang='lat' dir='ltr'>quod</span> <span class='ocrx_word' id='word_1_427' title='bbox 1202 4232 1507 4297; x_wconf 90' lang='lat' dir='ltr'>scribatur</span> <span class='ocrx_word' id='word_1_428' title='bbox 1564 4235 1770 4296; x_wconf 85' lang='lat' dir='ltr'>nostro</span> <span class='ocrx_word' id='word_1_429' title='bbox 1828 4232 2041 4296; x_wconf 90' lang='lat' dir='ltr'>comiti</span> <span class='ocrx_word' id='word_1_430' title='bbox 2085 4232 2312 4307; x_wconf 85' lang='lat' dir='ltr'>Jadre,</span> <span class='ocrx_word' id='word_1_431' title='bbox 2359 4234 2518 4315; x_wconf 90' lang='lat' dir='ltr'>quod</span> <span class='ocrx_word' id='word_1_432' title='bbox 2577 4251 2686 4315; x_wconf 91' lang='lat' dir='ltr'>per</span> <span class='ocrx_word' id='word_1_433' title='bbox 2731 4231 2910 4294; x_wconf 90' lang='lat' dir='ltr'>illum</span> <span class='ocrx_word' id='word_1_434' title='bbox 2974 4232 3264 4307; x_wconf 90' lang='lat' dir='ltr'>modum,</span> 
     </span>
     <span class='ocr_line' id='line_1_43' title="bbox 546 4317 3264 4404; baseline -0 -22"><span class='ocrx_word' id='word_1_435' title='bbox 546 4317 650 4401; x_wconf 91' lang='lat' dir='ltr'>qui</span> <span class='ocrx_word' id='word_1_436' title='bbox 699 4318 756 4381; x_wconf 92' lang='lat' dir='ltr'>ei</span> <span class='ocrx_word' id='word_1_437' title='bbox 802 4319 1005 4401; x_wconf 88' lang='lat' dir='ltr'>aptior</span> <span class='ocrx_word' id='word_1_438' title='bbox 1051 4319 1379 4400; x_wconf 90' lang='lat' dir='ltr'>videbitur,</span> <span class='ocrx_word' id='word_1_439' title='bbox 1428 4320 1652 4385; x_wconf 89' lang='lat' dir='ltr'>debeat</span> <span class='ocrx_word' id='word_1_440' title='bbox 1696 4339 1938 4385; x_wconf 89' lang='lat' dir='ltr'>cassare</span> <span class='ocrx_word' id='word_1_441' title='bbox 1985 4321 2059 4385; x_wconf 91' lang='lat' dir='ltr'>de</span> <span class='ocrx_word' id='word_1_442' title='bbox 2106 4322 2332 4385; x_wconf 89' lang='lat' dir='ltr'>nostris</span> <span class='ocrx_word' id='word_1_443' title='bbox 2375 4321 2687 4404; x_wconf 81' lang='lat' dir='ltr'>equitibus</span> <span class='ocrx_word' id='word_1_444' title='bbox 2718 4319 2907 4385; x_wconf 84' lang='lat' dir='ltr'>Jadre</span> <span class='ocrx_word' id='word_1_445' title='bbox 2953 4319 3028 4382; x_wconf 92' lang='lat' dir='ltr'>de</span> <span class='ocrx_word' id='word_1_446' title='bbox 3062 4319 3264 4382; x_wconf 90' lang='lat' dir='ltr'>minus</span> 
     </span>
     <span class='ocr_line' id='line_1_44' title="bbox 550 4405 3267 4492; baseline 0 -23"><span class='ocrx_word' id='word_1_447' title='bbox 550 4405 723 4470; x_wconf 91' lang='lat' dir='ltr'>bonis</span> <span class='ocrx_word' id='word_1_448' title='bbox 772 4408 1236 4491; x_wconf 88' lang='lat' dir='ltr'>quinquaginta,</span> <span class='ocrx_word' id='word_1_449' title='bbox 1286 4407 1375 4473; x_wconf 88' lang='lat' dir='ltr'>ita</span> <span class='ocrx_word' id='word_1_450' title='bbox 1416 4408 1570 4492; x_wconf 91' lang='lat' dir='ltr'>quod</span> <span class='ocrx_word' id='word_1_451' title='bbox 1614 4410 1975 4474; x_wconf 85' lang='lat' dir='ltr'>remaneant</span> <span class='ocrx_word' id='word_1_452' title='bbox 2004 4409 2202 4474; x_wconf 90' lang='lat' dir='ltr'>solum</span> <span class='ocrx_word' id='word_1_453' title='bbox 2237 4410 2504 4485; x_wconf 90' lang='lat' dir='ltr'>centum,</span> <span class='ocrx_word' id='word_1_454' title='bbox 2547 4409 2769 4492; x_wconf 90' lang='lat' dir='ltr'>quibus</span> <span class='ocrx_word' id='word_1_455' title='bbox 2799 4407 2992 4471; x_wconf 87' lang='lat' dir='ltr'>faciat</span> <span class='ocrx_word' id='word_1_456' title='bbox 3021 4407 3267 4470; x_wconf 89' lang='lat' dir='ltr'>firmam</span> 
     </span>
     <span class='ocr_line' id='line_1_45' title="bbox 547 4496 3263 4579; baseline 0 -22"><span class='ocrx_word' id='word_1_457' title='bbox 547 4513 657 4577; x_wconf 90' lang='lat' dir='ltr'>per</span> <span class='ocrx_word' id='word_1_458' title='bbox 703 4497 963 4578; x_wconf 87' lang='lat' dir='ltr'>quatuor</span> <span class='ocrx_word' id='word_1_459' title='bbox 1013 4515 1255 4561; x_wconf 86' lang='lat' dir='ltr'>menses</span> <span class='ocrx_word' id='word_1_460' title='bbox 1300 4515 1437 4561; x_wconf 88' lang='lat' dir='ltr'>cum</span> <span class='ocrx_word' id='word_1_461' title='bbox 1486 4497 1830 4562; x_wconf 88' lang='lat' dir='ltr'>conditione</span> <span class='ocrx_word' id='word_1_462' title='bbox 1877 4499 1942 4561; x_wconf 92' lang='lat' dir='ltr'>et</span> <span class='ocrx_word' id='word_1_463' title='bbox 1985 4497 2178 4574; x_wconf 89' lang='lat' dir='ltr'>soldo,</span> <span class='ocrx_word' id='word_1_464' title='bbox 2228 4516 2369 4562; x_wconf 91' lang='lat' dir='ltr'>cum</span> <span class='ocrx_word' id='word_1_465' title='bbox 2413 4497 2634 4579; x_wconf 91' lang='lat' dir='ltr'>quibus</span> <span class='ocrx_word' id='word_1_466' title='bbox 2681 4499 2825 4561; x_wconf 87' lang='lat' dir='ltr'>sunt</span> <span class='ocrx_word' id='word_1_467' title='bbox 2870 4496 2946 4559; x_wconf 87' lang='lat' dir='ltr'>ad</span> <span class='ocrx_word' id='word_1_468' title='bbox 2993 4512 3263 4576; x_wconf 71' lang='lat' dir='ltr'>presens</span> 
     </span>
    </p>

    <p class='ocr_par' dir='ltr' id='par_1_7' title="bbox 633 4584 2242 4662">
     <span class='ocr_line' id='line_1_46' title="bbox 633 4584 2242 4662; baseline 0.001 -17"><span class='ocrx_word' id='word_1_469' title='bbox 633 4584 789 4646; x_wconf 71' lang='grc' dir='ltr'><em>δεον.</em></span> <span class='ocrx_word' id='word_1_470' title='bbox 836 4604 991 4647; x_wconf 79' lang='lat' dir='ltr'>cons.</span> <span class='ocrx_word' id='word_1_471' title='bbox 1038 4591 1227 4662; x_wconf 74' lang='lat' dir='ltr'>roqat.</span> <span class='ocrx_word' id='word_1_472' title='bbox 1272 4587 1347 4646; x_wconf 80' lang='lat' dir='ltr'>A.</span> <span class='ocrx_word' id='word_1_473' title='bbox 1396 4589 1496 4647; x_wconf 88' lang='grc'>88.</span> <span class='ocrx_word' id='word_1_474' title='bbox 1537 4606 1579 4646; x_wconf 81' lang='lat' dir='ltr'><em>u</em></span> <span class='ocrx_word' id='word_1_475' title='bbox 1622 4589 1965 4649; x_wconf 69' lang='lat' dir='ltr'>mletackom</span> <span class='ocrx_word' id='word_1_476' title='bbox 2009 4590 2242 4648; x_wconf 78' lang='lat' dir='ltr'>arkivu.</span> 
     </span>
    </p>
   </div>
  </div>
 </body>
</html>
