3620 5282
471 342 601 409 354

684 515 1023 592 Dominus;
1072 533 1171 580 ser
1201 514 1493 580 Nicolaus
1526 513 1884 592 Contareno,
1928 532 2027 577 ser
2062 511 2356 585 Nicolaus
2375 512 2602 593 Nanni,
2633 513 3004 579 consiliarii:
3039 515 3203 598 quod

469 604 672 670 dictus
716 604 966 667 Marcus
1010 602 1191 668 hodie
1238 604 1380 685 post
1424 620 1649 666 nonam
1700 602 1960 665 ducatur
2004 619 2112 682 per
2158 600 2367 666 canale
2415 601 2753 665 secundum
2786 619 2968 666 usum
3000 619 3194 685 usque

470 691 549 759 ad
595 693 876 756 sanctam
920 690 1194 769 Luciam,
1244 691 1555 755 clamante
1600 690 1887 753 continue
1935 706 2053 775 uno
2101 706 2359 771 precone
2409 688 2655 771 culpam
2698 706 2911 769 suam,
2980 690 3042 753 in
3085 690 3201 754 hec

468 780 677 859 verba,
725 778 1048 843 videlicet:
1099 779 1220 845 iste
1268 779 1365 843 est
1411 776 1699 860 proditor,
1749 777 1852 859 qui
1912 776 2290 840 tractaverat
2354 794 2496 840 cum
2558 776 2869 858 aliquibus
2918 777 3196 858 personis

470 868 642 934 extra
680 866 979 932 Venecias
1026 865 1101 931 de
1162 866 1569 932 subvertendo
1612 864 1962 941 ‚dominium
2013 865 2078 927 et
2125 864 2360 927 statum
2410 863 2857 942 Veneciarum,
2908 866 2972 929 et
3016 883 3212 946 prop·

470 958 640 1020 terea
685 955 781 1018 est
826 954 1226 1037 dignissimus
1273 953 1506 1033 morte,
1571 953 1634 1017 et
1692 951 2090 1034 postmodum
2138 950 2357 1015 deinde
2420 951 2753 1015 reducatur
2819 970 2930 1034 per
2976 952 3191 1016 canale

467 1062 660 1125 usque
706 1042 785 1105 ad
826 1044 1111 1106 sanctum
1158 1041 1460 1118 Marcum,
1509 1040 1818 1104 clamante
1866 1038 2092 1103 iterum
2138 1039 2304 1103 dicto
2366 1056 2625 1120 precone
2688 1039 2932 1121 culpam
3004 1039 3199 1123 ipsius

466 1149 576 1216 per
620 1130 870 1194 modum
908 1129 1278 1212 predictum,
1327 1131 1390 1193 et
1451 1127 1538 1192 ibi
1601 1126 2012 1210 suspendatur
2068 1146 2180 1209 per
2242 1126 2453 1209 gulam
2516 1146 2699 1208 super
2743 1125 2978 1192 furchis
3033 1127 3198 1192 inter

469 1220 620 1283 duas
667 1218 1028 1300 columpnas
1074 1216 1303 1294 taliter,
1348 1214 1506 1299 quod
1554 1215 1874 1294 moriatur,
1940 1233 2122 1297 super
2183 1214 2409 1298 quibus
2455 1213 2689 1279 furchis
2748 1215 2914 1280 stare
2969 1215 3198 1279 debeat

466 1323 658 1389 usque
703 1304 781 1370 ad
826 1304 992 1369 diem
1041 1304 1408 1369 dominicam
1452 1304 1727 1386 proxime
1772 1303 1913 1385 post
1958 1302 2218 1367 terciam
2266 1319 2653 1385 campanam.

676 1408 788 1475 Ser
831 1409 1202 1475 Franciscus
1250 1411 1504 1487 Bembo,
1555 1428 1654 1473 ser
1696 1407 1967 1474 Jacobus
2023 1407 2280 1485 Mauro,
2329 1406 2698 1483 consiliarii3
2750 1408 2955 1490 capita
2995 1407 3195 1473 deX:

465 1498 678 1580 capta:
726 1498 885 1580 quod
936 1498 1137 1563 dictus
1184 1498 1435 1563 Marcus
1484 1496 1846 1561 extrahatur
1891 1495 1967 1560 de
2010 1495 2355 1560 carceribus
2418 1497 2482 1561 et
2525 1494 2757 1560 directe
2805 1496 3069 1561 ducatur
3118 1498 3197 1561 ad

464 1586 619 1651 duas
667 1587 1027 1668 columpnas
1075 1586 1272 1651 sancti
1319 1585 1541 1662 Marci,
1591 1586 1657 1649 et
1702 1584 1790 1648 ibi
1837 1601 2021 1666 super
2065 1582 2300 1648 furchis
2365 1582 2452 1646 ibi
2513 1582 2731 1648 fiendis
2778 1584 3195 1666 suspendatur

463 1692 573 1756 per
617 1674 828 1757 gulam
876 1674 1107 1751 taliter,
1156 1673 1315 1756 quod
1362 1672 1676 1749 moriatur,
1727 1672 2037 1736 clamante
2102 1689 2220 1735 uno
2266 1689 2524 1753 precone
2584 1671 2833 1753 culpam
2897 1688 3075 1736 suam
3121 1674 3196 1737 ut

462 1779 670 1844 supra,
719 1763 784 1826 et
829 1763 957 1827 stet
1000 1780 1186 1843 super
1232 1760 1383 1844 ipsis
1428 1760 1683 1839 furchiS,
1733 1762 1804 1824 ut
1850 1777 2033 1840 snpra
2087 1758 2320 1823 dictum
2366 1762 2480 1823 est.
2533 1754 2592 1823 7.

670 1866 1090 1932 Advocatores
1136 1865 1499 1950 communis.
1547 1864 1781 1930 Volunt
1825 1868 2064 1946 partem
2110 1863 2340 1928 domini
2405 1863 2578 1929 ducis
2624 1865 2688 1928 et
2731 1863 2994 1928 duorum
3042 1882 3190 1929 con-

459 1953 833 2020 siliariorum
880 1954 1437 2036 suprascriptorum
1484 1972 1593 2034 per
1638 1953 1858 2027 totum,
1905 1951 2077 2016 salvo
2119 1951 2279 2034 quod
2307 1952 2540 2031 volunt,
2590 1950 2750 2035 quod
2782 1950 2985 2017 dictus
3010 1952 3183 2016 Mar-

460 2060 566 2105 cus
613 2042 942 2106 reducatur
986 2060 1025 2105 a
1071 2045 1287 2106 sancta
1332 2040 1523 2104 Lucia
1570 2058 1760 2121 nsque
1808 2038 1885 2103 ad
1933 2040 2218 2103 sanctum
2282 2038 2566 2104 Marcum
2630 2057 2739 2121 per
2795 2042 3063 2118 terram,
3127 2043 3192 2105 et

402 2158 406 2163 ’
462 2128 860 2212 postmodum
907 2128 1036 2208 fiat,
1086 2130 1159 2193 ut
1204 2129 1267 2193 in
1314 2127 1481 2192 dicta
1524 2127 2091 2209 parte.continetur
2137 2145 2245 2209 per
2289 2128 2514 2191 totum.

549 2218 722 2279 Cena.
772 2220 853 2279 X.
898 2220 1079 2279 Misti
1123 2219 1238 2279 11⁷.
1287 2220 1388 2289 62,
1434 2236 1478 2277 u
1520 2218 1864 2278 mletackom
1903 2218 2136 2276 arkivu.

820 2424 1227 2507 DXXXI.
1292 2423 1499 2506 Gon.
1553 2423 1772 2508 1357.
1829 2424 1926 2506 18
1981 2425 2271 2525 rujna,
2324 2445 2387 2505 u
2440 2422 2836 2506 Mletcih.

463 2569 757 2648 Odyovori
818 2570 971 2628 καὶεί.
1015 2568 1188 2629 vladc
1232 2586 1315 2627 na
1348 2568 1629 2643 pojedine
1671 2569 1856 2628 molbe
1903 2585 1989 2643 po
2040 2568 2374 2643 poscanicih
2407 2567 2742 2641 podneffene
2789 2569 2866 2628 od
2911 2566 3178 2629 Paiana.

668 2706 856 2773 1357.
904 2705 1236 2773 indictione
1282 2705 1395 2786 XI,
1445 2706 1541 2771 die
1586 2706 1802 2771 XVIII
1848 2706 2125 2772 octubris
2172 2707 2236 2771 in
2282 2725 2390 2772 san
2425 2707 2608 2772 Luca.
2658 2707 2778 2772 Pro
2810 2707 2991 2772 factis
3041 2707 3186 2773 illo-

453 2815 591 2861 rum
639 2796 712 2859 de
763 2795 950 2879 Pago.
998 2796 1131 2860 Hec
1173 2798 1319 2860 sunt
1364 2795 1474 2860 illa
1518 2794 1899 2877 gravamina,
1961 2796 2033 2860 de
2080 2794 2302 2877 quibus
2369 2795 2822 2877 conqueruntur
2865 2795 3182 2879 Pagenses
3275 2819 3276 2822 ¹

455 2884 722 2949 dominio
771 2883 973 2948 ducali
1021 2902 1161 2948 cum
1205 2883 1428 2948 humili
1476 2884 1818 2947 reverentia
1862 2883 1926 2946 et
1971 2883 2260 2965 prompta
2304 2881 2605 2947 fidelitate
2670 2901 2815 2947 cum
2879 2883 3184 2965 provisio-

451 2973 632 3039 nibus
681 2991 788 3036 seu
837 2970 1373 3037 reformationibus
1419 2970 1603 3035 factis
1650 2969 1977 3052 superinde
2007 2971 2181 3034 iuxta
2212 2969 2539 3034 consilium
2575 2970 2962 3053 provisorum
3009 2990 3179 3036 com-

450 3060 676 3138 muniS,
725 3059 946 3141 quibus
990 3059 1322 3123 commissa
1385 3059 1505 3123 fuit
1565 3057 1938 3123 examinatio
1997 3057 2388 3138 eorumdem,
2439 3059 2625 3140 prout
2686 3059 2863 3140 capte
2926 3059 3072 3124 sunt
3116 3060 3183 3123 in

451 3146 702 3211 consilio
750 3148 1102 3227 rogatorum
1152 3149 1214 3209 et
1258 3145 1388 3211 XL.

657 3234 708 3296 Ι.
754 3233 963 3297 Primo
1009 3232 1354 3315 supplicare
1400 3232 1691 3312 dominio,
1740 3233 1901 3315 quod
1946 3232 2148 3315 gratia
2195 3231 2583 3315 incanipandi
2632 3231 2826 3298 salem
2874 3231 2938 3297 in
2989 3234 3162 3318 Pago

448 3334 558 3404 per
602 3322 978 3385 mercatores
1026 3319 1221 3383 libera
1269 3320 1352 3383 sit
1396 3322 1691 3403 perpetuo
1731 3320 1828 3383 vel
1875 3320 2101 3384 saltem
2150 3320 2228 3384 ad
2274 3320 2523 3403 longum
2573 3321 2844 3403 tempus,

354 3413 355 3416 ’
661 3406 891 3488 Capta:
940 3425 1124 3489 super
1167 3406 1281 3471 hoc
1327 3407 1597 3489 capitulo
1634 3406 1941 3471 videretur
1976 3408 2052 3472 de
2091 3408 2469 3472 concedendo
2518 3408 2606 3471 eis
2644 3407 2821 3485 illud,
2871 3407 3034 3492 quod
3068 3427 3175 3491 pe-

449 3496 592 3559 tunt
637 3495 713 3559 ad
760 3494 1217 3578 beneplacitum
1264 3493 1540 3575 dominii,
1590 3496 1654 3560 et
1698 3495 1814 3559 hoc
1853 3495 1917 3559 in
1964 3513 2143 3573 casu,
2210 3514 2331 3578 quo
2376 3494 2714 3561 dominatio
2762 3495 2923 3561 nolit
2968 3515 3173 3562 emere

451 3582 645 3648 salem
693 3582 915 3664 ipsum,
964 3582 1126 3648 sicut
1170 3582 1491 3648 consuevit
1535 3603 1643 3666 per
1687 3584 1970 3664 tempora
2017 3584 2344 3648 retroacta.

659 3670 742 3733 II.
790 3669 948 3734 Item
997 3671 1140 3753 quia
1200 3671 1485 3735 continue
1530 3671 1677 3735 dant
1739 3671 2053 3755 Pagenses
2115 3671 2193 3734 ad
2257 3671 2600 3736 custodiam
2648 3671 2821 3735 None
2890 3671 3169 3736 homines

452 3756 705 3837 LXXV,
752 3758 911 3840 quod
953 3777 1286 3841 gravamen
1332 3759 1429 3822 est
1469 3756 1953 3841 insupportabile
2015 3761 2175 3822 terre
2221 3760 2410 3843 Pagi,
2476 3758 2629 3825 velit
2690 3758 3034 3824 dominatio
3081 3759 3172 3823 ita

351 3914 361 3920 ,
449 3845 803 3928 compartiri
849 3846 915 3909 et
959 3846 1222 3928 reliquos
1270 3864 1522 3930 gravare
1584 3864 1728 3910 suos
1776 3845 2057 3912 subditos
2125 3847 2635 3927 circumstanteS,
2701 3847 2801 3913 vel
2855 3846 3175 3930 providere

447 3933 629 3998 aliter
674 3933 1024 4015 superinde.

658 4019 885 4104 Capta:
934 4040 1118 4103 super
1166 4022 1283 4086 isto
1325 4020 1598 4102 capitulo
1624 4019 1956 4099 videretur,
2005 4021 2163 4104 quod
2212 4021 2305 4086 illi
2352 4021 2426 4086 de
2452 4022 2620 4104 Pago
2653 4022 2795 4087 dare
2842 4023 3174 4089 teneantur

446 4107 510 4171 in
559 4108 802 4173 casibus
847 4108 1208 4173 necessariis
1233 4107 1414 4173 XXX
1440 4108 1628 4172 bonos
1654 4110 1934 4174 homines
1959 4108 2208 4187 electos
2253 4109 2356 4192 qui
2400 4109 2687 4193 placeant
2732 4110 2946 4175 comiti
2972 4107 3169 4189 None,

447 4194 1012 4345 ⁶¹⁵·,·⁰il‘3hil9mim¹⁸
1075 4196 1321 4279 plures,
1386 4196 1723 4261 secundum
1786 4215 1965 4262 casus
2019 4199 2416 4279 apparentes,
2484 4199 2669 4280 prout
2713 4197 3024 4262 videbitur
3070 4215 3171 4262 co-

445 4300 585 4345 m11
685 4300 806 4365 ag1.

653 4368 772 4432 111.
820 4370 980 4435 Item
1028 4371 1379 4453 supplicant
1425 4371 1714 4452 dominio,
1765 4371 1926 4455 quod
1959 4372 2385 4438 ordinamenta
2415 4374 2781 4439 confirmata
2823 4392 2934 4456 per
2965 4374 3170 4455 ipsum

442 4453 783 4519 dominium
830 4459 991 4521 terre
1038 4459 1285 4523 obmitti
1333 4478 1451 4525 non
1499 4460 1763 4525 debeant
1800 4479 1911 4526 nec
1958 4459 2300 4543 frangatur,
2340 4462 2675 4526 secundum
2707 4461 2869 4543 quod
2905 4460 2968 4524 in
3001 4460 3167 4525 mnl-

443 4542 526 4607 tis
575 4541 811 4606 factum
857 4545 955 4609 est
999 4565 1106 4627 per
1151 4549 1417 4612 rectores
1460 4547 1719 4630 elapsoS,
1766 4547 1831 4612 et
1863 4548 1937 4612 de
1985 4547 2185 4612 cetero
2231 4547 2657 4613 observentur.
2707 4549 2791 4613 Et
2837 4549 2982 4632 quia
3027 4547 3160 4627 illa,

438 4649 559 4785 gu?
603 4630 871 4780 tafpgunt
912 4631 977 4695 in
1024 4631 1185 4698 facto
1229 4636 1529 4699 comitum
1569 4635 2060 4716 Jadratinorum,
2109 4634 2285 4699 irrita
2331 4636 2458 4702 sint
2497 4637 2560 4701 et
2623 4637 2871 4702 exclusa.
2915 4637 2990 4701 de
3035 4638 3163 4702 sta-

470 4736 512 4783 u
542 4736 596 4783 is
694 4737 815 4804 agl.
