3620 5282
3039 359 3123 427 87

399 544 503 591 rex
548 525 887 611 Hungarie.
960 525 1178 595 Amice
1247 527 1627 597 charissime.
1694 528 1891 614 Super
1951 549 2039 613 eo,
2106 533 2266 616 quod
2327 534 2505 600 nobis
2572 533 2785 599 contra
2848 534 3125 602 Turchas

395 632 506 697 per
566 613 812 679 litteras
875 617 1133 693 vestrae,
1198 635 1349 700 quas
1408 621 1590 701 grata
1650 618 1970 684 affectione
2029 623 2407 705 recepimus,
2471 624 2644 700 duas,
2706 623 2865 701 treS,
2926 643 3124 707 usque

398 702 664 784 quinque
708 701 921 786 galeas
967 702 1193 768 vestris
1239 704 1522 787 expensis
1569 708 1844 772 armatas
1893 725 1999 788 pro
2045 709 2318 791 tempore
2361 729 2466 774 sex
2517 707 2820 774 mensium
2869 710 3125 792 promit-

399 789 557 868 titis,
604 793 667 853 et
708 789 901 855 libere
946 790 1199 868 offertiS,
1249 791 1523 857 amicitie
1569 796 1768 860 vestre
1818 794 2197 877 multiplices
2242 798 2583 880 gratiarum
2632 795 2959 862 referimus
3021 816 3125 863 ac·

399 876 614 954 tiones,
662 877 923 943 eandem
968 878 1126 943 scire
1166 879 1608 960 desideranteS,
1652 882 1812 964 quod
1860 881 2158 965 tempore,
2229 903 2350 966 quo
2394 884 2606 969 galeas
2668 882 2833 967 ipsas
2896 883 3125 950 habere

400 962 785 1042 debebimus,
835 966 900 1029 et
945 966 1020 1031 de
1061 966 1213 1045 loco,
1263 968 1341 1031 ad
1388 987 1570 1050 quem
1614 968 1703 1033 ire
1751 968 2044 1047 debeant,
2086 970 2370 1036 volumus
2417 985 2524 1037 vos
2572 989 2680 1054 per
2725 971 2968 1037 litteras
3030 973 3127 1038 vel

399 1051 644 1117 nuntios
691 1051 904 1118 debito
951 1055 1225 1136 tempore
1279 1053 1533 1120 reddere
1579 1057 1895 1122 certiores,
1946 1054 2103 1122 Date
2150 1059 2264 1123 sub
2311 1061 2510 1124 cast-ro
2556 1057 2805 1140 Gurgeu
2852 1059 2917 1124 in
2959 1060 3126 1125 terra

403 1137 744 1203 Siculorum
794 1142 1145 1206 nostrorum
1194 1141 1291 1206 die
1336 1141 1629 1224 vigesimo
1677 1144 1909 1209 mensis
1956 1144 2108 1208 iunii
2154 1163 2315 1209 anno
2360 1147 2581 1211 LXVI.
2624 1144 2868 1211 Mansio
2910 1147 3124 1213 autem

401 1226 489 1289 sic
536 1226 814 1292 dicebat:
864 1229 1083 1294 Inclito
1132 1228 1381 1295 domino
1430 1230 1640 1296 Marco
1688 1230 1981 1296 Cornario
2029 1231 2169 1297 duci
2215 1232 2617 1299 venetiarum
2656 1232 2857 1299 amico
2913 1235 3123 1299 nostro

401 1313 787 1379 charissimo.
833 1317 1020 1394 Nota,
1070 1319 1229 1399 quod
1279 1317 1554 1398 prefatus
1621 1317 1909 1383 dominus
1970 1338 2074 1385 rex
2137 1320 2374 1385 similes
2437 1323 2502 1387 et
2557 1321 2831 1387 eiusdem
2893 1321 3122 1386 tenoris

395 1400 1027 1555 litterafiilgstinavit
1070 1404 1274 1470 ducali
1323 1403 1610 1471 dominio.
1658 1407 1822 1471 Date
1868 1405 1928 1470 in
1976 1405 2174 1490 Lippa
2214 1407 2312 1472 die
2357 1408 2608 1474 XXIIII
2665 1408 2899 1474 mensis
2962 1407 3123 1486 iulii,

396 1506 553 1553 anno
805 1538 819 1554 .

489 1576 1056 1642 Commemorialium
1114 1579 1211 1642 VI
1208 1578 1246 1640 I
1287 1584 1388 1653 59,
1434 1601 1477 1642 u
1520 1583 1676 1646 mlet.
1725 1584 1957 1644 arkivu.

881 1697 1038 1781 CL.
1092 1700 1298 1783 God.
1354 1700 1581 1784 1366.
1640 1702 1735 1784 13
1788 1703 2075 1804 rana‚
2133 1723 2191 1783 u
2243 1701 2631 1794 Mletcih.

396 1823 644 1885 Slikaru
686 1826 1080 1887 zadarskomu
1126 1828 1390 1888 Nikolici
1430 1827 1761 1902 podjeljuju
1786 1827 2078 1888 Mleteani
2096 1846 2291 1903 pravo
2324 1829 2682 1904 mletac‘koqa
2705 1826 3122 1904 yracijanstva.

529 1994 544 2004 ,
606 1927 1011 2011 Privilegium
1077 1928 1398 1994 civilitatis
1459 1947 1758 1994 annorum
1806 1929 1983 1995 XXV
2039 1930 2306 1995 Nicoleti
2369 1930 2622 2012 pictoris
2686 1929 2801 1994 filii
2862 1930 3119 1995 condam

398 2012 681 2097 magistri
752 2014 1047 2098 cipriani,
1120 2016 1225 2098 qui
1293 2017 1416 2081 fuit
1460 2017 1534 2081 de
1578 2016 1774 2082 Jadra
1819 2016 1896 2082 de
1940 2020 2224 2083 contrata
2266 2018 2461 2082 sancti
2508 2018 2691 2083 Luce.
2748 2053 2828 2064 --
2874 2017 3122 2083 Marcus

397 2100 688 2167 Cornario
729 2102 826 2167 dei
875 2104 1074 2186 gratia
1122 2103 1243 2167 dux
1291 2104 1696 2168 venetiarum
1744 2105 1861 2169 etc.
1911 2105 2230 2170 Universis
2276 2106 2340 2170 et
2385 2104 2646 2189 singulis
2693 2105 2823 2169 tam
2870 2123 3123 2188 presen-

400 2189 569 2253 tibus
617 2209 804 2273 quam
852 2190 1075 2256 suturis
1144 2194 1210 2255 et
1255 2192 1384 2256 tam
1430 2191 1652 2256 amicis
1700 2211 1887 2274 quam
1934 2192 2219 2258 fidelibus
2267 2211 2516 2273 presens
2561 2190 2956 2275 privilegium
3028 2192 3124 2256 in-

398 2277 701 2359 specturis
748 2275 1016 2344 salutem
1063 2281 1128 2344 et
1174 2278 1409 2343 sincere
1455 2279 1800 2344 dilectionis
1848 2279 2158 2345 affectum.
2230 2279 2467 2345 Notum
2515 2279 2689 2344 vobis
2755 2280 2887 2345 fieri
2945 2279 3123 2344 volu-

398 2383 540 2428 mus
579 2383 686 2446 per
731 2368 1077 2448 presentem
1122 2366 1431 2450 paginam,
1503 2366 1659 2449 quod
1705 2385 1845 2430 cum
1908 2367 2071 2432 inter
2131 2368 2274 2444 alia,
2333 2387 2450 2451 que
2510 2366 2574 2431 in
2637 2368 2844 2432 mente
2913 2370 3123 2439 nostra

396 2452 787 2530 revolvimus,
835 2453 1235 2519 attendamur
1280 2454 1574 2537 precipue
1638 2454 1981 2519 nostrorum
2029 2453 2417 2520 subditorum
2467 2456 2530 2518 et
2570 2454 2928 2519 devotorum
2974 2455 3126 2519 fide-

398 2537 553 2603 lium
601 2541 868 2605 tractare
911 2540 1272 2624 propensius
1314 2541 1573 2606 comoda
1640 2543 1705 2606 et
1761 2541 1947 2606 utilia
2005 2541 2337 2607 salubriter
2404 2559 2730 2625 procurare
2798 2560 2939 2607 cnm
3008 2542 3124 2606 hoc

400 2626 855 2710 magnificentie
901 2632 1105 2694 nostre
1151 2630 1335 2694 decus
1385 2627 1638 2712 aspitiat
1680 2630 1743 2694 et
1789 2628 2066 2694 fidelium
2113 2629 2355 2695 devotio
2389 2628 2602 2695 utilius
2634 2628 3014 2713 pertractata
3058 2629 3121 2694 in

398 2719 600 2779 nostre
645 2715 967 2782 fidelitatis
1017 2718 1081 2782 et
1121 2716 1462 2782 devotionis
1510 2717 1861 2781 constantia
1899 2717 2232 2783 ferventius
2280 2717 2619 2796 sollidetur‚
2668 2716 2973 2796 duximus,
3016 2729 3122 2782 vo-

399 2801 597 2866 lentes
645 2803 934 2868 benefitia
979 2823 1441 2887 recompensare
1486 2822 1596 2886 pro
1623 2803 1886 2881 meritis,
1934 2803 2352 2884 statuendum,
2401 2804 2559 2887 quod
2606 2804 2976 2887 quicumque
3030 2803 3122 2869 vi-

401 2890 561 2973 ginti
598 2891 865 2974 quinque
911 2891 1088 2956 annis
1135 2893 1235 2957 vel
1266 2891 1408 2957 inde
1454 2910 1639 2974 supra
1661 2892 1945 2957 Veneciis
1978 2892 2322 2957 habitasset
2366 2890 2674 2970 continue,
2709 2890 3012 2956 facciones
3057 2892 3124 2956 et

400 2994 586 3042 onera
625 2978 820 3044 nostri
878 2979 1225 3044 communis
1281 2980 1414 3062 ipso
1483 2981 1755 3060 tempore
1825 2979 2159 3052 subeundo,
2226 2980 2439 3044 amodo
2516 2976 2670 3043 civis
2739 2979 2804 3043 et
2847 2977 3122 3044 Venetus

331 3085 336 3090 “
401 3065 608 3128 noster
656 3069 840 3143 esset,
891 3067 954 3131 et
1000 3068 1383 3135 citadinatus*
1413 3067 1633 3131 Veneti
1680 3066 2008 3151 privilegio
2053 3067 2115 3131 et
2161 3066 2303 3130 aliis
2345 3064 2680 3144 beneficiis,
2727 3064 3121 3130 libertatibus

398 3156 462 3216 et
499 3152 1017 3232 immunitalibus,
1081 3155 1306 3236 quibus
1363 3154 1469 3218 alii
1525 3154 1722 3219 nostri
1768 3154 1931 3219 cives
1971 3157 2034 3219 et
2079 3154 2297 3219 Veneti
2347 3153 2636 3238 gaudent,
2702 3152 3021 3235 perpetuo>
3060 3155 3126 3217 et

403 3238 669 3304 ubilibet
713 3243 1145 3323 congauderet.
1208 3241 1385 3306 Unde
1432 3258 1566 3305 cum
1617 3241 1943 3306 Nicoletus
2010 3242 2226 3325 pictor,
2288 3240 2452 3305 filius
2514 3238 2773 3305 condam
2835 3238 3123 3322 magistri

400 3326 692 3409 Cipriani,
766 3329 867 3410 qui
941 3327 1059 3392 fuit
1125 3329 1196 3393 de
1242 3329 1437 3394 Jadra
1502 3339 1564 3392 et
1634 3346 1791 3392 nunc
1859 3329 2102 3394 habitat
2146 3328 2424 3394 Venetiis
2482 3329 2542 3392 in
2589 3326 2874 3393 contrata
2918 3326 3121 3391 sancti

399 3414 581 3491 Luce,
628 3414 788 3479 sicut
827 3414 1125 3497 legitimis
1177 3416 1240 3480 et
1284 3415 1629 3481 manifestis
1675 3416 2121 3498 prolationibus
2168 3435 2277 3498 per
2324 3416 2665 3498 provisores
2711 3414 2908 3479 nostri
2955 3431 3123 3479 com-

401 3499 606 3567 munis
643 3500 993 3585 'diligenter
1039 3503 1408 3568 examinatis
1462 3503 1638 3568 nobis
1701 3502 1945 3581 inotuit,
2011 3503 2287 3568 Venetiis
2351 3500 2529 3568 XXV
2592 3501 2769 3569 annis
2832 3501 3125 3567 continua

398 3589 779 3654 habitatione
826 3589 1131 3667 habuerit,
1183 3609 1330 3674 erga
1371 3607 1480 3654 nos
1528 3592 1591 3655 et
1637 3592 1930 3655 ducatum
1979 3593 2255 3655 nostrum
2304 3590 2569 3655 fideliter
2615 3591 2677 3654 et
2721 3588 3123 3655 laudabiliter

398 3677 528 3740 sub
575 3677 916 3742 devotionis
982 3676 1343 3761 integritate
1412 3695 1480 3741 se
1549 3696 1768 3760 gerens
1826 3679 1890 3742 et
1949 3678 2195 3743 subiens
2256 3678 2543 3742 continue
2588 3676 2787 3742 facere
2834 3676 2899 3740 et
2942 3695 3124 3742 onera

400 3764 595 3852 nostri
640 3763 1008 3841 communis,
1056 3763 1243 3847 digna
1289 3763 1780 3830 remuneratione
1829 3767 2284 3849 prosequentes,
2332 3764 2592 3830 eundem
2656 3764 2860 3847 ipsum
2923 3763 3122 3828 consi-

399 3852 622 3916 liorum
667 3854 757 3916 -et
823 3850 1394 3917 ordinamentorum
1465 3852 1812 3916 nostrorum
1881 3852 2230 3919 necessaria
2275 3853 2665 3917 solemnitate
2726 3850 2992 3929 servata,
3056 3848 3119 3913 in

398 3939 705 4003 Venatum
774 3940 839 4004 et
907 3939 1104 4004 civem
1173 3941 1449 4005 nostrum
1520 3940 1865 4021 recepimus
1934 3941 2119 4022 atque
2189 3940 2542 4023 recipimus,
2596 3939 2661 4003 et
2706 3936 3010 4002 Venetum
3059 3937 3123 3999 et

395 4027 602 4098 civem⁴
637 4027 919 4091 nostrum
963 4026 1221 4091 fecimus
1262 4026 1326 4091 et
1370 4024 1649 4104 facimus,
1700 4027 1764 4091 et
1809 4045 1919 4110 pro
1970 4027 2206 4093 Veneto
2253 4029 2318 4091 et
2364 4026 2496 4093 cive
2542 4024 2752 4089 nostro
2784 4023 3010 4088 habere
3057 4023 3124 4087 et

397 4113 610 4179 haberi
660 4115 948 4180 volumus
996 4113 1366 4197 ubicumque
1411 4115 1477 4178 et
1530 4114 1807 4190 tractari,
1870 4114 1959 4179 ita
1997 4116 2155 4198 quod
2218 4112 2480 4197 singulis
2539 4109 2870 4189 beneficiis,
2930 4108 3122 4174 liber-

399 4200 635 4266 tatibus
702 4203 766 4265 et
829 4200 1352 4279 immunitatibus,
1422 4201 1645 4283 quibus
1706 4199 1813 4265 alii
1878 4202 2101 4268 Veneti
2169 4203 2234 4266 et
2301 4202 2466 4267 cives
2509 4196 2708 4263 nostri
2753 4197 3013 4262 utuntur
3055 4196 3122 4260 et

396 4288 683 4372 gaudent,
732 4287 898 4353 idem
943 4287 1265 4353 Nicoletus
1304 4287 1501 4370 pictor
1545 4289 1609 4352 in
1655 4288 1934 4354 Venetiis
1980 4290 2045 4354 et
2087 4290 2262 4355 extra
2306 4288 2500 4353 libere
2559 4284 2828 4370 gaudeat
2887 4285 2962 4349 de
3020 4301 3122 4348 ce-

400 4378 528 4441 tero
567 4377 633 4440 et
678 4377 907 4440 utatur.
957 4375 1027 4440 In
1076 4376 1251 4440 cuius
1296 4375 1383 4440 rei
1429 4374 1612 4440 fidem
1661 4376 1726 4440 et
1785 4374 2160 4442 evidentiam
2220 4373 2554 4459 pleniorem
2619 4389 2870 4455 presens
2931 4369 3121 4454 privi-

394 4462 628 4546 legium
674 4462 806 4528 fieri
854 4462 1146 4528 iussimus
1193 4465 1257 4529 et
1303 4465 1511 4528 nostra
1555 4463 1729 4527 bulla
1773 4463 2063 4546 plumbea
2109 4462 2501 4530 communiri.
2548 4460 2779 4526 Datum
2813 4457 2878 4523 in
2908 4459 3120 4557 nostro

398 4549 598 4615 ducali
650 4548 882 4631 palatio
926 4568 1084 4616 anno
1129 4549 1431 4616 dominice
1483 4549 1924 4616 incarnationis
1988 4549 2431 4629 MCCCLXVI,
2488 4546 2824 4613 indictione
2881 4545 3120 4629 quinta,

397 4638 493 4702 die
537 4636 690 4702 XIII
737 4636 966 4702 mensis
1012 4635 1399 4719 septembris·

486 4724 1056 4789 Commorialium
1110 4724 1237 4789 VII
1290 4728 1392 4798 63,
1437 4744 1480 4788 u
1525 4727 1679 4787 mlet.
1729 4727 1965 4806 arkivu,
