3620 5282
2951 412 3076 478 231

342 594 733 675 presentibus
788 593 1098 658 nobilibus
1147 595 1211 657 et
1280 593 1662 675 sapientibus
1708 592 1894 657 viris:
1947 592 2213 657 Domino
2259 592 2600 675 Raphayno
2647 589 2721 653 de
2768 588 3077 654 Caresinis

347 681 689 745 honorabili
738 680 1106 746 cancellario
1146 681 1549 746 Venetiarum
1613 699 1686 745 ac
1749 700 1849 745 ser
1918 680 2369 746 Franceschino
2418 679 2612 743 Minio
2657 677 2781 743 filio
2848 677 3076 741 nobilis

350 769 465 832 viri
531 788 628 832 ser
681 768 927 849 Maphei
977 769 1171 832 Minio
1217 769 1351 833 cive
1402 770 1818 848 Venetiarum‚
1870 787 1979 832 nec
2026 786 2143 831 non
2191 767 2465 851 providis
2499 768 2562 831 et
2608 765 3075 847 circumspectis

355 857 504 919 viris
554 876 651 919 ser
700 857 885 920 Petro
933 859 1005 920 de
1052 858 1182 936 XL,
1233 877 1330 920 ser
1381 854 1719 920 Guillelmo
1754 857 1828 920 de
1862 855 2132 921 Clarutis
2181 861 2244 921 et
2282 877 2378 921 ser
2408 855 2593 919 Petro
2641 856 2712 918 de
2759 854 2823 916 la
2872 852 3072 925 Costa,

354 944 640 1007 omnibus
689 945 946 1008 notariis
988 943 1245 1010 ducatus
1283 944 1703 1021 Venetiarum,
1750 963 1824 1008 ac
1871 946 2126 1009 honesto
2175 946 2303 1008 viro
2351 943 2598 1006 domino
2646 940 2968 1005 Theodoro
3002 942 3075 1004 de

354 1031 623 1096 Albania
684 1031 814 1095 filio
864 1032 1170 1113 quondam
1198 1032 1335 1096 Elio
1364 1033 1438 1095 de
1479 1033 1644 1097 dicto
1693 1033 1825 1096 loco
1872 1037 1935 1096 et
1982 1032 2256 1096 Martino
2305 1030 2379 1095 de
2428 1031 2699 1094 Albania
2757 1030 2886 1094 filio
2933 1046 3073 1092 con-

347 1121 489 1182 dam
540 1118 737 1201 Sergii
789 1120 863 1183 de
911 1119 1178 1185 Arnissa
1211 1120 1929 1184 ambobus‘familiariis
2001 1119 2412 1201 suprascripti
2476 1118 2706 1181 domini
2778 1116 3071 1199 episcopi,

347 1207 632 1270 omnibus
681 1207 945 1271 testibus
996 1209 1070 1271 ad
1118 1209 1536 1289 suprascripta
1606 1209 1844 1272 vocatis
1900 1208 2252 1288 specialiter
2293 1209 2356 1270 et
2404 1207 2655 1287 rogatis,
2704 1206 2767 1269 et
2812 1205 2974 1268 aliis,
3030 1207 3074 1287 †

346 1295 477 1376 Ego
525 1296 876 1359 Leonardus
922 1297 995 1359 de
1044 1294 1386 1359 Auzolellis
1436 1297 1510 1359 de
1543 1296 1824 1360 Venetiis
1883 1296 2194 1376 imperiali
2242 1296 2610 1358 auctoritate
2670 1296 2733 1356 et
2808 1292 3069 1356 ducatus

347 1383 749 1446 Venetiarum
817 1383 1092 1446 notarius
1141 1383 1573 1465 suprascriptis
1623 1382 1887 1447 dominis
1937 1393 2000 1446 et
2045 1382 2309 1465 singulis
2358 1400 2612 1463 presens
2653 1380 2761 1457 fui,
2808 1382 2871 1444 et
2930 1381 3070 1461 ipsa

349 1469 426 1533 de
497 1470 810 1534 voluntate
880 1472 945 1534 et
1012 1473 1305 1535 mandato
1375 1472 1938 1553 suprascriptorum
2010 1471 2276 1550 partium
2343 1469 2559 1549 scripsi
2630 1470 2694 1532 et
2760 1467 3076 1549 publicavi

346 1561 625 1639 rogatus,
687 1560 1055 1641 signumque
1119 1578 1327 1623 meum
1395 1559 1738 1624 notariatus
1788 1561 1847 1623 in
1898 1559 2082 1623 fidem
2131 1561 2195 1623 et
2241 1557 2670 1623 testimonium
2742 1555 3077 1638 premisso-

349 1664 488 1709 rum
537 1646 794 1728 apposui
830 1649 1211 1710 consuetum.

443 1752 1013 1814 Commemorialium
1072 1756 1257 1819 VIII.
1309 1754 1458 1834 116,
1506 1774 1549 1814 u-
1593 1756 1748 1816 mlet.
1794 1755 2028 1814 arkivu.

554 1959 1082 2045 CCCXXXI.
1142 1962 1345 2045 God.
1403 1962 1624 2044 1386.
1679 1964 1774 2047 15
1832 1961 2285 2063 listopada‚
2336 1984 2397 2043 u
2449 1959 2843 2042 Mletcih.

352 2109 718 2180 Dozvoh'ava
760 2125 822 2167 se
868 2109 1074 2166 Nikoli
1136 2106 1327 2167 lcnezu
1376 2109 1694 2183 Krbleomu,
1740 2109 1894 2166 nelca
1939 2108 1963 2165 i
2007 2125 2091 2166 na
2138 2107 2295 2179 daIJ'e
2350 2105 2526 2165 αέἰυα
2579 2105 2856 2177 polovicu
2915 2103 3076 2175 svoje

793 2195 986 2269 place,
1030 2197 1202 2268 pos'to
1236 2198 1303 2269 je
1350 2198 1629 2270 bole-stan,
1676 2201 1728 2256 te
1774 2196 1971 2255 sluibe
2017 2197 2316 2268 nastupz‘tc'
2361 2193 2610 2252 nemoie.

572 2312 761 2379 1386.
790 2317 1118 2380 indictione
1146 2317 1401 2393 decima
1433 2317 1532 2383 die
1565 2318 1681 2381 XV
1728 2317 2028 2393 neminie,
2058 2319 2272 2396 capta:
2317 2333 2456 2379 cum
2485 2313 2647 2377 sicut
2669 2310 2915 2393 exponit
2960 2328 3064 2375 no-

359 2404 505 2469 bilis
567 2405 663 2468 vir
725 2404 1016 2468 Nicolaus
1081 2425 1284 2469 comes
1335 2407 1529 2488 Vegle
1592 2405 1791 2470 fidelis
1855 2406 2064 2469 noster
2125 2403 2464 2466 dominatio
2526 2405 2735 2465 nostra
2776 2399 2933 2464 alias
2980 2401 3078 2462 at-

344 2483 613 2556 tendens
679 2511 863 2574 opera
928 2494 1246 2557 fidelitatis
1296 2513 1403 2557 sue
1452 2496 1526 2556 ad
1573 2497 1868 2558 honorem
1942 2492 2136 2555 nostri
2208 2490 2484 2567 dominii,
2555 2509 2670 2572 que
2725 2486 2878 2552 satis
2929 2488 3075 2549 nota

355 2584 520 2656 sunt,
569 2584 631 2644 et
679 2580 821 2662 quia
866 2580 1084 2645 multis
1132 2582 1307 2646 annis
1352 2584 1625 2664 privatus
1673 2585 1767 2646 est
1799 2582 2040 2664 proprio
2071 2580 2444 2663 patrimonio
2476 2578 2539 2641 et
2571 2577 2858 2640 omnibus
2893 2575 3070 2639 bonis

355 2670 504 2745 suis,
556 2669 892 2750 providerit
939 2672 990 2733 ei
1041 2671 1113 2732 de
1162 2672 1332 2734 certa
1375 2671 1724 2752 provisione
1772 2672 1832 2733 in
1881 2668 2082 2744 Creta
2133 2673 2196 2731 et
2240 2668 2632 2746 postmodum
2669 2666 2812 2747 quia
2859 2665 3066 2744 ipsum

351 2757 664 2840 opportuit
726 2760 931 2821 venire
981 2763 1043 2819 et
1103 2777 1236 2820 esse
1287 2758 1584 2834 Venetiis
1612 2757 1730 2821 sibi
1793 2776 2151 2820 concessum
2225 2756 2430 2830 fuerit,
2481 2755 2638 2837 quod
2681 2754 2889 2835 posset
2935 2770 3069 2816 esse

349 2844 634 2909 Veneciis
684 2863 822 2908 cum
896 2846 1288 2908 dimidietate
1359 2846 1520 2908 dicte
1592 2845 1978 2923 provisionis,
2022 2844 2225 2907 silicet
2286 2843 2648 2906 ducatorum
2697 2844 2959 2921 quatuor
3008 2839 3072 2902 in

349 2953 496 2998 auro
544 2935 605 2996 in
656 2952 901 3006 mense;
951 2937 1016 2995 et
1063 2933 1364 2996 terminus
1415 2932 1619 2996 standi
1670 2932 1944 2995 Venetiis
1992 2930 2113 2994 fuit
2148 2934 2511 3012 prorogatus
2551 2948 2743 3011 usque
2791 2946 3073 2991 mensem

351 3022 483 3086 iulii
536 3023 878 3101 proximum
930 3021 1227 3100 elapsum,
1279 3039 1396 3102 quo
1442 3021 1715 3102 tempore
1764 3025 1828 3082 et
1875 3022 2088 3101 postea
2153 3019 2439 3082 continue
2487 3017 2606 3081 fuit
2653 3016 2928 3097 graviter
2979 3016 3071 3077 in-

349 3111 582 3183 firmuS‚
629 3110 792 3172 sicut
837 3109 911 3171 ad
965 3128 1211 3188 presens
1268 3111 1381 3185 est,
1449 3128 1558 3171 nec
1623 3108 1846 3171 habeat
1893 3109 2050 3170 unde
2101 3106 2320 3180 vivere,
2371 3107 2435 3168 et
2481 3105 2564 3167 sit
2615 3105 2855 3185 magnis
2898 3102 3074 3165 debi-

351 3199 432 3260 tis
482 3215 845 3277 oppressus;
900 3196 1067 3260 vadit
1112 3216 1273 3277 pare,
1323 3198 1484 3258 sicut
1534 3196 1661 3276 ipse
1726 3195 1987 3276 requirit
2044 3198 2107 3256 et
2149 3193 2456 3275 supplicat
2505 3195 2871 3267 reverenter,
2925 3208 3072 3253 con-

351 3285 639 3349 sideratis
689 3284 1006 3364 predicti8‚
1058 3285 1218 3366 quod
1268 3286 1445 3347 detur
1493 3285 1547 3347 ei
1595 3284 1866 3364 predicta
1915 3302 2025 3346 sua
2074 3282 2277 3346 media
2328 3281 2595 3361 provisio
2644 3279 2718 3344 de
2770 3285 3065 3358 tempore,

348 3392 465 3456 quo
514 3374 713 3453 ipsam
789 3391 906 3436 non
970 3373 1187 3436 habuit
1250 3374 1314 3436 et
1360 3390 1470 3454 pro
1522 3375 1791 3453 tempore
1865 3370 2084 3435 futuro.
2134 3371 2215 3433 Et
2259 3372 2617 3452 prorogetur
2661 3368 2716 3433 ei
2765 3366 3072 3432 terminus

355 3461 560 3525 standi
613 3460 713 3524 hic
759 3480 951 3542 usque
1001 3480 1108 3542 per
1155 3463 1356 3523 totum
1404 3479 1676 3524 mensem
1728 3459 1943 3523 marcii
1992 3460 2357 3542 proximum.

433 3570 615 3628 Misti
665 3568 804 3628 XL.
856 3571 956 3638 49,
1006 3587 1046 3627 u
1093 3569 1243 3628 ualet.
1295 3570 1528 3627 arkivu.

483 3757 1055 3841 CCCXXXII.
1109 3758 1314 3840 God.
1372 3757 1595 3841 1386.
1651 3756 1750 3840 22
1807 3740 2306 3855 studenoga‚
2363 3777 2421 3835 u
2459 3752 2953 3854 Vesprimu.

352 3905 703 3980 Siyismund
738 3904 872 3976 pise
912 3904 1222 3975 meetackoj
1268 3899 1582 3976 republiki,
1630 3904 1784 3962 neka
1824 3920 1941 3961 ona
1989 3904 2159 3960 7000
2205 3901 2434 3959 dulcata
2459 3900 2806 3973 yodisnjeqa
2856 3899 3078 3975 ᾱαηῙσα,

346 3994 436 4054 ⁴§tto
484 3993 778 4067 inplaeuje
822 3993 1106 4067 uyarskoj
1165 3994 1364 4067 kruni,
1431 3992 1641 4138 ηἷιοίἓῗ
1662 3992 1989 4152 Ρῖἰέἔέἵζτὲιι,
2039 3991 2206 4049 dolcle
2265 3989 2514 4061 kraljice
2559 3988 2796 4046 nebudu
2837 4005 2921 4045 na
2962 3987 3078 4045 slo-

561 4198 752 4279 Oopia
813 4198 1164 4262 litterarum
1231 4196 1508 4262 Illustris
1566 4199 1631 4261 et
1676 4196 1921 4261 Excelsi
1967 4196 2216 4261 Domini
2289 4192 2676 4277 Sigismundi
2726 4192 2824 4257 dei
2873 4194 3080 4276 gratia

347 4288 718 4353 marchionis
767 4286 1341 4368 Brandeburgensis
1393 4289 1511 4349 etc.
1567 4287 1741 4363 regni
1790 4284 2113 4386 Huungarie
2177 4284 2465 4347 dominus
2514 4285 2696 4362 atque
2760 4284 2929 4346 tutor
2962 4301 3070 4364 pro

347 4383 590 4459 septem
664 4375 838 4438 mille
909 4375 1149 4438 ducatis
1221 4393 1339 4438 non
1409 4373 1719 4437 solvendis
1791 4374 1906 4436 nisi
1977 4373 2221 4436 domine
2291 4372 2499 4455 regine
2562 4371 2906 4434 liberentur
2953 4375 3072 4434 etc.

345 4465 569 4529 Inclite
618 4462 951 4544 Magnifice
995 4464 1277 4546 princeps
1324 4461 1503 4525 nobis
1551 4460 1954 4543 singulariter
1987 4460 2315 4561 diligende.
2368 4458 2838 4542 Magnificentie
2875 4463 3076 4522 vestre

356 4572 467 4616 nec
512 4570 627 4615 non
680 4550 1107 4613 communitati
1156 4550 1435 4614 civitatis
1483 4569 1676 4632 nuper
1723 4549 1798 4612 de
1849 4568 2057 4612 mense
2118 4549 2268 4612 iunii
2316 4550 2650 4626 transact0‚
2701 4548 2769 4609 ut
2809 4546 3076 4611 arbitra-

349 4659 507 4717 mur,
559 4638 902 4714 recolimuS‚
953 4637 1376 4701 serenissimas
1402 4639 1684 4702 dominas
1720 4637 1981 4719 reginae,
2019 4638 2166 4700 dum
2202 4636 2374 4699 Bude
2413 4636 2679 4698 fuissent
2712 4636 3078 4709 constitute,

354 4747 458 4809 per
521 4745 732 4790 earum
796 4726 1040 4788 litteras
1106 4724 1277 4789 vobis
1324 4727 1728 4808 significasse,
1779 4728 2084 4807 quatenus
2156 4726 2391 4805 septem
2441 4724 2642 4786 millia
2688 4722 3077 4801 florenorum,

351 4834 468 4896 que
510 4814 638 4896 Jam
688 4812 763 4877 de
829 4831 1038 4877 mense
1085 4814 1333 4897 augusti
1381 4814 1658 4897 proxime
1719 4814 2025 4878 retroacto
2051 4814 2130 4877 ad
2155 4811 2518 4894 sopiendum
2562 4828 2931 4895 guerrarum
2978 4809 3072 4873 di·
