3620 5282
478 356 564 422 46

477 530 785 615 splicibile
833 531 1007 596 nobis
1052 531 1186 609 fuit,
1251 534 1534 615 optantes
1596 552 1805 597 eorum
1868 533 2093 599 bonum
2156 536 2221 598 et
2282 532 2806 599 conservationem
2868 538 3187 618 tamquam

478 622 551 685 de
591 619 819 684 nostris
865 618 1149 683 fidelibus
1193 619 1547 697 carissimis,
1597 639 1746 704 quos
1809 640 2048 703 semper
2093 623 2156 686 in
2197 624 2362 687 omni
2423 625 2700 705 tempore
2764 625 3185 705 reputavimus

481 710 544 773 et
592 709 982 791 reputamus;
1026 711 1272 790 propter
1318 710 1476 789 quod
1521 708 2031 773 intendentesad
2065 710 2464 791 tranquillum
2498 716 2561 776 et
2597 713 2836 776 statum
2860 711 3184 794 pacificum

364 822 395 868 J
481 797 774 878 ipsorum,
824 798 887 859 et
929 797 1210 877 optantes
1252 795 1567 860 informari
1613 797 1687 860 de
1732 796 2183 862 conditionibus
2226 801 2494 880 ipsarum
2541 804 2819 881 parcium
2867 798 3185 865 Sclavenie

479 887 544 949 et
588 903 799 949 eorum
847 884 1322 955 intentionibus,
1374 887 1445 947 ut
1503 904 1685 967 super
1745 889 2075 967 augmento
2121 889 2184 949 et
2228 888 2680 951 conservatione
2728 907 2934 952 eorum
2984 886 3187 951 valea-

479 991 616 1037 mus
664 971 885 1036 melius
933 971 1260 1054 provideri,
1308 972 1683 1054 providimus
1729 973 1805 1036 ad
1854 992 1955 1036 eos
2002 974 2249 1039 mittere
2295 975 2526 1038 dictum
2574 978 2853 1040 nostrum
2900 976 3209 1040 ambaxa-‘

476 1064 669 1125 torem
720 1062 783 1124 et
822 1056 1200 1141 provisorem
1247 1079 1355 1142 pro
1402 1060 1677 1125 habendo
1724 1061 2215 1126 informationem
2261 1061 2674 1127 conditionum
2711 1064 3008 1128 dictarum
3043 1082 3184 1145 par-

478 1150 636 1213 tium
683 1150 745 1211 et
787 1147 861 1212 de
902 1147 1241 1213 intentione
1289 1166 1519 1228 eorum,
1567 1148 1714 1231 quid
1763 1168 1943 1231 super
1990 1150 2102 1214 hoc
2149 1152 2210 1213 et
2255 1169 2362 1232 per
2406 1169 2584 1231 quem
2633 1152 2885 1215 modum
2932 1171 3039 1234 per
3071 1170 3180 1215 nos

478 1255 662 1319 super
708 1237 1037 1299 securitate
1087 1238 1153 1300 et
1198 1236 1352 1301 bono
1397 1254 1606 1300 eorum
1655 1256 1724 1301 ac
1763 1238 2065 1300 terrarum
2114 1240 2177 1301 et
2213 1238 2485 1303 locorum
2548 1258 2794 1303 suorum
2848 1240 3045 1323 possit
3089 1257 3184 1303 sa-

478 1324 739 1389 lubriter
786 1324 1105 1406 provideri,
1154 1325 1407 1389 ortando
1455 1343 1555 1389 eos
1610 1324 1822 1389 fideles
1865 1328 2103 1390 nostros
2148 1325 2213 1390 in
2258 1325 2558 1391 fidelitate
2601 1330 2664 1391 et
2708 1327 3029 1392 devotione
3076 1345 3186 1391 no-

483 1413 597 1476 stri
643 1412 899 1475 dominii
946 1430 1084 1475 cum
1134 1411 1258 1476 illis
1306 1412 1533 1495 pulcris
1578 1414 1641 1477 et
1687 1413 1999 1478 ortatoriis
2064 1414 2295 1492 verbiS,
2360 1434 2475 1496 que
2523 1417 2577 1479 ei
2624 1416 3051 1480 conveniencia
3097 1416 3188 1480 vi-

483 1501 811 1573 debuntur,
862 1502 925 1564 et
969 1500 1317 1582 accipiendo
1360 1519 1603 1565 omnem
1651 1500 2164 1580 informationem,
2215 1521 2397 1585 quam
2440 1505 2670 1585 poterit
2701 1503 2881 1581 trahi,
2932 1504 3006 1567 de
3041 1522 3183 1568 con·

480 1587 818 1653 ditionibus
862 1589 1133 1669 ipsarum
1181 1588 1473 1669 parcium,
1525 1607 1706 1670 quam
1755 1590 1830 1653 de
1879 1591 2215 1654 intentione
2277 1592 2576 1657 dictorum
2641 1593 2984 1667 nostrorum
3036 1592 3183 1656 fide-

483 1677 636 1741 lium
683 1677 745 1740 et
789 1675 1031 1739 comitis
1079 1675 1398 1755 Maladini,
1447 1676 1592 1759 quid
1634 1677 2070 1758 providendum
2112 1680 2275 1743 esset
2319 1698 2426 1761 per
2457 1698 2564 1743 nos
2598 1699 2704 1762 pro
2730 1681 3187 1745 conservatione

483 1766 546 1830 et
591 1764 925 1829 securitate
962 1765 1267 1830 terrarum
1316 1767 1380 1829 et
1409 1766 1679 1831 locorum
1709 1767 2052 1832 nostrorum
2077 1766 2349 1831 fidelium
2377 1767 2805 1849 predictorum,
2855 1771 2919 1832 et
2967 1769 3184 1844 totum,

481 1851 767 1936 quicquid
814 1851 1103 1916 habuerit
1148 1854 1212 1916 et
1256 1852 1485 1929 fecerit,
1529 1852 1703 1918 nobis
1750 1854 1970 1918 debeat
2015 1855 2148 1918 suis
2195 1855 2419 1919 litteris
2483 1854 2811 1934 denotare,
2862 1874 2977 1921 non
3027 1875 3190 1920 rece-

480 1939 674 2006 dendo
720 1940 860 2004 inde
906 1941 1034 2004 sine
1079 1941 1286 2004 nostro
1333 1941 1584 2023 speciali
1629 1941 1936 2005 mandato,

688 2029 769 2092 Et
814 2026 1036 2093 debeat
1080 2028 1282 2093 dictus
1329 2029 1687 2094 ambaxator
1745 2031 1807 2094 et
1853 2031 2126 2112 provisor
2188 2031 2275 2096 ire
2336 2029 2591 2096 Jadram
2647 2033 2715 2097 et
2760 2031 3042 2109 Nonam,
3092 2050 3188 2096 or-

475 2118 659 2182 tando
704 2114 918 2181 fideles
957 2118 1204 2181 nostros
1252 2116 1425 2181 None
1474 2118 1533 2180 in
1581 2117 1880 2182 fidelitate
1932 2122 2159 2195 nostra,
2226 2121 2289 2184 et
2333 2120 2693 2201 accipiendo
2759 2121 2843 2184 ibi
2893 2119 3188 2185 informa-

481 2206 715 2270 cionem
761 2223 798 2269 a
840 2204 1065 2270 nostris
1113 2205 1441 2269 comitibus
1484 2206 1556 2269 de
1602 2205 1741 2283 hiis,
1790 2226 1905 2289 que
1953 2208 2008 2271 ei
2057 2206 2404 2272 viderentur
2434 2226 2544 2291 pro
2591 2210 2920 2274 securitate
2956 2213 3017 2272 et
3048 2227 3188 2273 con-

481 2291 823 2359 servatione
870 2296 1218 2357 nostrarum
1264 2293 1539 2376 parcium
1588 2293 1922 2360 Sclavonie.

695 2380 924 2462 Capta:
973 2383 1035 2445 et
1080 2398 1217 2444 cum
1267 2382 1349 2445 sit
1393 2382 1875 2447 commendabile
1921 2382 2074 2447 scire
2136 2384 2505 2464 pertransire
2551 2403 2690 2449 cum
2742 2384 3011 2450 inimicis
3057 2385 3184 2449 suis

492 2488 629 2534 cum
673 2487 857 2552 quam
904 2469 1128 2534 minori
1173 2469 1421 2533 sinistro
1468 2471 1531 2533 et
1576 2471 1797 2534 damno
1859 2471 1990 2535 fieri
2037 2473 2275 2552 potest,
2339 2473 2402 2536 et
2447 2474 2712 2537 maxime
2765 2474 2827 2537 in
2874 2473 2986 2538 hoc
3028 2475 3187 2538 tem-

485 2576 649 2640 pore,
698 2575 816 2639 quo
864 2559 1015 2622 bene
1062 2558 1127 2622 et
1172 2555 1498 2622 salubriter
1518 2557 1824 2641 provideri
1873 2578 1986 2624 non
2030 2562 2252 2641 potest,
2300 2561 2435 2624 tum
2481 2562 2726 2644 propter
2771 2560 3186 2625 condicionem

482 2647 775 2728 temporis
816 2645 1102 2729 yemali&
1150 2648 1285 2710 tum
1333 2646 1475 2728 quia
1521 2650 1768 2730 propter
1815 2666 2206 2731 progressum
2271 2648 2646 2731 agendorum
2708 2650 2872 2733 regis
2919 2649 3186 2732 Ungarie

481 2736 702 2799 melius
750 2734 1093 2799 videbimus
1130 2735 1465 2817 providere,
1529 2736 1958 2800 committatur
2019 2736 2184 2800 dicto
2233 2737 2632 2815 ambaxatori,
2694 2737 2851 2821 quod
2913 2737 2973 2800 in
3021 2756 3182 2813 casu,

482 2827 611 2906 quo
645 2822 887 2886 videtur
934 2822 1065 2887 fieri
1111 2841 1286 2903 posse
1332 2827 1591 2905 treugua
1650 2824 1810 2887 inter
1869 2823 2150 2907 Ungaros
2208 2825 2271 2887 et
2333 2828 2528 2889 terras
2590 2829 2833 2891 nostras
2880 2826 3183 2908 predictas

477 2930 550 2975 ac
594 2911 882 2975 comitem
930 2909 1312 2975 Maladinurn
1359 2910 1577 2975 debeat
1623 2930 1761 2975 cum
1810 2913 2038 2977 nostris
2062 2913 2391 2977 comitibus
2438 2918 2744 2978 terrarum
2769 2914 3181 2997 predictarum

479 3001 830 3065 nostrarum
874 3003 949 3061 ·et
1006 2998 1231 3062 comite
1297 2998 1608 3063 Maladino
1673 3018 1813 3064 cum
1879 3001 2039 3082 pluri
2102 3001 2327 3065 honore
2373 3004 2579 3067 nostro
2627 3005 2688 3066 et
2744 3002 2900 3067 bono
2947 3005 3187 3067 nostro-

477 3105 615 3151 rum
663 3086 934 3150 fidelium
982 3089 1327 3151 nostrarum
1374 3087 1649 3169 parcium
1711 3087 2145 3170 predictarum,
2209 3107 2327 3172 quo
2371 3091 2502 3155 fieri
2549 3092 2792 3172 poterit,
2842 3109 3182 3173 procurare,

482 3173 642 3256 quod
689 3175 990 3238 tractetur
1036 3176 1297 3256 treugua
1342 3175 1502 3239 inter
1561 3175 1728 3257 ipsas
1775 3178 1972 3240 terras
2026 3179 2267 3242 nostras
2319 3179 2382 3242 et
2440 3178 2730 3243 comitem
2779 3177 3182 3256 Maladinum,

483 3265 545 3327 et
590 3261 911 3344 UngaroS,
973 3263 1041 3326 ut
1083 3262 1234 3326 dicti
1294 3261 1506 3328 fideles
1566 3263 1761 3327 nostri
1821 3283 1961 3328 cum
2024 3266 2174 3346 ipsis
2226 3264 2493 3349 Ungaris
2558 3285 2745 3348 usque
2804 3266 2881 3329 ad
2941 3267 3185 3348 tempus

483 3349 757 3413 debitum
820 3348 1178 3432 provisionis
1240 3369 1449 3415 secure
1512 3351 1756 3416 valeant
1816 3353 2014 3417 vivere
2072 3356 2136 3418 et
2197 3372 2461 3419 manere.
2539 3354 2767 3419 Verum
2827 3355 2878 3418 si
2925 3355 3187 3436 treugua

482 3436 613 3503 fieri
672 3455 794 3501 non
855 3441 1095 3518 posset,
1159 3440 1222 3501 et
1279 3438 1427 3503 dicti
1478 3439 1688 3504 fideles
1745 3440 1938 3505 nostri
1997 3443 2282 3525 peterent
2337 3442 2630 3505 auxilium
2696 3441 2897 3523 gentis
2960 3443 3184 3518 nostre,

479 3526 697 3591 debeat
741 3523 941 3589 dictus
1002 3526 1360 3590 ambaxator
1420 3532 1483 3593 et
1528 3528 1800 3609 provisor
1859 3532 2063 3594 noster
2122 3530 2456 3613 persentire
2516 3533 2579 3595 et
2639 3548 2703 3593 se
2762 3527 3089 3593 informare
3151 3548 3188 3594 a

481 3614 706 3678 nostris
772 3612 1099 3678 comitibus
1155 3614 1478 3679 civitatum
1544 3635 1614 3680 ac
1674 3617 1898 3682 comite
1961 3618 2305 3694 MaladinO,
2354 3635 2468 3699 que
2527 3616 2837 3701 quantitas
2898 3618 3184 3699 gencium

482 3704 646 3766 esset
690 3721 798 3783 per
844 3720 953 3766 nos
997 3701 1299 3767 mittenda
1352 3704 1429 3767 ad
1476 3704 1672 3768 dictas
1730 3708 1939 3786 partes
1999 3708 2130 3771 tam
2193 3704 2466 3789 equitum
2513 3724 2696 3786 quam
2761 3705 3071 3787 peditum,
3124 3706 3187 3771 et

483 3791 586 3855 ubi
633 3788 842 3871 apcius
891 3793 1057 3854 stare
1095 3793 1346 3871 possent
1403 3790 1565 3856 dicte
1612 3795 1827 3874 gentes
1888 3812 1994 3874 pro
2040 3793 2368 3858 securitate
2416 3795 2482 3857 et
2542 3810 2831 3858 succursu
2877 3792 3183 3858 dictarum

487 3881 830 3944 nostrarum
880 3878 1204 3942 civitatum
1255 3881 1319 3944 et
1359 3899 1567 3944 earum
1606 3881 1999 3945 districtuum
2045 3885 2108 3946 et
2151 3884 2490 3946 castrorum
2526 3884 2588 3945 et
2618 3880 2890 3946 locorum
2940 3882 3185 3947 comitis

482 3966 803 4044 Maladini,
853 3969 916 4029 et
961 3965 1120 4050 quod
1168 3986 1525 4031 succursum
1572 3987 1820 4033 suarum
1856 3970 2139 4052 gencium
2188 3969 2250 4032 in
2296 3969 2409 4033 hoc
2446 3970 2606 4033 dicte
2649 3970 2935 4036 civitates
2982 3972 3187 4036 nostre

482 4058 547 4120 et
590 4073 794 4118 comes
840 4053 1192 4119 Maladinus
1238 4056 1520 4120 exhibere
1555 4060 1823 4137 possent,
1873 4061 1936 4122 et
1984 4059 2056 4121 de
2083 4057 2367 4121 omnibus
2413 4057 2552 4122 aliis
2599 4078 2663 4123 se
2709 4059 2998 4125 informet
3022 4063 3188 4126 circa

484 4142 775 4224 predicta,
819 4162 933 4224 que
978 4143 1035 4206 ei
1081 4142 1486 4218 videbuntur;
1536 4147 1598 4208 et
1622 4145 1910 4227 quicquid
1957 4146 2172 4210 fecerit
2194 4146 2567 4211 ethabuerit
2597 4166 2776 4229 super
2819 4149 2976 4226 inde,
3011 4148 3187 4213 nobis

483 4229 707 4294 debeat
754 4231 882 4294 suis
929 4231 1156 4294 litteris
1199 4250 1483 4309 reserare,
1534 4233 1812 4310 ortand0,
1861 4235 1931 4297 ut
1975 4235 2207 4298 dictum
2255 4236 2379 4310 est,
2450 4235 2642 4300 dictos
2689 4236 2900 4302 fideles
2948 4239 3187 4302 nostros

486 4317 551 4382 in
596 4317 894 4382 fidelitate
941 4319 1129 4382 nostri
1177 4318 1450 4396 dominii,
1499 4323 1562 4384 et
1607 4320 1897 4396 dicendO,
1931 4323 2197 4404 qualiter
2257 4325 2460 4386 nostre
2523 4324 2890 4389 intencionis
2937 4331 3032 4390 est
3077 4345 3183 4409 pe-

483 4405 652 4470 nitus
694 4405 1009 4487 providere
1057 4406 1135 4470 ad
1180 4407 1706 4473 conservationem
1753 4412 1818 4474 et
1863 4411 2096 4474 statum
2129 4408 2447 4493 pacificum
2497 4411 2845 4477 eorundem.

690 4495 921 4575 Capta:
971 4498 1243 4558 ceterum
1291 4515 1432 4560 cum
1478 4495 1680 4561 dictus
1725 4497 2078 4563 ambaxator
2125 4499 2244 4563 erit
2289 4517 2429 4563 cum
2479 4501 2700 4564 comite
2738 4501 3071 4578 Maladino,
3118 4504 3182 4566 et

481 4582 720 4664 quando
758 4583 814 4646 ei
859 4582 1188 4659 videbitur,
1235 4582 1403 4646 dicat
1442 4584 1515 4660 ei,
1566 4585 1832 4666 qualiter
1878 4585 2255 4650 incessanter
2299 4588 2372 4650 de
2420 4607 2488 4653 eo
2533 4589 2827 4653 habemus
2873 4590 3184 4672 querelam

482 4671 545 4735 et
591 4669 665 4734 de
713 4671 844 4735 suis
891 4669 1173 4748 subditiS,
1224 4669 1386 4752 quod
1431 4675 1714 4737 continue
1762 4673 2062 4738 derobant
2105 4676 2347 4739 nostros
2391 4675 2603 4741 fideles
2650 4679 2711 4739 et
2757 4677 3035 4743 subditos
3084 4677 3182 4742 Si-

484 4757 703 4838 benici,
753 4776 825 4824 ac
858 4757 1050 4823 etiam
1097 4760 1464 4823 mercatores
1507 4763 1572 4823 et
1616 4760 2012 4826 conductores
2061 4781 2265 4827 rerum
2314 4765 2378 4827 et
2425 4763 2786 4828 victualium
2812 4763 3182 4846 Sibenicum,
