3620 5282
3016 351 3143 419 389

418 529 581 594 sicut
627 529 680 592 ei
729 530 1164 594 committatur
1225 549 1334 612 per
1397 531 1561 594 istud
1630 529 1981 604 consilium,
2050 531 2297 614 propter
2344 530 2506 611 quod
2578 536 2675 596 est
2721 532 3138 615 opportunum

423 619 566 680 dare
615 617 733 681 sibi
776 616 1070 694 ordinem,
1120 636 1300 699 quem
1351 636 1593 681 servare
1642 618 1870 681 habeat
1913 637 2097 699 super
2141 619 2291 691 hoc;
2346 617 2517 681 vadit
2564 638 2724 700 pare,
2797 624 2959 702 quod
3011 622 3140 699 ipse

423 723 626 769 comcs
673 709 736 768 et
780 706 1139 787 capitaneus
1183 708 1388 769 noster
1436 706 1679 769 Scutari
1728 706 1951 769 debeat
1996 706 2192 769 facere
2240 706 2537 769 rationem
2587 710 2650 769 et
2713 707 3020 771 iustitiam
3073 709 3141 770 in

424 793 845 857 criminalibus
893 792 1231 857 secundum
1279 792 1539 856 formam
1589 794 1870 857 ordinum
1920 798 2305 868 nostrorum3
2354 793 2414 855 in
2461 793 2749 858 civilibus
2796 798 3008 858 autem
3036 812 3136 857 or-

425 880 692 955 dinetur,
737 880 896 962 quod
946 899 1056 961 per
1103 880 1335 943 iudices
1384 881 1596 944 solitos
1645 881 1792 962 eligi
1858 900 1963 961 per
2025 882 2303 944 homines
2350 881 2512 945 dicte
2575 884 2756 957 terre,
2823 882 2929 964 qui
2992 885 3138 946 sunt

423 972 698 1049 quatuor,
742 968 874 1032 fieri
922 967 1145 1032 debeat
1189 969 1283 1031 ius
1330 969 1408 1030 ab
1455 966 1794 1049 ipperperis
1860 968 2071 1032 decem
2133 967 2310 1042 infra,
2374 969 2451 1032 ab
2514 970 2849 1051 ipperperis
2920 968 3136 1034 decem

422 1075 608 1137 supra
654 1060 855 1120 rector
900 1059 1109 1120 noster
1154 1055 1340 1119 faciat
1389 1055 1477 1118 eis
1526 1058 1639 1128 ius,
1688 1058 2023 1120 secundum
2071 1057 2230 1136 quod
2278 1056 2334 1119 ei
2404 1057 2744 1121 secundum
2817 1059 2998 1121 deum
3074 1061 3139 1120 et

423 1141 734 1207 iusticiam
783 1143 1106 1224 apparebit
1143 1143 1378 1223 justius
1427 1145 1490 1206 et
1557 1143 1898 1220 honestius,
1972 1144 2314 1206 adherendo
2392 1148 2689 1226 quantum
2762 1145 2993 1226 poterit
3039 1162 3139 1208 or·

421 1230 667 1295 dinibus
715 1236 778 1295 et
825 1231 1367 1294 consuetudinibus
1412 1231 1646 1306 deinde,
1698 1231 1759 1294 in
1808 1234 2111 1312 quantum
2160 1231 2280 1293 sibi
2314 1231 2462 1294 iusti
2512 1234 2573 1293 et
2615 1232 3022 1295 rationabiles
3047 1232 3140 1295 vi-

420 1318 705 1397 deantur3
754 1317 1140 1397 declarand0‚
1187 1318 1348 1400 quod
1396 1319 1658 1401 quilibet
1705 1319 1930 1383 habeat
1978 1319 2334 1382 libertatem
2381 1318 2730 1400 appellandi
2785 1338 2849 1382 se
2885 1318 2962 1382 de
2994 1339 3137 1383 sen-

423 1407 657 1481 tentiis,
707 1426 825 1488 que
874 1408 1091 1470 fierent
1137 1425 1245 1486 per
1292 1406 1494 1486 ipsum
1544 1407 1838 1470 comitem
1886 1411 1949 1470 et
1995 1407 2389 1487 capitaneum
2470 1412 2683 1470 contra
2744 1426 2870 1480 coe,
2920 1425 3142 1470 secun-

423 1493 566 1556 dum
617 1494 776 1575 quod
828 1494 1058 1556 habent
1103 1493 1208 1556 alii
1256 1493 1446 1557 nostri
1496 1493 1730 1557 subditi
1780 1499 1911 1557 tam
1961 1493 2023 1556 in
2088 1493 2375 1556 civilibus
2436 1512 2617 1574 quam
2667 1493 3139 1570 criminalibus3

423 1579 498 1642 de
546 1581 869 1645 sententiis
917 1585 1146 1657 autem,
1198 1600 1314 1663 qne
1362 1582 1580 1644 fierent
1618 1601 1725 1662 per
1772 1582 1934 1662 ipsos
1980 1580 2232 1655 iudiceS‚
2270 1581 2511 1662 possint
2549 1580 2708 1644 infra
2741 1601 2932 1644 unum
2969 1601 3141 1645 meu-

427 1686 555 1731 sem
606 1668 831 1732 habere
878 1687 1196 1733 recursum
1243 1668 1321 1732 ad
1370 1669 1573 1749 ipsum
1619 1672 1903 1732 nostrum
1951 1671 2243 1733 comitem
2292 1670 2355 1731 et
2400 1667 2813 1748 capitaneum,
2864 1672 2928 1731 et
2962 1668 3138 1748 illud,

424 1757 584 1836 quod
632 1774 740 1836 per
786 1756 986 1838 ipsum
1031 1756 1454 1834 terminatum,
1505 1757 1729 1820 debeat
1772 1756 2001 1821 habere
2048 1756 2322 1838 vigorem
2371 1759 2433 1819 et
2481 1757 2647 1819 mitti
2693 1756 3050 1821 executioni.

639 1841 865 1925 Capta:
915 1844 1215 1909 Potestati
1255 1848 1463 1908 autem
1513 1842 1794 1908 Drivasti
1848 1845 2139 1908 similiter
2184 1842 2514 1919 ordinetur,
2565 1842 2724 1926 quod
2763 1842 2953 1908 faciat
2983 1843 3138 1907 rati-

427 1948 603 1993 onem
652 1934 713 1994 et
756 1931 1063 1995 iustitiam
1112 1931 1242 1994 suis
1289 1931 1558 1995 subditis
1606 1932 1667 1994 in
1713 1933 2139 1996 criminalibus
2182 1930 2518 1994 secundum
2566 1930 2829 1994 formam
2895 1939 3140 1996 nostro-

423 2037 561 2080 rum
611 2019 916 2094 ordinum,
969 2019 1029 2081 in
1078 2018 1361 2082 civilibus
1407 2020 1637 2096 autem,
1686 2020 2020 2083 secundum
2067 2018 2225 2101 quod
2272 2019 2390 2081 sibi
2461 2018 2798 2084 secuudum
2846 2018 3027 2084 deum
3075 2022 3142 2083 et

421 2104 727 2168 iustitiam
774 2106 1051 2171 iustitius
1097 2109 1161 2170 et
1207 2104 1640 2171 rationabilius
1707 2106 2046 2190 apparebit,
2124 2106 2480 2170 adherendo·
2537 2110 2836 2188 quantum
2910 2108 3140 2187 poterit

425 2193 701 2269 statutiS,
750 2194 1067 2258 ordinibus
1109 2196 1173 2258 et
1217 2193 1765 2258 consuetudinibus
1813 2196 2031 2260 deinde
2080 2196 2142 2259 in
2188 2197 2490 2277 quantum
2538 2196 2660 2259 sibi
2707 2195 2856 2259 iusti
2891 2197 2956 2259 et
2987 2193 3143 2257 rati-

425 2279 698 2343 onabiles
745 2285 1105 2363 appareant,
1153 2300 1289 2345 cum
1340 2282 1684 2346 conditione
1731 2283 1895 2366 quod
1942 2284 2017 2346 de
2063 2281 2387 2346 sententiis
2447 2281 2594 2345 latis
2641 2301 2749 2365 per
2794 2302 2934 2347 eum
3008 2283 3145 2364 qui-

424 2367 580 2431 libet
628 2370 825 2448 possit
868 2370 1095 2434 habere
1143 2388 1458 2434 recursum
1506 2369 1585 2432 ad
1632 2369 2031 2435 advocatores
2077 2373 2142 2444 et
2180 2370 2490 2435 auditores
2554 2373 2815 2449 nostrOS,
2863 2371 2917 2435 si
2960 2389 3144 2454 repu-

419 2456 689 2519 taverint
735 2475 798 2519 se
843 2458 1189 2539 gravatoS.“

636 2542 1063 2626 SubJungitur‚
1113 2545 1258 2625 quid
1308 2546 1675 2621 faciendum,
1725 2544 1777 2610 si
1828 2544 2069 2610 baiulus
2118 2544 2433 2624 Durachii,
2460 2544 2733 2627 graviter
2766 2545 3138 2624 infirmatuS,

423 2651 455 2694 e
501 2631 631 2695 vita
677 2630 1015 2697 decederet.
1068 2633 1230 2697 Data
1277 2652 1396 2699 una
1460 2637 1630 2716 pecia
1701 2635 1886 2716 panni
1953 2633 2267 2698 florentini
2337 2632 2632 2716 provisori
2707 2652 2814 2714 pro
2875 2631 3131 2698 Comino

425 2718 618 2800 Spata
663 2722 727 2784 et
773 2723 994 2784 comite
1041 2721 1325 2797 Nicbeta,
1377 2724 1449 2787 ut
1493 2723 1689 2804 possit
1752 2721 1997 2786 facilius
2070 2723 2352 2786 inducere
2415 2722 2585 2803 ipsos
2631 2722 2706 2786 ad
2754 2740 2819 2785 se
2866 2722 3141 2785 submit-

426 2807 682 2871 tendum
730 2807 1055 2872 intentioni
1100 2807 1493 2890 reipublicae.

640 2894 891 2978 „Capta⁸
944 2897 1101 2959 Item
1146 2897 1291 2978 quia
1337 2896 1561 2959 bonum
1610 2897 1707 2959 est
1751 2896 2022 2959 limitare
2070 2898 2134 2959 et
2202 2897 2347 2962 dare
2409 2897 2682 2960 ordinem
2746 2896 2822 2959 de
2869 2915 2938 2960 eo
2980 2896 3142 2978 quod

424 2981 570 3047 dare
617 2986 681 3046 et
727 2982 964 3047 solvere
1013 2984 1240 3046 debent
1285 2987 1493 3047 nostro
1540 2982 1853 3047 communi
1902 2982 2114 3047 fideles
2164 2984 2358 3048 nostri
2425 2982 2701 3047 Drivasti
2747 2984 2821 3047 de
2871 2984 3142 3048 introiti-

424 3069 537 3133 bus
568 3068 936 3135 debentibus
969 3073 1281 3152 pervenire
1315 3071 1374 3132 in
1412 3072 1686 3134 nostrum
1721 3089 2044 3135 commuue
2077 3071 2152 3135 de
2185 3071 2513 3136 territoriis
2544 3071 2608 3135 et
2635 3072 3140 3152 possessionibuS,

428 3175 579 3239 quas
626 3158 972 3237 possident;
1021 3157 1235 3222 habito
1280 3160 1579 3239 respectu,
1631 3158 1790 3240 quod
1842 3160 2152 3222 territoria
2183 3159 2336 3223 dicti
2382 3159 2502 3224 loci
2537 3160 2684 3222 sunt
2729 3158 2923 3223 nostri
2972 3178 3139 3225 com-

424 3245 652 3319 munie,
701 3248 765 3309 et
810 3264 1054 3327 semper
1099 3245 1348 3309 fuerunt
1393 3245 1802 3323 dominorum,
1850 3248 1954 3328 qui
1998 3246 2301 3310 dominati
2327 3246 2579 3310 fuerunt
2609 3246 2772 3310 dicte
2805 3249 2967 3311 terre
3018 3265 3140 3311 non

424 3331 732 3409 obstante,
782 3334 940 3416 quod
988 3333 1129 3397 illas
1176 3332 1560 3415 possederint
1604 3339 1667 3396 et
1715 3336 2077 3413 possedeant
2122 3332 2198 3397 ad
2250 3352 2532 3416 presens;
2582 3335 2754 3397 vadit
2776 3353 2938 3415 pars,
2976 3335 3141 3399 trac-

426 3420 614 3483 tando
662 3420 829 3502 ipsos
878 3420 1201 3502 benignius
1248 3440 1429 3502 quam
1501 3421 1752 3485 tractati
1816 3420 2048 3485 fuerint
2107 3441 2214 3503 per
2272 3426 2550 3503 tempora
2613 3422 2923 3503 preterita,
2992 3422 3138 3503 quia

425 3507 656 3572 domini
706 3508 797 3571 sui
850 3508 1128 3589 preteriti
1175 3508 1562 3590 accipiebant
1605 3509 1721 3572 sibi
1772 3508 1948 3584 illud,
2015 3510 2173 3591 qnod
2235 3510 2528 3573 volebant
2587 3513 2653 3572 et
2698 3513 2997 3592 quantum
3049 3510 3138 3574 eis

422 3595 727 3678 placebat,
779 3597 936 3678 quod
981 3595 1101 3678 ipsi
1151 3597 1343 3660 nostri
1394 3596 1605 3661 fideles
1653 3597 1890 3660 solvere
1938 3599 2000 3659 et
2047 3598 2192 3660 dare
2240 3596 2504 3660 debeant
2542 3599 2709 3661 omni
2767 3616 2882 3661 ano
2931 3606 3140 3661 nostro

422 3685 734 3748 communi
785 3683 1090 3748 decimam
1140 3687 1379 3765 partem
1427 3685 1698 3748 omnium
1740 3684 2052 3748 fructuum
2126 3685 2472 3761 bladorum,
2547 3685 2825 3749 vinorum
2889 3687 2953 3749 et
2994 3686 3136 3765 olei,

421 3790 571 3854 quos
617 3773 679 3834 et
725 3791 843 3853 que
894 3772 1236 3853 percipient
1283 3773 1353 3835 de
1387 3773 1712 3835 territoriis
1745 3774 1807 3834 et
1843 3772 2350 3853 possessionibus,
2385 3790 2537 3854 quas
2573 3772 2904 3854 possident,
2941 3792 3138 3836 rema-

416 3859 707 3923 nentibus
754 3862 963 3924 tamen
1008 3861 1204 3923 firmis
1247 3859 1388 3924 aliis
1432 3859 1705 3942 angariis
1754 3862 1881 3923 tam
1931 3860 2425 3941 personabilibus
2471 3879 2652 3943 quam
2677 3859 2849 3937 aliis,
2883 3860 2945 3923 in
3003 3861 3140 3943 qui-

421 3948 535 4010 bus
606 3947 865 4030 obligati
916 3949 1065 4011 sunt
1109 3950 1318 4010 nostro
1364 3948 1695 4028 communi,
1744 3965 1780 4010 a
1826 3947 2049 4029 quibus
2097 3947 2366 4030 angariis
2435 3947 2638 4011 dictus
2695 3951 2968 4029 potestas
3021 3966 3136 4012 non

420 4034 617 4115 possit
664 4054 764 4099 eos
812 4034 1127 4099 absolvere
1163 4034 1288 4098 ullo
1337 4036 1530 4118 modo.
1583 4035 1813 4098 Verum
1864 4035 2031 4097 ultra
2079 4033 2194 4099 hoc
2244 4036 2533 4099 mittatur
2576 4036 2984 4100 dictonostro
3031 4055 3139 4116 po-

418 4122 648 4193 testati,
694 4121 875 4204 quod,
924 4123 1166 4204 quando
1214 4122 1335 4185 erit
1380 4121 1616 4199 deinde,
1667 4123 1871 4187 videre
1941 4125 2002 4186 et
2068 4124 2414 4186 examinare
2477 4123 2716 4200 debeat,
2781 4124 2832 4187 si
2902 4124 3140 4188 videret

416 4209 605 4273 aliam
654 4212 819 4273 viam
867 4213 930 4272 et
978 4210 1226 4274 modum
1274 4209 1349 4272 de
1395 4209 1692 4292 possendo
1740 4227 2061 4291 procurare
2103 4211 2436 4275 utilitatem
2483 4214 2547 4274 et
2592 4209 2992 4293 avantagium
3036 4211 3133 4273 in-

418 4297 713 4360 troituum
764 4298 959 4362 nostri
1004 4297 1374 4373 communiS,
1427 4299 1581 4379 quod
1630 4297 1862 4360 scribat
1932 4297 2107 4361 nobis
2148 4300 2352 4363 omnia
2393 4299 2684 4362 distincte
2740 4298 2804 4362 et
2837 4297 3137 4375 ordinate,

417 4385 488 4448 ut
518 4384 825 4465 possimus
870 4386 1203 4467 providere,
1252 4387 1585 4448 secundum
1632 4386 1787 4465 quod
1837 4384 2011 4449 nobis
2057 4386 2209 4449 utile
2256 4386 2635 4467 apparebit.“

502 4492 681 4550 Misti
732 4491 988 4552 XLIII.
1040 4492 1185 4569 157,
1235 4508 1276 4548 u
1320 4491 1475 4550 mlet.
1525 4492 1728 4549 akivu.
