3620 5282
2928 348 3052 417 271

333 533 676 600 constituat
717 531 792 597 ad
841 531 1182 597 custodiam
1231 530 1393 596 dicte
1438 529 1631 595 turris
1679 527 1967 595 undecim
2010 527 2363 594 balistarios
2408 525 2526 591 sub
2559 542 2680 591 uno
2714 524 2935 608 capite,
2970 525 3063 591 ita

335 624 492 708 quod
538 623 668 687 sint
709 621 775 685 in
822 622 1022 685 totum
1065 619 1390 684 duodecim
1437 621 1502 683 et
1563 617 1781 699 reliqui
1824 622 2162 694 cassentur,
2233 615 2539 681 solutores
2613 631 2755 679 vero
2820 631 3063 678 camare

340 710 712 776 armamenti
780 709 1038 773 mittant
1092 706 1473 772 Durachium
1538 725 1729 771 unum
1792 707 2199 771 sufficientem
2269 705 2634 789 magistrum
2698 703 3063 779 murarium,

341 799 448 882 qui
513 818 580 864 se
646 798 961 881 intelligat
1027 796 1102 860 de
1171 795 1627 879 marangonia.“
1704 793 1968 877 Insuper
2029 794 2360 858 mittantur
2407 791 2654 856 ducenti
2703 791 2905 856 ducati
2955 809 3063 873 pro

344 888 561 971 paghis
599 890 665 952 et
708 885 1049 952 laboreriis,
1100 882 1477 966 Capitaneus
1528 882 1822 948 informet
1866 884 1942 948 de
2011 884 2179 948 statu
2227 880 2460 946 domini
2520 879 2818 945 Durachii
2884 883 2946 944 et
2992 878 3068 944 de

346 977 516 1041 novis
562 975 970 1040 Turchorum.

431 1085 611 1145 Misti
658 1083 839 1144 XLI.
889 1083 991 1153 30,
1037 1099 1081 1141 u
1125 1083 1281 1142 mlet.
1330 1082 1563 1141 arkivu.

474 1271 660 1359 CCC
672 1272 1236 1356 LXXXVIII.
1291 1272 1494 1357 God.
1556 1271 1778 1356 1389.
1835 1271 1878 1354 7
1933 1269 2407 1371 listopada‚
2459 1292 2521 1353 u
2572 1271 2961 1356 Mlctclh.

347 1420 642 1480 medani
685 1418 1050 1494 odqovaraJ'u
1095 1419 1285 1479 knew
1347 1417 1547 1477 Ivanu
1608 1415 1995 1490 Seni-skama,
2051 1416 2206 1474 nelca
2260 1415 2437 1491 qzeda
2480 1414 2681 1475 biv-icti
2739 1435 2780 1475 u
2826 1417 2987 1476 miv-u
3032 1433 3063 1476 s

346 1510 589 1570 knezovi
633 1507 1069 1582 Korbavskimi,
1117 1509 1171 1566 te
1217 1508 1297 1565 da
1340 1524 1442 1565 mu
1487 1507 1588 1565 oni
1634 1523 1881 1580 nemoyu
1921 1505 2154 1578 pruina·
2189 1504 2425 1576 pomoci
2460 1505 2633 1577 proti
2677 1507 2848 1583 mim,
2885 1506 3062 1579 posto

946 1612 1020 1655 su
1064 1595 1226 1670 oboje
1268 1595 1514 1656 stranke
1549 1593 1840 1669 podlobne
1885 1593 2226 1668 aqam-hro.
2275 1593 2474 1653 lemni.

572 1715 764 1781 1389.
814 1715 912 1780 die
956 1714 1219 1798 septimo
1265 1714 1561 1780 octubris.
1613 1713 1723 1779 Ser
1773 1714 1999 1779 Petrus
2031 1713 2353 1796 Mocenigo
2401 1714 2778 1795 procurator,
2827 1731 2928 1777 ser
2959 1713 3075 1778 Pe·

354 1809 501 1872 trus
550 1803 841 1872 Cornario
883 1807 1258 1887 procurator,
1308 1822 1407 1867 ser
1458 1801 1688 1887 Symon
1736 1801 2026 1878 Michael,
2075 1820 2173 1865 ser
2220 1801 2502 1865 Aluisius
2548 1800 2940 1878 Mauroceno,
2976 1820 3077 1866 sa·

355 1895 603 1979 pientes
650 1892 911 1958 consilii.
963 1890 1192 1975 Capta:
1241 1891 1397 1974 quod
1444 1891 1886 1974 respondeatur
1934 1891 2043 1954 isti
2076 1890 2300 1954 nuncio
2331 1891 2396 1954 et
2426 1889 2808 1955 ambaxatori
2838 1890 3074 1955 domini

355 1983 600 2049 comitis
647 1981 947 2047 Johannis
997 1979 1215 2064 Segne,
1265 1981 1423 2062 quod
1470 1981 1579 2045 deo
1626 1982 1788 2043 teste
1856 1978 2123 2042 multum
2188 1997 2295 2043 nos
2360 1982 2603 2061 gravat,
2677 1977 2839 2062 quod
2910 1979 3074 2043 inter

358 2071 884 2155 magnificentiam
951 2086 1133 2135 suam
1179 2070 1242 2132 et
1303 2068 1442 2132 illos
1491 2068 1766 2131 dominos
1815 2065 2111 2132 Corbavie
2159 2071 2291 2131 orte
2340 2071 2486 2131 sunt
2553 2068 2671 2131 iste
2719 2065 3068 2131 differentie

353 2164 422 2226 et
467 2162 592 2225 ista
632 2158 925 2223 scandala
981 2174 1053 2221 ac
1116 2174 1385 2234 errores,
1433 2156 1576 2239 quia
1625 2156 1924 2219 vellemus
1990 2154 2277 2231 libenter,
2328 2155 2488 2238 quod
2538 2153 2903 2238 magnitudo
2959 2172 3073 2219 sua

360 2249 595 2314 viveret
639 2247 703 2309 in
750 2264 900 2328 pace
948 2247 1011 2308 et
1057 2243 1467 2309 benivolentia
1497 2245 2003 2309 circavicinorum
2054 2261 2303 2309 suorum
2339 2247 2403 2307 et
2448 2243 2738 2327 precipue
2770 2244 3077 2308 dictorum

360 2335 760 2401 attinentium
814 2351 1095 2411 suorum,
1143 2333 1286 2416 quia
1330 2332 1494 2397 sicut
1538 2333 1657 2397 scit
1702 2351 1773 2396 ex
1836 2332 2075 2414 guerris
2133 2338 2472 2414 sequuntur
2524 2334 2685 2396 mala
2751 2334 2816 2397 et
2895 2331 3078 2410 mala,

364 2428 428 2489 et
472 2423 825 2506 oppositum
870 2441 941 2485 ex
987 2439 1171 2505 pace;
1234 2426 1297 2486 et
1351 2421 1426 2485 ad
1474 2422 1588 2485 hoc
1635 2421 1956 2485 hortamur
2002 2438 2143 2484 eum
2191 2425 2491 2502 quantum
2542 2421 2681 2501 plus
2729 2438 3077 2502 possumuS.

364 2511 464 2577 Ad
495 2513 707 2578 ,aliam
754 2513 958 2574 autem
1006 2511 1267 2591 partem,
1317 2509 1377 2572 in
1429 2527 1549 2593 qua
1579 2510 1807 2592 tangit,
1857 2508 2018 2592 quod
2051 2508 2113 2572 in
2145 2526 2290 2573 casu
2326 2527 2442 2591 quo
2484 2508 2573 2572 eis
2623 2510 2869 2574 moveat
2898 2526 3083 2592 guer-

364 2618 496 2665 ram
525 2649 542 2678 ,
605 2597 845 2683 placeat
907 2597 1056 2664 dare
1101 2598 1403 2663 auxilium
1451 2600 1516 2663 et
1584 2597 1878 2675 favorem,
1927 2615 2035 2662 nos
2083 2597 2171 2661 sic
2219 2596 2518 2675 dicimuS,
2588 2598 2748 2681 quod
2798 2597 3081 2662 dominus

365 2680 569 2754 comes
616 2686 929 2753 Johannes
979 2689 1183 2770 potest
1228 2686 1475 2751 reddere
1517 2706 1583 2751 se
1629 2690 1887 2764 certum,
1924 2686 2086 2768 quod
2132 2685 2196 2749 in
2230 2687 2468 2751 cunctis
2515 2686 2918 2769 possibilibus
2949 2685 3082 2750 ala-

364 2777 557 2842 criter
603 2776 1127 2857 complaceremus
1174 2775 1321 2851 sibi,
1372 2774 1479 2839 sed
1527 2775 2003 2853 consideranteS,
2055 2773 2211 2857 quod
2260 2774 2441 2840 ambe
2487 2777 2697 2858 partes
2744 2777 2894 2839 sunt
2937 2773 3085 2839 sub-

370 2866 495 2930 dite
540 2863 775 2929 domini
847 2863 1009 2945 regis
1080 2862 1419 2947 Hungarie,
1486 2864 1751 2944 suntque
1797 2862 1997 2927 amice
2060 2865 2284 2941 nostre,
2351 2881 2470 2927 non
2534 2863 2845 2928 videretur
2904 2863 3086 2928 nobis

371 2954 698 3018 honestum
747 2951 1045 3034 impedire
1091 2968 1202 3015 nos
1265 2951 1328 3014 in
1373 2949 1556 3015 factis
1606 2951 1902 3032 predictis
1948 2952 2148 3016 causis
2194 2951 2488 3034 predictis
2536 2953 2601 3017 et
2645 2952 2810 3029 aliis,
2859 2950 3085 3033 quibus

374 3042 639 3124 possunt
685 3060 819 3106 esse
861 3040 979 3105 sibi
1028 3043 1190 3104 note.
1237 3039 1318 3103 Et
1362 3041 1683 3121 propterea
1723 3056 2036 3121 rogamus,
2078 3042 2375 3121 quatenus
2423 3039 2664 3122 placeat
2703 3058 2813 3105 nos
2861 3039 3086 3105 habere

380 3128 830 3195 rationabiliter
875 3130 1217 3195 excusatos.
1267 3127 1358 3191 De
1404 3130 1579 3210 parte
1625 3123 1728 3206 28,
1779 3127 1902 3204 303
1949 3146 2069 3192 non
2119 3127 2194 3205 23
2245 3147 2359 3193 non
2408 3128 2630 3193 sinceri
2677 3128 2735 3193 6.

460 3237 641 3298 Misti
689 3237 867 3297 XLI.
911 3240 1015 3308 40,
1058 3256 1098 3296 u
1143 3238 1298 3298 ποῖοί.
1346 3238 1578 3296 arkivu.

526 3424 1198 3512 OGCLXXXIX.
1253 3426 1456 3511 God.
1511 3427 1735 3510 1389.
1791 3427 1881 3511 12
1936 3427 2390 3529 listopada,
2443 3451 2504 3511 u
2556 3430 2938 3513 Mletcih.

377 3591 713 3666 Republika
758 3591 909 3651 nudi
949 3570 1138 3652 knezu
1182 3591 1384 3650 Ivanu
1430 3590 1777 3663 Senjskomu
1807 3591 1966 3664 svoje
1986 3590 2440 3666 posriedovam'e
2469 3593 2667 3667 medju
2712 3593 2861 3665 niim
2890 3594 2914 3654 i
2944 3596 3081 3656 kne-

1313 3684 1441 3741 tovi
1484 3680 1883 3740 korbavskimi
1924 3695 1997 3739 za
2030 3680 2163 3742 mir.

591 3800 777 3866 1389.
828 3799 926 3865 die
972 3800 1096 3865 XII
1141 3799 1427 3865 octobris.
1477 3800 1587 3866 Ser
1633 3801 1857 3865 Petrus
1902 3799 2112 3865 Pisani
2160 3800 2564 3881 consiliarius,
2608 3820 2707 3867 ser
2738 3802 3091 3871 Leonardus

383 3888 668 3954 Dandulo
719 3888 898 3954 miles
947 3890 1010 3954 et
1055 3890 1432 3971 procurator,
1500 3888 1743 3970 sapiens
1804 3889 2065 3953 consilii.
2159 3887 2312 3953 Cum
2378 3891 2743 3972 magnificus
2803 3891 3091 3958 dominus

378 3994 581 4042 comes
626 3977 938 4044 Johannes
973 3977 1172 4060 Segne
1214 3976 1746 4060 singularissimus
1778 3976 2014 4041 amicus
2046 3978 2243 4041 nostri
2273 3977 2528 4042 dominii
2562 3980 2880 4044 notificare
2913 3980 3088 4046 nobis

379 4065 598 4131 fecerit
644 4084 751 4148 per
797 4085 974 4131 suum
1025 4065 1338 4144 nuncium,
1388 4066 1551 4147 quod
1596 4066 1856 4130 comites
1904 4064 2202 4131 Corbavie
2234 4066 2564 4131 attinentes
2608 4067 2702 4132 sui
2737 4068 3093 4135 diffamave-

381 4163 525 4218 runt
569 4172 706 4218 eum
758 4154 820 4218 in
867 4154 1041 4220 curia
1087 4154 1322 4218 domini
1385 4153 1550 4236 regis
1614 4153 1941 4237 Hungarie·
2002 4158 2067 4218 et
2111 4174 2219 4236 per
2267 4156 2469 4219 totum
2515 4174 2796 4239 regnum,
2848 4161 3094 4240 propter

385 4243 547 4324 quod
594 4242 908 4308 consulere
954 4242 1150 4308 voluit
1195 4243 1350 4307 alios
1420 4241 1788 4325 propinquos
1835 4245 1900 4306 et
1967 4243 2195 4307 amicos
2244 4261 2406 4315 suos,
2452 4245 2554 4327 qui
2587 4245 2969 4310 considerata
3001 4247 3094 4310 in-

381 4329 572 4394 famia
615 4330 894 4413 predicta
938 4330 1227 4396 dixerunt
1265 4332 1330 4395 et
1373 4327 1816 4396 consuluerunt
1849 4330 1987 4409 sibi,
2025 4333 2182 4413 quod
2222 4350 2326 4413 pro
2355 4332 2815 4397 conservatione
2846 4335 3093 4400 honoris

383 4417 479 4483 sui
521 4420 586 4483 et
629 4419 845 4485 domus
892 4439 999 4486 sue
1046 4439 1163 4485 non
1207 4422 1415 4503 potest
1457 4417 1675 4495 facere,
1747 4418 1896 4501 quin
1962 4424 2070 4483 aut
2145 4419 2551 4497 personaliter
2608 4438 2813 4486 secum
2865 4424 3095 4505 pugnet

379 4509 490 4573 aut
530 4511 619 4572 eis
664 4509 977 4590 publicam
1021 4527 1310 4592 guerram
1357 4508 1564 4584 faciat,
1623 4513 1871 4589 propter
1937 4508 2096 4591 quod
2168 4507 2300 4590 ipse
2346 4509 2519 4573 misit
2563 4508 2858 4574 nuncium
2909 4530 3092 4576 suum

379 4594 459 4661 ad
524 4597 843 4661 dominum
890 4616 1095 4680 regem
1166 4600 1231 4663 et
1297 4596 1575 4680 reginam
1645 4593 1727 4659 ad
1800 4595 2254 4678 requirendum,
2326 4598 2398 4661 ut
2459 4598 2652 4678 possit
2720 4598 2808 4677 eis
2851 4616 3093 4665 movere

383 4702 692 4767 guerram,
738 4684 895 4767 quod
927 4685 1057 4766 ipse
1087 4685 1274 4750 etiam
1299 4685 1580 4752 notificat
1610 4682 1786 4748 nobis
1820 4687 2138 4766 tamquam
2172 4684 2592 4767 singularibus
2625 4685 2840 4751 amicis
2872 4687 3092 4752 domus

379 4790 507 4853 sue,
547 4789 791 4856 roganS,
839 4772 911 4838 ut
954 4772 1018 4837 in
1061 4789 1207 4839 casu
1248 4791 1366 4857 quo
1409 4771 1707 4856 procedat
1750 4771 1831 4836 ad
1877 4771 2107 4837 dictam
2153 4790 2461 4855 guerram,
2509 4774 2753 4857 placeat
2797 4774 2941 4840 dare
2971 4774 3090 4842 sibi
