3620 5282
825 538 1421 625 CCCLXXIX.
1479 539 1687 625 God.
1742 542 1969 627 1389.
2021 540 2127 625 26
2181 539 2536 643 venaco,
2592 562 2654 623 u
2711 539 3096 623 Mlctcih.

970 684 1117 760 012⁶ae
1160 688 1389 760 nastoje
1432 686 1741 758 Mimans,
1787 688 1869 747 αα
1911 688 2081 748 Drae
2119 688 2327 762 proaje
2371 705 2413 747 u
2458 687 2692 761 „Jihove
2750 687 2917 747 rutae.

804 822 988 888 1388.
1037 824 1132 888 die
1176 822 1403 889 XXVI.
1454 824 1766 889 februarii.
1819 824 1932 890 Ser
1976 825 2202 890 Tomas
2249 823 2617 900 BarbadicO,
2652 842 2752 888 ser
2782 822 3052 888 Blancus
3076 820 3293 896 Barbo,

587 930 686 976 ser
731 910 997 976 Jacobus
1044 910 1410 989 Contareno,
1455 914 1720 995 sapietes
1767 913 2032 979 consilii.
2084 913 2278 996 Capta
2324 932 2465 978 cum
2530 911 2871 989 addicione,
2935 910 3139 994 posita
3189 927 3295 993 per

588 1018 685 1063 ser
714 999 1026 1063 Victorem
1058 1000 1391 1087 Valaresso
1425 1002 1490 1064 et
1531 1020 1628 1065 ser
1673 1001 2016 1067 Johannem
2070 1001 2337 1084 Capello.
2389 1000 2547 1066 Cum
2593 1000 3049 1083 comparuerint
3092 1015 3293 1064 coram

587 1086 790 1152 ducali
838 1088 1107 1152 dominio
1155 1087 1273 1151 duo
1320 1089 1771 1153 ambaxiatores
1827 1089 2060 1155 domini
2128 1088 2441 1166 Durachii,
2504 1089 2876 1172 exponentes
2946 1089 3111 1152 inter
3174 1084 3295 1151 alia

586 1177 921 1239 maximam
953 1178 1425 1241 'extremitatem
1474 1177 1748 1242 civitatis
1815 1177 2105 1242 Durachii
2174 1179 2236 1241 et
2305 1177 2570 1242 debilem
2635 1177 3056 1266 condicionem
3127 1173 3295 1238 illius

586 1264 815 1327 domini
863 1268 991 1327 tam
1040 1267 1285 1346 propter
1335 1264 1757 1329 infirmitatem
1796 1284 1972 1330 suam
2022 1265 2427 1330 incurabilem
2499 1284 2681 1347 quam
2743 1277 2990 1349 propter
3032 1263 3292 1328 necessi-

586 1353 779 1416 tatem
829 1370 1006 1415 suam
1058 1355 1120 1416 et
1167 1354 1439 1416 omnium
1492 1353 1787 1417 baronum
1837 1373 2084 1418 suorum
2132 1358 2262 1418 tam
2311 1354 2554 1419 baveris
2586 1372 2769 1436 quam
2807 1352 2973 1418 bladi
3007 1353 3072 1415 et
3103 1352 3291 1416 victu·

586 1439 801 1518 alium,
851 1440 996 1522 quia
1041 1459 1253 1504 omnes
1301 1444 1448 1504 sunt
1494 1443 1793 1524 consnpti,
1841 1444 1917 1507 ob
1963 1461 2080 1526 que
2118 1442 2284 1507 dicta
2331 1442 2549 1506 civitas
2596 1441 2872 1506 subiacet
2917 1440 3137 1504 maiori
3190 1457 3292 1522 pe-

584 1528 779 1592 riculo
823 1546 1007 1610 quam
1056 1547 1324 1611 unquam
1384 1528 1572 1593 fuerit
1636 1530 1698 1593 in
1738 1531 2141 1612 perveniendo
2180 1532 2252 1595 ad
2315 1549 2533 1594 manus
2608 1529 2984 1603 Turcorum;
3050 1530 3295 1608 insuper

581 1619 1011 1698 exposuerant,
1066 1616 1228 1699 quod
1275 1617 1561 1682 dominus
1609 1618 1904 1684 Durachii
1951 1619 2107 1701 petit
2166 1619 2637 1690 instantissime,
2706 1616 2865 1703 quod
2913 1634 3030 1681 non
3072 1615 3293 1680 astrin-

584 1707 767 1786 gatur
814 1704 891 1768 ad
938 1704 1294 1769 solvendum
1345 1705 1483 1770 illos
1530 1707 1780 1771 ducatos
1827 1707 1947 1772 VII
1995 1711 2244 1773 centum
2292 1707 2390 1772 vel
2436 1708 2596 1771 circa
2642 1707 2716 1771 de
2765 1704 2967 1788 precio
2998 1701 3294 1768 frumenti

581 1793 861 1856 conducti
912 1792 1329 1870 Durachium,
1398 1793 1471 1868 ad
1520 1813 1635 1878 que
1680 1795 1885 1859 omnia
1950 1797 2048 1860 est
2113 1797 2360 1861 omnino
2424 1793 2866 1878 providendum
2936 1794 3003 1856 et
3071 1792 3290 1876 preste,

580 1899 693 1945 nec
739 1881 1097 1964 permittere
1146 1899 1280 1945 rem
1326 1881 1416 1947 ire
1462 1883 1551 1947 ita
1595 1883 1709 1947 sub
1757 1903 1824 1948 se
1871 1903 1980 1967 pro
2053 1883 2514 1948 evidentissimo
2581 1882 2741 1946 bono
2818 1885 3046 1946 nostro.
3125 1880 3287 1945 Nam

580 1967 744 2033 sicut
813 1970 1102 2033 omnibus
1170 1972 1383 2035 notum
1451 1979 1563 2046 est,
1635 1971 1688 2035 si
1758 1974 1924 2037 dieta
1992 1972 2214 2037 civitas
2262 1971 2337 2037 ad
2384 1989 2605 2035 manus
2649 1970 2985 2036 Turcorum
3037 1969 3289 2046 veniret,

578 2057 982 2122 consideratis
1029 2057 1349 2134 flumariiS,
1399 2077 1514 2142 que
1577 2061 1723 2124 sunt
1783 2061 1844 2124 in
1909 2062 2079 2125 tanta
2137 2061 2485 2142 quantitate
2545 2057 2708 2123 circa
2767 2057 3178 2133 Durachium,
3222 2054 3293 2120 de

576 2147 798 2228 quibus
844 2148 1094 2229 possent
1139 2145 1380 2210 extrahi
1425 2146 1597 2230 galee
1641 2151 1705 2211 et
1751 2148 1942 2230 ligna,
1990 2148 2134 2231 quia
2203 2149 2288 2213 ibi
2338 2151 2480 2212 sunt
2526 2146 2868 2229 lignamina
2913 2147 2981 2210 et
3028 2145 3105 2210 de
3158 2146 3286 2228 pice

578 2237 643 2297 et
687 2233 830 2298 aliis
879 2233 1367 2316 preparamentis
1415 2236 1489 2299 ad
1538 2236 1880 2300 nocendum
1931 2237 1990 2300 in
2038 2237 2215 2313 mari,
2257 2235 2500 2301 cederet
2546 2237 2620 2299 ad
2670 2235 2854 2299 nimis
2901 2252 3095 2317 grave
3128 2234 3293 2297 dam·

574 2341 725 2385 num
788 2323 979 2386 nostri
1018 2322 1364 2387 communis
1412 2326 1477 2387 et
1518 2326 1716 2388 status
1763 2326 1990 2405 nostri3
2067 2326 2236 2389 vadit
2304 2337 2445 2407 pars
2514 2323 2680 2406 quod
2746 2323 2809 2386 in
2857 2323 3109 2387 nomine
3167 2322 3291 2385 iesu

575 2409 794 2474 christi
863 2429 972 2492 pro
1031 2410 1314 2475 habendo
1374 2430 1663 2493 personas
1729 2412 2033 2477 notabiles
2090 2412 2153 2476 in
2210 2411 2540 2489 Durachio,
2609 2429 2726 2494 que
2769 2410 3174 2493 prohibeant,
3223 2426 3294 2472 ne

570 2495 803 2562 Turchi
850 2498 1085 2562 intrent
1126 2499 1185 2562 in
1229 2497 1557 2576 Durachio,
1606 2502 1669 2565 et
1714 2520 1829 2583 qne
1877 2501 2150 2566 habeant
2195 2520 2440 2583 semper
2486 2501 2676 2564 menti
2720 2501 2784 2562 et
2817 2497 2984 2564 cordi
3035 2517 3144 2563 suo
3188 2497 3294 2562 bo·

574 2604 786 2651 norem
835 2586 1031 2651 nostri
1079 2585 1354 2663 dominii,
1404 2589 1601 2671 possit
1648 2589 1928 2672 promitti
2006 2609 2197 2673 usque
2260 2608 2363 2653 sex
2433 2607 2505 2653 ex
2572 2587 2907 2652 baronibus
2972 2585 3288 2661 Durachii,

570 2676 677 2757 qui
722 2675 1097 2739 videbuntur
1142 2675 1421 2758 collegio,
1471 2678 1535 2741 in
1582 2696 1838 2741 numero
1885 2697 2144 2760 quorum
2192 2679 2319 2742 sint
2365 2678 2472 2742 isti
2516 2676 2635 2741 duo
2668 2674 3148 2751 ambaxiatores,
3183 2674 3290 2738 dn·

565 2764 689 2827 cati
742 2763 1002 2846 triginta
1050 2763 1112 2826 in
1160 2781 1317 2828 anno
1363 2782 1471 2846 pro
1520 2766 1797 2847 quolibet
1842 2767 1920 2830 ad
1966 2766 2420 2849 beneplacitum
2469 2764 2665 2830 nostri
2710 2763 2991 2839 dominii,
3029 2766 3096 2829 et
3119 2764 3291 2828 detur

566 2851 686 2914 sibi
734 2854 808 2913 ad
862 2850 1357 2932 intelligendum,
1408 2855 1565 2935 quod
1614 2854 1664 2918 si
1719 2854 1943 2918 civitas
1990 2854 2286 2920 Durachii
2330 2855 2650 2938 perveniet
2702 2852 2778 2917 ad
2827 2870 3054 2917 manus
3102 2850 3291 2916 nostri

569 2940 852 3015 dominii,
901 2940 1363 3022 providebimus
1410 2941 1487 3003 de
1534 2942 1641 3015 eie,
1690 2943 1853 3025 quod
1915 2944 2029 3024 ipsi
2091 2942 2410 3007 habebunt
2471 2944 2691 3006 merito
2751 2941 3124 3005 contentari.
3213 2938 3292 3003 Et

564 3027 745 3091 detur
786 3028 929 3091 istis
976 3029 1212 3092 duobus
1250 3029 1757 3094 ambaxatoribus
1802 3048 1958 3113 page
2006 3033 2080 3094 de
2126 3031 2437 3096 mentibus
2483 3047 2590 3093 sex
2635 3047 2740 3112 pro
2780 3027 3084 3111 quolibet.

774 3116 871 3181 Ad
922 3115 1155 3180 factum
1202 3121 1407 3181 autem
1458 3117 1751 3182 frumenti
1816 3119 1905 3182 sic
1964 3119 2299 3195 ordinetur,
2364 3117 2521 3201 quod
2584 3115 2857 3199 provisor
2919 3120 3134 3181 noster
3192 3133 3288 3178 ser

562 3202 854 3268 Peracius
920 3205 1253 3286 Maripetro
1316 3207 1536 3270 debeat
1596 3207 1961 3271 descendere
2004 3209 2086 3272 ·in
2150 3207 2478 3277 Durachio,
2542 3210 2605 3269 et
2652 3206 2740 3269 ire
2784 3204 2861 3268 ad
2909 3204 3285 3286 presentiam

565 3291 801 3356 domini
845 3293 1137 3357 Durachii
1181 3312 1320 3358 cum
1373 3295 1604 3358 nostris
1648 3295 1876 3359 litteris
1924 3295 2336 3368 credulitatis,
2385 3294 2483 3358 cui
2518 3295 2785 3376 exponat
2813 3298 2955 3374 post
2994 3292 3284 3367 salutem,

558 3380 719 3461 quod
794 3381 1118 3446 intellecta
1186 3382 1539 3447 ambaxiata
1606 3383 1783 3447 nobis
1830 3386 2103 3468 exposita
2149 3386 2325 3465 parte
2374 3400 2484 3445 sua
2530 3399 2717 3464 super
2757 3379 2922 3445 facto
2970 3378 3283 3454 frumenti,

558 3466 724 3530 clare
774 3472 837 3531 et
880 3469 1210 3534 manifeste
1249 3471 1547 3549 videmuS,
1597 3471 1757 3554 quod
1804 3491 1913 3555 per
1961 3477 2140 3554 pacta
2185 3474 2250 3536 et
2294 3471 2762 3535 convenctiones
2810 3467 3066 3532 habitas
3123 3468 3284 3532 inter

554 3555 1013 3622 ambaxiatores
1064 3577 1206 3621 suos
1256 3563 1318 3621 et
1365 3559 1504 3623 illos
1552 3563 1792 3625 nostros
1842 3561 2023 3640 cives,
2071 3560 2175 3644 qui
2223 3559 2499 3623 fecerunt
2545 3555 2803 3622 conduci
2870 3556 3111 3620 dictum
3158 3555 3284 3620 fru-

553 3645 856 3723 mentum,
921 3646 1052 3725 ipse
1108 3646 1393 3711 dominus
1455 3650 1702 3712 tenetur
1766 3649 1831 3712 et
1875 3647 2057 3712 debet
2117 3648 2351 3713 solvere
2406 3649 2608 3710 totum
2658 3643 2936 3727 precium
2987 3643 3281 3709 frumenti

553 3732 836 3813 predicti,
911 3733 1071 3797 sicut
1141 3736 1238 3799 est
1304 3734 1539 3800 iustum
1587 3738 1652 3801 et
1698 3736 2133 3826 rationabile3·
2167 3756 2380 3801 verum
2446 3752 2552 3817 pro
2600 3751 2719 3797 non
2765 3732 2991 3796 stando
3034 3733 3096 3796 in
3145 3731 3281 3795 istis

552 3820 854 3898 terminiS,
905 3823 1044 3903 quia
1091 3823 1527 3904 complacendo
1573 3825 1982 3906 ipsidomino
2028 3824 2104 3887 de
2151 3825 2272 3888 ista
2320 3822 2670 3906 quantitate
2699 3819 3094 3885 denariorum
3128 3819 3279 3884 dicti

552 3905 869 3980 frumenti,
920 3911 1046 3992 ipse
1091 3909 1379 3974 dominus
1426 3911 1585 3976 infra
1630 3913 1853 3977 modici
1903 3913 2197 3993 temporis
2243 3912 2508 3994 spatium
2543 3910 2783 3993 peteret
2813 3910 3006 3973 etiam
3040 3908 3275 3974 anobis

552 3998 922 4069 subsidium,
971 3998 1294 4080 allegando
1344 3999 1463 4063 sibi
1511 4000 1971 4065 extremitatem
2017 4019 2214 4074 suam,
2263 3999 2429 4064 sicut
2471 3998 2784 4080 hucusque
2829 3996 2979 4062 fecit
3010 3999 3074 4062 et
3106 3996 3274 4072 facit,

549 4085 834 4167 loquatur
883 4085 1002 4149 sibi
1050 4087 1214 4150 clare
1249 4091 1312 4150 et
1359 4094 1603 4169 aperte;
1676 4090 1739 4151 et
1799 4099 2124 4170 propterea
2193 4090 2410 4153 debeat
2474 4086 2680 4151 dicere
2747 4084 2950 4150 dictus
2999 4086 3274 4166 provisor

546 4176 775 4254 noster,
824 4176 983 4256 quod
1030 4175 1552 4241 consideravimus
1617 4175 2036 4240 conditionem
2103 4176 2300 4259 ipsius
2362 4175 2613 4245 domini.
2662 4174 2735 4237 de
2804 4191 2923 4255 qua
2995 4171 3269 4236 multum

545 4259 847 4338 dolemus,
897 4263 1042 4345 quia
1088 4264 1388 4328 vellemus
1436 4264 1719 4337 libenter,
1769 4265 1934 4345 quod
1981 4269 2147 4327 esset
2193 4281 2378 4327 sanus
2448 4265 2512 4327 et
2573 4262 2827 4345 paratus
2903 4258 2981 4323 ad
3033 4260 3271 4323 substi-

546 4350 816 4413 nendum
864 4350 1151 4415 honorem
1202 4356 1265 4416 et
1309 4371 1406 4414 res
1456 4370 1617 4428 suaS,
1659 4351 1765 4415 sed
1815 4353 2143 4434 postquam
2195 4372 2293 4416 res
2339 4350 2520 4415 aliter
2567 4368 2699 4413 esse
2745 4366 2867 4413 non
2911 4349 3142 4430 potest,
3178 4346 3266 4410 sic

546 4434 831 4509 dicimus,
880 4439 1035 4519 quod
1087 4440 1135 4503 si
1186 4440 1314 4521 ipse
1361 4440 1645 4503 dominns
1693 4440 1886 4504 sent-it
1933 4440 2342 4504 conditionem
2392 4456 2566 4502 suam
2613 4440 2743 4502 tam
2775 4435 3071 4512 debilem,
3105 4436 3266 4517 quod

546 4537 664 4583 non
707 4528 917 4603 posset
960 4546 1023 4588 se
1071 4528 1249 4601 tueri,
1301 4526 1613 4592 laudabile
1655 4533 1717 4591 et
1763 4528 1989 4593 bonum
2041 4530 2139 4592 est
2182 4546 2291 4609 pro
2338 4526 2668 4591 manifesto
2721 4526 2877 4589 bono
2921 4523 3118 4604 ipsius
3162 4523 3265 4586 do-

546 4607 716 4680 mini,
766 4611 923 4688 quod
984 4613 1113 4690 ipse
1160 4615 1378 4677 debeat
1438 4615 1644 4696 potius
1689 4615 1869 4691 velle,
1918 4616 2078 4698 quod
2128 4616 2260 4698 ipsa
2306 4613 2528 4680 civitas
2586 4615 2903 4677 remaneat
2951 4610 3012 4673 in
3062 4610 3262 4673 mani-

545 4689 660 4785 bus
707 4695 933 4758 nostris
979 4716 1160 4777 quam
1209 4701 1570 4780 Turcorum,
1617 4704 1679 4767 et
1724 4703 1861 4767 ideo
1912 4721 2284 4785 rogamanus
2329 4721 2488 4783 eum,
2539 4702 2696 4785 quod
2765 4702 3096 4779 antequam
3167 4694 3256 4759 ita

543 4774 958 4843 infortunatus
1006 4802 1182 4849 casus
1229 4789 1349 4852 sibi
1398 4793 1699 4869 occurrat,
1748 4791 1930 4856 vellit
1975 4793 2450 4857 condescendere
2496 4791 2574 4855 ad
2618 4790 2777 4854 hanc
2835 4791 3112 4850 nostram
3158 4783 3250 4848 in-

680 4932 899 5129 1...Ἃζ
