3620 5282
3047 374 3175 441 297

457 550 828 615 comittatur
875 550 1074 616 eidem
1125 552 1448 632 capitaneo
1495 551 1705 616 nostro
1756 551 1853 616 vel
1900 550 2241 617 rectoribus
2290 552 2352 616 et
2395 548 2814 634 provisoribus
2860 551 3175 634 predictiS,

452 638 608 720 quod
658 657 798 703 cum
848 639 1014 702 omni
1054 635 1467 703 sollicitudine
1514 642 1579 704 et
1623 639 1952 723 diligencia
1999 642 2341 723 opportuna
2411 641 2739 722 procurent
2784 639 2846 702 et
2888 640 3179 704 studeant

451 728 524 790 de
572 726 854 791 habendo
902 730 965 790 et
1010 726 1343 791 obtinendo
1392 728 1595 792 castra
1640 725 1851 792 Clissii
1901 730 1964 791 et
2012 727 2318 792 Scardone
2367 726 2463 791 vel
2511 728 2779 792 alterurn
2827 745 3073 805 eorum,
3122 727 3175 791 si

449 816 632 879 ambo
678 813 891 880 haberi
929 833 1043 878 non
1091 817 1376 897 possent3
1426 814 1766 880 offerrendo
1816 817 2021 880 tenere
2077 817 2141 880 et
2188 815 2497 880 custodire
2559 834 2631 880 ac
2697 832 3054 880 conservare
3104 832 3177 878 ea

451 902 696 966 nomine
732 902 883 967 dicti
932 902 1162 967 domini
1204 902 1597 984 imperatoris
1647 901 1928 985 predicti,
1978 905 2276 985 possendo
2338 902 2704 985 promittere
2768 902 2846 966 ob
2893 901 3008 966 hoc
3071 902 3177 966 isti

454 989 859 1068 ambaxatori‚
910 990 964 1054 si
1012 990 1132 1054 erit
1180 1008 1367 1055 causa
1407 990 1671 1055 faciendi
1719 991 1997 1055 obtinere
2044 991 2199 1067 hoc,
2264 993 2328 1054 et
2371 991 2499 1055 illis
2562 990 2873 1072 personiS,
2924 1008 3042 1072 que
3090 991 3178 1054 eis

456 1076 549 1140 vel
597 1077 821 1142 maiori
865 1078 1029 1159 parti
1077 1077 1351 1160 ipsarum
1402 1079 1774 1156 viderentur,
1826 1097 2018 1161 usque
2064 1079 2141 1143 ad
2203 1077 2396 1142 libras
2444 1076 2540 1141 III
2587 1077 2759 1142 mille
2826 1095 3175 1161 parvorum.

451 1165 531 1228 Et
581 1166 709 1229 viso
757 1166 875 1229 fine
921 1165 1107 1229 istius
1152 1165 1409 1247 negocii,
1460 1168 1590 1231 tam
1636 1166 1689 1230 si
1717 1165 2098 1230 obtinuerint
2120 1166 2288 1232 dicta
2319 1168 2525 1231 castra
2550 1184 2734 1248 quam
2784 1183 2924 1244 non,
2961 1165 3177 1230 deinde

450 1253 652 1317 dictus
699 1255 906 1317 noster
941 1253 1218 1318 notarius
1265 1253 1454 1318 simul
1500 1273 1638 1318 cum
1688 1254 2089 1318 ambaxatore
2150 1254 2426 1336 predicto
2488 1253 2670 1318 vadat
2730 1252 2807 1317 ad
2855 1271 2954 1317 ser
2993 1252 3177 1317 Jaco-

453 1339 598 1404 bum
647 1339 956 1424 Delphino
1018 1341 1486 1405 ambaxatorem
1548 1345 1861 1418 nostrum,
1930 1343 2029 1405 cui
2077 1341 2409 1406 informato
2476 1342 2676 1423 primo
2730 1340 2806 1404 de
2852 1341 3182 1405 ambaxata

453 1427 754 1509 predicta,
804 1429 1094 1493 comittat
1140 1447 1247 1511 pro
1296 1428 1488 1493 nostri
1535 1433 1730 1511 parte,
1781 1428 1942 1511 quod
1980 1447 2117 1493 cum
2168 1429 2335 1493 omni
2398 1428 2811 1493 sollicitudine
2870 1430 3057 1492 vadat
3104 1428 3179 1494 ad

455 1516 841 1597 presenciam
885 1516 1118 1580 domini
1167 1517 1332 1598 regis
1380 1516 1639 1599 predicti
1705 1518 1769 1581 et
1814 1518 2133 1599 procuret,
2199 1516 2356 1599 quod
2422 1519 2553 1599 ipse
2599 1535 2703 1581 rex
2765 1518 3177 1594 contentetur,

447 1599 617 1686 *quod
666 1605 870 1669 castra
916 1604 1194 1685 predicta
1240 1603 1432 1669 libere
1482 1604 1541 1668 in
1585 1623 1803 1669 manus
1854 1606 2097 1668 nostras
2145 1603 2514 1681 deveniant,
2563 1604 2863 1686 possendo
2907 1603 3178 1668 finaliter

455 1691 821 1771 promittere
868 1710 979 1774 pro
1027 1690 1307 1756 habendo
1355 1692 1539 1756 ambo
1585 1692 1722 1774 ipsa
1768 1695 1970 1757 castra
2000 1710 2139 1756 cum
2173 1692 2430 1775 burghis
2480 1692 2608 1756 suis
2635 1710 2829 1773 usque
2875 1693 2950 1755 ad
2985 1692 3179 1755 libras

454 1776 500 1842 C
548 1779 720 1844 mille
767 1797 1117 1862 parvorum,
1167 1783 1230 1843 et
1278 1779 1330 1843 si
1380 1781 1564 1844 ambo
1613 1780 1828 1845 haberi
1874 1799 1992 1844 non
2040 1783 2305 1862 possent,
2353 1778 2551 1861 possit
2604 1779 2966 1861 promittere
3031 1779 3183 1843 fina-

449 1864 594 1931 liter
637 1885 747 1947 pro
797 1865 1022 1931 Clissia
1065 1886 1206 1931 cum
1248 1868 1442 1950 burgo
1490 1886 1678 1949 usque
1741 1867 1817 1932 ad
1886 1867 2075 1932 libras
2146 1868 2255 1932 LX
2302 1867 2474 1931 mille
2506 1916 2520 1942 ‚
2581 1871 2645 1931 et
2703 1884 2814 1948 pro
2878 1864 3182 1931 Scardona

453 1971 591 2018 cum
637 1954 833 2037 burgo
880 1973 1073 2037 usque
1113 1955 1303 2019 libras
1345 1955 1456 2020 XL
1502 1955 1675 2020 mille
1722 1974 1863 2020 cum
1913 1954 2288 2031 condicione,
2338 1955 2497 2037 quod
2546 1952 2715 2018 dicta
2761 1954 3017 2037 pecunia
3050 1954 3179 2018 dari

447 2042 542 2105 vel
589 2042 742 2106 solvi
793 2061 913 2106 non
959 2042 1199 2119 debeat,
1251 2043 1371 2107 nisi
1419 2044 1618 2125 primo
1666 2043 1832 2107 dicta
1879 2047 2087 2108 castra
2134 2062 2277 2107 cum
2326 2043 2541 2126 burgis
2579 2042 2904 2124 assignata
2951 2041 3183 2106 fuerint

450 2129 509 2193 in
558 2130 846 2195 manibus
894 2130 1139 2194 nostris
1189 2130 1261 2194 In
1310 2148 1456 2195 casu
1500 2149 1660 2195 vero.
1711 2149 1833 2213 quo
1880 2133 2083 2195 castra
2132 2131 2407 2214 predicta
2454 2131 2666 2194 essent
2735 2128 3056 2195 subtracta
3105 2129 3182 2193 de

446 2218 735 2282 manibus
783 2219 950 2301 regis
996 2218 1211 2295 Raxie,
1260 2219 1691 2283 committatur
1736 2219 1900 2284 dicto
1946 2238 2044 2283 ser
2090 2218 2326 2284 Jacobo
2388 2217 2716 2300 Delphino,
2766 2218 2924 2300 quod
2971 2217 3182 2282 redeat

451 2306 763 2371 Venetias.
813 2306 894 2370 Et
940 2324 1049 2389 pro
1096 2305 1318 2371 honore
1365 2309 1597 2383 nostro,
1649 2308 1812 2371 sicut
1860 2306 2050 2371 etiam
2098 2325 2207 2389 pro
2256 2307 2455 2371 dando
2503 2324 2749 2371 omnem
2779 2306 3000 2369 bonam
3036 2324 3181 2369 cau-

447 2412 581 2458 sam
642 2394 749 2458 isti
813 2394 1231 2470 ambaxatori‚
1298 2393 1663 2459 comittatur
1722 2395 1997 2477 predicto
2075 2395 2313 2460 notario
2375 2397 2622 2474 nostro,
2687 2394 2846 2476 quod
2896 2393 3180 2458 continue

446 2481 635 2547 faciat
679 2501 976 2565 expensas
1023 2482 1130 2546 isti
1176 2482 1557 2547 ambaxatori
1607 2484 1670 2547 et
1716 2483 2008 2547 comitive
2051 2502 2195 2561 sue,
2266 2500 2583 2565 quousque
2641 2481 3053 2564 applicuerint
3098 2478 3175 2545 ad

449 2568 796 2653 predictum
846 2588 943 2634 ser
989 2570 1292 2635 Jacobum
1342 2570 1741 2653 Delphinum.
1790 2570 2020 2635 Omnes
2068 2570 2143 2634 de
2188 2574 2383 2653 parte.

530 2661 712 2719 Misti
765 2660 885 2719 XX
900 2662 1040 2721 VII.
1092 2664 1191 2733 50,
1238 2680 1281 2720 u
1325 2661 1664 2721 mletad‘kom
1701 2663 1932 2721 arkivu.

604 2860 607 2864 “
706 2900 1151 2985 cocoxn.
1225 2904 1432 2987 eon.
1488 2902 1709 2987 1355.
1763 2903 1866 2986 22
1924 2904 2356 3004 prosim,
2414 2925 2475 2984 u
2528 2903 2923 2986 metam.

446 3046 797 3120 Gospodaru
809 3048 1301 3120 padovanskomu
1324 3049 1594 3119 izkamje
1625 3066 1686 3107 se
1719 3048 2083 3117 zahvalnost‚
2129 3047 2218 3106 §to
2265 3066 2306 3105 u
2351 3048 2541 3120 svojih
2588 3048 2901 3120 odnosajik
2945 3066 2975 3108 s
3001 3067 3181 3122 ηραν-

441 3136 588 3193 skim
622 3134 871 3205 kraljem
915 3136 1037 3193 ima
1081 3136 1242 3195 obzir
1287 3137 1311 3193 i
1355 3153 1440 3193 na
1483 3139 1610 3195 cast
1670 3137 1827 3195 mlet.
1893 3136 2217 3208 republike.
2301 3135 2662 3208 OdredJ'eno,
2731 3136 2813 3194 da
2873 3154 2935 3195 se
2997 3137 3187 3208 nfesta

1349 3224 1545 3296 vojske
1592 3242 1632 3281 u
1677 3224 1987 3283 Hrvatsku
2024 3224 2275 3297 Ροὲαζίε.

659 3358 847 3424 1355.
903 3360 1001 3424 die
1049 3360 1235 3426 XXII
1282 3361 1611 3426 decembri.
1664 3361 1990 3438 DominuS,
2042 3361 2397 3440 consiliarii,
2445 3361 2671 3444 capita,
2717 3380 2816 3427 ser
2840 3362 3176 3427 Zacharias

446 3447 787 3513 Contareno
838 3449 1099 3531 sapiens.
1149 3448 1381 3532 Capta:
1448 3449 1606 3532 quod
1674 3449 2114 3532 respondeatur
2160 3449 2409 3513 domino
2474 3449 2682 3514 Padue
2736 3469 2924 3533 super
2973 3450 3177 3514 verbis

446 3535 629 3600 dictis
675 3554 785 3617 pro
835 3539 1006 3617 parte
1055 3555 1163 3599 sua
1210 3557 1315 3619 per
1383 3537 1702 3600 dominum
1765 3535 2111 3601 Johannem
2163 3538 2236 3601 de
2299 3539 2576 3620 Peraga,
2641 3537 3032 3621 regratiando
3104 3536 3178 3611 ei,

446 3624 606 3687 sicut
649 3624 954 3699 convenit,
1001 3623 1076 3689 de
1124 3643 1193 3688 eo
1242 3624 1401 3708 quod
1451 3625 1727 3706 predicta
1777 3623 1972 3687 voluit
2019 3623 2410 3707 participare
2457 3626 2796 3689 nobiscum.
2865 3625 2947 3689 Et
2992 3643 3185 3708 quan-

447 3712 578 3774 tum
630 3712 726 3775 est
772 3713 843 3774 de
891 3711 1032 3790 hiis,
1082 3730 1195 3793 que
1245 3711 1362 3776 sibi
1405 3712 1562 3776 dixit
1608 3710 1882 3776 Coradus
1930 3711 2101 3794 Lupo
2164 3731 2345 3792 super
2393 3711 2809 3777 contrahenda
2872 3711 3185 3794 parentela

445 3817 584 3862 cum
629 3818 772 3882 rege
820 3799 1162 3883 Hungarie,
1210 3819 1421 3864 sumus
1469 3799 1639 3876 certi,
1686 3800 1842 3881 quod
1891 3798 2006 3863 sibi
2057 3799 2451 3880 responderit
2483 3801 2546 3864 et
2576 3798 2979 3881 respondebit
3023 3799 3184 3863 sicut

446 3888 808 3951 convenient
853 3887 1065 3951 honori
1115 3906 1224 3952 suo
1273 3891 1337 3951 et
1383 3890 1610 3953 nostro.
1669 3888 1900 3951 Verum
1951 3887 2001 3949 si
2052 3886 2107 3950 ei
2153 3886 2484 3963 videretur,
2537 3887 2783 3951 credere
2813 3905 2953 3950 mus
3002 3903 3181 3949 omne

447 3974 694 4050 bonum,
745 3974 889 4056 quia
933 3975 998 4039 in
1036 3977 1205 4040 omni
1253 3976 1665 4058 responsione,
1732 3992 1922 4058 quam
1984 3972 2105 4037 sibi
2153 3973 2339 4051 facit,
2407 3974 2779 4056 subiungit,
2830 3974 2988 4054 quod
3036 3974 3184 4038 licet

446 4061 753 4143 optaverit
797 4066 861 4126 et
908 4064 1080 4145 optet
1124 4082 1400 4127 amorem
1448 4066 1511 4127 et
1556 4061 2034 4127 benivolentiam
2085 4061 2315 4125 domini
2367 4062 2529 4145 regis
2577 4061 2915 4144 Hungarie‚
2980 4060 3183 4141 ipsum

448 4152 655 4212 tamen
703 4150 940 4233 optavit
986 4153 1048 4214 et
1095 4152 1273 4233 optat
1332 4169 1576 4233 semper
1617 4168 1757 4215 cum
1804 4150 2032 4213 honore
2085 4151 2149 4214 et
2198 4151 2351 4215 bono
2398 4148 2655 4214 dominii
2733 4147 2928 4213 nostri
2976 4148 3177 4213 Vene-

444 4236 700 4312 ciarum,
750 4236 923 4301 cuius
972 4239 1205 4302 statum
1255 4240 1504 4320 reputat
1549 4256 1729 4302 suum
1778 4238 1843 4301 et
1887 4238 2206 4318 reputaret
2264 4236 2327 4301 in
2374 4236 2542 4302 omni
2623 4255 2767 4301 casu
2815 4254 2995 4300 suum
3045 4254 3180 4320 pro-

444 4323 668 4407 prium,
717 4323 878 4388 sicut
924 4344 957 4389 e
994 4343 1283 4391 converso
1330 4326 1670 4390 dominium
1724 4324 2133 4390 Veneciarum
2213 4324 2360 4389 fecit
2425 4326 2489 4389 et
2534 4323 2719 4390 faciet
2763 4341 2912 4406 erga
2957 4323 3179 4407 ipsum.

655 4430 752 4494 Ad
800 4429 1034 4495 factum
1081 4432 1382 4514 gentium,
1428 4449 1579 4513 quas
1626 4430 1743 4495 sibi
1792 4431 1952 4513 petit
1996 4429 2289 4494 dominus
2336 4430 2675 4509 BarnaboS‚
2717 4429 2983 4507 dicatur,
3019 4428 3179 4512 quod

447 4537 660 4583 sumus
701 4517 876 4595 certi,
926 4517 1088 4602 quod
1132 4519 1265 4602 ipse
1315 4520 1413 4582 est
1460 4520 1589 4583 tam
1639 4518 1903 4600 sapiens,
1952 4516 2113 4600 quod
2152 4516 2308 4582 fecit
2354 4520 2418 4582 et
2465 4516 2652 4582 faciet
2715 4517 2880 4583 circa
2924 4517 3040 4582 hoc
3084 4520 3183 4582 ta-

448 4605 570 4670 lem
619 4605 1100 4689 responsionem,
1146 4625 1263 4688 que
1304 4607 1628 4671 conveniet
1676 4606 1893 4670 honori
1956 4607 2021 4670 et
2081 4606 2239 4670 bono
2303 4624 2412 4670 suo
2472 4606 2539 4669 et
2599 4605 2844 4684 nostro,
2906 4606 2971 4670 et
3013 4604 3175 4688 quod

449 4692 739 4776 quicquid
786 4693 989 4770 faciet,
1037 4692 1228 4759 faciet
1273 4712 1413 4759 cum
1460 4692 1572 4758 tali
1629 4693 1971 4775 provisione
2032 4695 2096 4757 et
2159 4691 2446 4771 consilio,
2520 4693 2677 4774 quod
2740 4691 2963 4758 merito
3017 4691 3176 4774 apud

450 4778 635 4844 deum
684 4784 750 4844 et
793 4779 1073 4845 homines
1120 4779 1351 4863 poterit
1394 4781 1829 4846 commendari.
