3620 5282
486 321 612 387 122

478 518 702 583 gruum
751 499 990 564 scilicet
1033 499 1517 582 possibilitatem
1570 504 1865 584 vestram,
1910 505 1973 566 et
2020 502 2072 566 si
2121 500 2268 584 quid
2315 500 2598 576 defuerit,
2649 518 2774 580 noS,
2824 499 2928 581 qui
2971 518 3213 581 semper

481 606 586 650 vos
634 589 696 650 et
737 587 894 651 alios
942 591 1180 652 nostros
1227 588 1435 653 fideles
1481 589 1772 653 adiuvare
1806 608 1925 653 non
1971 607 2309 667 cessamuS,
2362 587 2799 671 suppleremus
2832 586 2908 651 ad
2939 588 3209 670 plenum.

481 674 565 739 Et
609 678 926 755 propterea
973 675 1120 739 licet
1165 678 1590 740 ambaxatores
1639 677 1896 742 Sibinici
1964 679 2028 741 et
2072 676 2362 755 Tragurii
2433 675 2595 740 circa
2652 675 2928 757 predicta
2974 674 3209 757 aliquid

488 780 671 844 super
716 761 856 826 inde
903 763 1078 826 nobis
1126 782 1194 826 ex
1241 766 1417 846 parte
1463 764 1882 846 predictarum
1930 765 2259 828 civitatum
2307 765 2600 828 oretenus
2647 761 3057 845 exposuerint,
3099 781 3206 844 per

479 852 796 930 presentes
843 850 1016 913 vobis
1063 851 1411 927 scribimus,
1461 851 1621 933 quod
1670 853 1909 934 quando
1966 852 2131 917 dicta
2197 853 2406 915 nostra
2473 850 2740 933 provisio
2807 850 2981 914 vobis
3041 848 3214 914 utilis

479 936 806 1011 videretur,
861 939 1015 1019 quod
1058 938 1284 1002 bonum
1333 944 1515 1017 esset,
1579 941 1741 1021 quod
1786 941 1923 1003 istis
1986 940 2206 1003 vestris
2268 937 2766 1003 ambaxatoribus
2833 956 2935 1000 vos
2997 935 3211 1001 mitte-

479 1024 628 1088 retis
688 1024 1059 1088 sindicatum
1121 1025 1195 1089 ad
1244 1025 1529 1107 plenum,
1598 1027 2031 1091 nichilominus
2088 1046 2188 1091 eos
2234 1027 2638 1090 informantes
2699 1043 2882 1106 super
2935 1023 3077 1087 inde
3138 1023 3211 1088 de

478 1111 822 1175 intencione
866 1115 1087 1189 vestra,
1152 1114 1221 1177 ut
1265 1114 1377 1176 deo
1434 1114 1641 1196 previo
1689 1114 2006 1179 valeamus
2052 1114 2114 1178 in
2161 1114 2454 1197 predictis
2499 1112 2847 1195 procedere,
2896 1111 3060 1175 sicut
3103 1127 3212 1175 no-

479 1201 607 1263 stro
663 1199 875 1264 honori
932 1203 995 1264 et
1061 1200 1319 1265 utilitati
1403 1204 1604 1265 vestre
1673 1202 2017 1266 videbimus
2086 1203 2447 1280 convenire;
2519 1199 2986 1282 cognoscentes,
3052 1198 3208 1280 quod

481 1305 621 1350 cum
668 1305 871 1351 comes
918 1287 1142 1352 Paulus
1191 1308 1299 1370 per
1352 1308 1491 1353 suos
1548 1290 1798 1353 nuncios
1847 1289 2018 1354 uobis
2073 1291 2289 1371 exponi
2351 1287 2598 1364 fecerit,
2648 1287 2805 1369 quod
2867 1287 2920 1349 si
2967 1285 3206 1349 dictum

479 1374 932 1457 paysinaticum
970 1395 1076 1458 per
1116 1394 1224 1439 uos
1271 1375 1674 1454 ordinaretur,
1723 1377 1968 1441 volebat
1999 1376 2265 1441 libenter
2312 1374 2557 1458 poni-in
2605 1374 2738 1456 ipso
2782 1375 2846 1438 et
2888 1374 2968 1437 ad
3002 1373 3203 1455 ipsum

481 1461 754 1526 conferre
800 1461 875 1525 de
921 1465 1105 1545 geute
1141 1466 1295 1539 ‘sua,
1342 1464 1501 1545 quod
1540 1463 1831 1528 similiter
1891 1464 2009 1528 sibi
2071 1464 2418 1541 scribimuS,
2474 1464 2633 1544 quod
2698 1462 2942 1525 mittere
2984 1459 3207 1523 debeat

481 1549 769 1613 nuncium
819 1549 913 1613 vel
961 1550 1214 1615 nuncios
1261 1570 1404 1615 suos
1451 1570 1590 1615 cum
1639 1552 1940 1616 sindicatu
1986 1553 2062 1615 ad
2109 1552 2377 1633 plenum.

693 1637 777 1701 Et
817 1640 1004 1719 capto
1051 1637 1126 1702 de
1173 1638 1492 1703 scribendo
1536 1639 1830 1721 predictis
1874 1640 2201 1703 comitibus
2253 1639 2318 1702 et
2362 1633 2935 1714 communitatibuS,
2982 1634 3055 1697 ut
3101 1634 3200 1697 est

482 1722 742 1801 dictum,
791 1725 1036 1790 videtur
1079 1725 1206 1790 fore
1249 1726 1424 1790 utilis
1485 1728 1560 1790 ad
1608 1725 2124 1809 supersedendum
2182 1744 2289 1808 pro
2337 1725 2518 1808 modo
2571 1723 2647 1787 de
2713 1722 2966 1801 unione,
3018 1739 3204 1803 quam

482 1813 705 1893 petunt
750 1812 1013 1877 invicem
1064 1813 1181 1897 ipsi
1222 1815 1666 1884 ambaxatores,
1716 1814 1906 1877 donec
1953 1813 2228 1878 venerint
2271 1811 2699 1895 responsiones
2747 1828 2977 1875 eorum.

695 1897 924 1980 Capta:
972 1901 1275 1965 scribatur
1322 1902 1510 1965 etiam
1558 1901 1770 1965 comiti
1816 1901 2011 1965 Paulo
2044 1899 2268 1966 Cliscie
2308 1903 2372 1965 et
2419 1898 2746 1976 Scardoue,
2788 1896 2947 1979 quod
2981 1894 3202 1959 mittat

482 2006 661 2051 suum
708 1988 1168 2052 ambaxatorem
1217 1989 1292 2052 ad
1341 2008 1451 2052 nos
1498 2008 1642 2053 cum
1689 1990 1991 2054 sindicatu
2038 1990 2113 2052 ad
2161 1988 2431 2071 plenum,
2479 1987 2646 2052 sicut
2690 1986 2810 2049 erit
2841 1982 3190 2066 expediens,

693 2073 922 2157 Capta:
970 2079 1247 2157 preterea
1293 2096 1401 2159 per
1446 2076 1707 2154 litterae,
1758 2096 1909 2159 quas
1955 2076 2241 2141 dominus
2291 2076 2485 2139 banus
2529 2072 2784 2138 Bossine
2831 2071 3056 2135 direxit
3086 2070 3200 2135 du-

483 2161 601 2228 cali
641 2162 928 2239 dominio,
987 2164 1291 2228 scribatur
1336 2164 1547 2228 comiti
1598 2166 1660 2229 et
1709 2164 2017 2228 iudicibus
2054 2163 2323 2228 Sibenici
2370 2166 2434 2227 et
2479 2160 2693 2226 comiti
2740 2163 2948 2224 nostro
2994 2156 3203 2236 Jadre,

482 2249 642 2332 quod
690 2250 837 2329 iuis,
887 2269 1043 2332 quos
1087 2253 1219 2334 ipse
1262 2252 1541 2316 dominus
1591 2253 1785 2316 banus
1833 2252 2112 2315 nominat
2154 2252 2217 2316 in
2265 2250 2493 2315 litteris
2539 2248 2691 2326 suiS,
2736 2247 2924 2313 faciat
2957 2246 3106 2310 iuris
3139 2246 3204 2309 et

402 2336 405 2339 ’
483 2336 727 2402 iusticie
778 2338 1138 2421 expeditum
1183 2341 1248 2402 et
1292 2339 1571 2403 debitum
1618 2338 2158 2421 complementum,
2208 2358 2283 2403 ne
2330 2338 2531 2402 dictus
2590 2339 2787 2402 banus
2830 2338 2892 2399 et
2939 2333 3055 2415 ipsi
3101 2351 3208 2416 pe-

483 2426 688 2489 tentes
734 2425 1003 2490 habeant
1047 2426 1148 2490 ius
1195 2426 1484 2509 querelle.
1533 2426 1762 2491 Verum
1815 2426 1868 2490 si
1930 2426 2242 2490 videretur
2287 2425 2412 2502 eis,
2479 2423 2811 2490 comitibus
2858 2439 2978 2485 non
3024 2438 3213 2502 possa

482 2512 808 2595 procedere
855 2512 917 2576 in
964 2513 1098 2596 ipso
1147 2515 1398 2597 negocio
1446 2514 1611 2578 iuxte
1656 2513 1993 2578 secundum
2040 2512 2454 2578 intencionem
2502 2530 2751 2588 eorum,
2800 2510 2901 2592 qui
2957 2509 3198 2590 petunt,

482 2601 763 2666 scribant
809 2601 985 2666 nobis
1032 2601 1251 2667 seriem
1299 2602 1445 2667 facti
1489 2604 1554 2666 et
1598 2621 1777 2666 suum
1828 2619 2139 2685 apparere.

694 2688 921 2772 Capta:
959 2693 1023 2754 et
1060 2710 1249 2772 quum
1277 2690 1532 2773 ,petitur
1577 2710 1685 2773 per
1733 2691 2164 2754 ambaxatores
2209 2689 2484 2754 locorum
2531 2688 2824 2770 ipsorum,
2882 2684 3043 2766 quod
3091 2701 3202 2766 pro

482 2776 706 2840 damno
752 2780 816 2841 et
862 2779 1146 2854 rubariiS,
1196 2796 1311 2860 que
1359 2778 1481 2842 sibi
1524 2777 1690 2843 facte
1735 2781 1883 2842 sunt
1925 2779 1988 2842 et
2033 2776 2260 2842 cotidie
2305 2776 2464 2840 fiunt
2509 2795 2618 2858 per
2643 2772 2923 2837 subditos
2968 2771 3212 2835 domini

483 2864 648 2947 regis
696 2865 759 2928 et
805 2866 936 2929 eius
977 2865 1309 2951 Hungaros
1357 2868 1420 2930 et
1465 2865 1697 2929 domini
1746 2865 1892 2929 bani
1939 2863 2175 2929 Stefani
2222 2865 2444 2940 Bosne,
2500 2861 2853 2928 scribantur
2912 2858 3207 2941 predictis

485 2951 749 3016 dominis
793 2952 1021 3024 littere,
1066 2953 1225 3016 bano
1273 2952 1531 3017 Nicolao
1581 2954 1903 3018 Sclavenie
1967 2956 2031 3017 et
2091 2953 2250 3017 bano
2297 2952 2534 3016 Bosne:
2601 2948 2773 3013 vadit
2817 2965 2994 3030 parS,
3045 2945 3206 3029 quod

492 3038 645 3121 ipsis
692 3039 957 3103 dominis
1008 3040 1316 3104 scribatur
1363 3039 1425 3104 in
1477 3039 1695 3117 forma,
1742 3060 1859 3123 que
1902 3041 2021 3105 erit
2063 3040 2440 3105 neccessaria
2485 3056 2593 3120 pro
2633 3037 2789 3101 bono
2836 3051 3066 3099 eornm.
3160 3118 3173 3131 ·

702 3125 940 3208 Capta:
991 3129 1268 3209 preterea
1316 3146 1455 3191 cum
1523 3146 1727 3191 comes
1789 3126 2056 3193 Sibenici
2124 3127 2439 3210 scripserit
2504 3128 2568 3190 et
2626 3122 2974 3205 expositum
3021 3120 3210 3185 fuerit

491 3212 697 3276 ducali
744 3213 1013 3278 dominio
1061 3234 1171 3297 per
1215 3214 1676 3279 ambaxatorem
1721 3216 1785 3279 et
1830 3215 2130 3280 sindicum
2178 3234 2378 3291 suum,
2413 3211 2725 3297 Angelum
2773 3208 3208 3274 canzellarium

492 3299 761 3365 Sibenici
804 3301 1144 3366 condidisse
1170 3304 1582 3365 instrumenta
1629 3301 1801 3379 falsa,
1852 3303 2015 3367 sicut
2059 3303 2120 3367 in
2168 3303 2287 3366 isto
2326 3300 2587 3366 consilio
2627 3298 2857 3362 lectum
2904 3296 3017 3373 est,
3068 3312 3210 3359 con-

490 3387 720 3464 sulunt,
772 3388 933 3470 quod
980 3389 1380 3454 consideratis
1426 3393 1691 3471 tempuS,
1742 3409 1861 3473 quo
1911 3391 2045 3472 ipsa
2109 3390 2523 3454 instrumenta
2580 3388 2745 3451 facta
2804 3382 3085 3460 fuerunt,
3146 3383 3210 3446 et

488 3493 693 3553 causa,
742 3494 858 3558 que
907 3478 1112 3560 coegit
1154 3476 1466 3559 Angelum
1513 3478 1910 3555 antedictum,
1959 3477 2352 3558 inspicientes
2414 3477 2653 3541 litteras
2717 3473 2910 3554 ipsius
2957 3468 3205 3552 Angeli,

491 3564 554 3628 et
600 3562 1078 3643 confessionem,
1129 3582 1314 3647 quam
1380 3565 1594 3628 statim
1661 3565 1842 3642 fecit,
1890 3566 1953 3630 et
2012 3565 2503 3640 excusationem,
2551 3580 2668 3645 que
2723 3558 2883 3623 infra
2928 3558 3205 3632 videtur3

489 3650 768 3716 videntes
817 3651 1084 3734 insuper,
1134 3651 1296 3735 quod
1341 3652 1709 3717 fidelitatem
1758 3671 2049 3736 magnam
2083 3653 2299 3716 habuit
2343 3669 2491 3734 erga
2523 3651 2803 3714 nostrum
2837 3644 3204 3723 dominium,

488 3739 651 3803 sicut
695 3738 1024 3803 manifeste
1072 3740 1480 3822 cognoscitur,
1529 3741 1594 3804 et
1638 3741 2022 3824 legalitatem
2074 3741 2138 3803 et
2185 3741 2408 3804 bonum
2444 3736 2902 3821 portamentum
2953 3732 3107 3810 eiuS,
3133 3731 3210 3796 de

489 3844 607 3910 quo
656 3829 948 3905 rectoreS,
996 3827 1100 3909 qui
1148 3827 1393 3891 suerunt
1440 3846 1548 3910 per
1581 3830 1882 3911 tempora,
1931 3827 2254 3910 perhibent
2285 3825 2715 3891 testimonium
2747 3822 2903 3886 satis
2949 3820 3208 3897 clarum,

488 3914 798 3979 scribatur
844 3914 1056 3978 comiti
1104 3918 1167 3979 et
1213 3914 1526 3979 communi
1576 3915 1867 3992 Sibenici,
1913 3915 2073 3997 quod
2127 3932 2338 3979 omnes
2384 3930 2709 3996 processus
2756 3909 2953 3973 factos
3000 3909 3215 3973 contra

489 4003 691 4083 ipsum
740 4001 1052 4084 Angelum
1091 4003 1405 4066 occasione
1452 4003 1723 4084 ipsorum
1774 4004 2294 4067 intrumentorurn
2342 4021 2413 4066 ex
2460 4002 2592 4066 toto
2663 3997 2927 4063 debeant
2973 3994 3212 4061 cancel-

485 4090 621 4165 lari,
671 4091 734 4154 et
779 4089 938 4172 quod
992 4089 1193 4171 ipsum
1228 4090 1539 4171 Angelum
1580 4109 1651 4154 ea
1698 4090 1772 4154 de
1820 4109 2007 4155 causa
2053 4090 2116 4153 in
2163 4089 2364 4172 aliquo
2406 4089 2676 4171 amplius
2722 4086 2798 4150 de
2845 4085 3047 4148 cetero
3092 4100 3212 4147 non

494 4177 843 4241 molestent.
892 4176 976 4240 Et
1022 4194 1160 4240 cum
1207 4178 1343 4259 ipsa
1391 4178 1802 4241 instrumenta
1850 4178 2135 4242 dicantur
2180 4197 2315 4241 esse
2362 4179 2424 4241 in
2473 4175 2755 4240 manibus
2803 4171 3049 4236 comitis
3103 4190 3213 4235 no-

488 4264 602 4327 stri
649 4263 859 4341 Jadre,
910 4263 1215 4328 scribatur
1262 4268 1325 4329 et
1369 4266 1693 4329 mandetur
1740 4266 1959 4343 eidem,
2007 4264 2167 4347 quod
2233 4265 2368 4347 ipsa
2431 4263 2847 4328 instrumenta
2892 4260 3209 4323 destruere

487 4350 732 4428 debeat,
782 4351 1003 4428 delere,
1055 4352 1119 4416 et
1165 4352 1515 4429 anichilare,
1567 4355 1629 4415 et
1675 4372 1865 4417 unum
1914 4353 2078 4416 aliud
2124 4353 2604 4417 instrumentum
2651 4347 2844 4413 simili
2892 4346 3072 4410 modo
3106 4365 3214 4428 per

489 4437 690 4519 ipsum
733 4436 1044 4520 Angelum
1092 4438 1433 4502 faciendum
1483 4459 1668 4522 super
1713 4458 2036 4504 commune
2084 4438 2353 4505 Sibenici
2408 4439 2570 4504 sicut
2614 4437 2744 4519 ipse
2791 4433 3072 4517 Angelus
3119 4433 3213 4497 fa-

491 4526 678 4602 tetur,
730 4527 975 4590 studeat
1019 4527 1245 4590 habere
1291 4525 1467 4602 illud,
1530 4529 1594 4590 et
1640 4528 1844 4591 deleat
1890 4530 1954 4592 et
1999 4527 2330 4604 anichilet,
2391 4530 2461 4591 ut
2529 4528 2625 4589 est
2666 4525 2923 4589 dictum.
2992 4521 3075 4584 Et
3119 4522 3210 4584 sic

489 4611 795 4678 scribatur
840 4613 1027 4678 etiam
1077 4613 1309 4694 comiti,
1357 4614 1607 4679 consilio
1655 4616 1719 4678 et
1763 4616 2076 4680 communi
2124 4615 2412 4681 Sibenici.
2461 4614 2553 4678 De
2595 4613 2769 4694 parte
2816 4610 2923 4688 89,
2971 4609 3044 4673 de
3091 4626 3213 4673 non

489 4701 550 4779 3,
590 4718 710 4764 non
757 4700 979 4765 sinceri
1028 4700 1125 4765 13.
1913 4757 1916 4760 ,
3164 4710 3169 4713 ·

576 4791 756 4852 Misti
805 4789 1007 4850 XXV.
1046 4792 1149 4862 16,
1193 4809 1237 4850 u
1281 4790 1619 4851 mlctadkom
1664 4792 1895 4852 arkivu.
