3620 5282
547 298 680 367 280

553 473 812 558 Spaleti,
858 473 1084 539 debeat
1131 471 1395 537 nuncius
1441 471 1652 537 noster
1703 470 1959 548 instare,
1989 470 2043 534 si
2090 487 2335 534 necesse
2376 469 2583 549 fuerit,
2630 489 2741 554 per
2800 470 2981 537 illum
3027 471 3293 537 modum

550 566 616 628 et
660 581 801 626 cum
849 561 978 625 illis
1024 561 1253 639 verbis,
1304 578 1420 641 que
1466 577 1575 623 sue
1623 557 1929 640 sapientie
1975 557 2372 635 videbuntur,
2423 560 2495 622 ut
2526 560 2768 639 possint
2798 577 2906 624 nos
2941 557 3291 623 informare

552 648 631 715 de
678 650 808 714 hoc.
902 648 987 712 Et
1028 646 1189 713 facto
1237 666 1307 712 eo
1349 646 1510 724 boni,
1561 646 1725 728 quod
1771 644 2020 727 poterit,
2067 663 2209 709 cum
2254 664 2344 723 eo,
2384 647 2545 728 quod
2591 646 2879 711 habuerit
2940 664 2977 710 a
3042 646 3298 729 predic-

552 738 655 815 tis,
705 737 770 801 et
815 753 957 800 cum
1005 734 1283 816 plenaria
1320 733 1753 798 informatione
1801 734 2100 811 omnium,
2148 752 2266 815 que
2311 731 2548 797 faciant
2608 733 2687 797 ad
2749 735 3025 798 nostram
3073 731 3296 798 decla-

551 823 874 895 rationem,
922 822 1159 901 debeat,
1209 823 1458 903 accepto
1507 819 1828 885 amicabili
1874 820 2180 899 comeatu,
2237 820 2526 884 Venetiae
2572 838 2868 885 remeare.

761 909 995 973 Verum
1066 911 1117 973 si
1186 909 1252 973 in
1299 908 1645 990 colloquiiS,
1696 926 1813 990 que
1858 908 2117 971 nuncius
2187 910 2397 971 noster
2449 908 2702 972 habebit
2763 926 2903 972 cum
2962 907 3295 991 predictiS‚

552 996 673 1079 ipsi
714 996 1098 1078 requirerent
1144 1015 1308 1077 eum,
1356 996 1407 1060 si
1456 994 1690 1077 aliquid
1734 994 1955 1059 habuit
2000 1013 2035 1058 a
2081 994 2532 1062 communitate
2578 993 2838 1059 Sibinici
2902 994 2996 1059 vel
3044 996 3123 1060 ab
3170 996 3302 1060 ali-

555 1083 782 1167 quibus
830 1084 894 1147 in
941 1083 1219 1164 speciali,
1264 1085 1327 1147 et
1371 1084 1515 1163 quid
1561 1082 1799 1160 habuit,
1849 1080 2074 1146 debeat
2119 1082 2252 1165 ipse
2298 1082 2555 1146 nuncius
2602 1082 2804 1146 dicere
2836 1085 2900 1146 et
2929 1082 3172 1164 aperire
3202 1083 3300 1148 eis

552 1170 738 1234 illam
786 1173 1045 1251 partem,
1095 1187 1277 1253 quam
1326 1169 1547 1234 utilem
1618 1188 1752 1233 esse
1800 1169 2161 1251 cognoverit
2205 1186 2315 1250 pro
2373 1168 2555 1233 factis
2602 1168 2722 1235 sibi
2767 1169 3142 1248 commissis,
3194 1189 3303 1235 se-

559 1259 829 1322 cundum
877 1257 1038 1339 quod
1086 1257 1390 1339 sapientie
1460 1274 1569 1321 sue
1644 1256 1954 1321 videbitur
2001 1274 2135 1321 esse
2182 1255 2427 1321 melina.
2519 1256 2614 1320 De
2670 1262 2842 1338 parte
2886 1256 2994 1321 54.
3042 1257 3119 1321 de
3167 1276 3299 1322 non

555 1342 661 1408 28.
708 1361 829 1408 non
861 1344 1087 1408 sinceri
1118 1343 1180 1409 9.

642 1450 884 1513 Secreta
928 1448 1104 1514 Cone.
1153 1451 1303 1527 1309.
1348 1451 1425 1513 R.
1479 1453 1580 1522 53,
1626 1468 1669 1510 u
1712 1451 1868 1511 mlet.
1913 1451 2148 1512 arkivu.

788 1636 1326 1722 CCCXCVII.
1383 1637 1589 1721 God.
1644 1638 1877 1720 1390.
1929 1637 2026 1721 21
2077 1638 2446 1740 svibnja,
2498 1661 2558 1721 u
2611 1639 3055 1722 karaseru.

773 1779 1032 1861 „Baysit
1077 1796 1257 1862 gram
1306 1777 1515 1861 signor
1563 1780 1626 1843 et
1669 1780 1900 1862 grande
1948 1779 2210 1843 amiraio
2269 1780 2686 1855 ,Turchorum
2734 1779 3068 1862 permittit,
3116 1778 3291 1863 quod

560 1866 797 1931 subditi
857 1867 1081 1932 Veneti
1143 1866 1396 1932 veniant
1466 1867 1563 1939 „in
1629 1865 1675 1929 li
1724 1866 1892 1949 luogi
1955 1865 2032 1929 de
2080 1867 2139 1930 la
2185 1866 2310 1930 mia
2352 1869 2635 1950 segnoria
2681 1885 2822 1932 cum
2870 1866 2931 1931 lo
2978 1885 3047 1931 so
3094 1867 3297 1932 haver

558 1955 624 2018 et
670 1972 913 2019 mercar
961 1971 1145 2018 senza
1193 1953 1382 2036 algun
1432 1953 1619 2017 dubio
1667 1973 1698 2016 e
1748 1972 1932 2018 senza
1979 1951 2210 2035 alguna
2268 1953 2681 2019 contradicion
2746 2001 2762 2017 .
2801 2006 2815 2018 .
2852 2005 2866 2018 .
2909 1954 3161 2036 Scripta
3197 1954 3299 2018 del

567 2059 734 2105 mese
782 2044 855 2107 de
905 2059 1097 2119 mazo‚
1150 2040 1455 2105 indicione
1504 2039 1941 2105 terciadecima
1988 2040 2088 2104 del
2131 2040 2469 2105 millesimo
2503 2040 2872 2106 de16898.“

651 2147 1224 2209 commemor-iulium
1282 2145 1470 2208 VIII.
1526 2149 1654 2207 150
1701 2144 1853 2229 (tria
1898 2145 2272 2230 diplomata),
2317 2166 2361 2207 u
2403 2149 2558 2209 mlet.
2606 2150 2843 2209 arkivu.

784 2334 1368 2420 CCCXGVIII.
1422 2334 1628 2417 flod.
1685 2335 1920 2420 1390.
1974 2336 2078 2419 26
2134 2337 2503 2438 svibnja‚
2556 2359 2618 2417 u
2671 2336 3068 2419 Mletcih.

559 2481 858 2541 Mletcani
902 2479 1309 2552 obustavzwu
1355 2480 1638 2554 doyovore
1700 2495 1731 2537 s
1753 2480 2062 2552 m‘ekojz'mi
2118 2479 2510 2554 Dalmatiae-i,
2560 2481 2685 2552 koji
2727 2497 2801 2538 su
2848 2496 2881 2540 o
2930 2483 3046 2540 tom
3089 2481 3302 2559 radili,

901 2568 984 2627 da
1021 2568 1349 2641 primorski
1391 2567 1647 2646 yradovi
1686 2568 2054 2641 pripoznqq'u
2101 2568 2392 2627 mletac‘ku
2443 2568 2600 2627 vlast
2644 2585 2720 2628 za
2767 2569 2959 2641 svoju.

778 2685 969 2752 1390.
1012 2688 1107 2752 die
1155 2686 1369 2753 XXVI
1416 2688 1585 2752 maii.
1621 2686 1945 2770 Sapientes
1979 2686 2224 2752 consilii
2258 2689 2321 2752 et
2353 2688 2661 2770 sapientes
2703 2688 3011 2755 ordinum.
3061 2688 3299 2772 Capta:

458 2826 467 2841 ,
561 2776 706 2858 quia
753 2775 968 2858 pridie,
1018 2774 1262 2856 quando
1307 2774 1600 2856 providus
1649 2776 1745 2838 vir
1789 2774 2067 2840 Johanes
2116 2774 2440 2839 Plumacio
2480 2776 2652 2841 venit
2697 2776 2770 2840 de
2804 2778 3088 2859 partibus
3123 2777 3304 2843 Scla-

412 2880 447 2899 ..
563 2863 760 2938 vonie,
812 2862 999 2926 amici
1043 2861 1135 2926 illi
1184 2863 1258 2927 de
1306 2862 1633 2927 Dalmacia
1671 2863 2070 2943 rogaverunt,
2121 2864 2193 2926 ut
2237 2881 2420 2945 super
2467 2862 2611 2935 illis,
2658 2882 2774 2946 que
2820 2864 2940 2928 sibi
2989 2864 3298 2940 dixerunt,

560 2948 817 3013 daretur
863 2949 985 3014 sibi
1038 2951 1244 3032 presta
1276 2950 1623 3030 respensi03
1668 2949 1841 3036 vadit
1873 2968 2034 3031 pars,
2076 2948 2237 3033 quod
2263 2951 2436 3015 'cives
2469 2951 2662 3015 nostri
2696 2951 3049 3016 rescribant
3080 2951 3301 3017 amicis

561 3036 691 3101 suis
739 3037 1054 3118 predictis,
1104 3037 1260 3119 quod
1309 3036 1645 3101 dominatio
1693 3037 1902 3100 nostra
1950 3037 2120 3102 videt
2166 3037 2230 3101 et
2267 3038 2591 3120 cognoscit
2636 3038 2790 3102 bene
2851 3039 3193 3120 perfectam
3242 3041 3303 3102 et

562 3116 1406 3205 optimam‘dispositionem,
1453 3143 1638 3207 quam
1685 3124 1804 3206 ipsi
1856 3143 2000 3189 cum
2047 3124 2332 3207 omnibus
2380 3126 2509 3190 suis
2555 3125 2788 3190 habent
2831 3125 2910 3189 ad
2942 3126 3207 3191 honores
3240 3128 3300 3189 et

560 3211 798 3275 statum
871 3213 1175 3287 nostrum,
1246 3211 1322 3274 de
1381 3228 1500 3293 quo
1560 3212 1946 3294 regraciatur
2008 3210 2131 3275 sibi
2198 3217 2498 3293 quantum
2544 3215 2773 3295 potest,
2824 3212 3152 3277 intendens
3202 3232 3296 3279 eos

561 3315 808 3379 semper
858 3298 1088 3362 habere
1134 3298 1431 3379 tanquam
1478 3299 1832 3364 carissimos
1880 3315 2021 3362 suos
2066 3298 2129 3362 in
2162 3300 2631 3383 quibuscunque
2666 3300 2910 3365 casibus
2942 3301 3299 3365 cordialiter

565 3386 1023 3450 recommiSSOS.
1116 3384 1214 3449 Ad
1262 3384 1498 3449 factum
1546 3385 1885 3467 principale
1933 3386 2050 3450 sibi
2100 3384 2329 3464 dicant,
2393 3388 2571 3469 quod,
2626 3387 3032 3452 consideratis
3097 3384 3295 3452 modis

564 3473 825 3536 servatis
874 3490 979 3553 per
1027 3473 1512 3537 communitates
1583 3471 1727 3536 illas
1766 3473 1830 3536 in
1903 3472 2207 3537 mittendo
2253 3491 2429 3537 suam
2476 3474 2896 3539 ambaxiatam
2962 3477 3037 3540 ad
3086 3493 3293 3558 regem

561 3556 842 3634 Bossine,
892 3558 1304 3635 et*terminiS,
1356 3560 1416 3623 in
1465 3558 1688 3641 quibus
1736 3578 1804 3623 se
1849 3561 2182 3641 reperiunt,
2237 3577 2356 3624 non
2405 3562 2715 3626 videretur
2761 3560 2941 3627 nobis
2988 3562 3143 3626 utile
3193 3577 3293 3643 pro

559 3646 835 3728 presenti
880 3646 1081 3711 facere
1126 3646 1319 3710 aliam
1370 3646 1752 3711 mencionem
1799 3646 1877 3711 de
1917 3648 2014 3712 his
2055 3646 2265 3712 factis.
2356 3649 2448 3713 De
2518 3652 2697 3731 parte
2746 3649 2892 3728 103,
2942 3650 3017 3714 de
3063 3667 3189 3714 non
3233 3647 3290 3725 8,

562 3750 683 3797 nou
728 3732 956 3798 sinceri
1004 3733 1065 3798 2.

648 3838 889 3901 Secreta
939 3839 1116 3900 Cone.
1167 3840 1315 3916 1209.
1360 3840 1436 3900 R.
1482 3842 1584 3911 55,
1633 3859 1675 3900 u
1719 3841 1878 3903 mlet.
1930 3843 2170 3902 arkivu.

915 4045 1418 4130 CCCXCIX.
1477 4046 1683 4130 God.
1737 4047 1969 4130 1390.
2021 4046 2071 4130 2
2127 4048 2434 4152 lipma,
2486 4072 2546 4132 u
2602 4050 2950 4132 Sutiski.

568 4188 788 4251 Tvrtko
835 4191 998 4265 krab‘
1044 4192 1323 4251 bosanski
1370 4209 1454 4251 na
1487 4192 1738 4265 uzdarje
1770 4193 2126 4339 pnssjenih
2169 4194 2389 4269 usluya
2419 4195 2713 4269 raa-‘iirtffe
2740 4198 2985 4270 yranice
3013 4196 3286 4271 spljetske

1827 4297 1860 4340 ο
1959 4298 2051 4340 ne.

770 4398 903 4463 Nos
971 4397 1325 4480 Stephanus
1385 4399 1618 4463 Tuerco
1678 4397 1775 4463 dei
1822 4398 2029 4482 gratia
2075 4399 2317 4477 Rascie‚
2389 4401 2608 4476 Boane,
2686 4400 3122 4484 maritimaque
3180 4401 3288 4465 etc·

575 4500 681 4547 rex
724 4484 1009 4549 omnibus
1048 4485 1268 4550 christi
1310 4485 1598 4550 fidelibus
1646 4487 1780 4551 tam
1823 4487 2212 4568 presentibus
2260 4506 2447 4571 quam
2489 4487 2720 4553 futuris
2766 4490 3149 4570 presentium
3189 4505 3289 4552 no-

566 4569 775 4633 titiam
841 4570 1150 4636 habituris
1220 4572 1488 4636 salutem
1558 4573 1620 4637 in
1701 4573 1947 4637 domino
2019 4574 2346 4639 salvatore.
2396 4574 2698 4640 Maiestas
2745 4575 2914 4658 regia
2961 4594 3112 4658 erga
3155 4589 3285 4639 suos

565 4653 777 4719 fideles
845 4658 1130 4723 exhibere
1206 4677 1273 4723 se
1349 4660 1523 4724 decet
1591 4659 1955 4743 gratiosam,
2026 4664 2098 4725 ut
2152 4661 2455 4746 largifluis
2500 4662 2742 4729 meritis
2786 4662 3109 4729 fidelitatis
3154 4659 3284 4727 aliis
