3620 5282
485 381 605 444 142

686 557 843 618 Date
892 554 975 618 ibi
1022 553 1283 635 septimo
1357 553 1511 631 iulii,
1560 553 1823 617 secunde
1882 554 2234 617 indictionis
2284 555 2532 638 (1349).
2585 557 2809 619 Petrus
2855 555 3063 621 Memo
3101 574 3201 621 co-

479 660 631 718 mee,
679 641 932 717 iudiceS,
984 641 1308 705 consilium
1359 645 1422 704 et
1468 660 1791 705 commune
1828 642 2101 707 civitatis
2152 641 2409 725 Spaleti.
2571 635 2600 665 ’

568 731 1134 790 Commemormlium
1179 733 1293 791 IV.
1341 734 1485 801 150,
1532 751 1573 790 u
1619 734 1769 790 mlet.
1816 734 2050 793 arkivu.

902 887 1139 968 CCX.
1194 886 1402 967 θοᾷ.
1456 886 1686 968 1349.
1742 880 1830 967 11
1869 888 2191 988 srpnja,
2242 910 2354 969 na
2414 891 2788 970 Rokusu.

475 1015 658 1086 Kralj
706 1014 1033 1088 uqa-rehrv.
1081 1013 1366 1085 Ljudevz’t
1421 1013 1554 1084 pise
1599 1014 1886 1085 republica·
1944 1015 2285 1086 mletadkoj,
2341 1015 2437 1083 da,
2474 1016 2649 1088 posto
2683 1017 2748 1087 je
2788 1016 3059 1087 prestala
3094 1031 3204 1086 po-

472 1102 600 1160 §ast
644 1120 685 1159 u
726 1103 993 1175 njeyovoj
1038 1101 1371 1172 kraljevz‘ni,
1420 1101 1531 1158 &im
1575 1119 1636 1159 se
1682 1104 1841 1158 vra-ti
1885 1103 1942 1159 iz
1987 1102 2257 1174 Erdelja,
2309 1105 2471 1176 Javit
2519 1104 2578 1161 c'e
2619 1105 2735 1177 joj,
2792 1103 2927 1177 ydje
2982 1104 3041 1162 όε
3080 1103 3207 1170 biti,

1373 1189 1451 1245 da
1495 1190 1677 1260 primi
1724 1191 1951 1260 nJezine
1991 1191 2317 1261 poslanike.

682 1290 1022 1354 Lodovicus
1062 1290 1158 1352 dei
1209 1291 1409 1373 gratia
1458 1290 1794 1373 Hungarie,
1848 1291 2195 1355 Jerusalem
2252 1296 2315 1357 et
2359 1293 2570 1358 Sicilie
2619 1312 2740 1356 rex.
2804 1291 3206 1356 Celsitudinis

479 1383 679 1443 vestre
728 1379 970 1442 litteras
1021 1378 1350 1441 honorifice
1399 1380 1461 1440 et
1508 1379 1770 1460 benigne
1822 1381 2085 1462 receptis
2133 1385 2196 1444 et
2246 1383 2304 1444 in
2352 1382 2580 1444 eisdem
2608 1381 2913 1444 contentis
2962 1379 3036 1443 ad
3072 1379 3204 1461 ple-

475 1487 616 1530 num
670 1465 1024 1542 intellectis,
1078 1468 1237 1529 inter
1285 1472 1487 1528 cetera
1550 1467 1968 1547 comperimus
2036 1469 2094 1530 in
2153 1468 2308 1531 serie
2356 1469 2686 1532 earundem
2751 1469 2961 1531 baberi
3011 1468 3205 1530 mani-

475 1554 650 1631 feste,
700 1555 859 1636 quod
906 1554 1064 1617 alias
1114 1554 1356 1617 litteras
1405 1558 1645 1617 nostras
1693 1556 1992 1618 serenitas
2040 1560 2241 1620 vestra
2287 1558 2637 1638 recepisset,
2685 1557 3094 1631 continenteS,
3133 1556 3205 1617 ut

473 1644 693 1725 treuga
734 1644 867 1705 octo
911 1660 1212 1704 annorum
1264 1641 1338 1704 ob
1388 1641 1503 1704 hoe
1545 1642 1707 1705 inter
1754 1660 1860 1705 nos
1911 1646 1972 1705 et
2021 1647 2289 1706 vestram
2340 1645 2739 1707 serenitatem
2784 1644 3064 1707 ordinata
3106 1661 3206 1705 ex-

473 1730 709 1794 titisset
755 1733 818 1792 et
866 1730 1130 1806 firmata,
1184 1733 1254 1792 ut
1303 1730 1436 1810 ipso
1482 1732 1757 1811 tempore
1807 1731 1999 1811 ipsius
2048 1733 2262 1814 treuge
2327 1751 2442 1813 pax
2504 1733 2799 1813 perpetua
2847 1734 3052 1813 posset
3099 1730 3202 1793 fir-

471 1819 626 1882 mari
675 1820 738 1880 et
786 1817 1054 1880 ordinari
1103 1817 1244 1879 hinc
1293 1816 1454 1893 inde,
1506 1819 1568 1880 et
1610 1817 1765 1899 quod
1816 1837 1922 1898 per
1970 1822 2116 1882 tunc
2175 1819 2436 1883 instanti
2502 1824 2775 1900 tempore
2830 1819 2907 1882 ad
2956 1837 3205 1900 presen-

474 1907 628 1969 tiam
676 1910 953 1968 nostram
1005 1905 1191 1967 vestri
1224 1904 1678 1967 ambaxiatores
1706 1907 1954 1968 mittere
1986 1909 2272 1988 possetiS,
2323 1911 2386 1971 et
2431 1906 2622 1970 etiam
2656 1925 2764 1970 nos
2812 1907 2888 1970 ad
2937 1908 3206 1971 vestram

470 1991 896 2060 excellentiam
946 2011 1265 2072 possemus
1312 1992 1636 2056 destinare.
1688 1992 1768 2055 Et
1816 1993 1933 2056 nisi
1982 1994 2291 2076 epidemia
2338 2015 2446 2058 seu
2491 1995 2840 2058 mortalitas
2911 1994 3194 2076 gentium

468 2081 678 2144 divina
725 2082 1129 2162 castigatione
1178 2078 1432 2142 feriente
1480 2080 1541 2142 in
1585 2081 1868 2161 partibus
1917 2084 2085 2163 regni
2121 2083 2312 2146 nostri
2342 2083 2659 2165 Hungarie
2708 2082 3027 2164 viguisset,
3078 2098 3198 2162 qua

472 2169 711 2232 ratione
753 2169 916 2232 cives
964 2168 1152 2231 vestri
1200 2167 1558 2230 timuissent
1604 2167 1808 2231 venire
1853 2168 1928 2231 ad
1979 2171 2128 2233 istas
2177 2174 2418 2252 parteS,
2487 2171 2832 2252 solempnes
2882 2169 3201 2232 ambaria-

472 2260 637 2321 tores
687 2258 923 2319 vestros
970 2255 1049 2318 ad
1096 2273 1204 2318 nos
1254 2254 1602 2332 misissetis,
1654 2254 1764 2319 Set
1809 2259 2123 2337 quamcito
2173 2262 2463 2337 cessaret,
2513 2277 2612 2321 eos
2657 2258 2732 2320 ad
2763 2257 3194 2321 excellentiam

470 2346 741 2408 nostram
792 2343 1107 2407 occasione
1153 2343 1459 2406 tractandi
1524 2362 1700 2407 omne
1752 2345 1980 2407 bonum
2049 2346 2217 2427 pacis
2258 2348 2321 2409 et
2382 2347 2609 2409 amoris
2657 2364 2729 2408 ac
2776 2344 3197 2409 benevolentie

473 2437 765 2514 perpetue
808 2430 1172 2495 firmitatem
1222 2430 1750 2508 transmitteretiS,
1804 2433 2136 2496 dummodo
2184 2434 2389 2497 divina
2434 2434 2736 2514 patientia
2805 2452 2986 2496 snum
3036 2431 3194 2495 iudi-

469 2538 604 2583 cem
650 2517 1007 2602 mitigasset
1053 2520 1111 2581 in
1161 2518 1443 2599 partibus
1495 2518 1666 2601 regni
1722 2521 1955 2597 nostri,
2005 2525 2065 2583 et
2113 2520 2273 2602 quod
2337 2539 2445 2601 per
2507 2523 2749 2584 nostras
2815 2520 3057 2583 litteras
3107 2537 3198 2582 re-

469 2607 790 2690 sponsivas
839 2608 1086 2688 tempus
1129 2609 1191 2670 et
1237 2605 1479 2682 locum,
1544 2606 1607 2670 in
1667 2625 1784 2688 quo
1851 2610 1916 2671 et
1976 2608 2052 2670 ad
2101 2627 2282 2690 quem
2346 2609 2773 2671 ambaxatores
2835 2607 3028 2671 vestri
3075 2605 3202 2669 sint

472 2695 798 2772 accessuri,
849 2699 1053 2758 vestre
1100 2694 1484 2758 declaremus
1519 2696 1838 2757 serenitati
1869 2698 1984 2772 etc,
2035 2697 2217 2776 prout
2262 2697 2323 2758 in
2373 2696 2663 2777 predictis
2707 2695 2935 2758 litteris
2970 2694 3192 2757 vestris

468 2784 708 2866 plenius
756 2785 819 2846 et
855 2782 1167 2847 distintim
1218 2782 1665 2845 continebatur.
1737 2781 1835 2845 Ad
1883 2801 2147 2864 quarum
2210 2787 2499 2847 contenta
2562 2785 2765 2852 vestre
2833 2782 3193 2846 excellentie

468 2871 677 2936 taliter
722 2870 1009 2933 duximus
1056 2869 1569 2951 respondendum,
1612 2869 1772 2951 quod
1822 2870 2029 2934 divina
2075 2871 2480 2952 dispositione
2522 2873 2830 2934 annuente
2894 2869 3199 2952 epidemia

467 2978 575 3023 seu
619 2977 796 3022 casus
845 2957 1242 3021 mortalitatis
1294 2957 1355 3019 in
1403 2975 1592 3039 regno
1643 2958 1848 3021 nostro
1897 2961 2182 3036 cessavit,
2228 2964 2292 3022 et
2337 2978 2447 3040 per
2472 2977 2633 3022 nunc
2678 2958 2879 3022 incole
2926 2957 3200 3022 eiusdem

470 3047 647 3130 regni
694 3044 911 3121 nostri,
963 3045 1249 3108 videlicet
1294 3044 1718 3120 Transilvani,
1767 3045 1943 3109 nobis
1991 3046 2310 3111 humiliter
2357 3050 2422 3110 et
2466 3047 2684 3111 devote
2748 3046 3198 3129 supplicarunt,

468 3137 537 3198 ut
577 3133 656 3196 ad
704 3151 808 3198 eos
854 3151 1033 3196 cansa
1084 3133 1459 3196 visitationis
1524 3134 1807 3196 accedere
1872 3133 2305 3216 dignaremur,
2355 3136 2576 3216 quibus
2640 3136 2914 3216 ipsorum
2959 3151 3191 3215 preceS,

467 3223 605 3285 tum
651 3223 903 3303 propter
950 3221 1369 3284 visitationem
1416 3219 1677 3301 predicti
1726 3222 1896 3302 regni
1947 3224 2162 3299 nostri,
2214 3224 2272 3286 in
2323 3242 2441 3304 quo
2488 3241 2524 3286 a
2570 3222 2852 3304 pluribus
2915 3219 3201 3284 retractis

466 3308 854 3391 temporibus
900 3327 1019 3371 non
1068 3309 1407 3384 extitimus,
1456 3310 1589 3372 tum
1638 3309 1827 3371 etiam
1879 3310 2246 3391 quibusdam
2297 3311 2435 3374 aliis
2484 3309 2950 3373 rationabilibus
2997 3308 3197 3370 causis

466 3395 1016 3460 intervenientibus
1065 3396 1125 3460 in
1174 3397 1288 3458 hac
1337 3399 1511 3477 parte
1561 3414 1677 3459 non
1728 3396 2040 3476 potuimus
2089 3398 2407 3480 denegare,
2452 3401 2517 3460 et
2563 3398 2623 3460 in
2671 3397 2790 3460 hiis
2849 3396 2977 3458 iam
3025 3394 3195 3457 aliud

466 3484 664 3548 facere
712 3483 1035 3566 nequimus
1084 3503 1155 3546 ex
1203 3483 1405 3546 causis
1454 3484 1792 3564 prelibatis.
1846 3481 1963 3548 Sed
2015 3486 2518 3566 quamprimum
2566 3484 2641 3547 de
2689 3484 2819 3564 ipso
2866 3499 3052 3564 regno
3086 3499 3195 3544 no-

466 3577 619 3650 stro,
666 3572 771 3635 ubi
820 3573 1103 3652 respectu
1152 3570 1597 3652 premissorum
1645 3571 1890 3635 tardam
1940 3591 2176 3635 moram
2225 3573 2426 3636 facere
2473 3590 2590 3635 non
2639 3569 3037 3647 intendimus,
3088 3568 3196 3634 do-

467 3662 632 3725 mino
682 3659 1049 3724 concedente
1099 3663 1500 3737 revertemur,
1551 3659 1721 3723 vobis
1759 3678 1869 3740 per
1907 3659 2120 3724 literas
2166 3663 2407 3723 nostras
2455 3662 2699 3741 tempus
2747 3661 2810 3722 et
2857 3659 3084 3735 locum,
3133 3656 3197 3720 in

466 3767 582 3831 quo
632 3751 694 3813 et
739 3747 814 3811 ad
863 3766 1042 3828 quern
1089 3747 1541 3810 ambaxiatores
1588 3748 1798 3822 vestri,
1851 3765 2001 3829 quos
2048 3746 2268 3811 libenti
2315 3748 2521 3811 animo
2564 3751 2626 3811 et
2672 3748 2992 3829 gratanter
3039 3744 3197 3810 reci-

466 3839 725 3919 piemuS,
777 3837 900 3898 sint
947 3835 1286 3909 accessuri,
1337 3836 1400 3896 et
1455 3834 1529 3896 de
1578 3835 1925 3898 firmatione
1976 3835 2245 3915 predicte
2293 3835 2458 3917 pacis
2525 3854 2643 3898 nna
2704 3836 3022 3898 nobiscum
3069 3838 3197 3897 tra-

469 3924 697 3989 ctaturi
764 3923 1149 3987 studebimus
1214 3923 1543 3996 declarare,
1593 3923 1737 4004 quia
1784 3922 1999 3985 libenti
2049 3925 2254 3986 animo
2283 3924 2580 4001 volumuS,
2632 3925 2701 3986 ut
2747 3923 3002 3987 durante
3030 3924 3197 3988 dicta

467 4014 685 4095 treuga
733 4012 1021 4092 perpetua
1070 4017 1131 4073 et
1174 4029 1324 4091 pura
1368 4028 1483 4091 pax
1532 4010 1689 4073 inter
1736 4029 1844 4074 nos
1913 4010 2108 4091 possit
2168 4011 2436 4075 ordinari
2499 4013 2562 4075 et
2623 4011 2889 4075 stabiliri
2955 4015 3199 4078 domino

464 4099 850 4164 concedente.
901 4099 1130 4162 Datum
1180 4099 1239 4160 in
1288 4095 1612 4182 P(R)okus
1647 4100 1789 4163 *loco
1843 4097 2178 4161 venationis
2225 4102 2432 4164 nostre
2479 4099 2570 4163 XI
2619 4100 2722 4185 die,
2781 4103 3010 4167 mensis
3054 4102 3190 4167 iulii

496 4291 497 4294 ’
559 4189 1125 4336 Οοηζηιεπιονὶαῑίαηι
1156 4275 1270 4336 IV.
1324 4279 1467 4345 151,
1514 4295 1554 4334 u
1596 4278 1936 4336 mletaekom
1981 4279 2212 4338 arkivu.

852 4447 1137 4531 ccxl.
1211 4448 1415 4530 sou.
1471 4449 1701 4530 1349.
1759 4450 1855 4532 13
1909 4452 2236 4552 srpnja,
2291 4474 2351 4532 u
2405 4452 2797 4533 anetem.

681 4576 969 4649 Opq-osten
1008 4576 1329 4635 Justtnian
1372 4575 1727 4635 Justiniano
1774 4576 1850 4634 od
1878 4578 2258 4649 poscanietva
2306 4580 2343 4636 k
2389 4580 2713 4652 aqam—hav.
2761 4580 2980 4651 kralju.

684 4680 868 4745 1349.
920 4682 1015 4745 die
1060 4680 1215 4742 XIII
1257 4678 1412 4755 iulii,
1462 4681 1676 4760 capta:
1727 4678 1874 4761 quia
1934 4698 2032 4743 ser
2075 4679 2469 4744 Justinianus
2515 4681 2902 4758 Justiniano,
2951 4682 3184 4745 electus

466 4770 828 4837 ambaxator
874 4771 950 4833 ad
995 4768 1315 4832 dominum
1362 4784 1569 4849 regem
1619 4766 1954 4849 Hungarie,
2004 4769 2257 4832 excusat
2302 4786 2367 4832 se
2414 4771 2663 4851 propter
2687 4768 3016 4834 deffectum
3048 4789 3190 4852 per-
