3620 5282
3009 374 3138 442 223

409 547 535 611 illis
580 566 690 648 pro
737 547 1034 697 veni20ndo
1080 549 1153 612 ad
1202 549 1407 630 partes
1456 547 1775 620 Sclavonie
1845 548 2170 630 predictas.
2243 549 2335 612 De
2405 549 2580 631 parte
2626 547 2730 627 28,
2790 549 2865 612 de
2909 568 3026 613 non
3074 551 3134 628 2,

411 652 526 699 non
576 653 798 698 sinceri
846 638 905 698 ⁴.

494 742 675 801 Misit·
724 738 1046 801 XXXIX.
1100 744 1243 812 146,
1292 760 1332 801 u
1379 743 1532 803 mlet.
1583 744 1817 803 arlo-ivn.

739 928 1211 1010 CCCXVII.
1268 929 1475 1012 God.
1528 930 1753 1013 1385.
1808 929 1910 1012 22
1963 932 2247 1032 rujnu,
2300 952 2361 1012 u
2413 930 2802 1013 Mletcih.

619 1067 733 1133 Ser
778 1070 976 1134 Paulo
1023 1051 1351 1136 Contarino
1395 1071 1460 1134 et
1506 1089 1605 1134 ser
1652 1070 1862 1136 Marco
1908 1072 1983 1136 de
2032 1072 2241 1135 Musto
2273 1072 2648 1148 conceditur,
2689 1071 2846 1152 quod
2884 1090 3137 1154 pannos,

415 1156 647 1221 missos
687 1158 767 1221 ad
814 1159 1026 1239 partes
1069 1156 1319 1234 Jadrae,
1367 1159 1606 1240 possint
1648 1157 1844 1222 libere
1889 1162 1953 1223 et
1996 1159 2128 1223 sine
2177 1159 2302 1222 alia
2333 1159 2640 1223 solutione
2672 1159 2830 1223 dacii
2877 1160 3133 1223 conduci

414 1243 614 1308 facere
656 1244 972 1324 Venetias,
1016 1245 1071 1308 si
1113 1263 1225 1327 pro
1266 1245 1427 1327 ipsis
1472 1245 1721 1309 dacium
1761 1244 1896 1328 jam
1942 1246 2290 1311 solvissent.

499 1351 680 1412 Misti
728 1351 869 1412 XL.
919 1354 979 1428 3,
1026 1370 1069 1412 u
1113 1354 1271 1413 mlet.
1320 1353 1550 1412 arkivu.

730 1537 1242 1622 CCCXVIII.
1298 1540 1507 1623 God.
1559 1538 1787 1622 1385.
1840 1538 1941 1621 23
1995 1541 2282 1641 rujna,
2317 1561 2378 1621 u
2430 1540 2824 1623 Mleteih.

412 1681 717 1742 Poslanici
762 1684 1133 1759 bosamkoqa
1172 1685 1376 1758 lev-ava
1419 1683 1725 1757 inpladuju
1770 1685 1902 1742 dvie
1938 1685 2141 1762 ραῑϋε,
2189 1684 2526 1756 ustupzjene
2570 1685 2786 1743 istomu
2832 1686 3035 1758 krabu
3067 1686 3143 1744 od

410 1769 565 1829 nolet.
610 1770 800 1830 vlade.
856 1770 1038 1831 Glede
1070 1773 1236 1845 paleo
1281 1769 1444 1845 duqa
1490 1772 1759 1844 krazjeva
1807 1789 2062 1844 napram
2109 1771 2322 1830 Nikozi
2347 1767 2597 1844 Baseju,
2623 1772 2955 1850 odredjem,
2987 1775 3142 1832 nelca

1145 1860 1202 1918 si
1245 1861 1405 1932 svoje
1445 1877 1635 1932 pravo
1669 1877 1754 1933 po
1797 1859 2056 1919 zakonih
2091 1859 2392 1931 inpoezuje.

622 1974 810 2044 1385.
838 1978 1173 2044 indictione
1195 1977 1308 2054 IX,
1334 1978 1434 2042 die
1460 1978 1544 2041 23
1569 1978 1960 2061 septembris.
1988 1978 2306 2054 DominuS,
2333 1977 2686 2046 consiliarii.
2718 1980 2922 2060 capita
2953 1981 3018 2043 et
3040 1997 3142 2043 sa-

413 2061 651 2144 pientes
681 2065 925 2129 consilii
954 2068 1020 2130 et
1044 2066 1353 2147 sapientes
1375 2065 1660 2129 ordinum
1686 2067 1960 2147 exceptis
1985 2084 2083 2129 ser
2112 2065 2421 2128 Bernardo
2447 2064 2743 2130 Marcello
2767 2069 2831 2129 et
2856 2085 2954 2129 ser
2981 2068 3142 2131 Pan-

417 2149 578 2214 taleo
620 2151 965 2217 Iustiniano
1019 2153 1410 2217 consiliariis.
1458 2150 1690 2233 Capta:
1740 2154 1900 2234 quod
1948 2171 2056 2235 pro
2102 2151 2300 2215 dando
2344 2153 2793 2233 expeditionem
2836 2152 2976 2217 istis
3009 2171 3143 2217 am-

416 2235 810 2308 baxatotibus
835 2241 1067 2304 domini
1093 2241 1257 2322 regis
1282 2241 1538 2305 Bossine
1563 2259 1673 2322 pro
1696 2240 1920 2304 honore
1952 2240 2143 2303 nostri
2169 2238 2422 2303 dominii
2466 2239 2541 2302 de
2574 2239 2954 2319 differentiis,
2989 2258 3140 2322 quas

416 2323 649 2389 habent
690 2345 830 2391 cum
878 2345 976 2391 ser
1021 2326 1279 2393 Nicolao
1323 2328 1566 2405 Baseio,
1609 2327 1945 2404 ordinetur,
1989 2327 2147 2409 quod
2177 2329 2496 2408 postquam
2525 2324 2676 2390 dicti
2709 2328 3140 2396 ambaxatores

414 2410 915 2492 depositaverunt
975 2416 1133 2497 apud
1206 2418 1497 2497 patronos
1543 2417 1869 2479 arsenatus
1907 2432 2120 2478 omnes
2171 2413 2452 2477 denarios
2499 2432 2605 2494 pro
2653 2414 2935 2496 expensis
2959 2414 3144 2478 factis
3227 2465 3228 2474 ,

414 2515 522 2578 per
568 2517 667 2562 ser
712 2499 1041 2566 Nicolaum
1091 2502 1309 2567 Baseio
1356 2503 1668 2567 occasione
1714 2500 1976 2566 duarum
2013 2501 2332 2585 galearum
2380 2499 2611 2563 domini
2651 2501 2815 2583 regis
2856 2502 3144 2584 predicti,

414 2602 529 2666 que
591 2589 743 2653 sunt
783 2589 847 2652 in
894 2591 1105 2654 nostro
1165 2593 1473 2665 arsenatu,
1539 2590 1698 2672 quod
1758 2589 1998 2654 dicatur
2054 2588 2236 2653 dictis
2284 2589 2807 2667 ambaxatoribus,
2855 2588 3016 2672 quod
3061 2588 3138 2652 de

415 2672 597 2738 dictis
645 2676 883 2740 duabus
929 2676 1122 2759 galeis
1170 2678 1235 2742 et
1277 2679 1543 2742 coi-redis
1591 2677 1721 2741 suis
1766 2676 2056 2741 dominus
2103 2695 2208 2740 rex
2243 2678 2449 2757 potest
2491 2675 2773 2741 ordinare
2802 2681 2867 2740 et
2912 2675 3137 2754 facere,

414 2761 486 2824 ut
521 2761 643 2826 sibi
688 2762 909 2845 placet,
957 2764 1102 2846 quia
1145 2767 1293 2828 suut
1337 2766 1417 2828 ad
1491 2782 1670 2828 omne
1747 2763 2206 2846 beneplacitum
2255 2767 2318 2825 et
2366 2763 2723 2827 mandatum
2788 2761 2989 2828 su'um.
3041 2766 3134 2829 De

415 2846 557 2913 aliis
608 2869 748 2916 vero
796 2851 1178 2928 differentiis,
1243 2870 1393 2934 quas
1454 2869 1554 2915 ser
1600 2850 1898 2915 Nicolaus
1962 2851 2179 2915 Baseio
2240 2850 2430 2914 habet
2484 2868 2626 2913 cum
2688 2850 2850 2915 dicto
2896 2852 3142 2915 domino

413 2954 578 3018 rege,
627 2938 759 3020 ipse
804 2957 905 3003 ser
968 2937 1261 3003 Nicolaus
1322 2940 1536 3003 utatur
1598 2939 1730 3001 iure
1798 2956 1925 3015 suo,
1977 2942 2049 3003 ut
2093 2937 2209 3001 sibi
2256 2938 2478 3018 placet,
2518 2937 2663 3019 quia
2706 2955 2824 3001 non
2871 2938 3143 3002 intendi-

416 3041 572 3102 mus,
648 3028 807 3108 quod
882 3026 1016 3108 ipse
1061 3026 1180 3090 due
1225 3026 1401 3109 galee
1468 3044 1581 3090 nec
1626 3025 1878 3089 correda
1944 3043 2159 3089 earum
2229 3028 2554 3106 propterea
2629 3027 2799 3089 stent
2858 3025 3144 3106 impediti

415 3109 544 3174 ullo
594 3112 776 3177 modo
820 3131 928 3196 pro
974 3114 1203 3179 honore
1253 3115 1445 3178 nostri
1484 3111 1762 3177 dominii.
1814 3112 1918 3191 64,
1967 3112 2041 3176 de
2090 3130 2204 3176 non
2260 3110 2356 3189 18,
2404 3128 2521 3175 non
2567 3110 2796 3175 sinceri
2844 3112 2949 3175 29.

505 3218 686 3279 Misce
733 3220 1053 3281 XXXIX.
1106 3224 1253 3293 152,
1298 3239 1341 3281 u
1384 3222 1541 3281 mlet.
1585 3222 1822 3303 arkivu.

785 3425 1221 3509 CCCXIX.
1275 3424 1483 3507 God.
1537 3423 1757 3508 1385.
1812 3420 1907 3506 27
1960 3424 2242 3525 ruina,
2294 3445 2353 3505 u
2409 3425 2798 3508 Mletcih.

433 3567 701 3643 Upubm‘e
744 3586 806 3629 se
842 3544 1128 3643 poslanik
1187 3569 1463 3628 mletadki
1505 3568 1607 3641 pri
1649 3567 2029 3639 napuljskom
2103 3567 2310 3644 dvorte,
2358 3567 2447 3626 §to
2492 3568 2573 3626 da
2617 3569 2757 3627 radi
2800 3588 2843 3628 u
2878 3572 3142 3643 poviere-

418 3673 555 3715 nom
600 3675 702 3717 mu
743 3653 921 3732 poslu
966 3655 1309 3734 u‘slueaju,
1358 3657 1470 3714 ako
1513 3656 1572 3726 βε
1614 3655 1778 3727 Icralj
1829 3654 2019 3712 Karlo
2064 3654 2119 3712 iz
2157 3654 2485 3727 kralq'evine
2519 3656 2726 3724 otisao,
2759 3657 2827 3715 ili
2857 3660 2969 3718 ako
3000 3662 3141 3733 nido.

637 3778 825 3844 1385.
876 3777 1210 3841 indictione
1265 3793 1440 3847 nona,
1484 3774 1584 3838 die
1631 3772 1930 3856 vigesimo
1991 3774 2256 3856 septimo
2319 3775 2544 3838 mensis
2594 3776 2986 3857 septembris,
3035 3776 3149 3841 Ser

424 3865 776 3931 Leonardus
824 3865 1133 3945 Dandulo,
1181 3883 1279 3927 ser
1324 3862 1639 3928 Johannes
1684 3860 2048 3939 Gradenico,
2097 3880 2196 3925 ser
2239 3861 2574 3925 Lcdovicus
2618 3863 2979 3927 Lauredano
3011 3882 3149 3945 pro-

425 3955 699 4034 curator,
739 3974 838 4019 ser
883 3953 1163 4017 Donatus
1210 3950 1437 4020 Truno,
1460 3949 1793 4031 sapientes.
1844 3947 2041 4030 Capta
2086 3949 2148 4012 in
2192 3949 2452 4031 collegio
2496 3952 2561 4012 et
2609 3950 2668 4012 in
2717 3949 3033 4014 additione
3066 3952 3144 4014 de

426 4040 667 4120 viginti,
716 4042 774 4106 ei
821 4044 984 4106 data.
1035 4037 1209 4118 Quod
1256 4038 1561 4102 scribatur
1616 4035 1881 4099 Nicolao
1923 4037 1996 4100 de
2042 4034 2315 4101 Gerardo
2364 4035 2603 4100 notario
2645 4039 2854 4101 nostro
2901 4039 2957 4101 in
3009 4056 3148 4117 par-

423 4126 591 4191 tibus
637 4129 930 4211 Neapolis
978 4129 1039 4191 in
1088 4127 1201 4191 hac
1247 4124 1462 4189 forma.
1513 4122 1782 4199 Nicolae,
1832 4124 2174 4204 recepimus
2220 4122 2433 4187 literas
2481 4125 2617 4187 tuas
2664 4127 2726 4185 et
2776 4124 2987 4188 brevia
3035 4127 3148 4188 tua

421 4214 564 4280 data
609 4216 871 4299 Neapoli
919 4216 1017 4279 die
1065 4212 1243 4278 XXV
1291 4211 1522 4277 mensis
1567 4210 1838 4293 augusti,
1888 4216 1950 4273 et
2001 4210 2217 4274 ultimo
2250 4211 2429 4274 datas
2460 4210 2558 4274 die
2592 4211 2809 4292 primo,
2854 4213 3149 4287 secundo,

423 4303 656 4384 quinto,
724 4303 1010 4386 septimo,
1074 4305 1287 4367 octavo
1332 4301 1397 4363 et
1441 4314 1600 4362 nono
1648 4299 1879 4361 mensis
1941 4297 2244 4378 presentis
2296 4296 2691 4380 septembriS,
2738 4298 2960 4378 quibus
3014 4297 3149 4379 ple-

423 4392 675 4457 nissime
739 4391 1096 4467 intellectis,
1144 4408 1252 4471 per
1297 4405 1409 4452 nos
1457 4388 1522 4449 et
1585 4388 1866 4448 nostrum
1915 4384 2242 4448 consilium
2289 4403 2431 4448 cum
2480 4384 2792 4449 additione
2839 4385 2957 4448 tibi
3005 4404 3146 4467 pre·

419 4479 698 4543 sentibus
747 4477 1206 4561 respondemu8‚
1256 4476 1412 4558 quod
1461 4474 1509 4538 si
1559 4472 1844 4536 domiuus
1885 4491 1985 4536 rex
2032 4470 2300 4535 Karolus
2346 4471 2603 4535 recessit
2636 4470 2710 4535 de
2761 4474 2889 4535 toto
2929 4490 3153 4553 regno,

422 4566 585 4632 sicut
630 4566 693 4630 in
740 4568 865 4631 tuis
912 4565 1112 4629 literis
1150 4563 1516 4640 continetur,
1563 4561 1627 4625 et
1673 4579 1791 4624 non
1844 4558 2086 4621 dimisit
2132 4558 2484 4621 libertatem
2517 4558 2701 4623 alicui
2751 4577 2932 4639 super
2963 4560 3146 4622 factis

417 4654 535 4720 tibi
594 4654 946 4719 commissis
1007 4670 1116 4734 per
1185 4669 1315 4728 noS,
1362 4651 1453 4714 ita
1498 4647 1657 4732 quod
1707 4665 1824 4710 non
1870 4645 2075 4709 videas
2142 4645 2387 4707 modum
2458 4644 2744 4726 possendi
2792 4645 2919 4708 ullo
2972 4644 3149 4709 modo

360 4726 367 4737 ’
416 4741 694 4807 obtinere
744 4743 1020 4806 nostram
1068 4738 1491 4815 intentionem,
1540 4735 1765 4798 debeas
1812 4732 2010 4796 redire
2058 4731 2368 4795 Venetias.
2413 4728 2476 4793 Si
2529 4749 2669 4794 vero
2717 4731 3003 4795 domiuus
3038 4749 3143 4794 rex
