3620 5282
466 337 543 401 18

459 512 802 578 intencione
852 512 1205 596 acquirendi
1251 514 1594 580 dominium
1655 518 1719 578 et
1774 514 2149 596 corporalem
2210 514 2659 596 possessionem
2708 516 2871 580 terre
2898 564 2914 591 ,
2977 514 3178 580 insule

460 603 523 666 et
569 600 765 666 tocius
812 602 1126 667 districtus
1171 603 1349 687 Pagi.
1396 604 1654 684 Insuper
1710 602 1859 666 dicti
1927 601 2164 666 iudices
2213 605 2277 666 et
2322 602 2543 667 sindici
2604 602 2947 667 communis
2995 603 3177 687 Pagi,

460 691 523 754 et
568 708 778 754 omnes
826 690 933 753 alii
982 691 1315 755 existentes
1358 691 1421 755 in
1464 691 1741 773 predicto
1788 690 2044 754 consilio
2106 709 2217 772 pro
2265 710 2329 755 se
2376 691 2529 773 ipsis
2591 694 2654 755 et
2715 692 3176 755 successoribus

459 776 587 842 suis
636 777 994 842 iuraverunt
1038 780 1439 862 corporaliter
1486 780 1566 842 ad
1612 797 1791 842 sacra
1836 779 1932 842 dei
1983 780 2305 861 evangelia
2348 779 2531 843 tactis
2577 779 2899 862 scripturis
2948 778 3178 843 eisdem

460 867 523 930 et
572 885 781 931 eorum
836 866 1089 930 cuilibet
1136 868 1394 950 prestito
1440 867 1783 932 iuramento
1831 868 1984 948 ipsis
2034 868 2342 931 nobilibus
2405 867 2554 931 viris
2600 867 2929 931 Francisco
2980 868 3176 932 Dente

460 959 523 1018 et
567 954 801 1018 Thome
848 955 1066 1034 Miani,
1117 957 1367 1020 sindicis
1414 954 1853 1038 recipientibus
1896 955 2079 1019 dictis
2127 956 2494 1031 nominibuS,
2542 957 2697 1037 quod
2734 955 2943 1019 fideles
2990 960 3174 1020 erunt

458 1044 522 1105 et
566 1043 917 1107 obedientes
964 1042 1201 1126 prefato
1248 1044 1481 1108 illustri
1528 1043 1777 1107 domino
1827 1044 2070 1109 domino
2117 1043 2256 1107 duci
2304 1045 2367 1107 et
2413 1042 2544 1107 eius
2571 1044 3023 1108 successoribus
3058 1044 3171 1107 du·

459 1130 631 1195 cibus
679 1132 742 1195 et
783 1133 1093 1195 communi
1143 1132 1546 1197 Veneciarum
1595 1149 1924 1213 eorumque
1988 1131 2328 1196 rectoribus
2391 1130 2712 1196 mittendis
2775 1132 2938 1197 dicte
2985 1134 3175 1210 terre,

458 1217 658 1283 insule
705 1222 770 1282 et
812 1217 1124 1283 districtui
1172 1221 1326 1303 Pagi
1374 1239 1483 1303 per
1528 1219 1812 1284 ducalem
1844 1218 2185 1283 dominium
2219 1219 2623 1284 Veneciarum
2675 1224 2888 1284 contra
2926 1238 3175 1284 omnem

459 1307 771 1371 hominem
820 1310 885 1371 et
930 1308 1432 1383 universitatem,
1497 1311 1559 1371 et
1606 1309 1764 1390 quod
1829 1326 2138 1389 nunquam
2205 1311 2387 1372 erunt
2434 1308 2493 1371 in
2540 1306 2706 1372 facto
2754 1309 2849 1372 vel
2896 1308 3176 1384 consilio,

460 1413 532 1457 ex
578 1414 695 1478 quo
741 1396 943 1459 status
991 1396 1228 1460 ducalis
1274 1394 1733 1479 magnificencie
1781 1398 1845 1459 et
1885 1395 2232 1460 communis
2257 1396 2665 1459 Veneciarum
2714 1397 2777 1461 in
2820 1396 3024 1477 aliquo
3062 1396 3179 1459 mi-

460 1487 702 1560 nuatur,
749 1483 844 1547 vel
892 1485 1050 1564 quod
1097 1483 1366 1566 aliquem
1409 1483 1700 1548 honorem
1770 1484 1865 1548 vel
1926 1483 2261 1566 regaliam,
2311 1502 2492 1565 quem
2541 1484 2637 1547 vel
2687 1504 2802 1565 que
2848 1484 2981 1567 ipse
3031 1484 3178 1547 illu-

458 1571 604 1635 stris
654 1572 937 1635 dominus
981 1571 1258 1636 dominus
1306 1571 1425 1636 dux
1474 1574 1539 1636 et
1583 1590 1909 1636 commune
1960 1572 2362 1635 Veneciarum
2412 1572 2473 1634 in
2518 1571 2740 1648 insula,
2792 1574 2958 1636 terra
2991 1574 3055 1635 et
3084 1570 3181 1635 di-

457 1659 681 1723 strictu
729 1659 883 1741 Pagi
930 1659 1025 1723 vel
1073 1660 1223 1724 alibi
1270 1658 1477 1738 habet,
1518 1660 1579 1724 in
1623 1663 1808 1724 antea
1853 1660 2122 1736 habebit,
2156 1678 2535 1742 quocumque
2583 1660 2761 1723 modo
2794 1660 3047 1724 amittat
3077 1659 3176 1724 vel

459 1747 711 1830 perdeat
752 1747 814 1811 in
863 1750 990 1811 toto
1030 1748 1128 1812 vel
1175 1751 1384 1831 parte3
1453 1749 1515 1812 et
1562 1749 1612 1811 si
1655 1748 1904 1813 sciverit
1953 1749 2052 1813 vel
2105 1748 2411 1813 audiverit
2475 1747 2743 1829 aliquem
2795 1747 2892 1811 vel
2936 1747 3178 1829 aliquos

458 1837 671 1900 contra
716 1835 1022 1899 illustrem
1073 1839 1137 1900 et
1182 1836 1581 1920 magnificum
1629 1837 1947 1900 dominum
1996 1836 2212 1900 ducem
2263 1837 2511 1917 eiusque
2567 1854 2944 1900 successores
2990 1834 3178 1899 duces

458 1924 523 1988 et
568 1942 889 1988 commune
939 1923 1341 1989 Veneciarum
1389 1924 1716 2007 quicquam
1787 1924 1972 1989 vellet
2036 1925 2237 1989 facere
2292 1926 2355 1988 et
2401 1943 2610 1988 eorum
2673 1926 2907 1988 statum
2954 1926 3017 1987 et
3065 1924 3176 1988 ho-

469 2030 680 2076 norem
729 2012 791 2075 in
838 2012 1046 2093 aliquo
1094 2012 1451 2089 diminuere,
1515 2012 1664 2076 illud
1719 2031 1825 2093 pro
1874 2031 2081 2077 eorum
2149 2030 2326 2096 posse
2389 2012 2724 2093 impedient
2765 2014 2830 2076 et
2874 2010 3176 2095 impedire

469 2100 801 2174 curabunt3
851 2099 1011 2181 quod
1058 2101 1111 2163 si
1158 2100 1451 2183 impedire
1501 2101 1901 2183 nequiverint,
1952 2099 2106 2164 illud
2153 2120 2339 2183 quam
2387 2101 2507 2165 cito
2551 2101 2853 2181 poterunt,
2923 2099 3182 2165 manife-

468 2188 722 2252 stabunt
768 2189 832 2251 et
884 2188 1256 2252 nunciabant
1316 2188 1515 2253 eidem
1562 2188 1809 2252 domino
1874 2188 2016 2252 duci
2077 2192 2141 2252 et
2203 2189 2515 2253 communi
2564 2188 3006 2266 Veneciarum,
3072 2206 3181 2252 nec

470 2294 736 2357 unquam
781 2275 1007 2339 facient
1054 2278 1149 2341 vel
1192 2276 1323 2341 fieri
1362 2277 1793 2359 procurabunt,
1836 2277 1993 2360 quod
2042 2277 2120 2340 ad
2188 2277 2378 2360 ipsius
2433 2276 2695 2341 illustris
2759 2278 2823 2341 et
2882 2276 3184 2341 excellen—

471 2362 698 2427 tissimi
746 2363 976 2428 domiui
1018 2364 1249 2428 domini
1294 2364 1464 2429 ducis
1519 2367 1583 2429 et
1644 2383 2064 2429 successorum
2122 2384 2372 2429 suorum
2436 2364 2659 2430 ducum
2721 2367 2787 2429 et
2839 2365 3182 2429 communis

470 2450 877 2515 Veneciarum
915 2452 1222 2534 pertineat
1269 2453 1551 2517 iniuriam
1603 2452 1700 2516 vel
1743 2453 2067 2517 iacturam.
2130 2451 2246 2531 Qui
2294 2452 2525 2518 domini
2574 2452 2937 2518 Franciscus
2982 2452 3183 2517 Dente

471 2540 535 2604 et
578 2539 814 2603 Thoma
857 2540 1048 2604 Miani
1099 2539 1318 2604 sindici
1344 2540 1701 2624 supradicti,
1749 2542 2010 2623 receptis
2035 2540 2214 2605 dictis
2243 2540 2649 2605 sacramentis
2697 2545 2760 2605 et
2803 2541 3181 2618 iuramentiS,

470 2627 749 2694 clavibus
798 2627 1022 2712 palacii
1063 2628 1329 2712 ,predicti
1375 2648 1447 2693 ac
1492 2629 1710 2694 vexillo
1766 2629 1960 2730 ipsius
2025 2628 2406 2707 communia,
2470 2628 2812 2713 predictum
2859 2629 3178 2693 dominum

470 2716 779 2793 comitem,
829 2716 1061 2781 iudices
1107 2720 1174 2781 et
1219 2718 1486 2782 sindicos
1511 2720 1852 2782 communis
1880 2719 2034 2799 Pagi
2074 2719 2135 2781 et
2177 2718 2453 2783 homines
2486 2716 2791 2801 predictos
2824 2720 2894 2781 de
2927 2717 3182 2782 consilio

470 2805 631 2869 terre
680 2804 952 2888 predicte
999 2805 1229 2870 eisdem
1277 2805 1531 2871 sindicis
1573 2805 1915 2870 communis
1965 2806 2367 2870 Veneciarum
2417 2810 2481 2871 et
2527 2807 2585 2871 in
2642 2824 2848 2871 eorum
2899 2806 3183 2888 manibus

469 2892 859 2975 presentatiS,
904 2894 1113 2975 portas
1160 2893 1357 2976 ipsius
1403 2893 1627 2977 palacii
1690 2915 1832 2959 cum
1877 2894 2152 2958 clavibus
2216 2894 2545 2977 aperiendo
2607 2897 2670 2962 et
2735 2894 3073 2960 claudendo
3119 2896 3185 2958 et
3280 2947 3286 2952 .

470 3000 578 3064 per
626 2980 832 3063 ipsum
878 2982 1180 3062 palacium
1231 2981 1424 3046 eundo
1472 2985 1535 3046 et
1575 2984 1879 3047 redeundo
1926 2983 1989 3047 et
2049 2983 2173 3046 alia
2238 2982 2551 3062 faciendo,
2599 3002 2714 3066 que
2775 2984 3060 3066 spectant
3103 2983 3183 3046 ad

468 3068 991 3133 intromissionem
1056 3069 1392 3152 predictam
1442 3073 1506 3134 et
1550 3070 1996 3153 possessionem
2060 3071 2436 3154 corporalem
2499 3070 3067 3155 aprehendendam,
3117 3072 3181 3134 et

466 3175 575 3240 per
621 3156 812 3220 talem
862 3157 1109 3220 modum
1159 3177 1265 3222 seu
1330 3177 1438 3240 per
1506 3158 1694 3222 talem
1760 3158 2278 3223 intromissionem
2335 3159 2483 3224 dicti
2549 3159 2765 3224 sindici
2828 3159 3177 3223 nominibus

467 3243 800 3309 antedictis
846 3247 1121 3309 tenutam
1168 3248 1230 3309 et
1266 3247 1712 3326 possessionem
1774 3247 2161 3311 intraverunt
2220 3251 2283 3310 et
2343 3247 2833 3330 aprehenderunt
2892 3247 2966 3310 de
3011 3245 3180 3309 dicta

469 3337 652 3410 terra,
702 3332 903 3396 insula
950 3337 1011 3396 et
1053 3333 1338 3398 districtu
1384 3333 1562 3417 Pagi,
1626 3337 1690 3399 et
1735 3335 1809 3398 de
1857 3335 2141 3398 omnibus
2206 3336 2268 3397 et
2328 3335 2588 3417 singulis
2651 3333 2888 3397 iuribus
2935 3334 3178 3415 integre

470 3420 891 3503 spectantibus
935 3423 1000 3486 et
1035 3421 1485 3504 pertinentibus
1532 3423 1714 3486 dictis
1753 3426 1933 3498 terre,
1986 3422 2181 3486 insule
2229 3426 2291 3486 et
2332 3421 2676 3498 districtui,
2737 3421 2803 3484 et
2848 3421 3179 3502 possessio-

468 3527 609 3572 nem
671 3507 919 3572 fuerunt
985 3509 1361 3592 corporalem
1421 3510 1645 3592 adepti.
1716 3512 1946 3574 Actum
2010 3512 2106 3573 est
2163 3510 2276 3575 hoc
2321 3513 2383 3573 et
2427 3511 2740 3574 firmatum
2800 3527 3006 3573 coram
3053 3509 3176 3572 hiis

468 3597 701 3662 vocatis
749 3599 812 3661 et
855 3597 1092 3680 rogatis
1135 3598 1419 3674 testibuS,
1468 3598 1707 3662 scilicet
1753 3617 1852 3662 ser
1874 3597 2190 3661 Leonardo
2218 3598 2533 3661 Bonhomo
2566 3598 2638 3662 de
2671 3597 2976 3674 VeneciiS,
3013 3597 3178 3661 socio

471 3684 624 3749 dicti
673 3684 904 3748 domini
969 3686 1210 3749 comitis
1270 3689 1333 3750 et
1376 3685 1655 3753 Johanne
1701 3687 1772 3750 de
1835 3684 2118 3767 Opitina,
2183 3685 2414 3750 natario
2477 3685 2749 3751 eiusdem
2792 3684 3026 3749 domini
3074 3702 3176 3750 co-

466 3772 657 3851 mitia,
707 3776 771 3838 et
812 3772 970 3837 aliis,

676 3862 744 3925 L.
796 3861 859 3925 S.
912 3862 1046 3944 Ego
1096 3861 1347 3925 Blasius
1391 3859 1714 3926 Michaelis
1762 3860 2080 3938 Leouardi,
2135 3860 2442 3943 imperiali
2488 3862 2860 3927 auctoritate
2905 3861 3181 3927 notarius

466 3951 531 4013 et
576 3951 738 4014 terre
786 3949 938 4032 Pagi
986 3949 1405 4026 cancellarius,
1453 3947 1745 4031 predictis
1792 3949 2077 4013 omnibus
2124 3947 2376 4014 interfui
2425 3951 2714 4032 rogatuS,
2762 3952 2826 4014 et
2871 3949 2946 4015 de
2993 3969 3181 4014 man-

466 4037 611 4101 dato
658 4038 960 4101 dictorum
1011 4038 1242 4102 domini
1283 4036 1547 4114 comitis,
1590 4036 1888 4115 iudicum,
1939 4037 2179 4102 consilii
2225 4041 2289 4103 et
2335 4037 2713 4103 sindicorum
2745 4038 3174 4138 universitatis

467 4124 624 4208 Pagi
670 4124 885 4207 scripsi
931 4127 993 4189 et
1033 4125 1363 4207 publicavi,
1411 4128 1475 4190 et
1520 4124 1693 4208 signo
1742 4143 1879 4190 meo
1921 4129 1985 4190 et
2031 4125 2271 4191 nomine
2318 4126 2618 4191 roboravi.

551 4217 831 4276 Izvornik
875 4235 959 4275 na
1000 4217 1336 4290 pergameni
1378 4235 1423 4275 u
1467 4217 1804 4276 mletackom
1854 4219 2068 4276 arkivu
2115 4218 2197 4275 br.
2245 4221 2340 4276 59.
