3620 5282
504 378 592 444 90

711 556 905 621 Electi
953 556 1262 640 sapientes
1304 555 1639 621 secundum
1685 556 1952 622 formam
1983 555 2146 621 dicte
2188 556 2423 639 partis:
2472 574 2569 619 ser
2615 556 2837 621 Tomas
2862 554 3225 633 Gradonico‚

500 664 599 710 ser
646 644 1012 710 Benedictus
1061 644 1369 717 Cornario,
1414 663 1512 708 ser
1556 644 1839 710 Marinus
1886 644 2234 710 Gradonico
2273 664 2370 709 ser
2416 643 2742 710 Johannis.

712 731 945 816 Capta:
1012 732 1172 817 quod
1218 732 1524 810 dominuS,
1590 732 1926 797 consiliarii
1988 738 2050 797 et
2107 732 2313 815 capita
2377 731 2649 798 habeant
2708 732 3064 797 libertatem
3112 730 3226 796 eli-

500 819 686 904 gendi
726 820 1035 903 predictos
1082 822 1232 885 duos
1280 821 1584 902 sapientes
1632 840 1818 904 super
1862 821 2024 886 facto
2072 822 2258 885 Farre
2307 822 2370 885 et
2417 821 2636 886 Braze.

710 909 843 992 Ego
890 909 1202 975 Johannes
1249 909 1556 974 Misolano
1603 910 1856 974 Rubeus
1904 928 1986 972 m.
2025 928 2106 973 m.
2154 908 2515 992 subscripsi.
2559 911 2691 994 Ego
2733 906 3026 974 Nicolaus
3075 906 3222 972 Del-

503 998 623 1062 fino
672 1016 758 1060 m.
794 1016 876 1061 m.
924 1016 1008 1061 s8.
1058 997 1191 1079 Ego
1236 997 1646 1062 Francischus
1693 996 2045 1081 Gradonigo
2093 1017 2175 1062 m.
2221 1017 2306 1062 m.
2355 1016 2437 1061 ss,

595 1084 774 1148 Misti
823 1087 989 1148 XXI
1001 1088 1063 1149 V.
1108 1090 1211 1158 82,
1254 1107 1296 1147 u
1341 1089 1556 1148 arkivu
1598 1089 1954 1148 mletackom.

840 1276 1255 1359 CXXXV.
1330 1276 1535 1359 Gon.
1590 1278 1818 1359 1348.
1873 1277 1966 1360 12
2022 1279 2350 1381 srpnja‚
2403 1300 2462 1359 u
2516 1278 2907 1360 Mletcih.

503 1402 842 1477 Zapovicda
885 1420 947 1463 se
990 1405 1178 1462 knczu
1226 1405 1250 1461 i
1293 1404 1595 1477 kapetanu
1655 1405 2047 1464 zadarslcomu
2067 1449 2081 1473 ‚
2134 1404 2214 1462 da
2258 1405 2346 1464 s'to
2396 1405 2560 1478 prije
2630 1404 2862 1480 moyude
2921 1404 3221 1464 zadarsku

1568 1493 1845 1565 tvrcljavu
1898 1492 2175 1552 dokonca.

721 1613 906 1678 1348.
954 1613 1052 1678 die
1101 1613 1223 1677 XII
1283 1613 1437 1689 iulii,
1502 1617 1720 1697 capta:
1784 1614 1947 1698 quod
1995 1615 2069 1678 de
2130 1614 2400 1697 presenti
2463 1613 2751 1678 mittatur
2814 1633 2934 1678 una
2984 1613 3212 1679 barcha

504 1702 761 1767 Jadram
801 1721 939 1766 cum
988 1702 1214 1766 litteris
1263 1702 1487 1766 nostris
1534 1705 1741 1768 nostro
1786 1702 2002 1768 comiti
2049 1704 2112 1767 et
2158 1702 2476 1784 capitaneo
2507 1702 2715 1780 Jadre,
2766 1703 2863 1767 cui
2887 1700 3213 1778 scribatur,

512 1790 671 1872 quod
720 1808 857 1853 cum
906 1792 1117 1855 nostra
1164 1790 1431 1855 intencio
1478 1791 1580 1869 sit,
1628 1792 1699 1855 ut
1743 1792 2015 1856 castrum
2061 1790 2248 1856 Jadre
2293 1810 2432 1855 cum
2472 1790 2638 1855 omni
2684 1790 3008 1854 velocitate
3048 1807 3216 1854 com-

505 1878 748 1960 pleatur
795 1878 857 1941 in
906 1896 975 1943 eo
1022 1879 1181 1961 quod
1231 1880 1446 1955 restat,
1501 1881 1865 1944 mandamus
1914 1880 1988 1955 ei,
2041 1881 2338 1963 quatenus
2385 1879 2459 1942 de
2503 1878 2774 1961 presenti
2823 1898 2924 1959 per
2968 1896 3217 1960 presen-

503 1968 631 2030 tem
680 1966 972 2031 barcham
1018 1967 1194 2031 nobis
1244 1966 1506 2044 scribat,
1556 1967 1633 2031 ad
1679 1967 1861 2050 quale
1922 1970 2218 2050 punctum
2265 1969 2398 2044 est,
2462 1969 2526 2031 et
2570 1967 2854 2051 quicquid
2897 1966 3093 2030 restat
3136 1964 3216 2029 ad

504 2055 958 2137 complendum,
1008 2056 1073 2119 et
1117 2054 1276 2138 quod
1326 2054 1381 2118 si
1428 2056 1596 2119 caret
1656 2055 1975 2138 magistris
2035 2073 2144 2139 pro
2205 2055 2562 2138 complendo
2625 2054 2725 2134 id,
2775 2056 2929 2138 quod
3001 2056 3212 2129 restat,

499 2142 690 2207 faciat
733 2146 795 2205 et
840 2146 1124 2225 procuret
1184 2142 1350 2225 ipsos
1408 2143 1633 2207 habere
1696 2145 1827 2208 toto
1888 2162 1997 2209 suo
2057 2161 2236 2227 posse
2297 2144 2373 2207 ad
2431 2142 2867 2208 sufficienciam
2910 2141 2985 2207 de
3047 2141 3214 2205 omni

498 2232 673 2313 parte
723 2229 1061 2309 Sclavonie,
1112 2230 1270 2295 unde
1317 2232 1380 2294 et
1424 2231 1586 2295 sicut
1630 2230 1853 2296 melius
1877 2233 2122 2316 poterit,
2162 2251 2304 2297 cum
2352 2231 2610 2313 deipsis
2656 2231 2735 2295 ad
2765 2249 3017 2314 presens
3049 2228 3212 2294 male

499 2318 821 2384 subvenire
865 2337 1220 2402 possemus;
1272 2318 1589 2383 scribendo
1640 2319 1837 2398 nobiS‚
1883 2330 2029 2403 quot
2066 2321 2141 2385 ad
2202 2340 2451 2403 presens
2505 2321 2694 2384 habet
2741 2321 2806 2383 et
2847 2320 2996 2401 quot
3040 2317 3210 2382 inve-

497 2406 694 2481 nerit3
743 2408 932 2471 etiam
980 2406 1299 2472 scribendo
1336 2406 1535 2484 nobiS,
1578 2406 1631 2472 si
1675 2407 1947 2473 invenire
1991 2427 2108 2473 non
2157 2409 2384 2491 posset,
2428 2411 2577 2490 quot
2622 2408 2828 2472 essent
2850 2405 3211 2472 neccessarii

498 2494 575 2559 ad
620 2496 754 2573 hoc,
800 2497 870 2559 ut
914 2495 1248 2560 secundum
1295 2494 1457 2578 quod
1502 2515 1610 2578 per
1657 2514 1766 2561 nos
1827 2496 1957 2560 fieri
2023 2496 2281 2578 poterit,
2329 2496 2636 2579 provideri
2697 2494 2891 2579 possit
2943 2496 3016 2559 de
3062 2494 3214 2577 ipsis

497 2583 573 2649 de
619 2583 785 2648 omni
833 2586 1027 2667 parte,
1077 2583 1239 2650 sicut
1283 2583 1506 2649 melius
1552 2582 1813 2650 inveniri
1859 2586 2177 2668 poterunt,
2228 2603 2366 2650 cum
2415 2603 2712 2668 expense,
2761 2601 2911 2667 quas
2957 2602 3213 2668 supper·

498 2674 703 2737 tamus
749 2671 811 2737 iu
857 2671 1035 2737 factis
1079 2672 1286 2752 Jadre,
1334 2672 1571 2738 infinite
1617 2673 1760 2736 sint.

583 2764 764 2824 Misti
811 2759 985 2823 XXI
997 2765 1048 2824 V
1086 2767 1190 2844 83,
1226 2783 1269 2824 u
1311 2765 1651 2824 mletaclcom
1696 2765 1929 2824 arkivu.

830 2954 1294 3038 CXXXVI.
1351 2954 1556 3037 Gon.
1593 2955 1822 3038 1348.
1879 2955 1973 3040 15
2009 2959 2329 3059 Srpnja,
2382 2978 2441 3037 u
2496 2951 2888 3036 Mleteih.

511 3082 777 3156 Upuc‘uje
836 3100 898 3141 se
956 3083 1104 3142 knez
1150 3083 1428 3151 treviam,
1488 3083 1569 3140 da
1627 3083 1907 3229 otgaddva
1975 3083 2205 3159 Uyrina
2267 3084 2343 3143 od
2387 3085 2560 3157 njeqa
2623 3081 2926 3146 uhvacena
2970 3096 3052 3137 na
3096 3078 3208 3137 slo-

1711 3190 1743 3230 ο
1786 3189 1829 3229 u
1857 3173 2048 3244 pasti.

717 3288 901 3352 1348.
955 3288 1054 3354 die
1098 3289 1212 3354 XV
1259 3289 1415 3368 iulii,
1481 3292 1696 3373 capta:
1765 3310 1908 3355 cum
1954 3293 2230 3374 potestas
2293 3289 2554 3355 Tarvisii
2620 3288 2796 3354 nobis
2865 3286 3202 3369 scripserit,

502 3378 660 3461 quod
707 3377 1010 3461 sequendo
1058 3380 1334 3443 nostrum
1383 3381 1739 3444 mandatum
1776 3379 1931 3443 alias
1978 3379 2098 3443 sibi
2145 3378 2480 3455 traditum,
2545 3376 2796 3441 retineri
2859 3374 3006 3439 fecit
3050 3373 3202 3438 duos

499 3467 829 3548 Hungaros
878 3467 1267 3530 transeuntes
1314 3486 1422 3549 per
1468 3467 1786 3532 civitatem
1843 3466 2103 3531 Tervisii
2158 3486 2266 3549 pro
2317 3466 2638 3541 veniendo,
2691 3465 2759 3529 ut
2803 3463 3031 3540 dicunt,
3081 3462 3200 3525 Ve-

498 3555 704 3618 necias
750 3553 1217 3619 adfaciendum
1266 3556 1495 3619 certam
1551 3555 1916 3619 solutionem
1979 3554 2054 3618 de
2116 3555 2375 3636 quatuor
2435 3555 2680 3617 centnm
2730 3556 2793 3615 et
2853 3552 2902 3615 L
2948 3550 3202 3614 ducatos

505 3662 642 3707 cum
692 3642 948 3706 dimidio
995 3643 1374 3725 procuratori
1422 3643 1649 3707 domini
1702 3641 2035 3706 cardinalis
2083 3642 2532 3706 Ebredunensis
2594 3660 2702 3723 pro
2750 3642 2924 3724 parte
2969 3637 3199 3702 domini

496 3730 801 3796 Dominici
854 3729 1249 3795 Varadiensis
1313 3733 1386 3795 de
1430 3731 1783 3815 Hungaria:
1844 3729 2012 3796 vadit
2056 3749 2216 3814 parS,
2263 3731 2421 3813 quod
2465 3730 2678 3794 habita
2721 3727 3204 3796 consideratione

502 3819 565 3883 in
614 3838 858 3884 omnem
909 3821 1167 3903 partem,
1216 3820 1280 3883 et
1325 3820 1511 3884 etiam
1558 3820 1799 3884 attenta
1845 3836 2050 3897 causa,
2097 3838 2205 3901 pro
2250 3837 2369 3901 qua
2418 3818 2658 3882 veniunt
2701 3815 3018 3893 VeneciaS,
3052 3815 3199 3878 dicti

498 3907 784 3991 Hungari
832 3927 971 3972 cum
1020 3907 1200 3971 rebus
1242 3907 1370 3972 suis
1417 3907 1608 3971 libere
1655 3905 2032 3983 relaxentur3
2098 3908 2161 3971 et
2217 3906 2524 3971 scribatur
2584 3905 2875 3988 potestati
2918 3902 3204 3982 Tervisii,

495 3995 651 4079 quod
701 3996 788 4061 eis
835 3995 1017 4067 dicat,
1068 3996 1226 4078 quod
1273 3995 1512 4079 possint
1568 3994 1773 4059 venire
1820 3995 2140 4072 Venecia8‚
2187 3996 2251 4059 et
2295 3996 2458 4061 stare
2518 3996 2583 4058 et
2642 3994 2838 4059 redire
2903 3992 3036 4057 sine
3081 3990 3201 4056 im-

495 4083 860 4164 pedimento.
910 4085 990 4148 Et
1032 4084 1278 4166 insuper
1322 4084 1375 4147 si
1424 4102 1601 4148 casus
1648 4081 1969 4160 accideret,
2011 4085 2169 4166 quod
2216 4084 2637 4149 detinerentur
2681 4082 2875 4164 aliqui
2923 4080 3201 4163 Hungari

494 4171 677 4236 huius
724 4171 1116 4250 condicionis,
1168 4173 1230 4235 et
1276 4172 1379 4254 qui
1425 4171 1627 4236 forent
1657 4171 1788 4235 sine
1822 4172 2187 4255 suspicione,
2238 4173 2539 4249 dominuS,
2577 4170 2930 4247 consiliarii,
2978 4168 3204 4250 capita,

495 4260 559 4322 et
601 4261 912 4343 sapientes
959 4280 1065 4342 per
1112 4259 1407 4324 maiorem
1454 4262 1693 4343 partem
1740 4276 1955 4325 eorum
2017 4261 2284 4325 habeant
2347 4260 2702 4326 libertatem
2750 4255 3014 4323 faciendi
3062 4254 3203 4322 illos

493 4346 685 4412 libere
727 4349 1017 4412 relaxare.

584 4438 739 4498 δεον.
785 4456 941 4499 cons.
986 4457 1106 4513 roy.
1152 4438 1228 4496 B.
1277 4440 1379 4508 13,
1424 4457 1466 4497 u
1511 4441 1727 4500 arkivu
1770 4440 2124 4500 mlctackom.
