3620 5282
2995 297 3117 361 431

393 473 609 553 spectu
659 472 734 535 ad
777 469 1045 536 formam
1095 472 1420 553 pactorum
1456 469 1627 552 pacis
1673 470 1832 534 alias
1879 470 2038 535 facte
2087 490 2229 535 cum
2284 489 2470 554 regno
2517 471 2862 554 Hungarie‚
2914 472 3122 538 Janua

394 562 459 622 et
503 558 643 623 aliis
690 559 953 623 inclusis
998 560 1059 622 iu
1110 559 1273 623 dicta
1322 576 1505 641 pace;
1562 559 1732 621 vadit
1778 577 1939 639 pam,
1990 558 2397 622 consideratis
2440 560 2767 642 prodicus,
2819 564 2881 623 et
2927 566 3127 626 consi-

395 646 607 709 derata
655 646 847 710 etiam
890 645 1307 711 condiditione
1354 649 1417 709 et
1466 645 1768 728 qualitate
1814 646 1928 709 loci
1976 646 2238 727 predicti
2283 647 2457 728 Pagi,
2492 650 2651 729 quod
2685 648 3127 729 respondeatur

394 733 558 798 dicto
603 733 892 816 Georgio‚
943 734 1108 816 quod
1154 739 1400 816 propter
1447 733 1831 816 singularem
1898 752 2194 809 amorem,
2255 753 2438 816 quem
2510 754 2754 816 semper
2818 738 3127 817 gessimus

396 824 459 884 et
507 822 782 902 gerimus
826 823 1007 885 dictis
1057 821 1398 902 PagisaniS‚
1444 839 1594 902 quos
1645 840 1892 903 semper
1938 822 2340 902 cognovimus
2374 825 2437 885 et
2469 823 2783 886 tenuimus
2824 824 3125 903 speciales

394 909 627 972 amicos
672 910 868 973 nostri
915 908 1195 985 dominii,
1247 908 1645 973 condolemus
1693 911 1755 972 et
1800 909 2099 972 habemus
2148 927 2265 972 non
2306 910 2615 974 modicam
2662 911 3011 992 passionem
3063 916 3127 974 et

397 995 857 1077 displicentiam
907 998 980 1061 de
1022 996 1307 1060 terminis
1355 999 1418 1059 et
1464 995 1918 1060 conditionibus
1968 1014 2087 1071 non
2136 996 2330 1074 boniS‚
2376 998 2438 1060 in
2487 999 2710 1079 quibus
2790 1017 2852 1061 se
2899 999 3128 1080 reperi-

360 1085 529 1161 unt,
578 1086 641 1146 et
685 1085 758 1147 de
805 1083 1052 1149 damnis
1095 1088 1158 1147 et
1198 1083 1602 1163 novitatibus,
1651 1101 1801 1165 quas
1851 1084 2123 1147 inferunt
2192 1084 2281 1147 eis
2351 1083 2706 1160 Jadrenses‚
2778 1087 2925 1168 quia
2967 1090 3127 1151 teste

399 1172 509 1235 deo
576 1169 1024 1248 affectaremus»,
1074 1173 1308 1235 dictam
1356 1172 1591 1235 terram
1636 1173 1700 1234 et
1745 1172 2015 1235 insulam
2061 1171 2289 1235 habere
2350 1169 2528 1235 illum
2581 1173 2860 1252 quietum
2910 1177 2973 1237 et
3022 1175 3129 1239 bo-

405 1277 554 1322 num
602 1259 860 1335 statum,
911 1278 1093 1342 quem
1146 1259 1431 1340 cupimus
1482 1258 1707 1322 habere
1744 1259 1932 1321 ‘illam
1982 1278 2053 1321 ex
2098 1252 2459 1322 civitatibus
2511 1261 2755 1335 nostrie,
2806 1281 2919 1343 qne
2989 1263 3126 1342 plus

402 1347 501 1409 est
546 1347 720 1410 nobis
768 1366 932 1425 cara,
981 1348 1046 1410 et
1090 1348 1254 1411 sicut
1283 1348 1491 1410 sciunt
1522 1364 1766 1428 semper
1797 1345 2030 1410 fuimus
2071 1346 2263 1426 parati
2301 1347 2376 1409 ad
2409 1345 2797 1427 beneplacita
2830 1350 3125 1428 ipsorum,

405 1434 510 1497 sed
558 1434 622 1496 iu
666 1434 780 1499 hac
829 1434 1101 1518 presenti
1150 1452 1262 1499 sua
1306 1435 1675 1498 necessitate
1724 1452 1833 1516 pro
1882 1433 2067 1498 cert-is
2101 1434 2286 1497 iustis
2320 1433 2383 1496 et
2414 1434 2891 1499 rationabilibus
2924 1439 3128 1501 causis

404 1539 523 1585 non
571 1520 814 1586 videtur
860 1521 1039 1585 nobis
1087 1523 1161 1585 de
1211 1520 1683 1586 intromittendo
1728 1539 1839 1585 nec
1887 1521 2325 1602 impendiendo
2374 1520 2513 1584 istis
2582 1521 2785 1593 factis,
2838 1524 2901 1587 et
2945 1543 3127 1608 prop-

402 1611 575 1673 terea
626 1627 921 1692 rogamus
966 1627 1090 1686 ece,
1142 1609 1306 1690 quod
1352 1609 1627 1674 habeant
1666 1627 1773 1673 nos
1821 1612 2159 1674 excusatos.

612 1699 704 1761 De
779 1700 954 1780 parte
999 1696 1106 1776 47,
1157 1696 1262 1777 37,
1312 1697 1382 1773 33
1463 1699 1647 1779 capta
1716 1697 1804 1760 -de
1873 1716 1993 1762 non
2062 1696 2167 1772 32,
2215 1695 2320 1775 50,
2379 1694 2499 1773 62;
2580 1714 2698 1760 non
2748 1698 2970 1761 sinceri
3020 1700 3126 1779 21,

408 1783 505 1863 14,
556 1784 616 1849 8.
2547 1805 2550 1808 ’

488 1892 730 1953 Secreta
779 1890 955 1954 Gens.
1004 1889 1156 1968 It‘oy.
1207 1892 1262 1953 1.
1315 1893 1373 1966 4,
1422 1910 1465 1952 u
1506 1854 1674 1951 mle&-
1710 1892 1945 1961 affrica,

755 2079 1139 2163 DCXIX.
1194 2080 1398 2163 God.
1459 2080 1691 2163 1401.
1745 2079 1840 2162 27
1895 2081 2204 2182 lipnja,
2263 2103 2319 2163 u
2372 2081 2763 2165 Mletcih.

406 2226 701 2286 Mleteani
744 2226 1028 2296 izkazuju
1070 2227 1240 2299 svoju
1283 2225 1472 2285 §alost
1504 2225 1883 2298 poetanikom
1926 2226 2165 2297 vojvode
2210 2224 2620 2301 austrijskoya
2707 2227 2972 2304 Vilelma‚
3040 2229 3131 2287 ἔιο

396 2316 515 2386 jim
558 2315 683 2386 ηϋε
726 2314 891 2386 ροέῑο
930 2329 1005 2372 ια
1048 2314 1257 2373 rukom
1300 2313 1549 2372 sklom'ti
1589 2313 1790 2386 lev-alja
1833 2313 2191 2383 Ladislava,
2239 2314 2318 2370 da
2351 2314 2502 2373 dade
2533 2316 2765 2384 ‘vojvodi
2797 2311 3127 2388 napuljsku

405 2403 691 2475 kncqinju
735 2418 811 2461 za
853 2401 1040 2471 ianm
1110 2401 1343 2462 uzmicu
1380 2401 1455 2460 od
1496 2402 1705 2479 njekoy
1750 2402 2156 2476 doyovaranja
2217 2417 2247 2459 s
2272 2402 2591 2473 vojvodom,
2627 2403 2801 2474 posto
2846 2404 3006 2475 cuju,
3054 2405 3133 2462 da

407 2491 566 2562 kralj
611 2489 919 2567 simma,
967 2489 1159 2549 <lamec
1203 2507 1245 2547 u
1289 2494 1553 2565 natvm-u,
1600 2490 1746 2562 ipak
1789 2505 1851 2548 se
1896 2489 2191 2563 doyovara
2259 2505 2290 2547 s
2323 2490 2571 2548 υεῑιΙσαέἰ
2637 2508 2670 2550 o
2713 2491 2870 2550 miru
2911 2492 2936 2548 i
2980 2492 3132 2550 kako

614 2592 615 2597 ¹
1484 2594 1547 2635 sc
1589 2578 1711 2636 cini
1752 2578 2051 2650 uqu'esno.

628 2680 813 2743 1401.
866 2680 1200 2745 indictione
1248 2698 1426 2758 noua,
1476 2679 1574 2743 die
1620 2679 1867 2744 XXVII
1935 2679 2110 2744 iunii.
2178 2679 2288 2745 Ser
2335 2681 2713 2745 Benedictus
2763 2680 3129 2765 Superantio

412 2771 790 2851 procurator,
838 2787 938 2831 ser
986 2763 1260 2832 Karolus
1307 2767 1477 2833 Geno
1527 2770 1908 2849 procurator,
1955 2786 2054 2831 ser
2102 2768 2474 2832 Rambertus
2522 2767 2829 2848 Grimani‚
2875 2790 2973 2835 ser
3017 2771 3134 2834 Pe-

412 2860 547 2921 trus
589 2855 823 2929 Pisani,
873 2873 971 2920 ser
1017 2854 1239 2920 Justus
1288 2854 1649 2932 Contareuo‚
1699 2854 2013 2937 sapientes
2059 2855 2319 2919 consilii.
2372 2853 2605 2936 Capta:
2669 2856 2827 2937 quod
2882 2876 3137 2941 respon-

410 2943 628 3009 deatur
674 2945 922 3007 domino
969 2943 1251 3025 episcopo
1294 2942 1632 3026 Frisigensi
1681 2946 1744 3006 et
1790 2942 2034 3006 domiuo
2083 2944 2155 3006 de
2204 2943 2388 3006 Valse
2456 2945 2805 3008 oratoribus
2867 2945 3136 3011 illustris

416 3030 651 3098 domini
699 3031 872 3095 ducis
918 3029 1215 3095 Guilelmi
1265 3031 1520 3094 Austrie
1581 3030 1653 3093 ad
1705 3030 1835 3105 illa,
1886 3049 2002 3111 que
2052 3030 2337 3093 dixerunt
2406 3030 2584 3093 nobis
2660 3034 2724 3095 et
2786 3034 2859 3097 de
2906 3033 3131 3114 quibus

412 3120 635 3201 petunt
679 3118 1158 3200 responsionem.
1228 3118 1310 3182 Et
1356 3117 1557 3200 primo
1620 3117 1693 3180 ad
1742 3118 2007 3200 primam
2072 3122 2309 3198 partem
2359 3119 2619 3195 consilii,
2670 3120 2826 3200 quod
2872 3138 2911 3185 a
2958 3122 3135 3185 nobis

413 3208 636 3289 petunt
678 3208 927 3270 nomine
975 3206 1203 3269 domini
1251 3205 1347 3269 sui
1384 3205 1459 3270 de
1509 3204 1707 3283 modo,
1756 3223 1940 3287 quem
1990 3223 2234 3269 servare
2273 3204 2461 3269 habet
2509 3205 2640 3286 ipse
2702 3207 2983 3271 dominus
3031 3228 3137 3272 su-

410 3314 483 3358 us
530 3295 602 3358 de
651 3294 809 3358 facto
855 3292 1118 3357 istarum
1169 3289 1523 3375 nuptiarum
1556 3311 1806 3356 suarum
1857 3294 2107 3375 propter
2152 3293 2283 3369 illa,
2334 3312 2467 3373 que,
2519 3295 2588 3357 ut
2636 3293 2887 3372 scimus,
2924 3300 3136 3361 secuta

415 3384 560 3446 sunt
606 3383 742 3457 etc„
793 3381 951 3463 quod
999 3380 1284 3445 dominus
1332 3400 1478 3445 suus
1526 3380 1709 3445 debet
1741 3398 1877 3444 esse
1923 3380 2328 3454 certissimus,
2375 3382 2536 3462 quod
2586 3399 2695 3445 nos
2742 3382 2974 3446 auditis
3009 3384 3126 3459 his,

416 3487 531 3551 que
581 3469 870 3532 ultimate
923 3470 1038 3550 ipsi
1087 3472 1506 3532 tractaverant
1551 3470 1615 3532 et
1659 3468 2088 3532 concluserant
2133 3487 2273 3532 cum
2338 3469 2582 3531 domino
2648 3489 2788 3552 rege
2838 3470 3128 3536 Ladislao

415 3575 600 3639 super
640 3557 806 3620 dicto
855 3555 1035 3632 facto,
1085 3557 1432 3637 recepimus
1480 3574 1770 3638 magnam
1817 3555 2090 3618 leticiam
2141 3559 2203 3619 et
2253 3556 2761 3632 consolationem,
2809 3559 3132 3641 tamquam

415 3645 499 3721 hi,
549 3645 652 3726 qui
693 3645 766 3707 de
815 3645 980 3707 omni
1032 3663 1093 3706 re
1141 3647 1323 3726 grata
1368 3646 1429 3707 et
1475 3645 1728 3725 accepta
1765 3643 1887 3705 sibi
1928 3642 2286 3707 cordialiter
2354 3643 2711 3722 letaremur‚
2761 3646 2907 3726 quia
2956 3647 3135 3708 indu-

417 3732 515 3796 bie
563 3732 946 3808 tenebamus,
995 3731 1155 3814 quod
1204 3730 1517 3798 illustrem
1568 3731 1882 3794 dominam
1933 3748 2220 3812 sponsam
2288 3730 2518 3796 habere
2590 3732 2900 3808 deberent,
2951 3736 3015 3797 et
3059 3733 3134 3795 ad

417 3821 618 3902 ipsum
670 3818 990 3883 dominum
1041 3838 1220 3882 suum
1270 3837 1412 3882 cum
1464 3818 1844 3882 exultatione
1895 3818 2306 3893 transducere,
2359 3818 2418 3881 in
2492 3837 2611 3900 qua
2678 3819 3140 3884 transductione

417 3908 1003 3982 deliberaveramuS‚
1048 3907 1249 3987 ipsam
1296 3906 1599 3971 alacritus
1646 3906 1855 3969 videre
1898 3906 1962 3967 et
2031 3905 2350 3980 honorare,
2421 3907 2585 3969 sicut
2651 3906 2848 3970 facere
2916 3908 3141 3972 debent

417 3994 639 4068 sinceri
688 3998 750 4057 et
799 3994 1054 4076 perfecti
1104 3994 1311 4057 amici.
1360 3993 1445 4056 Et
1489 3994 1651 4056 sicut
1695 3993 2050 4056 letabamur
2096 3993 2170 4056 de
2219 3992 2607 4057 conclusione
2678 3992 2975 4075 predicta,
3045 3996 3138 4059 ita

419 4085 579 4146 teste
625 4082 738 4145 deo
785 4082 1107 4146 audientes
1156 4080 1505 4163 oppositum
1577 4099 1740 4145 nunc
1808 4080 1887 4142 ab
1959 4082 2067 4155 eis,
2100 4077 2112 4086 “
2142 4080 2569 4160 οουᾱοίυῑωιιε
2639 4085 2701 4142 et
2748 4082 3136 4146 condolemus

301 4183 307 4190 ·
418 4188 540 4233 una
578 4189 781 4232 secum
822 4173 887 4232 et
928 4170 1056 4232 tam
1103 4170 1385 4250 respectu
1430 4167 1697 4232 illustris
1740 4167 1973 4230 domini
2022 4168 2196 4230 ducis
2265 4169 2464 4230 nostri
2534 4167 2838 4231 carissimi
2904 4170 3135 4247 fratria,

419 4259 521 4339 qui
570 4256 644 4319 de
694 4256 804 4319 hoc
852 4256 1132 4338 portabit
1176 4255 1525 4337 passionem
1576 4257 1640 4320 et
1685 4254 2151 4330 melanceniam‚
2218 4274 2333 4336 que
2373 4256 2720 4318 certissime
2767 4259 2980 4320 nostra
3026 4261 3143 4331 est,

418 4363 601 4426 quam
659 4347 943 4424 respectu
994 4343 1453 4406 honorabilium
1503 4344 1565 4406 et
1641 4342 2119 4420 reverendarum
2192 4361 2594 4423 personarum
2673 4361 2945 4417 suarum,
3025 4364 3141 4426 que

419 4437 672 4513 propter
721 4431 832 4494 hoc
881 4433 974 4495 tot
1021 4435 1083 4492 et
1130 4432 1335 4494 tantos
1383 4428 1625 4493 labores
1675 4448 1854 4511 passe
1903 4430 2065 4504 sunt,
2132 4429 2238 4491 sed
2306 4428 2436 4509 ipse
2499 4428 2784 4492 dominus
2843 4449 2991 4495 suus
3038 4432 3131 4494 do·

418 4519 622 4580 minus
671 4517 790 4580 dux
838 4519 1021 4580 debet
1070 4518 1266 4582 facere
1313 4517 1479 4581 sicut
1524 4516 1759 4580 faciunt
1807 4517 2119 4596 sapientes
2168 4517 2231 4578 et
2279 4515 2537 4578 virtuosi
2570 4517 2899 4597 principes
2936 4518 3144 4599 qualis

416 4608 533 4679 est,
583 4607 648 4666 et
691 4606 1096 4677 considerare,
1147 4605 1305 4692 quod
1353 4603 1641 4667 dominns
1689 4602 1858 4667 istud
1905 4601 2285 4666 consenserit
2311 4603 2374 4664 et
2422 4602 2705 4678 voluerit,
2742 4622 2884 4667 cum
2918 4606 2980 4667 in
3016 4625 3144 4674 ma-

419 4690 727 4753 trimoniis
774 4691 1147 4754 mirabiliter
1215 4694 1534 4778 operetur3
1598 4691 1723 4774 ipsi
1789 4692 1978 4754 etiam
2042 4690 2360 4771 tamquam
2411 4689 2852 4774 sapientissimi
2903 4692 3144 4770 debent
