3620 5282
470 356 601 421 444

471 533 739 616 scripsit,
787 531 1029 598 scilicet
1073 532 1429 598 ducatorum
1474 530 1685 596 decem
1732 549 1844 614 pro
1879 530 2044 596 elmo
2090 533 2153 597 et
2198 549 2303 596 sex
2348 549 2454 613 pro
2484 530 2877 597 ballistrariis
2913 533 2978 597 et
3006 552 3176 598 arce-

473 621 561 686 rio
604 621 680 685 ad
726 639 950 704 equum
995 639 1107 703 pro
1152 619 1394 686 duobus
1441 619 1775 694 mensibus,
1825 620 1890 683 et
1934 618 1988 682 si
2034 618 2174 701 plus
2220 620 2478 695 starent,
2542 637 2652 701 pro
2699 621 2836 684 rata
2881 620 3175 702 temporis

470 708 771 808 recipiant
815 707 1051 772 soldum
1097 726 1207 791 per
1248 705 1502 772 mod‘um
1548 706 1917 788 predictum,
1966 705 2319 788 accipiendo
2381 705 2759 771 ballistarios
2804 707 2868 771 et
2912 707 3176 773 arcerios

467 795 1901 958 :31fflrss¹‘2253,tssffiztfffssssstfflgz‘asssff
1935 811 2063 963 {³53²
2066 795 2513 961 ”cipliffiffm‘fft
2527 792 2823 959 0‘503‘1'52?
2825 794 3177 964 {3333}

469 968 634 1033 dicto
681 969 895 1033 comiti
941 969 1108 1034 Arbi
1153 967 1617 1052 particulariter
1677 968 2222 1044 transmittantur3
2286 967 2386 1032 cui
2446 966 2661 1032 comiti
2723 968 3007 1032 mittatur
3071 989 3178 1051 pe-

470 1057 653 1120 cunia
699 1055 1044 1122 necessaria
1096 1075 1203 1139 pro
1248 1055 1413 1120 dieto
1450 1054 1614 1118 facto
1661 1073 1803 1118 cum
1849 1053 2020 1137 ligno
2060 1055 2299 1118 armato
2343 1053 2635 1133 Marchie,
2683 1054 2843 1137 quod
2890 1057 2988 1120 est
3031 1056 3172 1131 hic;

467 1143 532 1209 et
571 1144 898 1209 mandetur
944 1146 1007 1207 et
1050 1143 1482 1208 committatur
1552 1142 1748 1206 eidem
1812 1141 2043 1219 comiti,
2117 1142 2272 1223 quod
2316 1144 2600 1225 procuret
2644 1143 2709 1206 et
2751 1141 2962 1222 faciat,
3010 1142 3167 1226 quod

469 1230 639 1297 dicta
673 1249 842 1315 gens,
892 1249 1075 1314 quam
1112 1229 1301 1296 cicius
1336 1229 1467 1295 fieri
1487 1228 1733 1311 poterit,
1768 1230 1978 1294 veniat
2016 1229 2089 1293 ad
2128 1228 2329 1311 partes
2361 1228 2543 1294 Istrie
2598 1228 2675 1294 ad
2722 1231 3000 1296 nostrum
3046 1248 3175 1295 ser-

470 1319 692 1383 vitium
742 1317 1142 1383 exercendum
1188 1317 1277 1382 ibi
1324 1317 1385 1382 in
1429 1315 1710 1398 partibus
1743 1316 1926 1380 Istrie
1966 1318 2029 1380 et
2073 1315 2225 1380 alibi
2271 1315 2334 1379 in
2380 1317 2549 1382 omni
2576 1317 2769 1399 parte,
2797 1315 2958 1382 sicut
2998 1317 3174 1383 nobis

466 1406 803 1483 videbitur,
851 1406 915 1469 et
956 1404 1149 1470 suerit
1193 1423 1300 1487 per
1336 1421 1447 1468 nos
1506 1403 1730 1468 dehinc
1795 1402 2165 1468 ordinatum.
2222 1402 2304 1467 Et
2348 1403 2636 1469 mittatur
2682 1403 2847 1469 istud
2894 1407 3177 1471 nostrum

463 1495 828 1558 mandatum
874 1494 1199 1575 capitaneo
1246 1494 1455 1556 nostro
1498 1489 1789 1574 generali,
1838 1490 2154 1555 scribendo
2200 1491 2257 1554 ei
2298 1509 2407 1572 per
2453 1491 2789 1574 singulum,
2822 1491 2981 1575 quod
3027 1492 3180 1557 scri·

469 1581 671 1645 bimus
715 1580 879 1644 dicto
926 1579 1146 1645 comiti
1191 1577 1367 1656 Arbi,
1416 1579 1480 1642 et
1519 1578 1681 1661 quod
1728 1577 1782 1642 si
1827 1576 2173 1662 recipiendo
2217 1579 2498 1643 nostrum
2544 1578 2903 1644 mandatum
2927 1598 3178 1661 presens

470 1667 794 1732 habuisset
836 1666 1109 1745 Vallem,
1169 1664 1565 1750 supersedeat
1608 1665 1681 1729 de
1725 1665 2029 1730 mittendo
2091 1667 2406 1747 presentes
2450 1665 2692 1731 litteras
2738 1665 2952 1732 comiti
2998 1666 3175 1745 Arbi,

476 1757 539 1817 et
585 1755 762 1820 nobis
808 1753 1119 1819 rescribat
1164 1752 1452 1837 quicquid
1500 1751 1789 1817 habuerit
1837 1753 1901 1817 et
1944 1771 2126 1816 suum
2175 1752 2522 1832 consilium,
2571 1753 2756 1819 aliter
2801 1772 2917 1818 non
2964 1754 3180 1819 mittat

475 1840 720 1906 litteras
767 1841 831 1906 et
869 1841 915 1905 li
926 1860 1118 1925 gnum
1164 1841 1244 1905 ad
1289 1838 1582 1905 comitem
1628 1837 1784 1903 Arbi
1830 1838 1909 1902 ad
1955 1838 2393 1922 perficiendum
2440 1839 2752 1921 predicta:
2809 1841 2874 1905 et
2919 1840 2991 1906 de
3037 1859 3178 1924 pro-

478 1928 818 1995 visionibus
864 1928 1161 2013 predictis
1207 1945 1601 2010 personarum
1663 1927 1933 2008 ipsorum
1982 1925 2302 2004 comitum,
2364 1944 2517 2009 quas
2561 1928 2800 2011 petunt,
2848 1927 3041 1993 faciat
3078 1947 3180 1994 co-

472 2033 604 2081 mes
652 2015 805 2081 Arbi
852 2015 1261 2099 quammelius
1305 2014 1533 2097 poterit
1572 2032 1763 2096 usque
1793 2014 1871 2078 ad
1917 2031 2246 2091 summam,
2295 2033 2476 2096 quam
2527 2015 2792 2097 scripsit.
2853 2016 2936 2080 Et
2977 2015 3178 2081 domi-

470 2122 584 2167 nus
651 2104 798 2180 dux,
845 2102 1199 2181 consiliarii,
1257 2103 1461 2185 capita
1524 2102 1588 2165 et
1631 2102 1940 2183 sapientes
1993 2101 2260 2166 habeant
2306 2101 2661 2168 libertatem
2707 2102 2996 2167 mittendi
3041 2122 3179 2187 per-

469 2207 686 2255 sonam
736 2189 833 2255 vel
880 2208 1167 2274 personas
1202 2208 1313 2273 pro
1373 2187 1535 2255 facto
1596 2187 2012 2253 extimationis
2074 2205 2367 2271 equorum
2433 2190 2500 2254 et
2555 2206 2711 2273 page
2774 2189 3065 2269 faciende,
3112 2191 3179 2256 et

468 2276 833 2360 providendi
880 2278 989 2358 eis,
1037 2277 1199 2342 sicut
1242 2276 1331 2341 eis
1381 2276 1478 2341 vel
1523 2274 1742 2340 maiori
1787 2276 1952 2357 parti
1997 2293 2203 2341 eorum
2265 2275 2587 2355 videbitur,
2636 2278 2701 2342 εὴ
2744 2277 2924 2361 quod,
2971 2277 3024 2342 si
3066 2278 3178 2343 ha-

469 2363 686 2430 berent
715 2364 1008 2441 officium,
1052 2364 1205 2428 illud
1242 2382 1360 2428 non
1393 2363 1685 2445 perdant;
1734 2361 2150 2446 intelligendo,
2179 2363 2342 2445 quod
2367 2364 2607 2445 quando
2637 2363 2791 2429 dicti
2820 2364 3077 2430 comites
3113 2366 3178 2430 et

468 2469 619 2535 gens
664 2454 847 2517 erunt
883 2453 945 2515 in
993 2450 1193 2530 Istria‚
1242 2450 1506 2515 debeant
1550 2449 1792 2514 obedire
1841 2451 2050 2514 nostro
2105 2450 2417 2532 capitaneo
2460 2450 2751 2535 generali.
2819 2451 2903 2515 Et
2962 2470 3178 2517 sumus

467 2538 760 2616 contenti,
809 2538 968 2621 quod
1016 2537 1172 2603 dicti
1234 2537 1493 2604 comites
1552 2537 1858 2620 ponantur
1927 2537 1990 2600 in
2050 2555 2219 2618 pace,
2281 2556 2463 2620 quam
2533 2539 2894 2618 faceremuS,
2956 2557 3175 2622 procu-

466 2625 678 2705 rando,
727 2626 886 2709 quod
934 2625 1117 2692 ambo
1162 2625 1425 2691 comites
1471 2623 1666 2708 Vegle
1718 2624 1968 2690 veniant
2030 2624 2093 2688 in
2154 2643 2432 2707 persona,
2498 2626 2596 2691 vel
2641 2626 2719 2691 ad
2765 2626 2969 2692 minus
3014 2646 3174 2693 uuus

468 2732 717 2791 eorum3
764 2716 828 2778 et
874 2714 928 2778 si
974 2732 1189 2779 omnes
1231 2712 1384 2778 dicti
1429 2713 1688 2778 comites
1749 2729 1870 2775 nou
1926 2714 2179 2793 possent
2239 2712 2445 2778 venire
2510 2713 2601 2779 sic
2657 2714 2782 2779 cito
2828 2732 2969 2779 cum
3009 2714 3176 2779 dicta

465 2804 670 2884 gente,
709 2805 997 2885 procuret
1039 2803 1104 2866 et
1146 2801 1415 2865 solicitet
1459 2800 1534 2865 de
1575 2798 1882 2864 mittendo
1927 2798 2105 2864 illam
2151 2802 2420 2884 gentem,
2469 2819 2654 2883 quam
2699 2802 2930 2883 poterit
2959 2803 3021 2866 in
3053 2819 3177 2866 una

465 2889 598 2953 vice
643 2890 708 2953 et
751 2888 1034 2971 pluribus
1079 2907 1271 2971 usque
1317 2887 1393 2951 ad
1437 2904 1743 2951 summam
1792 2886 2158 2968 premissam
2206 2906 2314 2969 per
2359 2888 2555 2953 dictos
2603 2889 2730 2953 tres
2773 2890 3032 2954 comites
3078 2888 3178 2954 vel

464 2975 607 3040 inde
658 2975 861 3040 infra:
926 2979 989 3040 et
1028 2976 1141 3039 hoc
1202 2975 1437 3039 dictum
1498 2973 1600 3052 sit,
1658 2972 1818 3055 quod
1865 2973 2142 3039 habendo
2188 2973 2453 3051 Vallem,
2501 2975 2856 3057 capitaneus
2899 2994 3177 3058 superse—

468 3062 616 3127 deat
659 3064 733 3128 de
782 3063 1086 3127 mittendo
1132 3060 1349 3127 comiti
1394 3059 1552 3125 Arbi
1598 3062 1912 3142 presentes
1956 3060 2236 3137 litteras;
2285 3063 2493 3127 tamen
2541 3063 2683 3145 quia
2711 3068 2921 3146 posset
2950 3063 3175 3128 habere

467 3150 594 3215 tale
641 3151 809 3233 quid,
852 3168 960 3232 per
1006 3148 1168 3232 quod
1216 3148 1334 3214 sibi
1382 3146 1552 3214 aliud
1599 3148 1926 3223 videretur,
1990 3150 2307 3214 remaneat
2369 3150 2431 3213 in
2476 3148 2767 3216 libertate
2813 3150 2963 3216 dicti
3011 3151 3177 3233 capi-

464 3237 658 3314 tanei,
707 3238 895 3301 etiam
934 3235 1214 3302 habendo
1260 3235 1529 3312 Vallem,
1594 3235 1887 3299 mittendi
1948 3238 2263 3317 presentes
2324 3235 2569 3303 litteras
2632 3237 2847 3303 comiti
2895 3236 3072 3318 Arbi,
3115 3239 3179 3302 εὴ

469 3322 814 3400 differendi,
861 3323 1024 3388 sicut
1069 3323 1125 3388 ei
1171 3322 1503 3401 videbitur,
1567 3323 1631 3387 et
1675 3340 1783 3403 pro
1828 3322 1962 3387 tota
2006 3322 2356 3402 quantitate
2407 3326 2472 3388 et
2517 3343 2625 3406 pro
2670 3328 2866 3407 parte,
2913 3325 3077 3390 sicut
3119 3325 3179 3390 ei

467 3410 692 3475 melius
742 3410 1073 3474 videbitur.
1136 3409 1218 3474 Et
1276 3409 1583 3474 scribatur
1643 3407 1858 3473 comiti
1904 3407 2080 3486 Arbi,
2144 3410 2303 3492 quod
2347 3414 2665 3477 remaneat
2705 3414 2770 3477 et
2814 3431 2934 3478 non
2971 3412 3179 3479 veniat

458 3516 601 3562 cum
643 3498 827 3580 gente
872 3495 1167 3581 predicta.
1220 3495 1323 3560 74.

672 3582 847 3663 Quod
896 3584 981 3649 sit
1026 3585 1088 3648 in
1134 3582 1493 3647 libertatate
1553 3583 1751 3647 nostri
1814 3581 2122 3666 capitanei
2186 3584 2524 3667 accipiendi
2571 3585 2647 3651 de
2689 3586 2978 3669 gentibus
3025 3587 3174 3661 illis,

459 3670 701 3736 scilicet
748 3671 823 3735 de
866 3671 1214 3754 quantitate
1258 3671 1550 3752 ipsorum,
1600 3670 1674 3733 de
1720 3669 1942 3752 quibus
1988 3670 2241 3753 scripsit
2285 3689 2491 3737 comes
2536 3671 2712 3750 Arbi,
2748 3673 2812 3738 in
2843 3673 2955 3739 illa
2983 3694 3176 3757 quan-

462 3758 648 3822 titate
689 3758 913 3835 solum,
974 3777 1090 3841 que
1130 3756 1251 3822 sibi
1311 3755 1627 3822 videbitur
1687 3760 2010 3838 oportuna,
2084 3758 2487 3824 consideratis
2550 3759 2734 3827 factis
2798 3761 3046 3841 nostris,
3093 3761 3171 3826 de

460 3845 685 3928 quibus
731 3847 829 3911 est
870 3847 934 3911 et
976 3863 1111 3910 esse
1156 3846 1362 3928 potest
1405 3843 1647 3927 plenius
1697 3842 2081 3910 informatus.
2145 3845 2237 3910 De
2281 3849 2459 3928 parte
2504 3846 2611 3925 32,
2661 3847 2738 3913 de
2785 3867 2905 3914 non
2952 3848 3012 3927 2,
3054 3868 3175 3915 non

458 3932 682 3998 sinceri
725 3932 788 3998 3.

669 4017 844 4098 Quod
889 4018 950 4084 in
994 4017 1157 4084 facto
1203 4017 1464 4084 faciendi
1529 4018 1836 4084 iustitiam
1896 4021 1961 4084 et
2019 4020 2326 4086 rationem
2372 4020 2448 4086 de
2494 4023 2679 4105 gente
2725 4022 3023 4087 comitum
3069 4023 3178 4089 ob-

460 4106 663 4172 tineat
708 4124 917 4172 comes
959 4106 1136 4184 Arbi,
1175 4105 1337 4190 quod
1382 4106 1546 4170 sicut
1589 4108 1704 4183 est,
1754 4106 1882 4171 sint
1926 4107 2002 4171 ad
2045 4108 2455 4173 conditionem
2503 4109 2767 4175 aliorum
2815 4112 3167 4176 nostrorum

459 4195 885 4269 soldatorum;
952 4197 1016 4259 et
1062 4194 1118 4259 si
1164 4212 1282 4259 non
1320 4193 1532 4276 posset
1577 4192 1635 4257 id
1683 4193 1979 4271 obtinere,
2029 4194 2113 4259 sit
2158 4197 2503 4275 contentus,
2550 4197 2710 4279 quod
2757 4196 2875 4281 ipsi
2919 4198 3177 4262 comites

462 4281 700 4347 faciant
741 4281 1045 4347 rationem
1092 4282 1158 4346 et
1199 4280 1509 4346 iustitiam
1562 4282 1636 4346 de
1680 4282 1866 4365 gente
1911 4299 2023 4346 sua
2088 4284 2152 4347 et
2196 4283 2357 4348 inter
2401 4287 2619 4369 gentes
2665 4302 2812 4349 suas
2858 4286 2932 4354 de
2976 4285 3178 4351 omni-

469 4368 604 4446 bus,
655 4387 773 4450 que
818 4369 1118 4434 haberent
1160 4367 1358 4433 facere
1402 4367 1564 4432 inter
1606 4387 1690 4432 se.

545 4492 732 4552 Liber
762 4492 1126 4568 Roqatorum
1161 4510 1276 4566 pro
1316 4492 1500 4565 factis
1565 4492 1761 4553 Ystrie
1806 4495 1866 4563 9,
1910 4511 1954 4554 u
1996 4494 2150 4554 mlet.
2198 4495 2431 4556 arkivu.
