3620 5282
3004 435 3133 501 467

419 607 740 690 propterea
785 607 1205 687 concedenteS,
1253 628 1404 693 quas
1451 626 1523 676 ex
1568 611 1753 678 certis
1773 613 2003 688 ,causis
2047 630 2155 679 nos
2202 611 2595 677 moventibus
2624 610 3125 696 subscripsimuS,

423 699 485 759 et
531 695 818 761 dedimus
865 702 1181 781 propterea
1227 717 1413 764 manu
1459 705 1688 765 nostra.
1773 701 2009 766 Datum
2086 704 2146 765 in
2221 703 2421 764 castro
2500 719 2654 765 novo
2703 698 2962 782 Neapoli
3011 719 3119 784 per

363 786 371 793 '
423 802 642 849 manus
689 784 883 850 nostri
932 785 1192 868 predicti
1227 787 1391 870 regis
1446 787 1720 854 Ladislai
1753 809 1910 855 auno
1944 789 2172 855 domini
2206 787 2561 856 MCCCCII.
2593 789 2694 854 die
2727 788 2909 853 XVII
2953 808 3126 855 men-

424 872 511 936 sis
543 872 725 956 junii,
775 873 1010 939 decime
1056 874 1428 955 indictionis,
1468 896 1793 960 regnorum
1837 881 2182 943 nostrorum
2230 896 2388 942 anno
2433 875 2603 943 XVI.
3227 886 3232 891 ’

514 980 773 1056 Diplom.
820 981 1076 1045 Sibenic.
1124 1002 1167 1044 u
1213 1002 1260 1046 c.
1309 985 1584 1060 dvorskoj
1630 988 1919 1060 knjt‘inici
1958 1005 2001 1046 u
2046 986 2211 1045 Becu
2262 985 2403 1046 Cod.
2449 985 2598 1059 saep.
2649 987 2795 1055 541,
2826 1002 2894 1063 p,
2940 987 3047 1083 29.

739 1172 1203 1256 DCXXVI.
1257 1173 1460 1258 God.
1518 1176 1749 1260 1402.
1805 1176 1911 1260 30
1963 1178 2285 1279 srpnja‚
2339 1197 2400 1257 u
2454 1175 2841 1258 Mletcih.

638 1313 945 1382 Scribitur
983 1316 1303 1398 capitaneo
1348 1317 1577 1399 culphi,
1623 1321 1696 1383 ut
1740 1318 1978 1402 vigilet,
2028 1337 2104 1382 ne
2152 1316 2297 1381 illae
2359 1317 2625 1399 quinque
2692 1317 2903 1399 galeae
2963 1317 3129 1400 regis

431 1401 764 1479 Ladislavi,
807 1423 963 1486 quae
1010 1423 1170 1469 nunc
1216 1406 1601 1488 reperiuntur
1649 1408 1709 1470 in
1755 1409 1930 1490 aquis
1976 1405 2226 1483 Jadrae,
2271 1412 2528 1469 noceant
2574 1402 2833 1488 Corphoi
2884 1404 2980 1470 vel
3029 1425 3134 1470 na·

428 1491 608 1556 vibus
655 1493 1116 1558 transeuntibus
1164 1513 1270 1576 per
1316 1514 1518 1570 mare:
1615 1496 1774 1579 quod
1821 1498 2047 1560 tractet
2092 1495 2255 1577 ipsas
2302 1493 2729 1572 amicabiliter,
2778 1511 2920 1557 cnm
2967 1493 3135 1578 ipsae

434 1580 622 1645 etiam
673 1599 862 1664 usque
908 1582 1063 1646 aduc
1108 1602 1172 1647 se
1217 1584 1373 1649 bene
1418 1590 1749 1665 gesserunt¹
1789 1603 1932 1649 cum
1979 1584 2227 1648 nostrie.

513 1687 753 1749 Secreta
801 1688 976 1753 Gens.
1023 1691 1171 1767 Roq.
1221 1688 1276 1753 I.
1322 1694 1423 1768 69,
1472 1710 1515 1753 n
1559 1693 1716 1784 mplet.
1765 1694 2003 1763 arkivu,

707 1868 1215 1982 ncxxvn.
1271 1897 1474 1983 eoa.
1530 1899 1760 1983 1402.
1814 1899 1920 1983 so
1973 1900 2296 2002 srpnja,
2349 1920 2410 1980 u
2462 1896 2855 1981 motem.

428 2028 595 2117 Salio
633 2059 698 2102 se
731 2044 1020 2118 poslanilo
1091 2044 1511 2119 Dubrovadkoj
1584 2045 1778 2105 obcini
1837 2049 1892 2104 te
1945 2046 2135 2104 knezu
2193 2044 2500 2103 srbskomu
2574 2045 2599 2102 i
2683 2043 2951 2117 m‘eyovoy'
3016 2060 3142 2102 ma·

434 2133 549 2191 ten·
590 2149 634 2197 u
673 2132 849 2206 postu
893 2134 1065 2205 njeke
1108 2136 1251 2196 stete
1297 2151 1590 2194 nanesene
1634 2134 1711 2193 od
1754 2135 1941 2193 kneza
1999 2134 2328 2192 melachim
2375 2132 2680 2206 plemidem
2731 2130 3143 2203 Coniarenom,

849 2221 1009 2280 cemu
1029 2241 1098 2295 ,qe
1124 2225 1330 2299 qlavni
1372 2224 1556 2282 κενοῖς
1600 2222 1693 2282 bio
1737 2222 1954 2282 Mem‘n
1996 2221 2221 2282 Gradi&
2265 2220 2715 2281 Dabrovcanin.

647 2340 831 2405 1402.
882 2342 1190 2408 indictone
1236 2345 1315 2422 X,
1363 2342 1450 2408 30
1495 2341 1649 2407 iulii.
1699 2341 1929 2429 Capta:
1976 2361 2113 2407 cum
2165 2342 2401 2407 nobiles
2448 2342 2562 2405 viri
2611 2359 2711 2405 ser
2758 2340 3044 2408 Stefanus
3075 2343 3142 2408 et

433 2445 533 2492 ser
580 2427 953 2496 Benedictus
999 2429 1344 2497 Centareno
1394 2432 1614 2496 fratres
1660 2432 2113 2513 comparuerint
2157 2449 2360 2496 coram
2408 2429 2700 2500 dominio,
2760 2449 3140 2514 conqueren-

435 2518 547 2594 tes,
597 2518 757 2599 quod
806 2524 1055 2603 propter
1098 2521 1588 2603 procurationem
1642 2521 1961 2584 cuiusdam
2009 2517 2236 2584 Marini
2304 2519 2380 2582 de
2448 2517 2637 2584 Gradi
2688 2517 2982 2602 Ragusei‚
3031 2519 3139 2602 qui

434 2606 564 2670 stat
614 2607 673 2670 in
721 2609 886 2673 curia
933 2608 1181 2675 comitis
1225 2606 1464 2674 Stefani
1509 2608 1739 2672 domini
1789 2607 2010 2673 Rascie
2079 2614 2142 2671 et
2212 2607 2480 2672 multum
2526 2611 2733 2691 potest
2762 2607 2932 2691 apud
2975 2625 3140 2686 eum,

433 2693 554 2775 ipsi
603 2695 977 2762 damnificati
1025 2697 1269 2762 fuerunt
1305 2717 1412 2781 per
1454 2697 2061 2780 dictumSteianum
2131 2698 2193 2760 in
2258 2715 2482 2779 magna
2553 2715 2800 2762 summa
2866 2697 3138 2776 pecunie,

434 2800 544 2864 pro
594 2801 713 2865 qua
760 2787 1173 2867 recuperanda
1219 2787 1410 2852 etiam
1458 2787 1857 2872 perdiderunt
1903 2790 1966 2851 et
2012 2784 2447 2867 spendiderunt
2496 2784 2659 2848 ultra
2706 2786 2957 2849 ducatos
3004 2802 3140 2847 sex-

436 2875 669 2946 centos,
717 2892 901 2955 super
946 2875 1168 2956 quibus
1215 2873 1334 2954 fuit
1376 2876 1675 2958 scriptum
1722 2875 1879 2939 alias
1924 2873 2351 2940 communitati
2422 2872 2700 2954 Ragusii,
2771 2891 2909 2937 cum
2982 2872 3136 2938 civis

432 2976 585 3023 suus
632 2958 851 3026 fuisset
899 2963 1259 3044 principalis
1306 2981 1509 3038 causa,
1575 2967 1820 3044 propter
1892 2981 2078 3044 quam
2133 2964 2482 3027 habuerunt
2527 2962 2765 3024 dictum
2817 2961 3136 3037 damnum,

428 3053 492 3110 et
539 3047 728 3113 etiam
779 3051 1009 3115 missus
1056 3051 1341 3132 providus
1389 3052 1487 3115 vir
1528 3049 1842 3116 ‚Iohannes
1890 3050 2286 3135 RavagnanO,
2336 3052 2399 3113 et
2468 3050 2817 3116 examinato
2886 3049 3133 3133 negotio

428 3135 594 3199 male
644 3139 838 3219 possit
878 3138 981 3202 hic
1012 3139 1234 3208 ,haberi
1280 3142 1456 3204 tanta
1500 3140 1752 3205 claritas
1797 3140 1981 3203 istius
2013 3139 2183 3209 facti.
2218 3136 2377 3220 quod
2411 3137 2613 3219 possit
2641 3141 2704 3199 in
2730 3154 2800 3200 eo
2833 3138 3127 3220 procedi:

431 3222 606 3288 vadit
651 3244 813 3308 pars,
863 3245 1004 3291 cum
1045 3227 1195 3292 dicti
1242 3229 1478 3293 nobiles
1524 3231 1797 3293 contenti
1842 3232 2006 3298 sunt,
2038 3228 2196 3310 quod
2226 3226 2302 3290 ad
2336 3244 2481 3290 suas
2512 3243 2809 3307 expensas
2846 3227 3146 3310 mittatur

434 3330 594 3378 unus
635 3315 895 3378 nuncius
941 3318 1004 3380 et
1049 3318 1179 3380 tam
1227 3317 1305 3380 ad
1351 3315 1666 3381 civitatem
1713 3315 1975 3399 Ragusii
2023 3334 2211 3397 quam
2259 3316 2335 3378 ad
2381 3314 2585 3396 ipsum
2651 3313 2944 3377 comitem
2996 3313 3136 3380 Ste-

431 3398 644 3464 fanum
694 3421 834 3467 cum
881 3402 994 3467 illa
1041 3403 1429 3482 comissione,
1481 3423 1595 3487 que
1639 3404 1948 3469 videbitur
1993 3402 2283 3479 dominio,
2352 3421 2462 3484 pro
2538 3401 2839 3485 possendo
2910 3402 3139 3467 habere

434 3489 676 3554 tantam
721 3490 920 3554 lucem
966 3492 1147 3557 istius
1188 3491 1351 3570 facti,
1401 3495 1561 3575 quod
1609 3493 1823 3574 possit.
1863 3491 2200 3556 secundum
2249 3492 2407 3573 quod
2449 3490 2685 3554 iustum
2732 3490 2935 3565 fuerit,
2987 3490 3139 3555 sub-

434 3577 650 3655 veniri,
699 3579 858 3661 quod
907 3579 1238 3665 collegium
1285 3581 1538 3657 domini,
1588 3579 2095 3657 consiliariorum,
2132 3580 2404 3662 capitum
2475 3583 2538 3642 et
2599 3579 2948 3660 sapientum
2993 3598 3138 3643 con-

428 3665 561 3729 silii
634 3668 697 3729 et
765 3668 1048 3732 ordinum
1097 3668 1322 3732 habeat
1386 3668 1740 3732 libertatem
1778 3670 2091 3732 mittendi
2139 3687 2333 3732 unum
2383 3667 2673 3731 nuncium
2721 3667 2799 3730 ad
2848 3686 3140 3749 expensas

431 3753 844 3834 predictorum
892 3757 1024 3821 tam
1073 3758 1150 3821 ad
1197 3759 1704 3821 communitatem
1750 3755 2005 3842 Bagusii
2055 3774 2238 3839 quam
2285 3754 2363 3819 ad
2409 3755 2615 3837 ipsum
2662 3755 2952 3820 comitem
3002 3753 3142 3820 Ste-

429 3839 641 3907 fanum
689 3844 753 3908 et
799 3844 1116 3909 dominam
1162 3846 1545 3909 comitissam
1595 3846 1723 3910 eius
1772 3850 2037 3908 matrem
2096 3863 2235 3910 cum
2285 3844 2395 3908 illa
2442 3844 2827 3917 comissione,
2876 3863 2996 3927 que
3038 3845 3127 3909 eis

430 3929 532 3994 vel
574 3932 792 3996 maiori
843 3932 1006 4015 parti
1054 3933 1226 3998 utilis
1274 3937 1338 3997 et
1378 3933 1726 3998 necessaria
1770 3935 2112 4015 appurebit,
2187 3951 2293 4014 pro
2370 3931 2664 3996 veniendo
2711 3931 2775 3995 in
2822 3931 3022 3996 lucem
3073 3933 3138 3995 et

428 4017 909 4085 declarationem
952 4022 1268 4098 veritatis3
1319 4023 1405 4086 ita
1452 4023 1610 4105 quod
1658 4021 1769 4086 illa
1815 4020 2048 4098 habita,
2100 4022 2296 4103 possit
2336 4022 2551 4103 postea
2583 4020 2887 4102 provideri
2933 4016 3013 4084 ad
3044 4021 3139 4085 in-

430 4105 841 4174 demnitatem
887 4113 1236 4175 nostrorum
1285 4109 1539 4189 civium,
1587 4110 1749 4176 sicut
1793 4110 2014 4175 utilius
2060 4113 2125 4175 et
2170 4110 2391 4174 melius
2437 4109 2782 4192 apparebit.

517 4216 696 4279 Misti
746 4217 984 4280 XLVI.
1036 4219 1138 4290 36,
1182 4236 1227 4278 u
1269 4219 1424 4281 mlet.
1473 4219 1708 4280 arkivu.
