3620 5282
2994 358 3123 425 295

400 539 636 605 minum
685 540 1089 618 Turchorum,
1138 539 1273 621 ipsa
1320 537 1662 604 dominatio
1699 536 2019 620 provideat
2080 538 2142 601 et
2201 539 2484 619 procuret
2530 553 2750 620 ponere
2795 554 3011 619 pacem
3059 540 3121 601 et

400 628 786 694 concordiam
835 648 976 693 cum
1024 628 1297 710 predicto
1343 628 1587 691 domino
1657 624 1931 709 Giorgio.
2023 625 2182 689 Item
2261 625 2314 689 si
2376 624 2492 706 ipsi
2558 623 2803 690 domino
2867 624 3119 708 Giorgio

411 718 695 782 voluntas
743 719 993 790 inesset,
1040 717 1281 799 aliquos
1328 734 1471 780 suos
1519 714 1797 779 subditos
1841 712 2164 790 carcerari,
2214 714 2373 795 quod
2412 714 2610 796 possit
2672 711 2811 776 illos
2870 715 3123 779 mittere

396 804 473 869 ad
519 810 814 884 castrum,
861 809 922 869 et
969 806 1128 887 quod
1175 805 1309 886 ipsa
1354 803 1689 868 dominatio
1754 804 2041 866 teneatur
2101 801 2240 865 illos
2301 819 2657 866 conservare
2723 801 2799 864 ad
2865 800 3118 866 libitum

397 895 459 957 et
512 895 897 961 voluntatem
959 893 1177 975 prefati
1248 892 1493 957 demini.
1586 894 1749 956 Item
1814 891 2128 973 predictus
2196 890 2480 954 dominus
2561 889 2861 971 Georgius
2924 891 3121 972 possit

395 982 763 1048 distribuere
811 1003 883 1047 ac
930 982 1252 1063 disponere
1299 1000 1393 1044 res
1441 999 1584 1045 suas
1633 978 2084 1044 ecclesiasticas
2151 977 2484 1043 existentes
2533 981 2596 1042 in
2642 978 2905 1043 ecclesia
2963 978 3119 1044 dicti

397 1071 583 1134 castri
632 1075 693 1136 et
744 1071 870 1136 alia
917 1089 1029 1135 sua
1077 1071 1235 1135 bona
1297 1068 1552 1133 mobilia
1612 1067 1947 1133 secundum
2013 1067 2261 1131 libitum
2331 1069 2396 1130 et
2457 1067 2860 1132 voluntatem.
2961 1068 3122 1132 Item

395 1162 446 1221 si
492 1161 823 1243 continget,
875 1161 1078 1241 ipsum
1129 1158 1446 1222 domiuum
1493 1156 1827 1240 Georgium
1882 1155 2190 1238 emigrare
2237 1155 2316 1218 ab
2363 1154 2478 1220 hoc
2525 1155 2750 1233 seculO,
2801 1157 2961 1239 quod
3012 1175 3120 1222 no-

395 1246 548 1311 biles
596 1249 658 1313 et
705 1248 917 1313 fideles
945 1266 1017 1311 ao
1044 1245 1273 1312 vassali
1299 1247 1395 1310 sui
1436 1247 1675 1328 possint
1703 1247 1885 1321 stare,
1920 1245 2027 1321 ire,
2059 1242 2256 1307 redire
2288 1242 2349 1306 in
2375 1243 2540 1308 dicta
2566 1244 2818 1307 civitate
2842 1245 3117 1309 Durachi

393 1333 523 1399 sine
568 1336 775 1419 aliqua
822 1336 1103 1401 molestia
1149 1336 1214 1398 et
1257 1334 1444 1398 tedio.
1491 1334 1649 1397 Item
1697 1334 1859 1416 quod
1907 1337 2034 1396 tam
2081 1331 2213 1413 ipse
2260 1332 2547 1397 dominus
2594 1331 2900 1415 Georgius
2932 1352 3116 1416 quam

392 1424 728 1490 dominatio
776 1425 1180 1490 veneciarum
1227 1425 1510 1487 teneatur
1556 1441 1800 1485 servare
1849 1422 2085 1485 statuta
2147 1424 2208 1483 et
2270 1419 2693 1484 ordinationes
2754 1420 2920 1486 dicte
2968 1423 3122 1488 civi-

391 1512 543 1576 tatis
584 1513 899 1579 Durachii.
990 1513 1151 1577 Item
1201 1511 1425 1575 nobilis
1470 1515 1533 1574 et
1580 1511 1868 1594 egregius
1916 1509 2197 1573 dominus
2245 1507 2532 1572 dominus
2568 1508 2871 1592 Georgius
2921 1512 3117 1576 Tobia

389 1600 670 1666 dominus
720 1601 1017 1666 Durachii
1065 1600 1521 1682 suprascriptus
1570 1599 1799 1662 iuravit
1840 1598 1902 1663 et
1933 1597 2410 1662 sacramentavit
2444 1597 2769 1661 observare
2801 1601 2864 1661 et
2901 1618 3118 1664 manu-

389 1690 599 1753 tenere
641 1691 1080 1772 suprascripta,
1131 1692 1193 1752 et
1240 1690 1379 1769 post
1424 1688 1553 1751 cius
1602 1687 1867 1751 mortem
1911 1686 2228 1749 civitatem
2276 1685 2571 1750 Durachii
2616 1685 2680 1748 in
2730 1686 3018 1752 manibus
3050 1691 3115 1751 et

391 1780 698 1858 potestate
745 1778 1183 1844 dominationis
1232 1776 1360 1840 sive
1404 1774 1871 1840 communitatis
1936 1773 2339 1838 VenetIarum
2411 1773 2603 1838 libere
2650 1773 2954 1853 devenire,
3007 1794 3112 1857 pro

389 1865 459 1928 111
504 1867 660 1931 01103
713 1866 1015 1949 11101111311.
1067 1867 1131 1930 01
1175 1865 1236 1928 111
1286 1863 1592 1946 1110301111;
1657 1865 1720 1927 01
1780 1883 1812 1926 0
1861 1868 2074 1927 0011110
2124 1860 2345 1926 nobilis
2395 1862 2490 1925 vir
2557 1862 2622 1926 et
2667 1862 2953 1946 egregius
3000 1863 3109 1928 do-

388 1955 591 2019 minus
639 1953 978 2022 Saracenus
1026 1955 1300 2019 Dandolo
1351 1951 1625 2016 sindicus
1683 1953 1747 2016 et
1804 1951 2168 2033 procurator
2237 1968 2307 2014 ao
2375 1949 2732 2032 capitaneus
2802 1951 3113 2033 generalis

387 2041 533 2106 culfi
578 2044 802 2109 iuravit
848 2049 913 2108 et
958 2041 1439 2107 sacramentavit
1485 2041 1615 2104 vice
1666 2041 1729 2103 et
1774 2040 2021 2103 nomine
2069 2037 2508 2103 dominationis
2555 2040 2619 2102 et
2648 2040 3115 2104 communitatis

395 2129 794 2196 Veueciarum
831 2134 1154 2198 observare
1183 2133 1246 2194 et
1271 2132 1669 2193 manutenere
1701 2128 2075 2210 supradicta.
2124 2128 2255 2210 Ego
2281 2126 2593 2192 Johannes
2618 2127 2782 2191 filius
2807 2128 3117 2210 quondam

387 2218 648 2284 Pisarini
715 2221 791 2285 de
858 2219 1162 2296 Arimino,
1233 2217 1540 2299 imperiali
1611 2217 1977 2282 auctoritate
2047 2215 2324 2279 notarius
2385 2217 2449 2279 et
2516 2216 2696 2280 iudex
2764 2216 3116 2282 ordinarius

393 2307 682 2387 predictis
731 2308 1018 2371 omnibus
1083 2311 1145 2370 et
1190 2304 1455 2388 singulis
1502 2303 2216 2387 presentibus'interfui,
2265 2303 2606 2386 subscripsi
2649 2306 2712 2367 et
2756 2304 3107 2387 pubblicavi

389 2394 761 2478 signumque
811 2415 1016 2460 meum
1066 2399 1431 2459 consuetum
1483 2411 1783 2476 apponere
1832 2392 2028 2475 posui.
2081 2394 2340 2475 Insuper
2373 2393 2514 2475 quia-
2559 2393 2763 2456 dictus
2819 2393 3108 2458 dominus

391 2479 694 2565 Georgius
740 2504 849 2566 per
895 2483 1315 2566 supracriptos
1364 2500 1507 2547 suos
1556 2481 1983 2547 ambaxatores
2031 2480 2194 2547 inter
2220 2481 2342 2545 alia
2387 2480 2616 2564 requiri
2663 2480 2811 2544 fecit
2842 2500 2878 2545 a
2911 2482 3108 2561 1101113,

392 2573 692 2653 quatenus
738 2572 1136 2655 dignaremur
1182 2571 1381 2636 eidem
1428 2570 1759 2634 concedere
1807 2573 1880 2634 de
1927 2572 2133 2652 gratia
2180 2568 2452 2657 speciali,
2504 2568 2661 2653 quod
2686 2568 2913 2633 habeat
2944 2570 3110 2635 arbi-

387 2659 577 2723 trium
626 2664 688 2724 et
718 2662 1095 2743 potestatem
1143 2661 1535 2726 assecurandi
1583 2677 1795 2724 omnes
1843 2659 2248 2736 AlbanenseS,
2298 2676 2449 2740 quos
2483 2656 2801 2723 reduceret
2831 2658 2908 2722 ad
2942 2662 3113 2723 stan-

384 2746 532 2811 dum
580 2751 642 2813 01
683 2749 1090 2815 habitandum
1142 2749 1201 2812 in
1250 2747 1563 2813 Durachio
1634 2746 1693 2810 in
1760 2748 2038 2829 personis
2097 2750 2160 2811 et
2222 2746 2399 2811 bonis
2445 2747 2594 2825 31113,
2661 2747 2737 2810 0(1
2806 2748 2922 2811 hoc
2971 2765 3114 2812 cum

384 2836 567 2900 dictis
614 2839 841 2902 nostris
890 2836 1164 2902 consiliis
1214 2836 1333 2900 sibi
1375 2835 1636 2900 fecimus
1686 2833 2057 2915 responderi,
2106 2836 2314 2918 31011110
2362 2834 2637 2898 contenti
2663 2854 2898 2914 sumus,
2949 2837 3114 2917 quod

385 2923 586 2989 dictus
646 2927 928 2991 dominus
990 2926 1289 3009 Georgius
1354 2923 1550 3006 possit
1609 2924 2009 2988 securitatem
2073 2924 2267 2988 facere
2315 2922 2598 2986 omnibus
2660 2923 2843 2986 dictis
2919 2923 3112 2989 Alba-

389 3013 699 3086 nensibus,
744 3016 845 3099 qui
895 3034 959 3079 se
1006 3014 1213 3078 volent
1259 3012 1545 3077 reducere
1592 3030 1732 3075 cum
1778 3013 2053 3092 personis
2100 3012 2163 3077 et
2214 3010 2385 3076 bonis
2432 3008 2558 3074 suis
2592 3012 2669 3075 ad
2703 3010 3110 3077 habitandum

388 3102 705 3167 civitatem
749 3103 1148 3180 antedictam,
1192 3102 1402 3185 eisque
1448 3100 1824 3183 promittere,
1854 3100 2011 3185 quod
2059 3102 2132 3165 de
2202 3102 2435 3183 quanto
2483 3098 2635 3162 bene
2693 3100 3113 3181 operabuntur

386 3193 447 3253 et
487 3188 717 3255 facient
763 3210 904 3256 cnm
953 3192 1181 3255 honore
1229 3190 1425 3254 nostri
1471 3188 1731 3253 dominii
1779 3190 1844 3252 et
1888 3188 2085 3271 ipsius
2120 3185 2377 3266 domini,
2415 3187 2531 3269 ipsi
2566 3205 2705 3250 cum
2742 3188 3107 3270 plenissima

388 3279 724 3344 securitate
767 3283 1058 3362 poterunt
1101 3279 1189 3343 ibi
1237 3282 1403 3343 stare
1451 3277 1515 3341 et
1559 3277 1860 3353 habitare,
1942 3277 2082 3361 quia
2131 3276 2569 3343 tractabuntur
2614 3275 2679 3340 in
2728 3278 2998 3358 personis
3043 3278 3108 3342 et

388 3365 564 3431 bonis
613 3369 760 3444 suis,
810 3369 872 3432 et
919 3368 1097 3431 nobis
1144 3370 1208 3431 et
1254 3367 1482 3431 nostris
1528 3364 1816 3430 omnibus
1865 3367 2148 3446 dulciter,
2213 3364 2638 3430 favorabiliter
2698 3367 2761 3427 et
2826 3363 3111 3448 benigne,

386 3455 549 3520 sicut
596 3456 702 3519 alii
751 3455 914 3522 cives
963 3457 1125 3520 dicte
1172 3455 1442 3519 civitatis
1507 3452 1825 3519 Durachii.
1920 3456 1989 3518 In
2057 3455 2499 3539 premissorum
2558 3455 2767 3517 autem
2815 3453 3002 3518 fidem
3051 3458 3115 3518 et

385 3544 759 3607 evidentiam
811 3543 1151 3625 pleniorem
1200 3544 1513 3625 presentes
1562 3545 1809 3606 nostras
1856 3540 2099 3609 litt-eras
2143 3544 2269 3608 fieri
2321 3541 2620 3607 iussimus
2668 3546 2730 3604 et
2777 3541 2950 3606 bulla
2996 3560 3106 3606 no-

385 3632 517 3695 stra
563 3651 750 3698 aurea
794 3632 1097 3714 pendente
1146 3631 1396 3695 muniri.
1488 3631 1721 3694 Datum
1761 3629 1825 3693 in
1872 3635 2083 3698 nostro
2129 3632 2330 3698 ducali
2378 3630 2611 3714 palatio
2673 3649 2829 3694 anno
2870 3630 3109 3695 domini

386 3719 715 3786 millesimo
763 3719 1197 3786 trecentesimo
1243 3719 1640 3802 nonagesimo
1688 3720 1973 3799 secund0,
2026 3742 2232 3788 mense
2276 3720 2526 3804 augusti
2573 3717 2670 3782 die
2721 3718 2958 3783 decimo
3004 3738 3107 3784 oc-

391 3809 550 3885 tavo,
600 3808 937 3875 indictione
985 3808 1465 3891 quintadecima.

478 3917 952 3979 Commemoriale
1011 3915 1196 3978 VIII.
1249 3919 1393 3987 165,
1439 3935 1482 3976 u
1527 3917 1685 3979 mlet.
1734 3918 1971 3977 arkivu.

619 4106 1145 4192 CCCCXXV.
1200 4108 1407 4191 (iod.
1462 4108 1689 4191 1392.
1743 4108 1813 4188 7.
1868 4106 2319 4208 listopada„
2375 4128 2436 4188 u
2485 4104 2875 4188 Mletcih.

388 4236 606 4296 Buduc'
655 4235 863 4309 ajoryj
903 4234 1200 4299 Sracimir
1239 4234 1536 4307 yospodar
1584 4233 1764 4293 Zente
1822 4251 1946 4308 pao
1991 4252 2033 4292 u
2106 4235 2306 4293 turskc
2350 4224 2525 4300 rukc,‘
2581 4232 2892 4304 republika
2939 4235 3109 4293 bodri-

388 4324 633 4398 njeyovu
680 4323 847 4394 beau,
916 4324 1069 4383 nelca
1113 4341 1174 4382 se
1219 4323 1414 4383 ὄυνειο
1473 4323 1621 4423 ιζνᾷἑ,
1670 4324 1695 4380 i
1738 4323 1949 4396 ncdajcz
1964 4323 2268 4469 &Turcinu
2334 4321 2523 4394 svojih
2563 4320 2847 4398 yradova,
2888 4322 2913 4380 i
2957 4324 3108 4382 nudi

1472 4429 1566 4485 30]
1612 4415 1744 4470 zato
1786 4428 1960 4483 pomo
1997 4457 2011 4471 .

609 4515 795 4579 1392.
847 4515 1181 4580 indictione
1232 4516 1281 4591 I,
1330 4514 1428 4579 die
1478 4514 1514 4577 7
1561 4514 1853 4579 octubris.
1907 4513 2294 4579 Consiliarii:
2354 4533 2455 4580 ser
2508 4512 2798 4578 Nicolaus
2843 4513 3108 4591 Victuri,

398 4623 496 4669 ser
543 4603 867 4685 Remigius
917 4604 1318 4686 Superantio;
1369 4607 1434 4668 et
1479 4605 1790 4687 sapientes
1839 4602 2083 4668 consilii
2120 4622 2350 4679 01111103,
2387 4604 2451 4669 01
2482 4601 2790 4684 sapientes
2823 4602 3109 4667 ordinum

397 4709 631 4755 omnes.
677 4689 908 4774 Capta:
957 4711 1098 4756 cum
1146 4692 1395 4775 propter
1437 4711 1611 4771 nova,
1658 4711 1777 4775 que
1818 4692 2128 4757 habentur
2173 4691 2390 4755 multis
2454 4689 2655 4755 modis
2719 4694 2782 4754 et
2860 4690 2976 4756 viis
3036 4692 3108 4755 de

396 4779 738 4844 retentione
783 4777 1016 4843 domini
1064 4780 1357 4865 Dulcigni
1406 4782 1471 4846 et
1515 4781 1833 4845 cuiusdam
1878 4778 2315 4864 consanguinei
2378 4779 2472 4844 sui
2504 4779 2670 4844 facta
2702 4797 2809 4862 per
2840 4778 3105 4863 Baysith
