3620 5282
3100 321 3230 388 343

500 499 676 584 ginta
724 498 1109 582 sapientum3
1182 500 1258 564 de
1320 499 1543 583 quibus
1606 500 1881 579 enectis,
1930 499 2172 582 quando
2233 498 2768 582 congregabuntur
2830 499 2949 565 due
2994 501 3226 584 partes,

500 586 825 653 consilium
875 587 1261 669 intelligatur
1306 607 1438 653 6666
1485 589 1560 651 ad
1624 589 1914 671 plenum,
1964 605 2103 652 oum
2165 586 2521 651 condicione
2583 590 2827 665 tamen,
2891 590 3053 670 quod
3100 607 3218 653 non

501 675 697 758 possit
741 673 989 738 firmare
1035 693 1249 758 pacem
1295 676 1392 739 vel
1442 675 1955 759 treuguam,.nisi
1981 693 2090 758 per
2133 674 2384 739 modum
2427 673 2795 755 predictum.
2844 675 2928 739 Et
2972 675 3025 739 si
3072 693 3220 740 con-

500 762 710 828 silium
748 764 864 825 etc.
914 760 1113 844 Capta
1159 763 1222 828 in
1270 762 1401 829 XL.
1470 764 1544 827 In
1608 763 1823 828 maiori
1887 761 2150 827 consilio
2212 761 2286 825 de
2350 763 2527 844 parte
2582 762 2725 840 178,
2792 762 2867 827 de
2930 781 3050 827 non
3094 763 3222 826 273

499 853 699 934 capta,
742 868 861 914 non
907 849 1129 914 sinceri
1171 849 1277 915 64.

710 937 1014 1002 Dominus
1062 939 1127 1002 et
1171 940 1297 1002 tres
1343 937 1681 1003 consiliarii
1743 941 1807 1002 et
1868 934 1986 1000 duo
2052 936 2292 1017 capita:
2355 935 2516 1018 quod
2584 936 2694 1001 fiat
2768 936 2831 1001 in
2899 937 3104 1001 totum
3154 940 3225 1002 ut

501 1043 719 1109 supra,
793 1023 899 1089 sed
946 1024 1107 1108 quod
1154 1024 1304 1089 dicti
1370 1026 1678 1107 sapientes
1739 1025 2010 1089 habeant
2072 1023 2429 1087 libertatem
2492 1025 2553 1087 in
2602 1042 2749 1105 pace
2797 1028 2859 1087 et
2905 1027 3219 1107 treuguae,

501 1115 662 1179 sicut
711 1112 901 1176 habet
940 1132 1190 1195 presens
1234 1113 1582 1178 consilium.
1625 1112 1728 1176 67.

712 1200 846 1264 Duo
894 1200 1262 1265 consiliarii:
1308 1200 1468 1282 quod
1530 1202 1641 1265 fiat
1685 1205 1754 1263 ut
1819 1198 2173 1265 continetur
2220 1199 2283 1262 in
2353 1200 2532 1281 parte
2594 1198 2868 1275 domini,
2928 1200 3037 1264 sed
3105 1218 3224 1264 non

502 1289 698 1371 possit
744 1305 881 1351 esse
927 1287 1150 1370 aliquis
1196 1289 1259 1352 in
1306 1289 1468 1353 dicto
1517 1288 1789 1366 66661116,
1839 1288 1944 1369 qui
2005 1286 2234 1351 habeat
2281 1286 2733 1369 possessionem
2785 1287 2885 1352 vel
2929 1287 3113 1353 feuda
3159 1288 3223 1351 in

500 1376 812 1453 Paduana,
860 1375 1196 1440 Tervizana
1244 1376 1339 1440 vel
1385 1375 1733 1441 cenetensi.
1791 1374 1934 1438 133.

709 1463 919 1527 Unum
959 1466 1145 1545 caput
1189 1464 1317 1527 XL.
1366 1463 1540 1542 Quod
1587 1466 1700 1528 fiat
1743 1464 1808 1526 in
1855 1465 2060 1527 totum
2097 1462 2432 1529 secundum,
2458 1464 2697 1543 partem
2745 1481 2909 1527 nunc
2957 1463 3223 1545 positam

500 1570 607 1634 per
653 1551 857 1632 capita
903 1551 977 1616 (16
1022 1551 1153 1629 XL,
1203 1551 1311 1615 sed
1360 1571 1477 1615 non
1521 1553 1717 1634 possit
1760 1550 1987 1632 aliquis
2051 1568 2186 1613 6666
2233 1548 2308 1612 (16
2370 1549 2625 1614 66661116
2683 1551 3069 1632 sapientum,
3120 1550 3224 1633 qui

500 1639 728 1703 habeat
775 1639 1224 1719 possessionem
1274 1638 1370 1702 vel
1438 1640 1674 1720 pheuda
1719 1639 1782 1702 in
1831 1636 2159 1714 Paduana,
2224 1636 2556 1701 Tervisana
2618 1636 2713 1701 vel
2761 1636 3110 1716 cenetensi,
3158 1638 3224 1702 et

504 1725 798 1790 similiter
842 1729 1060 1791 exeant
1104 1726 1209 1790 isti
1257 1726 1332 1790 (16
1379 1726 1634 1790 66661116
1679 1728 2058 1807 rogatorum,
2106 1724 2348 1806 quando
2396 1724 2773 1789 tractabitur
2818 1724 2894 1789 (16
2943 1744 3087 1806 pace
3120 1723 3218 1790 vel

502 1815 799 1896 treuguis.
859 1814 997 1892 134,
1049 1813 1216 1890 243;
1264 1818 1448 1895 capta
1494 1813 1571 1878 de
1618 1833 1732 1878 non
1786 1813 1931 1889 181,
1981 1811 2130 1889 272,
2180 1829 2299 1876 666
2344 1811 2564 1876 sinceri
2617 1811 2723 1889 21,
2771 1811 2875 1875 25.

586 1904 798 1963 Maius
844 1900 1191 1964 Consilium.
1222 1905 1472 1964 Novella
1518 1905 1619 1973 52,
1664 1922 1708 1963 u
1752 1904 1970 1962 arkivu
2003 1903 2362 1962 mletac‘kom.

849 2092 1156 2175 Dvlll.
1234 2092 1442 2176 God.
1497 2093 1713 2177 1357.
1771 2091 1875 2175 29
1928 2094 2298 2195 travma,
2354 2114 2415 2173 u
2467 2092 2858 2174 Mlctcih.
2983 2153 3001 2166 .

783 2219 1070 2294 Dop-usaea
1111 2236 1172 2279 se
1217 2221 1405 2279 knew
1450 2220 1782 2288 masma,
1840 2220 1920 2278 aa
1964 2219 2102 2278 radi
2148 2219 2350 2279 bolesa·
2395 2218 2566 2292 doaso
2607 2235 2649 2277 u
2693 2218 2938 2278 meme.

718 2339 904 2404 1357.
951 2339 1050 2404 (116
1110 2340 1455 2422 penultimo
1513 2339 1762 2420 apriliS,
1832 2341 2046 2421 capta:
2116 2338 2271 2421 quod
2337 2338 2705 2403 concedatur
2751 2338 2961 2402 comiti
3009 2339 3219 2402 nostro

501 2425 676 2506 Arbi,
721 2446 828 2509 pro
875 2427 1135 2493 deffectu
1181 2445 1437 2510 persone
1480 2445 1606 2506 sue,
1674 2427 1831 2508 quod
1898 2428 2093 2509 possit
2156 2427 2362 2492 venire
2409 2426 2737 2505 VenetiaS,
2802 2428 2867 2490 et
2928 2426 3094 2490 stare
3141 2424 3222 2490 ad

503 2514 960 2597 beneplacitum
1007 2514 1442 2581 dominationis
1490 2534 1605 2579 non
1653 2515 1936 2579 obstante
1981 2534 2094 2578 sua
2136 2514 2587 2578 commissione.

588 2604 767 2666 Misti
816 2605 1137 2666 XXVIII.
1181 2607 1243 2686 2,
1298 2623 1340 2666 u
1384 2606 1601 2666 arkivu
1645 2606 2004 2666 mletackom.

916 2795 1140 2878 mx.
1207 2795 1413 2878 (iod.
1471 2795 1690 2879 1357.
1744 2798 1832 2878 11
1890 2795 2258 2895 svibnja,
2313 2817 2374 2876 u
2425 2793 2818 2876 Mletcih.

634 2921 725 2980 Za
763 2923 990 2996 yodinu
1034 2924 1198 2982 dana
1242 2924 1576 2995 dozvob'eno
1622 2923 1815 2982 obcini
1858 2920 2096 2998 paikoj,
2148 2921 2228 2980 da
2272 2920 2429 2981 moie
2474 2923 2644 2994 svoju
2688 2922 2777 2981 sol
2817 2921 3102 2995 spremiti.

715 3041 902 3105 1357.
952 3042 1284 3106 indictione
1319 3043 1398 3119 x,
1449 3041 1545 3106 die
1594 3043 1684 3106 xl
1732 3043 1902 3119 maii,
1952 3043 2167 3122 capta:
2216 3042 2371 3123 quod
2396 3040 2708 3106 communi
2757 3045 2821 3107 et
2865 3019 3242 3105 hominibus

503 3129 659 3212 Pagi
703 3128 989 3193 fidelibus
1035 3130 1264 3194 nostris
1314 3131 1705 3205 concedatur,
1774 3130 1937 3194 sicut
1975 3129 2216 3211 petunt,
2266 3128 2427 3210 quod
2490 3148 2600 3212 pro
2642 3128 3063 3193 sublevatione
3111 3148 3222 3194 sue

499 3215 721 3281 debilis
768 3216 1146 3281 condicionis
1192 3218 1430 3298 possint
1477 3217 1815 3299 incanipari
1866 3218 2059 3281 salem
2107 3235 2319 3281 eorum
2368 3217 2433 3280 in
2477 3217 2683 3299 Pago,
2752 3215 3039 3281 videlicet
3089 3219 3220 3280 tam

499 3302 621 3385 ipsi
667 3322 851 3386 quam
897 3305 1208 3387 emptores
1255 3305 1450 3387 ipsius
1499 3305 1669 3383 salis,
1725 3307 1790 3369 61
1836 3305 1995 3368 61661
2042 3305 2130 3368 616
2178 3322 2539 3369 6666666616
2598 3303 2720 3369 fuit
2765 3323 2924 3370 anno
2971 3306 3218 3388 elapso;

498 3392 563 3455 et
605 3391 720 3456 hoc
767 3392 946 3456 duret
991 3410 1097 3473 per
1142 3411 1331 3468 unum
1378 3410 1627 3456 annum.
1684 3392 1767 3455 Et
1814 3391 1867 3456 si
1917 3391 2239 3456 consilium
2287 3393 2404 3456 616.
2876 3427 2884 3432 >

585 3482 767 3541 Misti
815 3480 1137 3542 XXVIII.
1182 3483 1244 3552 2,
1287 3499 1330 3541 u
1376 3483 1590 3542 arkivu
1636 3483 1993 3543 mletackom.

892 3670 1077 3752 DX.
1149 3669 1356 3753 God.
1411 3670 1628 3754 1357.
1683 3672 1783 3752 14
1837 3671 2202 3773 svibnja,
2274 3694 2335 3753 u
2392 3671 2795 3775 Olgunsu.

507 3794 735 3856 Obcina
779 3797 1094 3872 olqum'ska
1123 3798 1259 3870 pise
1289 3814 1331 3856 u
1360 3798 1532 3869 postu
1561 3798 1787 3870 nasiIJa
1807 3799 2124 3872 pocinjena
2145 3797 2527 3858 mletackomu
2540 3800 2871 3879 pedanum,
2920 3805 2975 3860 te
3010 3817 3072 3860 se
3113 3802 3227 3860 6ὗὶ-

501 3885 624 3958 tuje
642 3929 657 3955 ,
720 3885 799 3943 da
835 3886 902 3958 je
944 3901 1212 3957 spravna
1270 3885 1487 3944 slusati
1543 3887 1850 3958 zapoviedi
1907 3887 2210 3958 republike
2267 3904 2431 3947 samo
2499 3889 2610 3948 ako
2654 3889 2923 3948 nevricdc
2982 3888 3225 3961 m'ezinu

1384 3973 1798 4052 qospodaricu,
1842 3974 2056 4032 srbsku
2100 3975 2320 4035 carica.

696 4093 1070 4176 Exemplum
1118 4093 1478 4157 litterarum
1526 4093 1801 4159 iudicum
1849 4094 1914 4159 et
1958 4094 2189 4159 civium
2237 4094 2512 4160 civitatis
2566 4095 2870 4177 Dulcegni
2914 4114 3023 4178 pro
3055 4095 3217 4160 facto

494 4189 592 4243 ser
638 4180 818 4245 Pauli
868 4180 1143 4259 Quirino.
1199 4181 1462 4264 Egregie
1509 4181 1772 4259 domine,
1823 4183 2167 4262 recepimus
2229 4184 2442 4247 octavo
2490 4181 2589 4246 die
2637 4183 2830 4247 madii
2874 4202 3062 4247 unam
3108 4184 3217 4247 lit-

489 4268 687 4331 teram
734 4287 771 4332 a
820 4268 1240 4333 dominatione
1287 4270 1516 4346 vestra,
1566 4269 1626 4332 in
1676 4289 1798 4352 qua
1824 4271 2274 4347 continebatur,
2325 4269 2486 4352 quod
2512 4269 2761 4351 quidam
2811 4270 3037 4335 nobilis
3070 4271 3222 4336 civis

492 4356 698 4418 vester
746 4356 1032 4421 dominus
1080 4355 1316 4421 Paulus
1363 4354 1604 4434 Quirini
1650 4360 2014 4438 conquestus
2060 4359 2159 4422 est
2204 4357 2610 4422 dominationi
2654 4360 2888 4436 vestre,
2958 4358 3222 4440 qualiter

485 4442 737 4523 quidam
784 4443 937 4508 civis
983 4445 1194 4509 noster
1240 4443 1547 4525 quondam
1594 4463 1693 4508 ser
1738 4445 1902 4509 Luce
1949 4444 2025 4508 (16
2069 4444 2287 4510 Chinio
2336 4443 2660 4509 derobavit
2723 4463 2898 4522 eum,
2967 4446 3032 4510 et
3074 4445 3224 4510 fecit

485 4548 636 4595 eum
682 4532 747 4596 in
792 4530 1070 4596 custodia
1121 4531 1402 4608 detineri,
1452 4533 1517 4596 et
1558 4532 1765 4614 exegit
1812 4532 1890 4596 ab
1940 4550 2031 4610 66,
2081 4533 2134 4597 si
2191 4532 2437 4596 volebat
2479 4531 2619 4596 inde
2645 4530 2919 4605 liberari,
2967 4532 3221 4596 ducatos

481 4618 1047 4697 quattuorcentum,
1100 4621 1164 4683 et
1207 4617 1368 4701 quod
1415 4617 1491 4682 de
1553 4619 1673 4683 hiis
1738 4619 2030 4684 debemus
2093 4620 2505 4684 dominationi
2565 4620 2769 4684 vestre
2829 4621 3208 4701 respondere.

481 4706 685 4786 Certe,
736 4705 984 4791 egregie
1030 4705 1297 4786 domine,
1344 4704 1554 4771 missis
1603 4706 1833 4771 nostris
1879 4705 2131 4784 litteris,
2211 4706 2531 4772 humiliter
2575 4705 3042 4784 inclinavimus,
3109 4722 3217 4786 pa-
