3620 5282
499 272 627 338 318

500 447 744 511 nomine
769 445 1001 509 domini
1029 443 1201 509 ducis
1234 446 1300 507 et
1330 444 1580 510 dominii
1615 445 2024 511 Veneciarum
2053 465 2195 510 cum
2234 447 2367 511 toto
2393 448 2705 512 territorio
2737 448 2802 512 et
2829 445 3222 529 pertinentiis

499 536 648 609 suis,
698 539 759 595 et
799 532 928 596 sint
950 533 1064 596 sub
1090 531 1340 596 iusticia
1364 535 1429 596 et
1451 533 1670 597 baculo
1695 532 1895 614 ipsius
1921 534 2156 598 domini
2182 534 2357 598 ducis
2393 537 2457 598 et
2488 534 2745 598 dominii
2777 535 3220 610 Veneciarum

499 627 562 684 et
609 619 684 683 de
732 621 920 701 ipsius
968 619 1347 684 utilitatibus
1399 626 1463 684 et
1515 623 1931 702 proventibus,
1999 623 2198 702 primo
2259 624 2323 686 et
2388 628 2530 686 ante
2577 622 2790 688 omnia
2848 623 3073 688 debeat
3114 642 3216 686 ex-

497 706 660 771 trahi
708 725 965 789 expense
1013 707 1358 773 necessarie
1403 726 1512 790 pro
1574 710 1857 772 custodia
1925 710 1989 772 et
2053 709 2448 792 reparatione
2511 711 2731 791 ipsine,
2777 709 2832 773 si
2878 709 3069 774 fuerit
3115 728 3219 774 ex-

497 794 764 876 pedienS,
815 813 932 858 uon
972 796 1268 876 possendo
1333 796 1671 876 expendere
1711 816 1771 858 in
1835 814 1995 860 anno
2040 798 2100 861 in
2150 796 2332 861 dictis
2378 796 2665 861 custodia
2711 800 2774 860 et
2828 797 3217 879 reparatione

494 882 659 945 ultra
705 881 961 946 ducatos
1009 883 1355 964 octigentos
1402 883 1555 959 auri,
1607 884 1673 947 et
1717 886 1769 947 si
1819 884 1959 965 plus
2006 886 2468 966 expenderetur,
2523 884 2584 948 id
2641 885 2779 967 plus
2840 885 3220 968 expendatur

493 970 740 1034 nomine
786 969 1020 1034 domini
1066 971 1238 1034 ducis
1286 973 1350 1034 et
1395 970 1649 1034 dominii
1698 971 2146 1045 Veneciarum;
2195 970 2563 1037 declarando
2615 973 2825 1049 etiam,
2859 974 3023 1055 quod
3056 971 3220 1036 idem

492 1058 775 1121 dominus
823 1059 943 1121 dux
989 1061 1052 1122 et
1098 1057 1437 1122 dominium
1487 1058 1894 1122 veneciarum
1944 1059 2290 1141 predictum
2354 1061 2525 1124 iuxta
2592 1077 2769 1142 posse
2815 1078 2997 1124 suum
3045 1061 3218 1124 tene-

494 1146 638 1208 atur
685 1149 892 1209 tenere
938 1143 1139 1210 forum
1203 1146 1399 1226 ipsius
1462 1145 1651 1210 castri
1713 1146 2006 1212 fulcitum
2069 1147 2219 1210 sale.
2310 1147 2395 1210 Et
2461 1148 2536 1212 de
2597 1146 2841 1211 residuo
2907 1148 3216 1212 dictarum

492 1231 845 1296 utilitatum
893 1232 1161 1297 debeant
1205 1232 1335 1298 fieri
1379 1237 1505 1297 tres
1553 1235 1782 1315 partes,
1833 1253 2090 1317 quarum
2140 1235 2255 1299 due
2301 1235 2429 1298 sint
2472 1235 2708 1300 domini
2764 1235 2935 1299 ducis
2998 1235 3064 1299 et
3109 1234 3215 1298 do-

492 1318 670 1382 minii
715 1319 1115 1384 Veneciarum
1164 1323 1227 1383 et
1271 1322 1462 1385 tercia
1506 1321 1779 1403 ipsorum
1829 1324 2218 1386 dominorum
2268 1322 2510 1406 Progon
2577 1325 2641 1386 et
2696 1321 2907 1389 Tanus
2951 1321 3217 1387 fratrum

493 1407 557 1470 et
603 1407 894 1471 heredum
944 1425 1214 1471 suorum.
2757 1406 2766 1422 ⁸

702 1496 862 1558 Item
906 1498 1132 1577 petunt
1177 1495 1252 1560 de
1299 1496 1502 1578 gratia
1550 1495 1827 1579 speciali,
1877 1497 2036 1577 quod
2086 1499 2174 1562 eis
2220 1499 2635 1563 concedantur
2678 1498 2947 1581 quinque
2985 1496 3219 1561 casalia

491 1579 769 1646 subiecta
828 1582 1101 1647 dominio
1162 1583 1351 1647 castri
1415 1583 1696 1665 predicti,
1757 1583 1902 1665 quia
1962 1584 2303 1649 dominium
2358 1586 2549 1651 castri
2603 1585 2865 1669 predicti
2911 1586 2976 1648 et
3021 1585 3219 1648 totius

495 1668 795 1733 territorii
843 1670 1161 1734 exterioris
1202 1672 1300 1734 est
1330 1672 1443 1735 sub
1477 1671 1694 1736 baculo
1728 1680 1792 1735 et
1837 1672 2107 1735 dominio
2154 1672 2386 1738 domini
2433 1674 2610 1741 ducis
2642 1677 2705 1739 et
2736 1673 2989 1738 dominii
3021 1671 3219 1736 Vene—

490 1757 746 1834 ciarum,
809 1775 924 1839 que
972 1758 1202 1821 casalia
1252 1758 1507 1839 predicti
1562 1759 1793 1823 domini
1844 1758 2082 1840 possint
2127 1763 2192 1824 et
2237 1759 2502 1825 debeant
2544 1764 2660 1827 sub
2717 1762 2886 1825 dicto
2943 1759 3218 1824 dominio

490 1844 895 1909 Veneciarum
923 1843 1173 1926 pacifice
1196 1844 1493 1927 gaudere3
1540 1847 1654 1910 hoc
1684 1865 1929 1927 semper
1972 1848 2302 1926 declarato,
2330 1849 2490 1930 quod
2515 1849 2668 1914 dicti
2693 1847 2926 1914 domini
2974 1848 3218 1930 Progon

491 1934 554 1994 et
598 1932 802 1995 'I'anus
838 1934 901 1995 et
947 1951 1157 1996 omnes
1205 1933 1477 2015 ipsorum
1527 1934 1850 2017 propinqui
1897 1936 1961 1998 et
2001 1933 2435 2018 consanguinei
2493 1955 2567 2002 ac
2621 1936 2903 2022 germani
2949 1933 3216 2017 predicti

489 2019 617 2082 sint
659 2018 739 2082 ad
787 2019 995 2084 omnia
1043 2021 1334 2084 mandata
1382 2021 1636 2085 dominii
1685 2021 2091 2087 Veneciarum
2141 2024 2363 2106 parati.

700 2107 857 2171 Item
922 2109 1158 2190 petunt,
1221 2109 1381 2189 quod
1444 2109 1505 2171 in
1566 2109 1736 2173 dicto
1799 2113 2025 2187 castro,
2093 2110 2503 2192 pertinentiis,
2569 2110 2901 2177 territoriis
2944 2115 3012 2176 et
3057 2109 3213 2174 locis

487 2193 616 2257 suis
662 2195 947 2259 omnibus
990 2212 1107 2259 non
1153 2196 1396 2278 possint
1444 2214 1553 2260 nec
1600 2197 1868 2261 debeant
1914 2197 2215 2276 habitare,
2266 2199 2441 2263 unire
2490 2216 2599 2262 nec
2646 2201 2811 2263 stare
2874 2199 3213 2283 proditores

484 2280 752 2345 rebelles
801 2281 917 2357 sui,
968 2302 1078 2346 nec
1123 2283 1402 2348 homines
1450 2284 1612 2348 male
1657 2285 2027 2349 conditionis
2085 2286 2434 2368 proditorie,
2524 2287 2628 2351 sed
2700 2288 2859 2370 quod
2932 2285 3215 2351 dominus

489 2368 609 2432 dux
655 2372 719 2433 et
764 2368 1109 2434 dominium
1153 2370 1559 2436 Veneciarum
1608 2391 1716 2437 seu
1762 2373 1957 2453 ipsius
2005 2377 2274 2437 rectores
2322 2375 2590 2439 debeant
2635 2377 2725 2439 eis
2790 2375 3038 2438 obstare
3079 2375 3209 2437 toto

489 2474 687 2538 posse.
738 2457 823 2521 Et
867 2475 1044 2521 versa
1090 2458 1221 2522 vice
1267 2458 1420 2524 dicti
1468 2459 1699 2524 domini
1752 2461 1990 2542 Progon
2034 2465 2099 2523 et
2127 2460 2334 2526 'Pauus
2389 2462 2764 2544 promittunt
2801 2462 2922 2545 ipsi
2965 2461 3211 2526 domiuo

488 2545 805 2627 capitaneo
853 2545 1098 2609 nomine
1146 2544 1381 2609 domini
1429 2547 1602 2611 ducis
1647 2550 1711 2611 et
1756 2546 2013 2611 dominii
2045 2547 2480 2626 Veneciarum,
2511 2550 2670 2631 quod
2704 2549 3212 2632 quandocumque

485 2631 678 2715 aliqui
728 2633 1084 2713 proditores,
1136 2634 1398 2698 rebelles
1448 2638 1513 2700 et
1551 2635 1835 2700 homines
1888 2635 2053 2700 male
2098 2636 2468 2702 conditionis
2514 2638 2743 2703 domini
2792 2637 2966 2703 ducis
3011 2638 3077 2701 et
3100 2636 3208 2701 do-

488 2721 666 2784 minii
711 2719 1119 2786 Veneciarum
1171 2722 1535 2803 aufugerent
1580 2723 1656 2787 de
1703 2726 1820 2788 sub
1854 2724 2120 2789 dominio
2152 2725 2347 2806 ipsius
2380 2726 2614 2791 domini
2650 2726 2825 2791 ducis
2858 2730 2921 2790 et
2951 2724 3212 2789 dominii

492 2807 896 2873 Veneciarum
965 2814 1028 2872 et
1094 2808 1170 2873 de
1241 2812 1355 2874 sub
1424 2812 1735 2891 potestate
1802 2815 1867 2873 et
1913 2811 2132 2876 baculo
2177 2817 2487 2878 rectorum
2557 2832 2665 2878 seu
2713 2813 2971 2878 rectoris
3018 2813 3212 2895 ipsius

489 2897 698 2971 castri,
750 2896 906 2979 quod
947 2896 1064 2977 ipsi
1107 2897 1341 2961 domini
1392 2898 1632 2979 Progon
1701 2902 1765 2963 et
1815 2898 2023 2963 'Pauus
2088 2901 2417 2964 teneantur
2464 2903 2527 2964 et
2557 2901 2821 2966 debeant
2852 2900 2926 2966 ad
2961 2918 3210 2964 omnem

492 2983 954 3065 requisitionem
1006 2984 1235 3048 domini
1284 2984 1457 3049 ducis
1507 2986 1570 3050 et
1621 2986 1878 3050 dominii
1925 2986 2353 3062 Veneciarum,
2403 3008 2512 3053 seu
2561 2992 2873 3054 rectorum
2934 2988 3031 3052 vel
3078 2986 3215 3052 offi-

492 3071 747 3135 cialium
796 3089 1046 3134 suorum
1093 3071 1231 3135 illos
1279 3072 1436 3136 tales
1484 3072 1910 3137 malefactores
1958 3078 2021 3137 et
2065 3075 2328 3139 rebelles
2379 3094 2597 3158 capere
2667 3081 2729 3141 et
2774 3076 2923 3141 dare
2964 3076 3029 3140 in
3077 3092 3210 3138 ma-

493 3159 673 3222 nibus
722 3159 1161 3238 predictorum,
1211 3159 1309 3224 vel
1355 3159 1521 3241 ipsos
1564 3160 1753 3225 cecidi
1801 3161 2006 3226 facere
2052 3180 2162 3244 pro
2210 3167 2282 3227 ut
2343 3163 2433 3228 eis
2479 3163 2669 3229 fuerit
2726 3163 3100 3248 requisitum
3146 3162 3212 3225 et

487 3246 860 3309 ordinatum.

698 3333 856 3397 Item
907 3333 1181 3415 prefatus
1229 3334 1510 3400 dominus
1557 3335 1916 3417 capitaneus
1961 3355 2072 3418 pro
2121 3356 2232 3402 sua
2266 3338 2682 3403 consolatione
2727 3338 2976 3403 nomine
3007 3338 3212 3402 mutui

490 3439 674 3502 super
719 3425 892 3501 parte
940 3424 1260 3502 spectante
1308 3423 1459 3505 ipsis
1507 3423 1771 3487 dominis
1822 3424 2067 3507 Progon
2100 3428 2164 3488 et
2207 3425 2413 3501 Tanus
2462 3426 2537 3491 de
2586 3425 2970 3490 utilitatibus
3026 3424 3213 3490 castri

491 3508 807 3589 promittit
851 3509 997 3571 dare
1046 3507 1298 3587 prefatis
1345 3509 1612 3574 dominis
1660 3512 1917 3575 ducatos
1964 3515 2283 3578 sexcentos
2327 3532 2515 3578 causa
2563 3514 2768 3578 mutui
2817 3518 2887 3578 ut
2934 3531 3120 3596 supra
3151 3513 3208 3576 in

486 3594 764 3659 Venetiis
812 3596 1175 3677 cuicumque
1224 3598 1313 3661 eis
1359 3596 1683 3679 placuerit.

696 3683 853 3746 Item
906 3684 1039 3747 vult
1092 3683 1366 3765 prefatus
1409 3684 1698 3750 dominus
1744 3687 2122 3767 capitaneus,
2166 3687 2326 3767 quod
2364 3689 2518 3752 dicti
2566 3689 2796 3752 domini
2861 3688 3105 3769 Progon
3150 3691 3214 3749 et

485 3769 691 3834 'Pauus
740 3789 848 3835 nec
894 3769 1122 3852 aliquis
1169 3771 1346 3848 alter,
1396 3772 1500 3854 qui
1547 3773 1791 3838 haberit
1839 3775 1954 3838 sub
2003 3793 2067 3837 se
2114 3774 2374 3838 villanos
2409 3775 2537 3839 sive
2567 3776 2888 3852 vassallos,
2922 3793 3044 3840 non
3068 3792 3214 3856 pos-

486 3859 614 3921 sint
660 3876 772 3921 nec
818 3858 1088 3922 debeant
1130 3862 1331 3923 artare
1378 3859 1650 3943 aliquem
1700 3861 1775 3924 de
1821 3862 1952 3925 suis
2001 3861 2247 3926 villanis
2295 3863 2425 3929 sive
2493 3863 2786 3927 vassallis
2847 3864 2923 3928 ad
2971 3860 3205 3944 aliquid

486 3945 831 4010 faciendum
880 3946 1046 4010 ultra
1090 3946 1221 4025 hec,
1269 3947 1430 4029 quod
1495 3947 1615 4011 sibi
1687 3950 1977 4012 tenentur
2044 3968 2152 4031 pro
2215 3949 2453 4015 iuribus
2523 3950 2680 4026 suis;
2763 3954 2826 4013 et
2871 3951 2926 4015 si
2973 3948 3212 4032 aliquid

484 4032 785 4097 baberent
827 4051 1010 4116 agere
1057 4052 1197 4098 cum
1246 4035 1559 4116 aliquibus
1602 4054 1674 4099 ex
1721 4037 1853 4100 suis
1899 4036 2276 4111 hominibu8‚
2329 4038 2596 4103 debeant
2640 4040 2851 4120 petere
2884 4039 2980 4103 ius
3013 4055 3051 4101 a
3082 4055 3215 4101 rec·

485 4121 618 4185 tore
666 4122 968 4185 existente
1016 4122 1077 4186 in
1125 4122 1290 4186 dicto
1335 4124 1536 4186 castro
1583 4121 1659 4189 de
1709 4123 1907 4187 Lesio.

574 4225 1152 4290 Commemorialium
1210 4229 1402 4290 VIII.
1435 4231 1582 4304 181,
1632 4249 1675 4291 u
1719 4232 1874 4291 mlet.
1921 4233 2158 4293 arkivu.

807 4434 1305 4520 cochm.
1360 4434 1565 4518 sou.
1621 4436 1843 4520 1393.
1897 4436 2003 4520 20
2056 4440 2344 4541 ruina,
2395 4462 2458 4522 ιι
2509 4439 2899 4526 metam.

693 4576 1130 4642 Committitur
1195 4579 1518 4661 capitaneo
1582 4578 1898 4656 Durachii,
1964 4585 2128 4665 quod
2188 4583 2534 4650 executioni
2608 4585 2864 4651 mandet
2928 4587 3212 4652 ordinem

483 4662 650 4727 circa
695 4663 857 4741 illos,
902 4664 1005 4747 qui
1052 4665 1272 4730 vivunt
1315 4669 1489 4732 extra
1534 4665 1941 4748 Durachium,
1992 4671 2214 4753 quibus
2246 4673 2620 4754 permissum
2663 4671 2790 4738 fuit
2836 4674 2900 4739 in
2933 4674 3206 4760 patriam
