3620 5282
2933 364 3056 435 381

346 548 571 612 dictam
626 546 1024 610 medietatem
1074 546 1136 608 et
1182 544 1307 608 suis
1352 542 1681 607 heredibus
1730 543 1974 606 firmare
2006 547 2068 605 et
2109 543 2396 605 roborare
2433 545 2629 621 mode,
2665 565 2783 628 quo
2815 548 3069 631 possent

348 636 609 710 meliori,
661 635 816 717 quod
869 635 920 697 si
971 633 1169 696 facere
1217 632 1534 695 noluerint
1578 632 1676 694 vel
1726 649 1845 694 non
1889 633 2256 707 curaverint,
2308 633 2532 696 extunc
2583 635 2713 715 ipso
2782 635 2945 700 facto
2992 637 3053 699 in

350 725 517 788 dicta
584 742 741 806 pena
823 727 1069 785 centnm
1139 739 1481 784 marcarum
1549 720 1828 783 incurere
1898 721 2178 797 debeant,
2240 722 2305 783 et
2373 721 2814 787 nichilominus
2865 724 3069 788 omnia

349 813 791 895 compromissa
835 811 1237 893 permaneant
1284 809 1342 870 in
1393 826 1503 871 suo
1549 809 1781 882 robore,
1836 808 1946 869 hoc
1995 809 2182 870 etiam
2231 809 2489 886 adiect0,
2541 813 2699 892 quod
2752 814 2799 876 si
2858 811 3065 893 aliquo

350 907 627 983 tempore
677 902 736 962 in
795 915 1074 979 processu
1122 898 1455 979 quispijam
1494 915 1564 958 ex
1615 895 1956 977 parentella
2013 896 2314 959 dictorum
2390 897 2736 974 PribconiS‚
2787 899 3068 979 Cwitani,

350 988 624 1071 Georgii,
674 987 842 1049 Iwan
880 990 943 1049 et
991 985 1271 1061 Cwitani,
1322 984 1526 1064 Filiph
1579 988 1641 1047 et
1686 985 1948 1046 Iwkonis
2000 985 2069 1046 de
2121 981 2486 1067 Conschijan
2521 986 2594 1049 de
2633 989 2797 1050 dicta
2841 989 3069 1051 medio-

351 1081 477 1141 tate
528 1076 829 1141 Ratkonis
877 1074 1150 1156 aliquam
1204 1073 1426 1136 habere
1476 1074 1712 1153 partem
1762 1072 2096 1149 videretur,
2139 1091 2208 1135 ex
2260 1077 2406 1135 tunc
2452 1074 2566 1154 ipsi
2619 1083 2923 1139 eteorum
2964 1078 3070 1139 he·

352 1165 527 1228 redes
575 1166 916 1229 Ratkonem
965 1167 1027 1226 et
1071 1180 1211 1225 suos
1259 1162 1508 1224 heredes
1557 1161 1613 1222 in
1649 1160 1816 1223 dicta
1852 1160 2187 1223 medietate
2214 1160 2601 1242 indempnem
2639 1171 3071 1228 conservantes

352 1253 526 1317 iuxta
570 1252 1035 1333 compromissa,
1085 1249 1161 1311 de
1209 1249 1446 1312 residua
1492 1251 1662 1329 parte
1711 1249 1906 1330 ipsius
1968 1248 2126 1312 linee
2173 1251 2652 1330 generacionalis
2721 1268 2824 1315 seu
2893 1255 3072 1316 funis

353 1361 558 1404 eorum
607 1341 865 1405 cuilibet
909 1337 1263 1401 satisfacere
1310 1338 1574 1400 debeant
1639 1341 1703 1399 et
1772 1343 2097 1399 teneantur
2145 1356 2292 1418 pena
2343 1338 2457 1400 sub
2505 1340 2832 1419 premissa.
2882 1344 2944 1402 et
2995 1345 3072 1406 ad

354 1431 464 1494 boc
513 1430 792 1492 dedimus
842 1426 1164 1508 pristaldos
1214 1424 1531 1488 Nicolaum
1583 1425 1777 1487 filium
1826 1424 2123 1488 Johannis
2163 1425 2569 1503 Dminetiscb‚
2643 1427 3060 1493 Wlatkouem

353 1517 671 1582 Jessevich
744 1518 817 1578 de
888 1514 1189 1587 Cvitnich,
1265 1513 1516 1576 Petrum
1588 1513 1784 1576 filium
1857 1511 2231 1586 Herendich,
2307 1516 2622 1597 Duymum
2689 1514 3071 1595 Bilzaevich,

358 1605 690 1685 Georgium
742 1604 939 1667 filium
992 1604 1200 1685 Budoy
1248 1603 1319 1665 de
1365 1600 1638 1682 Vzdolya
1686 1605 1750 1664 et
1795 1600 2150 1664 Marconem
2222 1600 2417 1664 filium
2485 1602 2684 1667 Drask
2732 1604 2806 1667 de
2856 1605 3076 1668 Petra-

361 1695 645 1756 kovanaz.
701 1693 763 1754 lu
813 1694 986 1753 cuius
1024 1692 1104 1753 rei
1154 1690 1580 1752 testiinonium
1632 1694 2111 1771 perpetuamque
2162 1689 2530 1753 firmitatem*
2570 1695 2881 1772 presentes
2933 1712 3074 1757 nos-

357 1784 589 1844 trorum
638 1779 985 1861 sigillorum
1039 1779 1434 1858 pendencium
1507 1778 1843 1842 munimine
1893 1778 2211 1841 roboratas
2267 1778 2464 1840 eidem
2515 1779 2787 1843 Ratkoni
2836 1783 2900 1844 et
2946 1783 3074 1845 suis

355 1867 684 1932 heredibus
729 1868 1015 1930 duximus
1054 1867 1484 1930 concedendas.
1536 1865 1762 1929 Datum
1813 1865 1961 1928 feria
2008 1867 2270 1929 secunda
2329 1866 2606 1949 proxima
2654 1871 2794 1931 ante
2843 1867 3069 1933 festum

364 1958 527 2020 beati
576 1956 988 2019 Bartholomei
1036 1953 1317 2035 apostoli,
1360 1973 1517 2017 anuo
1564 1953 1791 2016 domiui
1847 1953 2065 2018 MCCC
2118 1957 2519 2036 nonagesimo
2560 1959 2750 2019 sexto.

443 2066 728 2125 Izvornik
774 2084 855 2123 na
893 2067 1236 2137 pergameni
1286 2083 1319 2120 u
1366 2065 1700 2120 ›teletaclcom
1749 2065 1965 2120 arkizm
2013 2065 2094 2120 br.
2148 2067 2265 2132 41„
2311 2082 2380 2122 sa
2429 2067 2466 2120 4
2531 2065 2725 2123 viseca
2761 2067 2995 2137 pecata,
3042 2084 3081 2125 a

437 2156 566 2227 peti
607 2171 669 2212 se
712 2156 1002 2227 iztrqnuO.

712 2341 1059 2425 DXXV.
1113 2341 1310 2423 God.
1375 2340 1598 2422 1396.
1652 2340 1749 2423 22
1804 2342 2172 2442 travnja‚
2229 2361 2284 2420 u
2341 2339 2727 2423 Mletcih.

365 2490 601 2548 Izabire
659 2505 721 2546 se
779 2487 1076 2559 providear
1137 2503 1211 2543 ea
1273 2486 1530 2561 Skaclar‚
1602 2492 1656 2544 te
1717 2505 1818 2544 mu
1863 2503 1924 2543 se
1960 2487 2288 2558 podieljuje
2335 2488 2605 2559 naputcdc
2655 2490 2675 2545 ι’
2720 2489 3079 2562 opredjeluje

1612 2576 1816 2648 plac'a.

584 2678 767 2744 1396.
839 2679 1171 2743 indictione
1244 2683 1481 2762 quarta,
1559 2682 1653 2744 die
1726 2679 2025 2761 vigesimo
2098 2679 2369 2743 secundo
2436 2681 2703 2762 augusti.
2757 2681 3081 2763 Sapientes

365 2770 607 2834 consilii
655 2778 719 2831 et
764 2769 1073 2850 sapientes
1118 2768 1418 2831 ordinum.
1473 2767 1714 2850 Capta:
1785 2769 1929 2849 quia
1999 2769 2398 2831 consideratis
2477 2769 2957 2846 condicionibus,
3020 2770 3085 2833 in

368 2859 591 2940 quibus
638 2857 711 2919 ad
758 2875 1010 2938 presens
1058 2875 1273 2918 sumus
1321 2856 1382 2919 in
1435 2857 1716 2937 partibus
1767 2855 2012 2919 Scutari
2061 2861 2123 2919 et
2171 2855 2454 2932 Albanio,
2520 2861 2616 2920 est
2681 2857 2832 2921 utile
2881 2858 3081 2939 provi-

369 2949 508 3010 dere
556 2964 668 3027 pro
715 2944 879 3008 omni
932 2944 1088 3008 bono
1138 2958 1434 3025 respectu,
1486 2946 1640 3026 quod
1691 2945 2031 3007 habeamus
2081 2963 2267 3006 unum
2319 2945 2543 3007 bonum
2579 2949 2642 3008 et
2673 2946 3078 3010 sufficientem

370 3037 671 3098 rectorem
713 3034 771 3095 in
822 3033 1070 3096 civitate
1120 3031 1384 3100 Scutari.
1437 3042 1498 3095 et
1544 3035 1644 3114 qui
1694 3036 1851 3095 sciat
1899 3051 2107 3114 regeri·
2157 3036 2217 3095 et
2267 3034 2580 3114 providere
2622 3033 2698 3098 ad
2769 3034 2898 3111 illa,
2964 3053 3080 3116 que

371 3125 715 3186 necessaria
759 3121 990 3184 fuerint
1041 3123 1102 3184 in
1153 3122 1318 3184 dicta
1363 3131 1715 3192 contracta:
1769 3122 1936 3184 vadit
1987 3142 2143 3201 pars,
2193 3124 2349 3202 quod
2403 3123 2463 3183 in
2509 3123 2664 3185 bona
2712 3122 2916 3204 gratia
2973 3122 3086 3185 fiat

373 3229 483 3293 pro
531 3211 654 3273 ista
705 3209 829 3273 vice
876 3212 1121 3273 tantum
1172 3228 1280 3291 per
1325 3210 1475 3273 duas
1528 3229 1741 3273 manus
1789 3211 2156 3273 electionum
2208 3214 2270 3272 et
2320 3229 2439 3273 uua
2490 3229 2592 3290 per
2663 3211 3078 3292 scruptinium

373 3301 534 3362 inter
580 3298 914 3369 dominum,
954 3297 1357 3374 consiliarios,
1407 3298 1611 3379 capita
1655 3304 1717 3361 et
1748 3299 2052 3378 sapientes
2086 3298 2401 3379 utriusque
2440 3316 2653 3361 manus
2686 3318 2840 3362 uuus
2873 3317 3079 3363 comes

373 3389 436 3451 et
480 3386 839 3467 capitaneus
887 3384 1127 3449 Scutari
1176 3407 1279 3469 per
1328 3388 1474 3451 duos
1521 3405 1711 3450 annos
1774 3389 1839 3449 et
1900 3389 2141 3449 tantum
2195 3386 2353 3466 pluS‚
2400 3391 2701 3467 quantum
2746 3406 2892 3449 snus
2941 3406 3079 3450 suc-

374 3493 580 3538 cessor
620 3474 976 3538 defferreret
1012 3473 1160 3537 illuc
1207 3477 1314 3547 ire,
1363 3475 1462 3557 qui
1516 3478 1714 3557 possit
1759 3474 1952 3555 accipi
2000 3477 2069 3536 de
2117 3476 2278 3537 omni
2320 3473 2451 3537 loco
2499 3478 2563 3536 et
2594 3474 2790 3538 offitio
2824 3479 2886 3538 et
2921 3476 3074 3539 indi-

371 3567 513 3627 catu
561 3563 928 3645 petitionum
979 3567 1042 3625 et
1086 3563 1160 3625 de
1210 3564 1351 3627 aliis
1397 3563 1615 3627 officiis
1663 3563 2090 3635 existentibu8‚
2159 3568 2224 3625 nt
2287 3567 2432 3625 sunt
2477 3564 2783 3626 auditores
2831 3569 3079 3627 senten-

373 3652 628 3722 ciarum,
678 3652 1018 3732 provisores
1070 3651 1233 3716 bladi
1282 3655 1345 3715 et
1389 3650 1515 3728 alii,
1565 3653 1615 3715 si
1680 3652 1783 3733 qui
1831 3651 2047 3728 forent,
2122 3651 2224 3733 qui
2268 3654 2551 3714 teneatur
2600 3652 2968 3733 respondere
3008 3672 3079 3717 ea

373 3741 487 3815 die,
530 3759 651 3822 qna
698 3738 884 3802 fuerit
951 3739 1184 3804 electus
1254 3741 1348 3804 vel
1427 3741 1709 3821 sequenti
1781 3758 1885 3821 per
1952 3739 2109 3802 diem
2171 3750 2230 3802 et
2280 3741 2556 3803 recedere
2605 3758 2713 3821 pro
2762 3740 2957 3803 eundo
3009 3742 3082 3802 ad

373 3847 554 3892 suum
604 3827 871 3903 reginem
920 3827 1281 3909 predictum,
1332 3828 1494 3892 sicut
1539 3834 1599 3891 et
1647 3829 1888 3910 quando
1936 3828 2051 3891 sibi
2102 3848 2204 3908 per
2250 3828 2591 3891 dominium
2665 3825 2851 3891 fuerit
2928 3828 3090 3890 ordi-

377 3921 615 3980 natum.
665 3914 908 3979 Habeat
952 3918 1024 3978 de
1071 3916 1297 3980 salario
1346 3917 1538 3980 libras
1587 3918 1925 3999 nonaginta
1987 3934 2338 3997 grossorum
2401 3935 2457 3978 in
2524 3935 2681 3981 anno
2745 3922 2806 3979 et
2856 3917 3089 3980 ratione

378 4006 541 4080 anni,
592 4005 942 4086 recipiendo
989 4003 1089 4068 hic
1135 4024 1356 4088 pagam
1408 4006 1586 4069 unius
1633 4007 1797 4080 anni,
1846 4007 1918 4068 ut
1961 4005 2155 4086 possit
2197 4006 2346 4068 bene
2391 4023 2456 4067 se
2504 4002 2719 4067 fulcire
2776 4004 2848 4066 de
2898 4005 3084 4068 rebus

380 4092 760 4163 necessariis,
809 4096 881 4156 ut
911 4091 986 4155 de
1032 4094 1272 4159 residuo
1315 4094 1431 4157 sibi
1481 4095 1681 4158 solvat
1724 4092 1801 4155 de
1848 4093 2050 4155 tribus
2098 4093 2157 4155 in
2210 4099 2331 4156 tres
2383 4111 2620 4156 menses
2695 4092 2768 4155 de
2817 4093 3087 4156 introiti-

379 4179 493 4243 bus
539 4181 754 4244 deinde
802 4180 878 4243 ad
928 4182 1225 4245 rationem
1276 4200 1624 4264 grossorum
1676 4181 2197 4263 trigintaquatuor
2261 4199 2366 4262 pro
2427 4180 2650 4243 ducato
2720 4180 2794 4243 de
2843 4184 3085 4245 moneta

378 4269 488 4332 illa
550 4287 670 4332 non
716 4268 995 4332 habendo
1044 4270 1310 4352 aliquam
1359 4271 1548 4333 aliam
1595 4269 1912 4353 regaliam,
1960 4269 2296 4331 utilitatem
2368 4269 2466 4332 vel
2537 4268 3085 4346 honorificentiam,

378 4357 482 4420 sed
526 4374 737 4421 omues
784 4357 1350 4441 quomodocumque
1377 4360 1688 4441 pervenire
1716 4359 1972 4421 debeant
1999 4359 2055 4420 in
2086 4361 2360 4420 nostrum
2395 4375 2738 4433 commune,
2775 4357 3089 4422 vendendo

381 4462 487 4508 seu
535 4446 713 4509 vendi
759 4444 1041 4510 faciendo
1089 4447 1252 4528 ipsas
1300 4446 1375 4509 ad
1419 4446 1738 4528 publicum
1790 4447 2127 4517 incautum,
2159 4450 2222 4508 et
2269 4446 2534 4508 notando
2579 4446 2871 4520 ordinate,
2921 4445 3082 4527 quod

382 4535 446 4594 et
490 4536 791 4614 quantum
839 4552 908 4596 ac
956 4535 1178 4615 quibus
1225 4534 1467 4598 vendite
1512 4534 1759 4609 fuerint‚
1813 4537 1876 4598 et
1923 4535 2243 4615 pecuniam
2322 4534 2592 4615 ponendo
2664 4533 2739 4595 ad
2783 4535 3085 4596 rationem

382 4622 725 4684 nostrorum
773 4621 1160 4698 introituum,
1214 4628 1281 4686 ut
1321 4621 1481 4687 clare
1530 4642 1770 4703 semper
1819 4621 2008 4685 videri
2059 4622 2324 4703 possiut3
2385 4621 2543 4704 quod
2607 4620 2903 4684 salarium
2951 4641 3098 4702 per-

382 4707 610 4772 servire
658 4708 913 4789 incipiat
959 4710 1074 4785 dia,
1125 4730 1244 4794 qua
1287 4712 1620 4775 descendet
1668 4712 1727 4773 in
1772 4712 2002 4773 terram
2054 4711 2114 4771 in
2164 4711 2443 4790 partibus
2493 4707 2734 4771 Scutari
2804 4708 2897 4772 vel
2948 4710 3080 4771 Du-

381 4795 568 4860 rachii
607 4815 714 4861 seu
760 4798 823 4861 in
866 4798 1008 4861 aliis
1052 4800 1334 4880 partibus
1380 4799 1621 4877 deinde,
1670 4797 1777 4866 ubi
1844 4798 2292 4863 deliberaretur
2358 4816 2465 4881 per
2525 4797 2693 4861 istud
2756 4795 3082 4860 consilium
