3620 5282
3012 340 3094 407 91

372 516 508 581 tum
555 513 980 599 ducatorum);
1029 513 1238 597 elapso
1286 532 1428 580 vero
1473 514 1639 581 dicto
1681 515 1946 584 termino
1990 517 2125 584 sine
2169 515 2414 596 effectu,
2462 514 2818 598 capitaneus
2862 516 2927 579 et
2971 534 3105 581 rec-

374 601 1007 756 {ggissfggittffllm'ilttant
1049 600 1209 667 bona
1252 620 1363 667 sua
1409 601 1780 739 ubicumque
1828 605 2079 689 reperiri
2127 605 2417 689 poterunt
2461 621 2653 686 usque
2685 606 2763 669 ad
2796 603 3105 688 integram

462 798 643 859 uisci
692 798 964 859 XXXII
1012 802 1113 872 41,
1154 819 1194 862 u
1241 801 1395 862 mlct.
1444 801 1676 863 arkivu.

805 1022 1051 1106 CLX.
1108 1026 1314 1109 God.
1368 1027 1589 1109 1367.
1647 1029 1698 1110 6
1755 1026 2123 1128 svibnja,
2177 1049 2237 1108 u
2288 1027 2678 1111 Mletcill.

530 1165 887 1241 Donvobeno
930 1185 1132 1244 ηραν.-
1108 1170 1260 1228 -.arv
1295 1170 1622 1244 poszaniku
1657 1170 1831 1245 proci
1880 1187 1912 1230 s
1944 1169 2221 1230 druibom
2270 1187 2310 1229 u
2363 1167 2550 1244 Cipar
2594 1170 2664 1230 ιιι·
2705 1187 2748 1229 u
2794 1170 2947 1230 Roa.

596 1283 782 1349 1367.
832 1284 931 1350 die
976 1286 1065 1352 VI
1114 1288 1280 1352 maii.
1330 1279 1390 1353 Si
1443 1288 1685 1354 videtur
1731 1287 1905 1354 vobis
1954 1307 2062 1371 per
2108 1307 2199 1367 ea,
2249 1307 2365 1369 que
2412 1287 2579 1353 dicta
2619 1290 2682 1351 et
2728 1288 2889 1354 lecta
2940 1288 3107 1366 sunt,

381 1370 539 1453 quod
588 1369 709 1437 iste
756 1373 1117 1439 ainbaxator
1163 1375 1396 1441 domini
1461 1376 1625 1459 regis
1671 1377 1990 1459 Hungarie
2055 1395 2196 1440 cum
2262 1374 2383 1439 VII
2443 1374 2537 1440 vel
2604 1374 2753 1440 VIII
2808 1376 3106 1459 personis,

381 1458 542 1523 sicut
584 1464 836 1542 apparet
878 1480 989 1543 per
1033 1462 1275 1527 litteras
1318 1462 1595 1528 eiusdem
1642 1463 1876 1529 domini
1923 1463 2087 1546 regis
2136 1460 2445 1544 patentes
2476 1464 2539 1526 et
2600 1462 2864 1541 clausas,
2922 1462 3111 1526 intel-

379 1544 616 1627 ligatur
659 1546 735 1612 de
783 1548 1059 1629 personis
1104 1549 1435 1633 prohibitis
1480 1551 1569 1615 ire
1616 1552 1680 1616 in
1728 1551 1982 1634 Ciprum
2033 1550 2128 1617 vel
2175 1550 2421 1615 Rodum
2451 1569 2559 1632 per
2584 1552 2825 1633 partem
2860 1549 3109 1633 captam

386 1633 448 1696 in
496 1634 615 1697 isto
661 1634 916 1700 consilio
962 1635 1060 1700 die
1106 1638 1306 1720 primo
1353 1637 1585 1702 mensis
1633 1638 1785 1701 maii
1831 1637 2135 1718 presentis
2181 1636 2276 1702 vel
2324 1655 2464 1702 non.

594 1719 706 1785 Ser
750 1723 973 1788 Petrus
1016 1723 1223 1803 Sten0,
1269 1744 1365 1790 ser
1427 1725 1679 1790 Marcus
1739 1725 2003 1803 Dolfin0,
2067 1744 2166 1789 ser
2227 1724 2457 1788 Paulus
2518 1721 2689 1788 Geuo
2747 1721 3107 1788 consiliarii.

386 1808 635 1874 Prima·
687 1810 848 1892 quod
893 1829 1010 1875 non
1057 1812 1466 1895 intelligatur,
1515 1814 1678 1896 quod
1723 1812 1812 1877 ire
1860 1811 2056 1895 possit
2100 1810 2251 1888 202,
2322 1810 2469 1888 224,
2536 1809 2683 1888 229,
2748 1808 2895 1885 230,
2959 1809 3109 1875 234.

595 1893 708 1961 Ser
763 1897 1132 1963 Franciscus
1183 1898 1583 1978 Manroceno,
1651 1918 1747 1963 ser
1805 1900 2175 1965 Franciscus
2234 1860 2604 1981 ’Bragadinm
2668 1915 2767 1962 ser
2833 1897 3110 1962 Marinus

384 1983 660 2062 Fuscari,
708 1984 914 2066 capita
958 1986 1069 2050 XL
1113 1987 1246 2052 loco
1314 1987 1822 2052 consiliariorum.
1884 1985 2209 2053 Secundaz·
2262 1986 2420 2068 quod
2479 1984 2885 2067 intelligatur
2949 1985 3108 2067 quod

385 2072 471 2136 ire
516 2089 634 2137 non
680 2072 875 2153 possit
921 2072 1070 2151 227,
1119 2072 1266 2150 230,
1316 2076 1465 2152 233,
1515 2075 1662 2152 232,
1713 2074 1860 2139 233.
1903 2074 2040 2138 Νοιι
2087 2074 2307 2137 sinceri
2356 2074 2459 2149 40,
2510 2071 2615 2148 39,
2660 2071 2765 2151 39,
2829 2071 2938 2149 29,
3002 2071 3105 2134 31.

592 2158 828 2224 Iterum
878 2159 1078 2242 posite
1124 2161 1374 2226 fuerunt
1419 2163 1582 2227 dicte
1632 2164 1857 2243 partes,
1908 2161 2214 2245 videlicet,
2261 2162 2441 2242 capta
2486 2159 2702 2242 prima,
2766 2158 2927 2242 quod
2989 2176 3110 2222 non

390 2246 775 2330 intelligatur
822 2247 883 2310 in
930 2248 1124 2330 parte,
1173 2250 1237 2312 et
1282 2250 1442 2332 quod
1488 2249 1578 2313 ire
1624 2250 1824 2333 possit
1868 2248 2033 2325 306;
2082 2249 2349 2313 secunda
2394 2246 2552 2330 quod
2599 2247 2987 2330 intelligatur
3048 2249 3113 2310 et

391 2334 554 2416 quod
600 2333 690 2399 ire
736 2352 859 2399 non
899 2334 1096 2417 possit
1140 2336 1301 2413 232;
1351 2356 1468 2401 ιιοιι
1514 2336 1738 2402 sinceri
1777 2336 1883 2400 36.

472 2441 685 2502 Maius
729 2443 1062 2503 consilium.
1107 2444 1358 2504 Novella
1401 2446 1542 2515 106,
1588 2463 1631 2505 ιι
1670 2446 1825 2506 mlel.
1874 2446 2108 2505 arkivu.

774 2688 1071 2770 CLXI.
1124 2688 1332 2771 God.
1386 2691 1605 2773 1367.
1660 2689 1754 2773 13
1809 2690 2171 2790 svlbnja‚
2225 2710 2285 2769 u
2340 2688 2727 2770 Mletclh.

592 2826 957 2891 Prohibitur
1024 2827 1226 2893 facere
1296 2830 1654 2895 societatem
1715 2848 1826 2912 pro
1888 2828 2142 2893 emendo
2203 2829 2533 2911 argentum
2594 2827 2884 2910 tanquam
2935 2827 3111 2891 inho·

386 2915 630 2979 nestum
680 2915 794 2979 sub
841 2932 1039 2997 poena
1094 2915 1427 2982 solidorum
1485 2918 1543 2982 X
1605 2936 1713 2999 pro
1773 2917 1936 2981 libra
1995 2918 2059 2981 et
2118 2916 2296 2980 unius
2353 2914 2495 2979 anni
2553 2915 2835 2980 carceris.
2908 2915 3109 2988 ¹‚Item

384 3002 547 3083 quod
595 3001 826 3077 nullus,
875 3002 1315 3085 cuiuscumque
1359 3003 1722 3069 conditionis
1774 3004 2017 3079 existat,
2066 3003 2291 3067 audeat
2335 3003 2432 3066 vel
2486 3004 2806 3083 presumat
2866 3003 2954 3066 ire
3010 3002 3110 3066 vel

385 3088 638 3153 mittere
680 3088 758 3152 ad
802 3089 1181 3154 vendendum
1231 3091 1481 3174 aliquod
1528 3092 1853 3174 argentum
1906 3090 2412 3166 Theothonicum‚
2463 3090 2818 3172 Raguseum
2878 3089 2973 3153 vel
3017 3087 3109 3152 al-

386 3175 584 3240 terius
631 3176 1068 3259 cuiuscumque
1115 3179 1409 3242 maneriei
1475 3177 1590 3243 nisi
1654 3181 1726 3243 ad
1768 3178 2085 3261 publicum
2148 3178 2462 3242 incautum
2526 3176 2600 3240 ad
2657 3175 3107 3260 campanellam

384 3264 501 3327 sub
547 3262 713 3328 dicta
757 3282 915 3346 pena
962 3263 1296 3330 solidorum
1344 3266 1403 3330 X
1448 3285 1556 3348 pro
1601 3266 1777 3331 libris
1819 3267 1946 3331 tam
1995 3264 2112 3342 illi,
2160 3265 2264 3346 qui
2336 3263 2499 3329 irent
2551 3282 2660 3346 pro
2713 3283 2780 3328 se
2840 3264 3108 3347 proprio,

386 3368 570 3433 quam
620 3349 716 3413 illi
765 3352 863 3415 vel
904 3351 1052 3429 illis,
1116 3354 1217 3433 qui
1267 3352 1433 3418 irent
1492 3373 1598 3435 pro
1657 3351 1818 3430 aliis,
1883 3356 1949 3417 et
2006 3351 2297 3416 similiter
2357 3352 2679 3417 subiaceat
2737 3351 2901 3416 dicte
2963 3370 3113 3432 pene

386 3436 671 3514 carceris,
719 3439 790 3501 ut
834 3440 1112 3520 superius
1159 3438 1397 3504 dictum
1444 3443 1559 3518 est,
1607 3443 1671 3505 et
1715 3441 1989 3522 predicta
2037 3439 2512 3505 committantur
2559 3439 2920 3523 inquirenda
2972 3456 3112 3522 pro-

384 3524 688 3590 visoribus
734 3524 1081 3589 communis
1127 3528 1192 3591 et
1236 3530 1519 3592 catavere
1563 3529 1721 3594 etc.“

468 3632 650 3691 Misti
698 3628 976 3692 XXXII
1016 3634 1118 3702 49,
1159 3650 1202 3693 ιι
1240 3634 1398 3694 mlet.
1445 3635 1678 3695 arkivu.
1727 3707 1738 3720 ,

682 3856 1025 3941 CLXII.
1079 3855 1285 3940 God.
1341 3858 1560 3940 1367.
1612 3857 1710 3939 22
1762 3859 2257 3958 studenoga‚
2309 3881 2369 3940 u
2426 3856 2814 3940 Mletcih.

594 3996 895 4078 Captum:
968 3995 1162 4080 „quod
1228 4016 1336 4079 pro
1398 3997 1782 4082 expeditione
1842 4000 1906 4062 et
1965 3998 2123 4063 bono
2178 3998 2453 4062 omnium
2519 3996 2927 4062 mercatorum
2980 3999 3110 4058 tam

386 4082 971 4162 Theuthonicorum‚
1020 4084 1472 4166 Raguxeorum,
1522 4104 1705 4168 quam
1757 4085 2021 4151 aliorum
2080 4084 2471 4149 vendentium
2535 4102 2715 4148 suum
2781 4082 3108 4165 argentum

387 4172 463 4235 ad
511 4171 827 4235 incautum
876 4169 1213 4247 ordinetur,
1288 4174 1448 4255 quod
1494 4171 1571 4236 de
1618 4177 1819 4237 cetero
1856 4191 2089 4249 omnes,
2141 4172 2243 4253 qui
2292 4170 2555 4235 emerint
2599 4175 2925 4254 argentum
2973 4168 3111 4233 affi-

383 4259 601 4323 natum
643 4258 708 4320 et
754 4276 870 4322 non
915 4257 1259 4335 affinatum,
1310 4261 1637 4323 teneantur
1681 4261 1746 4323 et
1799 4260 2060 4325 debeant
2125 4259 2327 4323 facere
2402 4257 2721 4338 ponderari
2789 4255 2942 4320 illud
3012 4273 3112 4320 ar-

382 4347 635 4429 gentum
685 4343 796 4409 illa
842 4346 959 4422 die,
1009 4364 1131 4428 qua
1178 4347 1380 4428 ipsum
1430 4346 1697 4410 emerint
1738 4347 1836 4409 vel
1883 4345 2005 4412 alia
2050 4343 2333 4429 sequenti
2369 4343 2727 4408 immediate
2783 4361 2975 4425 usque
3033 4342 3111 4407 ad

382 4449 667 4514 vesperas
713 4431 829 4495 sub
876 4450 1033 4513 pena
1078 4432 1413 4497 solidorum
1462 4434 1523 4498 Il
1571 4451 1681 4515 pro
1727 4433 1908 4512 libra,
1957 4437 2019 4498 et
2064 4433 2298 4498 dictum
2347 4432 2674 4514 argentum
2733 4429 2822 4495 sic
2883 4428 3110 4511 ponde-

382 4520 589 4583 ratum
640 4537 758 4583 non
805 4519 1082 4601 accipere
1129 4520 1228 4585 vel
1276 4539 1520 4586 movere
1566 4522 1640 4584 de
1686 4539 1870 4602 super
1914 4519 2148 4585 bancho
2195 4519 2552 4584 officialium
2594 4517 2857 4600 argenti,
2920 4518 3109 4582 donec

387 4607 555 4672 facta
600 4605 790 4671 fuerit
834 4605 1063 4671 solutio
1110 4607 1352 4691 integra
1399 4608 1548 4673 dicti
1590 4606 1838 4688 argenti
1884 4607 1947 4673 in
1992 4607 2250 4690 pecunia
2293 4606 2618 4673 numerata
2662 4608 2813 4670 etc.“

466 4712 647 4773 Misia·
693 4712 965 4774 XXXII
1011 4715 1115 4785 93,
1161 4730 1204 4773 ιι
1247 4714 1403 4777 mlet.
1450 4715 1691 4775 arkivu.
