3620 5282
3080 350 3167 419 29

426 521 588 607 quod
637 521 772 605 ipse
825 523 1238 601 contentetur,
1287 524 1350 589 et
1388 522 1464 587 de
1510 524 1713 588 cetero
1758 522 1979 590 caveat
2022 523 2230 587 facere
2290 522 2526 588 similes
2588 524 2894 590 novitates
2958 527 3175 591 contra

432 612 665 676 dictum
715 610 1127 692 patriarcham
1192 613 1256 676 et
1299 631 1440 676 suos
1487 612 1583 675 vel
1632 610 1785 677 alios
1832 611 2061 676 amicos
2127 614 2384 690 nostros,
2450 612 2593 693 quia
2656 612 2935 677 faciendo
3004 613 3173 678 aliud

435 718 620 782 quam
668 699 919 775 bonum,
969 699 1023 762 si
1080 698 1406 764 sinistrum
1468 699 1588 763 sibi
1652 701 2055 782 contingeret,
2120 702 2284 762 esset
2329 718 2530 763 suum.
2595 700 2679 764 Et
2733 702 3174 799 respondeatur

431 788 676 851 domino
722 787 1088 867 patriarche,
1129 789 1288 869 quod
1335 787 1622 870 displicet
1668 788 1843 852 nobis
1889 788 1971 865 id,
2018 787 2177 868 quod
2226 789 2322 850 est
2383 785 2635 865 sactum,
2703 793 2763 852 et
2827 787 2974 853 licet
3041 789 3174 871 ipse

435 892 551 937 nou
600 874 685 937 sit
744 874 919 938 nobis
975 875 1280 952 subdituS,
1330 879 1539 939 tamen
1598 875 1915 938 mittimus
1973 893 2082 956 per
2143 876 2391 938 modum
2455 876 2689 939 dictum
2749 877 3027 957 superius
3095 878 3171 939 ad

377 948 805 1028 hortandum
873 982 1051 1039 eum,
1110 965 1466 1045 reputantes
1529 963 1814 1027 iniuriam
1878 962 2104 1027 factam
2171 963 2416 1026 domino
2485 964 2827 1044 patriarche
2900 966 3174 1028 nostram

434 1051 767 1132 propriam.
817 1050 897 1113 Et
944 1050 1117 1127 illud,
1165 1050 1325 1133 quod
1372 1051 1770 1116 habuerimus
1816 1051 1895 1113 ab
1942 1069 2034 1127 eo,
2085 1049 2206 1114 sibi
2252 1052 2467 1115 notum
2511 1050 2829 1116 iaciemus.

520 1140 702 1199 Misti
753 1139 989 1198 XXIX
1029 1144 1130 1211 70,
1177 1160 1219 1200 u
1263 1141 1419 1202 mlet.
1467 1143 1699 1201 arkivu.

809 1329 1048 1410 Lm.
1101 1328 1307 1413 God-
1364 1329 1593 1412 1360.
1649 1330 1758 1413 30
1810 1329 2119 1432 lipnja
2183 1351 2241 1410 u
2297 1329 2805 1430 visegradu.

442 1470 713 1552 Odyovor
764 1474 967 1542 kralja
1022 1475 1357 1549 uyarskoya
1401 1476 1694 1548 republiki
1753 1493 1795 1533 u
1857 1474 2029 1547 poslu
2083 1472 2413 1547 povrac‘aja
2475 1474 2741 1546 tvrdjave
2792 1472 3108 1535 Casamate
3154 1477 3177 1533 i

430 1560 596 1634 ylcde
655 1562 914 1620 Mariua
973 1563 1425 1633 Κανηανιιίὶὀας
1496 1581 1535 1621 a
1589 1563 1753 1636 ylede
1818 1562 2145 1635 uzapcenih
2214 1562 2525 1620 mletadkih
2576 1562 2917 1633 poslanika,
2980 1563 3060 1621 da
3107 1563 3176 1637 jc

699 1650 948 1722 osbiljno
986 1651 1159 1722 pisao
1206 1652 1636 1725 austrijskomu
1680 1650 1929 1723 vojvodi,
1975 1652 2127 1710 nelca
2157 1650 2258 1722 jih
2303 1666 2386 1707 na
2430 1649 2672 1708 slobodu
2705 1651 2900 1722 pasti.

654 1769 841 1833 1360.
889 1769 1219 1834 indictione
1266 1771 1439 1846 XIII,
1510 1769 1610 1835 die
1658 1770 1780 1834 XX
1847 1770 2002 1834 iulii.
2053 1806 2137 1817 —-
2198 1768 2572 1851 Exemplum
2644 1768 2999 1833 litterarum
3068 1771 3176 1834 do-

439 1857 591 1921 mini
637 1857 800 1940 regis
855 1856 1170 1940 Hungarie
1219 1861 1549 1923 missarum
1611 1858 1898 1924 dominio.
1965 1892 2048 1905 --
2109 1858 2326 1920 Amice
2374 1857 2710 1921 carissime.
2770 1857 3035 1922 Veniens
3092 1857 3171 1921 ad

439 1947 714 2009 nostram
760 1946 1136 2026 presenciam
1189 1946 1527 2010 Damianus
1569 1945 1815 2010 Andree
1864 1945 2133 2010 notarius
2184 1946 2403 2021 vester,
2455 1944 2626 2008 nobis
2677 1945 2792 2008 sub
2854 1946 3174 2010 credeucia

437 2031 793 2097 litterarum
842 2036 1185 2097 vestrarum
1235 2036 1395 2098 iuter
1440 2038 1645 2099 cetera
1705 2033 2093 2116 supplicavit,
2156 2034 2227 2096 ut
2291 2032 2462 2097 vobis
2520 2034 2789 2097 castrum
2836 2030 3173 2097 Gazamate

439 2122 767 2186 restituere
815 2120 1132 2197 vellemus,
1185 2121 1348 2186 sicut
1393 2141 1464 2186 ex
1507 2122 1706 2186 forma
1751 2122 1921 2204 pacis
1969 2122 2047 2184 ad
2091 2120 2205 2184 hoc
2249 2121 2754 2203 astringeremuS,
2822 2139 3004 2202 super
3051 2140 3169 2203 que

436 2208 713 2272 amicicie
756 2212 957 2272 vestre
993 2210 1083 2273 sic
1129 2208 1511 2274 decrevimus
1556 2210 1939 2291 respondere,
1988 2209 2149 2292 quod
2184 2209 2342 2272 idem
2378 2211 2650 2273 castrum
2686 2211 2960 2289 tempore
2990 2226 3173 2290 guer-

435 2313 643 2360 rarum
694 2297 843 2359 olim
891 2297 1055 2360 inter
1114 2315 1222 2360 nos
1292 2297 1639 2363 habitarum
1702 2315 1823 2361 non
1885 2297 2228 2378 recepimus
2290 2297 2363 2358 de
2426 2295 2709 2359 manibus
2775 2296 3000 2360 vestris
3064 2314 3173 2360 seu

439 2386 806 2461 vestrorum,
855 2384 952 2447 set
996 2384 1231 2465 pridem
1291 2385 1574 2449 dominus
1634 2386 1971 2467 imperator
2036 2386 2447 2448 Romanorum
2517 2384 2691 2447 nobis
2752 2383 2956 2466 ipsum
3028 2400 3168 2447 cum

437 2470 792 2536 civitatibus
843 2470 1119 2534 Feltrum
1170 2476 1232 2537 et
1278 2474 1605 2538 Bellunum
1655 2492 1761 2555 pro
1808 2473 2035 2537 nostris
2082 2472 2297 2535 usibus
2344 2470 2684 2553 deputavit,
2732 2472 2831 2535 cui
2895 2472 3169 2534 castrum

437 2558 801 2623 iamdictam
846 2559 1019 2623 iuxta
1080 2560 1387 2644 promissa
1451 2563 1660 2625 nostra
1720 2561 1974 2626 reddere
2037 2561 2336 2635 tenemur,
2400 2560 2638 2641 quando
2670 2564 2810 2623 'sue
2868 2557 3173 2640 placuerit

439 2646 774 2720 voluntati;
825 2646 984 2711 unde
1032 2651 1304 2714 castrum
1355 2653 1766 2714 memoratum
1815 2668 1932 2713 non
1981 2667 2020 2711 a
2064 2647 2238 2711 nobis
2284 2647 2392 2711 sed
2439 2665 2476 2709 a
2534 2647 2698 2711 dicto
2745 2648 2992 2711 domino
3052 2645 3173 2710 im-

439 2738 732 2814 peratore,
783 2735 884 2816 qui
935 2736 1108 2799 nobis
1155 2736 1379 2818 ipsum,
1424 2740 1495 2802 ut
1542 2737 1917 2819 promititur,
1966 2736 2234 2810 comisit,
2280 2736 2596 2816 repetatis.
2646 2735 2935 2798 Preterea
2989 2752 3173 2815 super

439 2820 599 2887 facto
648 2822 877 2886 Marini
924 2822 999 2886 de
1048 2821 1357 2889 Canaruto
1401 2827 1557 2890 scire
1603 2844 1710 2890 vos
1758 2826 2062 2906 cupimus,
2132 2821 2291 2905 quod
2351 2823 2512 2886 circa
2560 2825 2905 2904 proximum
2969 2821 3174 2885 sancti

439 2909 763 2994 Michaelis
832 2910 1185 2993 archangeli
1256 2912 1487 2977 festum
1567 2912 1944 2977 intendimus
2004 2911 2080 2976 ad
2157 2911 2360 2991 partes
2431 2909 2746 2973 Dalmacie
2820 2911 3005 2973 dante
3065 2908 3175 2973 do-

439 2999 606 3060 mino
653 2998 973 3080 proficisci,
1040 2998 1350 3068 facturum
1399 3002 1600 3065 eidem
1649 3000 1893 3064 Marino
1950 3001 2024 3063 de
2079 2999 2219 3075 hiis,
2286 3015 2402 3079 que
2452 2997 2655 3078 ipsum
2703 2998 2776 3060 de
2820 2997 2959 3078 jure
3028 3013 3175 3060 con-

436 3085 678 3167 tingere
740 3085 1103 3158 videbimus,
1161 3087 1369 3151 debite
1414 3088 1658 3153 iusticie
1718 3088 2260 3170 complementum,
2322 3103 2506 3166 quem
2568 3089 2717 3149 tunc
2778 3086 2854 3148 ad
2917 3104 3026 3149 nos
3073 3085 3172 3148 vel

438 3170 568 3235 loco
616 3174 709 3235 sui
757 3172 1063 3256 ydoneum
1112 3178 1570 3256 procuratorem
1615 3195 1796 3258 super
1854 3175 2198 3257 recipienda
2257 3172 2506 3236 iusticia
2561 3173 2988 3244 transmittere
3042 3172 3175 3237 vel-

441 3258 595 3324 litis.
661 3257 946 3324 Ceterum
1010 3281 1194 3343 super
1256 3263 1625 3328 liberacione
1686 3265 2201 3328 ambassiatorum
2249 3263 2595 3325 vestrorum
2660 3259 2996 3324 direximus
3065 3260 3174 3324 do-

438 3346 651 3410 mino.
741 3347 946 3411 ,duci
991 3347 1244 3414 Austrie
1290 3349 1471 3415 fratri
1518 3354 1726 3417 nostro
1771 3352 1938 3415 iuxta
1987 3350 2184 3433 petita
2232 3348 2382 3412 dicti
2417 3347 2637 3411 notarii
2677 3348 2866 3413 vestri
2915 3348 3168 3413 litteras

436 3439 679 3499 nostras
722 3433 1017 3499 efficaces.
1060 3436 1296 3502 Datum
1340 3439 1701 3524 Vissegradi
1747 3439 1846 3504 die
1893 3438 2114 3502 ultimo
2158 3436 2390 3500 mensis
2431 3434 2592 3520 junii
2640 3435 2824 3511 LX⁰;
2889 3436 2954 3500 et
3016 3435 3171 3501 infe-

439 3523 568 3586 rius
614 3521 705 3585 sic
750 3521 1009 3605 legitur·
1058 3524 1397 3590 Lodovicus
1443 3528 1539 3590 dei
1587 3528 1792 3610 gratia
1839 3546 1943 3590 rex
1988 3525 2321 3602 Hungarie.

531 3610 1101 3672 Commemorialium
1158 3616 1247 3674 VI
1291 3619 1394 3686 91,
1442 3636 1484 3676 u
1528 3619 1680 3678 mlet.
1727 3620 1961 3677 arkivu.

827 3802 1043 3884 LIV.
1099 3804 1306 3887 God.
1360 3805 1589 3888 1360.
1643 3806 1748 3888 30
1800 3806 2110 3908 lipnja‚
2160 3825 2221 3885 u
2280 3802 2774 3903 visegradu.

439 3926 725 3999 Ljudevit
783 3931 1341 4003 uqarsko-hrvatski
1399 3933 1561 4004 kralj
1610 3933 1866 4005 pozivlje
1925 3931 2235 4005 republiku
2253 3974 2267 3999 ,
2327 3930 2479 3988 nelca
2541 3930 2653 3988 cim
2710 3930 2866 4002 prije
2922 3931 3177 4003 odpravi

333 4093 358 4106 t
440 4031 617 4089 svoya
655 4017 980 4088 poslanika
1024 4021 1062 4077 k
1099 4020 1248 4092 papi
1304 4024 1456 4089 zato,
1518 4020 1598 4078 da
1653 4023 1927 4093 pismeno
1970 4020 2217 4102 potvrdi
2275 4035 2494 4092 uqovor
2552 4018 2727 4086 mira,
2789 4017 2815 4074 i
2871 4019 3027 4077 nelca
3086 4021 3174 4079 iz·

1169 4108 1353 4180 pravi
1396 4108 1566 4180 njekc
1609 4110 1806 4167 izrazc
1851 4126 1893 4166 u
1938 4109 2111 4166 istom
2155 4123 2432 4181 uyovoru.

647 4206 1010 4290 Exemplum
1058 4209 1315 4273 aliarum
1374 4209 1724 4275 litterarum
1773 4209 2005 4275 domini
2066 4210 2230 4293 regis
2277 4209 2597 4291 Hungarie
2660 4208 2989 4273 missarum
3061 4209 3173 4276 do-

438 4292 628 4355 minio
673 4296 1022 4375 supradicto
1070 4298 1187 4360 die.
1231 4297 1451 4362 Amice
1496 4298 1837 4363 carissime.
1890 4298 2065 4363 Sicut
2109 4297 2266 4361 alias
2314 4302 2581 4362 vestram
2645 4296 2996 4361 amiciciam
3062 4317 3173 4381 per

439 4381 851 4447 venerabilem
899 4387 1140 4466 patrem
1189 4384 1505 4451 dominum
1547 4386 1812 4450 Paulum
1860 4384 2318 4468 Frisingensem
2351 4384 2702 4467 episcopum
2735 4384 3170 4466 requisivimus

436 4468 786 4550 diligenter,
834 4471 924 4535 sic
970 4473 1161 4536 etiam
1208 4492 1368 4538 nunc
1415 4473 1698 4538 eamdem
1730 4475 2014 4538 duximus
2061 4472 2449 4554 presentibus
2497 4471 2964 4550 exhortandum,
3014 4491 3171 4555 qua-

439 4558 619 4620 tenus
661 4562 937 4622 vestrum
985 4560 1287 4625 sindicum
1334 4561 1411 4625 ad
1478 4579 1796 4627 romanam
1861 4562 2097 4626 curiam
2163 4563 2392 4643 quanto
2461 4558 2645 4624 citius
2713 4559 2847 4623 fieri
2917 4561 3170 4642 poterit,

437 4644 900 4722 transmittatiS,
972 4647 1076 4729 qui
1122 4667 1229 4729 pro
1274 4650 1449 4731 parte
1495 4652 1710 4714 nostra
1756 4649 2065 4731 supplicet
2127 4647 2371 4711 domino
2433 4664 2678 4712 summo
2745 4647 3038 4729 pontifici,
3103 4650 3170 4711 ut

435 4732 824 4798 contractum
871 4734 935 4797 et
975 4734 1236 4799 formam
1283 4738 1450 4818 pacis
1497 4737 1658 4802 inter
1697 4754 1815 4800 nos
1876 4740 1940 4801 et
1986 4754 2091 4803 vos
2147 4735 2452 4801 celebrat-e
2503 4734 2792 4818 dignetur
2857 4752 2967 4818 per
3027 4751 3170 4799 suas
