3620 5282
3051 368 3138 434 95

819 543 1150 626 CLXX.
1204 541 1414 626 Gon.
1466 542 1698 627 1369.
1745 541 1803 624 8
1858 540 2172 645 llpnja,
2227 564 2286 623 u
2344 540 2735 622 Mletcih.

413 687 772 762 Dozvoljeno
822 687 1076 762 Gjorw’u
1119 686 1371 746 Balsit‘u
1406 688 1575 759 proti
1617 685 2051 758 neprzjatezjem
2103 685 2423 746 naor-niati
2481 685 2745 755 brodove,
2801 702 2965 745 samo
3026 686 3140 746 ako

847 776 1061 836 nedira
1105 792 1146 833 u
1190 776 1469 834 mletadke
1512 775 1537 832 i
1585 791 1685 832 ma
1721 774 1852 847 koje
1896 773 2079 847 druye
2110 777 2349 879 ⁸tryovce
2392 790 2476 831 na
2520 790 2706 832 motu.

628 891 798 956 1369
845 891 1176 957 indictione
1222 892 1361 969 VH,
1410 890 1507 955 die
1554 890 1708 955 VIII
1788 890 1959 956 iunii.
2035 891 2145 957 Ser
2208 890 2490 956 Andreas
2534 890 2814 970 Venerin,
2879 910 2978 957 ser
3026 892 3143 957 Pe-

416 979 553 1043 trus
602 981 674 1044 de
720 982 1057 1057 Bernardo,
1108 980 1417 1062 sapientes
1465 979 1766 1042 ordinum.
1818 976 2046 1061 Capta:
2108 980 2269 1062 quod
2330 980 2769 1061 respondeatur
2838 979 2945 1044 isti
3009 998 3145 1044 am-

418 1066 692 1131 baxatori
739 1066 892 1132 Jure
940 1069 1013 1130 de
1059 1066 1302 1147 Balsoe,
1354 1066 1509 1149 quod
1557 1065 1797 1129 attenta
1857 1067 2016 1130 bona
2072 1065 2465 1148 dispositione
2524 1068 2589 1131 et
2648 1066 2948 1131 fidelitate
3011 1085 3143 1145 sua,

419 1170 530 1218 nos
575 1172 691 1220 non
741 1155 1138 1236 prohibemus
1194 1156 1270 1235 ei,
1332 1155 1492 1236 quod
1555 1154 1750 1236 possit
1803 1171 2047 1217 armare
2108 1154 2172 1217 in
2240 1153 2397 1217 mari
2458 1153 2534 1218 ad
2593 1154 2885 1218 damnum
2945 1153 3146 1220 solum

418 1259 671 1313 suorum
720 1242 1129 1320 inimicorum,
1179 1241 1512 1306 dnmmodo
1561 1259 1677 1305 non
1724 1239 2048 1305 damnifiet
2096 1260 2205 1305 nec
2252 1240 2522 1307 offendat
2551 1240 2824 1323 aliquem
2864 1244 3147 1307 nostrum

421 1331 708 1394 venetum
756 1329 853 1396 vel
900 1329 1146 1393 fidelem
1208 1348 1318 1393 nec
1365 1328 1636 1411 aliquem
1702 1332 2101 1392 mercatorem
2165 1327 2260 1393 vel
2321 1329 2515 1393 alium
2575 1329 2970 1411 navigantem
3038 1349 3145 1413 per

423 1433 591 1481 mare
639 1418 702 1481 in
746 1417 955 1499 aliqua
1000 1418 1197 1499 parte.
1268 1418 1349 1480 Et
1394 1434 1465 1480 ex
1514 1433 1677 1480 nunc
1725 1415 2074 1493 scribimuS,
2151 1419 2215 1480 et
2282 1417 2373 1479 sic
2440 1416 2763 1493 scribatur,
2826 1417 3145 1499 capitaneo

420 1507 626 1569 nostro
687 1504 862 1582 culfi,
925 1506 1083 1587 quod
1145 1503 1208 1568 in
1270 1522 1416 1569 casu
1476 1522 1596 1586 quo
1657 1521 1777 1566 non
1839 1503 2194 1567 damnificet
2252 1502 2518 1585 aliquem
2579 1503 2977 1585 navigantem
3038 1523 3148 1587 per

419 1608 591 1656 mare
637 1593 908 1673 exceptis
954 1591 1083 1656 suis
1132 1590 1418 1668 inimicis,
1465 1594 1537 1654 ut
1582 1591 1820 1654 dictum
1884 1591 1999 1665 est,
2066 1609 2181 1655 non
2245 1591 2535 1655 molestet
2599 1609 2709 1654 nec
2771 1591 3148 1656 intromittat

419 1678 664 1761 navigia
708 1679 804 1743 vel
854 1681 1078 1763 genten
1124 1697 1322 1743 suam.
1382 1678 1465 1742 Et
1510 1680 1561 1742 si
1610 1677 1938 1743 consilium
1988 1678 2103 1741 etc.
2175 1679 2267 1742 De
2314 1680 2518 1759 partes
2564 1677 2670 1758 46,
2735 1695 2854 1741 non
2901 1678 2959 1758 6,
3024 1696 3142 1743 non

421 1765 646 1830 sinceri
690 1766 752 1829 5.

506 1872 687 1933 Misit·
735 1872 1051 1933 XXXIII
1091 1876 1198 1953 22,
1246 1892 1287 1933 u
1332 1875 1487 1935 mlet.
1538 1875 1774 1935 arkivu.

806 2112 1159 2198 CLXXI.
1215 2115 1421 2197 (iod.
1477 2116 1701 2199 1369.
1755 2117 1853 2198 18
1907 2117 2195 2218 nunna,
2247 2139 2306 2198 u
2362 2116 2752 2200 Mletcih.

423 2255 797 2334 Odpremb‘en
831 2255 1136 2334 poslanik‚
1183 2262 1262 2321 da
1296 2261 1642 2334 posrieduje
1685 2262 1803 2320 mir
1845 2263 2002 2335 medi
2050 2261 2347 2337 Gjoryjem
2394 2262 2689 2322 Balsidem
2748 2263 2773 2320 i
2828 2263 3147 2325 Kotoram'.

634 2380 822 2446 1369.
874 2382 1207 2448 indictione
1264 2383 1432 2460 VIII,
1477 2382 1576 2447 die
1622 2383 1834 2447 XVIII
1895 2383 2280 2465 septembriS.
2347 2383 2458 2448 Ser
2518 2382 2799 2448 Andreas
2860 2382 3144 2460 Venerio,

422 2484 521 2530 ser
566 2466 860 2533 Nicolaus
906 2471 1168 2555 Baseyo,
1218 2488 1318 2533 ser
1364 2470 1586 2534 Petrus
1654 2470 1729 2534 de
1794 2471 2121 2547 Bernardo,
2187 2470 2495 2554 sapientes
2557 2470 2859 2535 ordinum.
2916 2468 3146 2553 Capta:

422 2572 562 2617 cum
607 2556 891 2621 dominus
939 2556 1249 2641 inperator
1293 2554 1483 2622 Raxie
1530 2558 1607 2622 ad
1654 2575 1764 2622 nos
1805 2559 2052 2623 miserit
2095 2559 2557 2622 ambaxatorem
2607 2577 2810 2636 suum,
2874 2557 3146 2640 rogando

421 2659 550 2720 noS,
596 2646 670 2707 ut
712 2663 825 2708 sua
867 2645 1085 2710 civitas
1134 2644 1343 2710 Catari
1390 2646 1638 2710 obsessa
1685 2665 1792 2728 per
1839 2664 2009 2711 mare
2056 2650 2121 2712 et
2165 2666 2272 2729 per
2306 2650 2535 2710 terram
2570 2666 2602 2710 a
2636 2646 2792 2711 Jura
2823 2648 2895 2711 de
2932 2645 3148 2711 Balsce

421 2729 650 2794 rebelle
710 2749 841 2809 suo,
903 2733 988 2796 sit
1050 2734 1226 2798 nobis
1285 2733 1730 2811 commendata,
1794 2752 1870 2798 ne
1931 2734 2137 2799 veniat
2200 2736 2271 2799 ad
2336 2752 2554 2798 manus
2601 2733 2752 2799 dicti
2798 2733 2968 2811 Jure,
3038 2752 3148 2815 per

422 2835 604 2898 quem
675 2819 1133 2885 ambaxatorem
1203 2821 1323 2902 ipsi
1370 2818 1643 2884 Catarini
1693 2820 1881 2885 etiam
1929 2821 2042 2885 hoc
2101 2840 2137 2886 a
2198 2821 2373 2885 nobis
2435 2821 2762 2902 suplicent,
2827 2823 2891 2885 et
2936 2839 3151 2903 super-

419 2904 562 2968 inde
609 2905 799 2970 etiam
847 2907 1023 2971 nobis
1071 2907 1323 2989 scripsit
1367 2908 1650 2972 dominus
1696 2926 1874 2990 papa,
1921 2910 1984 2972 et
2032 2908 2254 2972 bonum
2305 2907 2388 2971 sit
2435 2926 2616 2989 super
2664 2908 2786 2971 hiis
2832 2927 2940 2990 pro
2986 2910 3146 2973 bono

422 2994 487 3054 et
532 2994 868 3058 securitate
915 2996 1262 3059 nostrorum
1313 2996 1723 3059 mercatorum
1769 2997 1960 3058 etiam
2012 2995 2348 3077 providere,
2398 3014 2471 3058 ne
2529 2995 2696 3058 dicta
2757 2996 2981 3061 civitas
3030 2993 3148 3060 Ca·

424 3077 547 3142 tari
594 3079 782 3144 vadat
824 3081 898 3145 ad
946 3101 1166 3147 manus
1215 3082 1364 3146 dicti
1410 3082 1580 3161 Jure,
1629 3083 1785 3164 quod
1835 3083 2176 3146 verteretur
2224 3082 2286 3144 in
2336 3082 2672 3146 maximum
2736 3082 3144 3163 preiudicium

425 3169 777 3231 nostrorum
822 3170 884 3232 in
931 3169 1116 3234 dictis
1162 3170 1446 3251 partibus
1492 3171 2010 3246 conversantium,
2060 3170 2203 3251 quia
2249 3171 2451 3233 toturn
2490 3169 2781 3252 trafigum
2815 3172 3143 3246 mercatus,

424 3252 584 3336 quod
633 3254 708 3318 fit
752 3255 816 3318 in
863 3254 1102 3334 Cataro,
1143 3257 1320 3321 fieret
1362 3258 1420 3320 in
1469 3256 1762 3339 Ragnsio,
1814 3261 1883 3320 ut
1929 3259 2026 3321 est
2070 3258 2318 3331 notum3
2366 3258 2432 3320 et
2477 3257 2636 3320 inter
2693 3256 2817 3321 alia
2886 3275 3146 3340 magnus

422 3341 616 3405 honor
660 3347 822 3407 esset
866 3345 1059 3422 nobiS,
1109 3345 1161 3408 si
1210 3344 1383 3408 nobis
1432 3344 1845 3408 mediantibus
1894 3345 2091 3426 possit
2136 3344 2393 3408 tractari
2451 3344 2843 3407 concordium
2906 3345 2970 3407 et
3010 3362 3146 3426 ¹pax

425 3428 588 3493 inter
633 3429 868 3493 dictum
915 3430 1135 3495 Juram
1183 3434 1248 3496 et
1291 3429 1640 3503 Catarinos3
1688 3432 1857 3496 vadit
1903 3451 2065 3513 pars,
2113 3431 2423 3512 sequendo
2471 3431 2531 3495 in
2580 3431 2696 3495 hoc
2744 3432 3007 3514 vestigia
3038 3450 3148 3495 no-

424 3516 698 3580 strorum
757 3519 1235 3598 progenitorum,
1308 3517 1465 3601 quod
1539 3519 1830 3583 mittatur
1875 3537 2030 3582 unus
2091 3519 2472 3582 ambaxiator
2531 3520 2742 3583 noster
2786 3519 2861 3583 ad
2910 3519 3145 3583 dictum

424 3600 646 3668 Juram
706 3606 770 3668 et
835 3602 1173 3675 Catarinos‚
1234 3608 1339 3686 qui
1404 3623 1515 3686 pro
1578 3609 1749 3686 parte
1806 3608 2017 3670 nostra
2079 3625 2264 3688 super
2326 3607 2435 3670 hoc
2496 3604 2686 3671 faciat
2750 3607 3145 3671 ambaxatam

424 3689 669 3773 utrique
715 3691 878 3773 parti
923 3710 1064 3756 cum
1112 3691 1238 3756 illis
1289 3692 1507 3771 verbiS,
1553 3711 1670 3775 que
1716 3692 1835 3757 sibi
1883 3692 2273 3773 videbuntur,
2321 3696 2385 3756 et
2430 3691 2723 3757 informet
2781 3712 2848 3757 se
2900 3694 2973 3757 de
3019 3692 3148 3758 dis-

427 3777 650 3843 cordiis
692 3779 1101 3845 existentibus
1152 3779 1295 3843 hinc
1341 3778 1502 3857 inde,
1546 3780 1927 3862 procurando
1975 3798 2112 3844 cum
2162 3779 2329 3844 omni
2374 3778 2578 3844 studio
2626 3781 2691 3844 et
2735 3779 3145 3856 solicitudine,

426 3867 727 3946 quantum
775 3866 916 3949 plus
961 3867 1189 3949 poterit
1233 3884 1372 3930 cum
1419 3867 1642 3932 honore
1690 3868 1917 3944 nostro,
1966 3885 2176 3949 pacem
2225 3869 2285 3930 et
2321 3867 2708 3932 concordium
2744 3868 2903 3930 inter
2945 3864 3146 3930 dictas

426 3954 655 4033 parteS,
698 3960 762 4017 et
807 3955 964 4037 quod
1012 3954 1209 4036 primo
1257 3955 1322 4018 et
1366 3956 1509 4018 ante
1554 3953 1763 4017 omnia
1808 3954 2236 4018 abstineantur
2281 3953 2357 4018 ab
2392 3953 2750 4019 offendendo
2783 3972 2848 4018 se
2881 3953 3145 4017 invicem

425 4033 731 4119 pendente
775 4044 1051 4106 tractatu
1093 4039 1397 4106 concordii
1439 4043 1502 4105 et
1546 4042 1713 4122 pacis
1778 4041 2073 4124 predicte,
2137 4040 2331 4106 eundo
2393 4042 2623 4106 tociens
2685 4041 2760 4105 ad
2827 4044 3147 4122 utramque

424 4130 686 4207 partem,
732 4128 1011 4209 quotiens
1054 4148 1205 4212 opus
1252 4127 1441 4194 fuerit
1483 4147 1593 4210 pro
1629 4127 1786 4192 bona
1833 4128 2221 4193 conclusione
2269 4130 2654 4209 negotiorum
2701 4127 3145 4210 predictorum3

428 4215 492 4278 et
556 4215 824 4280 obtentis
892 4236 1037 4299 pace
1106 4219 1170 4281 et
1235 4217 1552 4280 concordio
1615 4215 1908 4298 predictis
1984 4215 2147 4280 inter
2213 4215 2410 4279 dictas
2457 4219 2683 4297 parteS,
2746 4217 2894 4280 tunc
2940 4219 3146 4280 noster

428 4300 794 4367 ambaxator
868 4303 1176 4385 predictus
1240 4304 1301 4368 in
1373 4302 1534 4367 bona
1598 4303 1802 4385 gratia
1854 4301 2144 4367 Venetias
2213 4306 2577 4367 revertatur.
2651 4301 2717 4367 Si
2786 4304 2994 4367 autem
3040 4322 3149 4386 per

427 4390 643 4454 ambas
679 4389 841 4473 ipsas
873 4393 1076 4474 partes
1124 4389 1471 4456 remanebit
1520 4391 1594 4456 de
1637 4390 1894 4455 volendo
1941 4389 2145 4472 ipsum
2185 4389 2571 4454 concordium
2620 4390 2685 4453 et
2713 4407 2945 4471 pacem,
2980 4389 3149 4455 vide-

427 4474 577 4541 licet
619 4479 779 4558 quod
827 4480 1084 4560 utraque
1107 4479 1403 4562 ‘ipsarum
1450 4480 1686 4559 peteret
1731 4478 1795 4541 et
1842 4477 2031 4543 vellet
2075 4476 2587 4554 inconvenientia,
2650 4479 2791 4540 tunc
2837 4476 2966 4558 ipse
3012 4495 3149 4541 am-

428 4562 701 4642 baxator,
736 4566 899 4630 facto
938 4585 1045 4648 per
1068 4584 1137 4630 eo
1163 4566 1487 4647 superinde
1526 4563 1809 4648 quicquid
1837 4563 1977 4629 boni
2008 4563 2249 4645 poterit,
2283 4562 2573 4628 similiter
2596 4564 2808 4627 redeat
2830 4562 3145 4628 Venetiae.

636 4651 708 4715 In
754 4670 900 4718 casu
921 4645 1109 4731 Nero,
1153 4672 1272 4735 quo
1321 4653 1670 4717 remaneret
1715 4650 1916 4716 solum
1962 4670 2070 4733 pro
2114 4651 2158 4715 J
2164 4670 2272 4715 ura
2318 4650 2608 4732 predicto,
2673 4653 2821 4714 tunc
2875 4651 3043 4714 dicat
3086 4653 3143 4715 ei

428 4737 630 4804 dictus
680 4742 888 4807 noster
935 4740 1296 4806 ambaxator
1340 4758 1482 4805 cnm
1530 4738 1654 4804 illis
1703 4737 1926 4819 verbiS,
1974 4756 2089 4820 que
2136 4738 2255 4802 sibi
2304 4737 2692 4810 videbuntur,
2748 4738 2908 4819 quod
2977 4737 3147 4819 post-
