3620 5282
488 392 622 459 230

486 587 619 633 rem
666 567 1046 633 concorditer
1092 569 1156 632 et
1200 565 1577 632 unanimiter
1627 565 2025 632 devenerunt.
2096 563 2261 631 Nam
2323 564 2441 647 ipsi
2509 566 2938 648 procuratores
2985 565 3049 631 et
3094 564 3222 633 sin-

488 655 612 720 dici
662 654 894 719 domini
942 655 1209 734 comitis,
1258 653 1553 732 iudicum,
1602 653 1848 719 consilii
1894 656 1957 718 et
2003 653 2346 718 communis
2383 653 2560 735 Pagi,
2609 653 2834 737 quibus
2881 671 3066 735 supra
3111 670 3221 717 no-

493 741 767 807 minibus
814 742 1230 825 promiserunt
1277 741 1480 806 eidem
1525 760 1625 805 ser
1670 741 1918 806 Andree
1967 741 2043 806 de
2093 740 2556 824 Capiteaggeris
2585 789 2600 819 ,
2649 740 2972 823 recipienti
3020 742 3220 805 uomi-

490 830 672 894 nibus
720 829 1175 912 suprascriptiS‚
1227 829 1388 912 quod
1433 829 1632 893 omnis
1679 831 1740 891 et
1788 829 1961 892 totus
2008 828 2136 906 sal,
2203 829 2309 911 qui
2374 828 2593 893 amodo
2657 827 2956 911 coligetur
3002 829 3066 891 et
3109 827 3217 892 fiet

487 918 552 982 in
596 918 729 982 tota
770 916 977 981 insula
1025 917 1198 1000 Pagi,
1248 915 1562 981 dividatur
1610 916 1672 979 in
1721 917 1980 998 quatuor
2025 917 2232 998 partes
2263 915 2530 998 equaleS,
2579 917 2651 981 de
2684 916 2905 999 quibus
2952 916 3213 998 quatuor

491 1004 769 1086 partibus
814 1004 933 1087 ipsi
980 1022 1205 1082 comes,
1257 1003 1509 1081 iudiceS,
1559 1003 1884 1068 consilium
1928 1006 1993 1068 et
2037 1022 2361 1068 commune
2408 1004 2661 1082 dabunt,
2711 1003 2957 1067 tradent
3003 1005 3068 1068 et
3112 1022 3214 1067 as-

490 1092 827 1175 signabunt
873 1090 1072 1157 eidem
1121 1091 1367 1156 domino
1411 1090 1553 1155 duci
1602 1094 1664 1154 et
1712 1109 1822 1155 suo
1870 1091 2126 1155 consilio
2169 1093 2232 1155 et
2277 1090 2590 1155 communi
2636 1089 2733 1155 vel
2781 1089 3020 1154 nunciis
3083 1091 3212 1155 suis

492 1181 569 1244 ad
615 1179 732 1244 hoc
780 1178 1080 1244 ordinatis
1118 1181 1241 1243 tres
1283 1179 1492 1261 partes
1543 1179 1727 1255 saliS,
1801 1177 2090 1243 videlicet
2135 1179 2240 1260 qui
2299 1178 2383 1243 sit
2449 1179 2642 1242 bonus
2693 1181 2756 1243 et
2802 1179 3215 1242 mercadante.

489 1267 720 1331 Verum
771 1266 825 1330 si
870 1266 955 1331 sit
1000 1267 1205 1331 minus
1243 1285 1429 1348 quam
1477 1266 1672 1330 bonus
1719 1268 1784 1330 et
1830 1266 2252 1345 marcadante,
2303 1268 2448 1330 tunc
2483 1266 2535 1330 si
2584 1266 2713 1348 ipse
2762 1264 3045 1329 dominus
3092 1264 3213 1329 dux

487 1354 653 1419 velet
700 1354 921 1436 ipsum,
956 1354 1287 1419 extimetur
1312 1354 1392 1431 id,
1441 1352 1599 1437 quod
1626 1352 1745 1417 erit
1789 1353 1980 1435 peius,
2031 1356 2095 1418 et
2119 1371 2227 1437 pro
2253 1372 2343 1432 ec,
2394 1354 2553 1435 quod
2602 1353 2973 1418 extimatum
3005 1351 3214 1431 fuerit,

489 1443 808 1506 remaneat
854 1443 1052 1506 eidem
1100 1443 1346 1506 domino
1392 1439 1535 1504 duci
1584 1443 1646 1505 et
1686 1459 1796 1504 suo
1846 1440 2134 1518 consilio,
2187 1440 2241 1505 si
2288 1441 2452 1506 volet
2498 1442 2722 1523 ipsum.
2802 1438 2979 1518 Quod
3026 1440 3216 1505 etiam

494 1528 699 1594 dictus
745 1528 839 1593 sal
886 1529 1164 1593 tradetur
1210 1531 1272 1593 et
1318 1528 1776 1593 mensurabitur
1822 1527 2062 1592 nunciis
2110 1528 2382 1593 eiusdem
2432 1528 2667 1592 domini
2714 1527 2922 1605 duciS,
2974 1527 3215 1592 consilii

497 1616 562 1681 et
607 1617 949 1681 communis
995 1617 1259 1699 predicti
1305 1616 1381 1681 ad
1429 1634 1783 1680 mensuram
1822 1617 2092 1680 veterem
2162 1618 2226 1681 et
2272 1617 2521 1681 solitam
2585 1615 2933 1680 communis
3000 1616 3063 1680 et
3111 1614 3217 1680 ho-

492 1704 732 1768 minum
780 1704 980 1768 insule
1027 1704 1181 1787 Pagi
1228 1704 1389 1785 apud
1438 1702 1690 1782 salinaS,
1741 1702 1901 1767 unde
1948 1702 2081 1784 ipse
2126 1703 2218 1766 sal
2250 1703 2577 1786 colligetur
2629 1704 2693 1768 et
2733 1702 3069 1785 accipietur
3101 1721 3210 1785 pro

493 1791 699 1874 precio
746 1809 888 1856 vero
937 1791 1128 1856 totius
1176 1791 1343 1869 salis,
1392 1809 1575 1873 quem
1627 1791 1873 1873 capient
1937 1792 2062 1854 tres
2123 1793 2331 1873 partes
2394 1791 2686 1873 predicte.
2766 1789 2943 1855 Idem
2981 1808 3205 1868 comeS‚

492 1878 818 1943 consilium
867 1881 929 1943 et
975 1897 1295 1943 commune
1341 1878 1498 1961 Pagi
1543 1897 1651 1942 scu
1696 1877 1812 1954 illi,
1862 1896 2120 1960 quorum
2166 1878 2287 1943 erit
2329 1880 2423 1943 sal
2467 1878 2803 1962 predictus,
2851 1878 3079 1943 debent
3108 1878 3220 1942 ha-

487 1966 631 2031 bere
678 1965 757 2031 ab
805 1965 937 2048 ipso
985 1966 1198 2030 inclito
1245 1966 1496 2030 dumino
1543 1965 1697 2029 duce
1745 1967 1808 2029 et
1853 1983 1965 2030 suo
2028 1966 2279 2030 consilio
2325 1968 2390 2030 et
2433 1965 2748 2033 communi
2813 1965 2912 2030 vel
2973 1964 3215 2030 nunciis

489 2054 617 2118 suis
661 2072 770 2136 pro
817 2052 1096 2135 quolibet
1143 2053 1496 2119 centenario
1543 2052 1888 2118 modiorum
1936 2053 2192 2117 ducatos
2255 2053 2467 2119 decem
2530 2055 2664 2118 auri
2729 2057 2959 2136 quanta
3001 2054 3212 2117 autem

489 2158 639 2223 pars
687 2140 838 2205 salis
884 2140 1145 2223 predicti
1192 2142 1512 2205 remaneat
1557 2141 1622 2205 in
1667 2140 1872 2205 insula
1918 2141 2276 2223 supradicta
2338 2141 2537 2207 eidem
2586 2141 2837 2219 comiti,
2886 2139 3211 2218 iudicibus,

490 2228 745 2293 consilio
789 2230 855 2294 et
899 2229 1212 2293 communi
1261 2247 1369 2293 seu
1414 2227 1578 2307 illis,
1627 2246 1888 2310 quorum
1951 2230 2153 2306 esset,
2218 2248 2401 2312 quem
2464 2229 2584 2312 ipsi
2642 2228 2880 2312 possint
2934 2228 3213 2306 vendere,

487 2316 729 2381 tradere
775 2319 842 2381 et
888 2314 1034 2380 dare
1082 2316 1569 2397 quibuscumque
1614 2318 1680 2381 et
1724 2314 2151 2397 undecumque
2211 2315 2559 2381 volentibus
2621 2317 2697 2382 de
2744 2315 2871 2380 sale
2919 2314 3215 2396 predicto,

496 2405 560 2467 et
606 2422 746 2467 eum
798 2403 872 2466 de
917 2403 1123 2467 insula
1172 2403 1327 2487 Pagi
1375 2404 1694 2467 extrahere
1754 2404 1819 2468 et
1863 2404 2106 2485 portare
2154 2404 2217 2468 et
2263 2404 2683 2487 incanipatum
2745 2406 2987 2481 tenere,
3053 2403 3214 2467 sicut

493 2489 821 2569 voluerint,
868 2490 962 2555 ita
1006 2490 1238 2569 tamen,
1279 2489 1439 2572 quod
1489 2490 1561 2555 de
1606 2489 1742 2573 ipso
1790 2491 1940 2569 sale,
1989 2490 2149 2572 quod
2196 2490 2478 2556 trahetur
2520 2492 2593 2555 de
2638 2491 2875 2568 insula,
2939 2491 3216 2555 solvatur

491 2576 739 2643 dacium
783 2578 1157 2656 ordinatum,
1208 2577 1498 2644 videlicet
1544 2579 1808 2661 quinque
1854 2578 2218 2644 ducatorum
2250 2598 2359 2662 pro
2393 2579 2671 2662 quolibet
2709 2576 3058 2643 centenario
3084 2595 3216 2643 mo·

489 2665 730 2731 diorum
780 2666 979 2732 eidem
1026 2666 1270 2731 domino
1316 2666 1456 2730 duci
1502 2668 1566 2731 et
1603 2666 1861 2731 consilio
1908 2666 1972 2730 et
2016 2669 2326 2731 communi
2373 2667 2666 2749 predicto.
2715 2667 2954 2730 Durare
2999 2665 3209 2730 autem

491 2753 720 2819 debent
765 2756 830 2820 et
874 2755 1055 2819 firma
1103 2773 1236 2819 esse
1285 2756 1535 2837 pactum
1584 2756 1647 2817 et
1696 2753 2064 2837 compositio
2103 2755 2454 2836 supradicta
2499 2774 2607 2837 per
2653 2753 2806 2818 duos
2852 2771 3042 2817 annos
3075 2754 3214 2817 tan-

491 2843 628 2906 tum
679 2843 744 2906 et
783 2861 900 2907 non
946 2841 1106 2925 pluS,
1157 2841 1445 2907 videlicet
1485 2861 1555 2906 ex
1601 2860 1762 2907 nunc
1807 2860 2001 2923 usque
2063 2842 2142 2905 ad
2203 2841 2574 2926 principium
2636 2841 2788 2906 salis
2852 2841 2992 2905 novi
3053 2858 3215 2904 nunc

497 2928 559 2992 in
601 2930 880 3011 proximo
918 2929 1102 2994 fiendi
1153 2932 1219 2994 et
1264 2928 1614 3012 colligendi,
1664 2932 1728 2993 et
1776 2928 1990 2993 exinde
2048 2948 2239 3012 usque
2300 2929 2377 2993 ad
2425 2929 2573 2994 duos
2635 2947 2823 2994 annos
2884 2932 3032 2993 tunc
3075 2946 3216 3011 pro-

491 3016 653 3080 xime
700 3021 1015 3082 venturos.
1062 3018 1397 3099 Propterea
1444 3017 1819 3081 conveniunt
1864 3019 1929 3081 et
1973 3016 2194 3099 quibus
2257 3036 2446 3099 supra
2509 3017 2855 3082 nominibus
2919 3016 3216 3099 promise-

485 3109 652 3180 runt,
703 3105 864 3186 quod
911 3106 1007 3168 sal
1056 3106 1231 3168 vetus
1279 3105 1574 3169 collectus
1622 3106 1686 3169 et
1732 3105 1955 3182 factuS,
2006 3104 2108 3186 qui
2156 3106 2254 3170 est
2294 3105 2371 3169 ad
2414 3124 2666 3188 presens
2700 3106 2761 3169 in
2795 3104 3000 3169 insula
3039 3103 3210 3187 Pagi,

487 3188 804 3254 dividatur
849 3192 910 3255 in
958 3191 1113 3255 duas
1154 3192 1362 3274 partes
1412 3191 1679 3273 equaleS,
1731 3210 1994 3274 quarum
2041 3208 2163 3255 una
2211 3192 2295 3256 sit
2343 3196 2407 3256 et
2452 3211 2587 3256 esse
2634 3192 2817 3257 debet
2860 3190 3058 3273 ipsius
3106 3194 3213 3255 do-

485 3276 640 3342 mini
686 3277 859 3342 ducis
906 3279 971 3343 et
1015 3278 1255 3366 consilii
1301 3281 1365 3343 et
1409 3279 1751 3343 communis
1799 3279 1912 3354 sui,
1963 3281 2027 3343 et
2070 3279 2147 3343 ad
2195 3298 2547 3345 mensuram
2587 3278 3072 3361 suprascriptam
3105 3280 3210 3343 de-

482 3363 628 3429 beat
671 3366 1028 3444 mensurari,
1075 3369 1139 3430 et
1184 3384 1318 3430 esse
1365 3366 1556 3430 bonus
1604 3368 1668 3430 et
1717 3365 2127 3444 mercadante,
2177 3385 2358 3449 quem
2420 3366 2656 3449 possint
2701 3367 2944 3431 trahere
2991 3364 3065 3428 de
3112 3365 3207 3429 iu-

481 3450 636 3530 sula‚
686 3455 749 3516 et
796 3455 869 3518 de
915 3473 985 3519 eo
1031 3454 1231 3519 facere
1274 3453 1437 3518 sicut
1482 3453 1707 3518 volent.
1758 3454 1991 3519 Verum
2037 3454 2100 3518 in
2148 3454 2396 3537 navigio
2428 3454 2611 3519 debet
2642 3453 2899 3518 caricari
2938 3452 3033 3516 sal
3064 3472 3203 3535 pre-

482 3538 684 3604 dictus
718 3540 798 3605 ad
850 3560 1140 3623 expensas
1189 3560 1419 3620 eorum,
1470 3560 1730 3624 quorum
1777 3542 1896 3605 erit
1944 3541 2075 3624 ipse
2123 3541 2254 3619 sal,
2300 3544 2363 3606 et
2413 3561 2521 3625 pro
2570 3541 2767 3624 pretio
2815 3541 3006 3623 ipsius
3052 3541 3204 3605 salis

482 3626 728 3692 tenetur
765 3629 831 3693 et
874 3629 1061 3694 debet
1103 3629 1266 3694 idem
1311 3629 1594 3693 dominus
1654 3628 1774 3693 dux
1833 3630 1897 3694 et
1964 3628 2287 3693 consiiium
2351 3632 2415 3694 et
2478 3648 2803 3694 commune
2863 3627 3208 3711 predictum

481 3713 716 3781 solvere
764 3718 826 3781 et
872 3717 1229 3782 satisfacere
1278 3717 1425 3781 dare
1472 3718 1535 3781 et
1580 3735 1937 3781 mensurare
1962 3715 2159 3781 eidem
2187 3716 2418 3795 comiti,
2470 3716 2725 3781 consilio
2772 3720 2833 3781 et
2880 3716 3210 3786 communi,

480 3802 577 3866 vel
627 3802 775 3883 illis,
825 3805 1085 3887 quorum
1134 3805 1256 3870 erit
1300 3805 1396 3871 sal
1442 3803 1776 3887 predictae,
1824 3804 2083 3869 ducatos
2137 3805 2271 3868 auri
2317 3804 2541 3888 viginti
2589 3823 2698 3887 pro
2745 3803 3020 3887 quolibet
3066 3822 3206 3869 cen-

481 3891 717 3956 tenario
765 3892 1110 3959 modiorum
1157 3893 1323 3957 salis.
1367 3891 1586 3957 Altera
1635 3909 1778 3956 vero
1827 3891 2129 3956 medietas
2201 3892 2352 3956 salis
2399 3893 2626 3956 veteris
2694 3890 3035 3974 supradicti
3081 3892 3210 3956 col-

474 3976 622 4042 lecti
674 3980 739 4043 et
782 3979 931 4045 facti
982 3982 1300 4045 remaneat
1344 3979 1409 4044 in
1451 3978 1655 4043 insula
1700 3978 2065 4061 supradicta
2108 3978 2309 4043 eidem
2357 3979 2594 4056 comiti,
2641 3978 2896 4044 consilio
2943 3979 3009 4042 et
3038 3996 3205 4044 com-

476 4065 669 4144 muni,
714 4066 817 4132 vel
864 4067 1010 4146 illis,
1059 4085 1319 4149 quorum
1367 4067 1488 4131 erit
1534 4066 1629 4130 sal
1675 4066 2014 4149 predictus,
2060 4085 2244 4149 quam
2290 4065 2409 4148 ipsi
2458 4066 2699 4147 possint
2745 4067 3022 4144 vendere,
3074 4068 3203 4131 tra-

473 4152 614 4217 dere
666 4154 729 4218 et
775 4154 922 4219 dare
968 4156 1455 4239 quibuscumque
1498 4153 1563 4219 et
1608 4154 2031 4237 undecumque
2089 4153 2431 4220 volentibus
2478 4153 2553 4217 de
2600 4153 2731 4218 sale
2775 4153 3051 4235 predicto
3073 4204 3089 4232 ,
3139 4158 3204 4219 et

473 4257 615 4303 eum
663 4241 739 4304 de
784 4242 989 4306 insula
1037 4241 1190 4324 Pagi
1237 4242 1553 4308 extrahere
1600 4243 1665 4306 et
1707 4245 1972 4324 portare,
2022 4243 2087 4306 et
2136 4241 2556 4323 incanipatum
2606 4243 2837 4318 tenere,
2886 4241 3052 4305 sicut
3099 4259 3204 4306 vo-

471 4323 722 4404 luerint,
771 4328 860 4393 ita
893 4333 1119 4407 tamen,
1155 4329 1314 4412 quod
1348 4330 1420 4394 de
1454 4329 1587 4412 ipso
1633 4329 1783 4407 sale,
1833 4329 1937 4411 qui
1969 4329 2251 4394 trahetur
2282 4329 2354 4392 de
2385 4329 2607 4407 insula,
2651 4328 2927 4393 solvatur
2960 4329 3201 4394 dacium

473 4410 843 4492 ordinatam,
894 4417 1184 4482 videlicet
1231 4418 1497 4499 quinque
1543 4417 1907 4482 ducatorum
1955 4434 2065 4500 pro
2114 4416 2390 4500 quolibet
2436 4417 2789 4481 centenario
2828 4416 3196 4492 modiorum,

471 4498 669 4563 eidem
715 4501 959 4569 domino
1005 4503 1164 4582 duci,
1215 4505 1471 4569 consilio
1518 4506 1582 4569 et
1645 4505 1962 4569 communi
2024 4503 2315 4586 predicto.
2393 4502 2525 4582 Que
2588 4503 2796 4568 omnia
2840 4505 2904 4566 et
2950 4505 3197 4586 singula

470 4588 893 4671 suprascripta
935 4595 998 4654 et
1047 4591 1439 4675 infrascripta
1485 4592 1902 4673 promiserunt
1961 4591 2168 4672 partes
2234 4591 2508 4674 predicte
2575 4590 2696 4655 sibi
2766 4590 3029 4655 invicem
3091 4611 3199 4674 per

469 4673 800 4739 solemnem
852 4678 1319 4761 stipulationem
1342 4677 1856 4746 intervenientem
1905 4678 2223 4743 attendere
2271 4680 2334 4743 et
2367 4677 2811 4763 inviolabiliter
2841 4677 3180 4752 observare,

467 4761 534 4827 et
580 4762 667 4827 eis
708 4782 827 4829 non
873 4766 1288 4832 contrafacere
1330 4766 1435 4836 vel
1480 4766 1688 4834 venire
1736 4766 1852 4831 sub
1898 4784 2055 4849 pena
2101 4764 2270 4847 dupli
2317 4766 2540 4830 valoris
2586 4764 2720 4830 eius
2752 4764 2921 4842 salis,
2972 4766 3045 4828 de
3078 4783 3196 4846 quo
