3620 5282
526 388 655 456 374

527 567 685 651 quod
733 565 995 650 obligati
1038 584 1251 629 sumus
1300 564 1446 628 dare
1494 564 1741 628 domino
1788 564 1918 647 regi
1970 562 2245 646 predicto
2292 565 2357 626 et
2400 563 2515 628 cet.
2579 562 2753 642 Quod
2810 559 3246 626 serenissimus

527 655 809 721 dominus
840 673 965 732 rex,
1015 654 1176 717 sicut
1222 653 1453 736 pluries
1501 653 1622 716 sibi
1670 652 1960 728 diximus,
2006 652 2191 715 debet
2235 671 2370 715 esse
2414 651 2821 726 certissimuS,
2872 651 3029 733 qnod
3072 668 3244 712 oom-

528 743 909 826 placeremus
955 742 1268 805 maiestati
1313 759 1421 805 sue
1470 739 1532 804 iu
1577 739 1692 817 his,
1758 759 1876 822 que
1945 740 2396 805 rationabiliter
2454 738 2656 805 facere
2716 757 3032 822 possemus
3097 755 3239 801 cum

528 833 756 897 honore
803 830 998 894 nostri
1042 828 1413 906 communis,
1457 827 1563 892 sed
1613 847 1726 893 nos
1771 827 2233 893 consideramus
2296 830 2583 894 naturam
2648 829 2711 890 et
2754 826 3017 892 formam
3068 824 3232 890 obli·

529 918 797 1003 gationis
842 921 905 982 et
946 917 1287 995 solutioniS,
1338 935 1522 998 quam
1572 916 1772 982 facere
1832 918 2125 981 debemus
2191 916 2311 981 sibi
2374 915 2450 980 de
2508 933 2668 980 anno
2715 916 2780 979 in
2848 934 3103 991 annum,
3172 917 3241 977 et

529 1009 783 1089 apparet
831 1005 1029 1081 nobis,
1077 1007 1237 1089 quod
1286 1023 1401 1068 non
1464 1003 1622 1069 foret
1680 1005 1809 1070 sine
1868 1023 2050 1069 onere
2116 1004 2310 1069 nostri
2373 1004 2649 1080 dominii,
2716 1007 2780 1067 et
2842 1021 2961 1068 non
3015 1020 3236 1086 parvo,

529 1095 803 1177 obligare
856 1114 921 1159 se
963 1094 1144 1158 alicui
1194 1094 1376 1158 alteri
1424 1092 1673 1158 domino
1710 1093 1808 1158 vel
1855 1113 2109 1175 persone
2156 1095 2529 1176 quicumque
2573 1091 2732 1156 foret
2777 1091 2853 1156 de
2900 1092 3015 1155 tali
3050 1112 3134 1167 re,
3172 1094 3239 1155 et

530 1185 852 1266 propterea
897 1200 1185 1262 rogamus
1249 1181 1673 1246 excellentiam
1743 1201 1941 1259 suam,
2012 1182 2316 1265 quatenus
2356 1182 2508 1245 velit
2574 1180 2799 1246 habere
2844 1200 2953 1246 nos
2997 1181 3070 1244 de
3115 1180 3235 1244 hoc

530 1270 753 1336 merito
797 1274 1134 1335 excusatos.
1180 1272 1273 1335 De
1321 1271 1494 1352 parte
1544 1268 1668 1334 109
1717 1270 1790 1333 de
1825 1288 1952 1358 ‘non
1998 1269 2058 1347 9,
2109 1287 2228 1333 non
2276 1270 2496 1334 sinceri
2544 1269 2604 1335 8.

738 1357 967 1441 Capta:
1026 1357 1103 1423 ad
1165 1358 1501 1424 secundam
1569 1359 1834 1439 partem,
1896 1377 2014 1440 qua
2099 1359 2272 1439 petit,
2335 1358 2410 1423 de
2475 1357 2905 1440 complacendo
2975 1356 3096 1420 sibi
3162 1356 3240 1420 de

527 1446 767 1514 duabus
811 1447 1012 1511 literis
1056 1446 1316 1525 ultimis,
1368 1465 1522 1530 quas
1568 1444 1757 1511 habet
1800 1447 1894 1510 vir
1933 1446 2156 1510 nobilis
2218 1465 2319 1511 ser
2379 1447 2601 1510 Petrus
2666 1445 3026 1522 Contareno,
3091 1445 3237 1528 quia

528 1535 660 1618 ipse
706 1536 1027 1601 contentus
1068 1536 1181 1613 est,
1227 1539 1297 1599 ut
1343 1534 1629 1599 dominus
1674 1553 1778 1598 rex
1825 1534 2052 1599 habeat
2096 1534 2269 1599 illam
2323 1535 2662 1617 pecuniam,
2725 1535 2955 1598 servire
2995 1534 3114 1597 sibi
3162 1534 3238 1598 de

534 1624 665 1689 illis
713 1625 777 1689 et
815 1622 981 1688 ultra
1028 1622 1195 1706 ipsas
1244 1624 1392 1687 duas
1440 1624 1513 1687 de
1558 1640 1681 1686 uua
1729 1624 1919 1687 tercia
1966 1625 2028 1688 et
2072 1624 2211 1700 cet.,
2260 1623 2721 1705 respondeatur,
2757 1621 2916 1706 quod
2952 1640 3060 1686 nos
3100 1623 3228 1703 pri-

534 1711 636 1777 die
683 1712 745 1776 in
792 1714 1268 1794 responsionem,
1313 1729 1496 1794 quam
1543 1709 1660 1775 sibi
1700 1711 2001 1789 dedimus,
2052 1711 2319 1775 diximus
2367 1714 2430 1775 et
2478 1711 2925 1775 declaravimus
2955 1710 3234 1774 rationes

535 1802 603 1866 et
645 1819 882 1875 causae,
934 1801 1179 1883 propter
1223 1817 1376 1882 quas
1421 1818 1529 1882 pro
1566 1798 1749 1864 modo
1797 1818 1917 1863 non
1973 1800 2328 1882 poteramus
2389 1800 2615 1863 servire
2678 1798 2921 1863 domino
2980 1799 3113 1880 regi
3161 1799 3238 1862 de

535 1888 940 1954 subventione
986 1886 1262 1971 pecunie,
1310 1906 1496 1970 quam
1544 1888 1797 1968 petebat
1842 1906 1877 1952 a
1937 1888 2133 1967 nobis,
2195 1888 2530 1952 secuudum
2594 1886 2755 1970 quod
2803 1886 3240 1962 voluissemus,

531 1980 597 2040 et
641 1996 748 2059 per
795 1976 937 2041 illas
983 1975 1287 2058 sapientia
1333 1994 1444 2040 sna
1489 1978 1696 2058 potest
1741 1977 1894 2040 satis
1939 1976 2102 2041 clare
2149 1976 2659 2058 comprehendere
2706 1977 2770 2040 et
2832 1975 3239 2054 considerare,

533 2066 697 2148 quod
744 2082 864 2129 non
911 2083 1128 2128 sumus
1174 2082 1287 2129 nec
1319 2083 1453 2128 esse
1500 2081 1830 2145 possumus
1875 2064 2013 2147 plus
2061 2066 2238 2128 modo
2285 2083 2468 2148 quam
2520 2066 2667 2129 tunc
2698 2064 2761 2128 in
2796 2065 3065 2128 termino
3096 2082 3238 2145 pos-

528 2153 701 2217 sendi
747 2153 1083 2234 adimplere
1134 2152 1544 2217 intentionem
1593 2152 1849 2235 regiam,
1899 2154 1963 2217 et
2008 2157 2331 2235 propterea
2370 2170 2682 2236 rogamus,
2717 2155 3023 2236 quatenus
3059 2153 3242 2215 vellit

528 2259 637 2305 nos
684 2241 1003 2306 excusatos
1048 2239 1294 2318 habere,
1346 2240 1490 2323 quia
1535 2239 1589 2304 si
1636 2242 1855 2305 modus
1903 2242 2168 2319 adesset,
2206 2259 2312 2323 pro
2345 2241 2614 2324 presenti
2650 2242 3244 2323 complacuissemus

526 2329 648 2394 sibi
691 2329 980 2406 libenter,
1030 2329 1136 2393 sed
1187 2347 1305 2394 non
1354 2330 1452 2393 est
1497 2327 1738 2408 moduS,
1788 2328 1952 2394 sicut
1996 2331 2117 2395 sibi
2163 2330 2448 2394 diximus
2513 2329 2607 2393 De
2663 2333 2835 2411 parte
2900 2328 2987 2392 90
3042 2364 3121 2375 --
3172 2331 3243 2393 de

527 2436 647 2483 non
700 2416 776 2482 18
829 2453 905 2464 —-
940 2434 1060 2481 non
1109 2418 1333 2482 sinceri
1386 2415 1488 2481 17.
2502 2416 2510 2424 '

614 2527 851 2589 Secreta
900 2524 1154 2588 Consilii
1200 2527 1566 2604 Royatorum
1613 2528 1693 2589 R.
1743 2529 1891 2606 128,
1939 2546 1981 2587 u
2026 2528 2180 2588 mlet.
2227 2528 2460 2588 arkivu.

859 2717 1206 2800 DXVII.
1261 2716 1464 2801 God.
1520 2716 1747 2803 1396.
1801 2719 1901 2801 18
1954 2718 2337 2820 svibnja‚
2390 2740 2452 2800 u
2504 2717 2902 2801 Mletcih.

526 2845 821 2921 Napatak
865 2860 940 2905 za
983 2847 1285 2918 kapetana
1330 2846 1671 2922 odlazeoeya
1725 2863 1798 2906 sa
1874 2847 2043 2906 deciri
2082 2846 2265 2921 yalije
2313 2864 2352 2906 u
2395 2846 2597 2919 pomo&
2642 2846 2975 2921 nyma-hro.
3025 2847 3252 2918 kralju.

748 2947 937 3013 1396.
986 2948 1320 3015 indictione
1367 2951 1608 3033 quarta,
1658 2949 1757 3014 die
1804 2949 2038 3014 XVIII.
2089 2950 2258 3015 maii.
2307 2949 2419 3016 Ser
2467 2950 2690 3014 Petrus
2739 2947 3067 3033 Mecenigo
3101 2968 3249 3033 pro-

529 3039 802 3114 curator,
851 3056 948 3101 ser
993 3038 1213 3102 Petrus
1262 3036 1550 3103 Cornario
1599 3040 1973 3120 procurator,
2028 3057 2125 3103 ser
2173 3040 2422 3103 Marcus
2484 3039 2654 3104 Geno
2716 3043 3095 3120 procurator,
3145 3058 3248 3103 ser

530 3125 896 3190 Leonardus
942 3125 1200 3201 Bembo,
1250 3144 1349 3190 ser
1396 3125 1663 3191 Michael
1710 3125 2073 3205 Contareno,
2123 3126 2434 3209 sapientes
2481 3127 2752 3201 consilii;
2811 3146 2911 3191 ser
2958 3126 3246 3191 Andreas

535 3212 900 3291 Contareno,
959 3232 1058 3278 ser
1126 3214 1471 3298 Phylippus
1538 3212 1762 3299 Aymo,
1823 3234 1922 3280 ser
1981 3214 2249 3281 Jacobus
2316 3216 2496 3289 Zane,
2558 3216 2865 3296 sapientes
2928 3215 3243 3279 ordinum.

536 3300 772 3384 Capta:
821 3302 966 3384 quia
1012 3302 1423 3368 necessarium
1475 3305 1588 3380 est,
1634 3305 1886 3386 propter
1910 3303 2375 3387 promissionem
2426 3303 2655 3368 factam
2690 3303 3085 3368 serenissimo
3133 3304 3248 3368 do-

534 3389 705 3453 mino
751 3390 882 3474 regi
930 3390 1249 3474 Hungarie
1291 3391 1366 3454 de
1411 3390 1823 3456 subveniendo
1870 3393 1989 3456 sibi
2036 3393 2100 3456 in
2144 3392 2424 3476 partibus
2471 3391 2767 3457 Romanis
2817 3393 3030 3456 contra
3075 3391 3243 3456 Tur-

531 3477 681 3542 chos
721 3479 795 3542 de
843 3479 1105 3559 quatuor
1152 3479 1378 3544 nostris
1420 3479 1614 3563 galeis
1662 3480 1816 3546 bene
1862 3481 2122 3545 armatis
2168 3482 2232 3546 et
2277 3480 2531 3553 fulcitis,
2579 3500 2695 3563 que
2742 3500 2849 3544 eru
2866 3485 2931 3544 nt
2963 3482 3027 3544 in
3059 3480 3250 3544 dictis

535 3567 813 3649 partibus
860 3565 937 3631 ad
983 3566 1224 3651 longius
1274 3587 1466 3651 usque
1497 3567 1823 3633 dimidium
1862 3588 2138 3633 mensem
2169 3568 2325 3645 iulii,
2359 3568 2610 3633 reddere
2641 3568 3039 3633 informatum
3077 3567 3248 3650 capi-

535 3656 792 3720 taneum
837 3657 1116 3719 nostrum
1163 3655 1374 3738 culphi
1415 3656 1488 3720 de
1534 3657 1934 3740 promissione
1981 3658 2045 3721 et
2088 3656 2267 3722 factis
2314 3657 2625 3740 predictiS,
2674 3675 2744 3722 ac
2791 3656 2910 3721 sibi
2989 3655 3252 3721 mittere

534 3745 812 3807 nostrum
859 3745 1222 3808 mandatum
1263 3743 1338 3808 de
1376 3744 1577 3821 modo,
1625 3764 1806 3827 quem
1855 3763 2095 3811 servare
2156 3745 2344 3810 habet
2403 3747 2464 3809 in
2531 3744 2833 3810 mittendo
2894 3744 3250 3809 executioni

532 3830 764 3896 dictam
811 3831 1280 3914 promissionem
1325 3835 1387 3897 et
1434 3832 1707 3899 faciendo
1755 3835 2033 3899 nostrum
2080 3833 2402 3910 honorem3
2452 3833 2622 3897 vadit
2668 3851 2831 3917 pars,
2889 3832 3050 3915 quod
3087 3835 3249 3897 scri-

533 3920 719 3985 batur
764 3920 966 3984 eidem
1012 3921 1330 4003 capitaneo
1362 3921 1435 3985 de
1466 3921 1662 3986 forma
1690 3922 2062 3988 ambassiate
2095 3923 2289 4004 ipsius
2339 3921 2569 3986 domini
2619 3922 2799 4004 regiS,
2835 3925 2897 3985 et
2921 3922 3250 4003 responsi-

534 4009 668 4073 onis
713 4026 784 4072 ac
827 4007 1249 4090 promissionis
1303 4011 1512 4075 nostre
1559 4012 1847 4092 predicte,
1897 4010 2316 4075 et‘mandetur
2350 4010 2569 4087 eidem,
2609 4011 2772 4094 qnod
2803 4011 2864 4072 in
2897 4007 3058 4073 bona
3093 4028 3246 4092 gra-

537 4097 625 4161 tia
669 4096 799 4180 ipse
846 4095 1067 4162 debeat
1110 4116 1253 4163 cum
1301 4099 1500 4162 tribus
1548 4099 1747 4181 galeis
1793 4098 2020 4164 nostris
2082 4096 2261 4163 Crete
2308 4099 2464 4162 bene
2509 4099 2573 4162 in
2620 4100 2847 4180 puncto
2894 4100 2956 4162 et
2988 4098 3148 4161 bene
3183 4100 3251 4162 in

535 4183 748 4250 ordine
794 4185 925 4249 tam
972 4186 1046 4251 de
1091 4184 1442 4250 hominibus
1488 4187 1563 4250 ‹le
1612 4206 1782 4251 remo
1828 4206 2013 4270 quam
2048 4186 2413 4252 ballistariis
2445 4190 2508 4250 et
2538 4186 2822 4251 omnibus
2854 4187 3251 4268 opportuniS,

537 4272 628 4338 ita
673 4273 833 4356 quod
880 4274 943 4338 in
989 4277 1155 4338 omni
1202 4293 1347 4339 casu
1393 4275 1458 4338 et
1503 4275 1727 4340 event-u
1776 4275 1971 4356 possit
2015 4275 2216 4340 facere
2249 4276 2526 4340 nostrum
2561 4275 2873 4351 honorem,
2909 4275 2999 4338 ire
3030 4294 3255 4340 versus

534 4364 743 4445 partes
793 4359 1095 4426 Romanie
1144 4361 1256 4425 tali
1301 4364 1592 4443 tempore,
1642 4362 1803 4447 quod
1849 4382 1967 4428 non
2015 4369 2371 4429 occurrente
2414 4363 2530 4427 sibi
2560 4363 2763 4446 aliquo
2797 4361 3257 4444 impedimento

537 4467 603 4514 se
649 4449 919 4532 reperiat
968 4449 1032 4513 in
1079 4450 1261 4514 dictis
1306 4450 1590 4533 partibus
1634 4452 1711 4515 ad
1756 4452 2033 4518 medium
2080 4470 2356 4517 mensem
2406 4451 2541 4516 iulii
2600 4451 2675 4516 ad
2736 4452 2981 4534 lougius
3028 4469 3256 4516 secun-

537 4535 687 4601 dum
734 4542 1012 4603 nostram
1054 4538 1545 4621 promissionem.

748 4624 829 4688 Et
876 4644 1019 4690 cum
1065 4627 1186 4690 erit
1235 4625 1297 4689 iu
1346 4626 1529 4691 dictis
1567 4627 1875 4709 partibuS‚
1940 4627 2003 4692 in
2066 4628 2291 4712 quibus
2352 4647 2459 4711 per
2521 4626 3017 4693 informationem
3069 4628 3254 4694 nobis

540 4708 746 4773 datam
794 4729 903 4793 pro
942 4718 1117 4794 parte
1161 4713 1313 4778 dicti
1360 4714 1591 4780 domini
1641 4717 1807 4799 regis
1875 4717 2059 4782 debet
2119 4717 2341 4781 habere
2412 4717 2635 4781 bonum
2699 4735 3024 4781 numerum
3077 4718 3258 4801 gale-

541 4812 716 4864 arum
751 4800 1138 4866 armatarum
1182 4801 1261 4866 ad
1308 4803 1805 4888 persecutionem
1876 4805 2261 4872 Turchorum
2322 4806 2386 4870 et
2444 4806 2509 4870 in
2570 4803 2840 4872 favorem
2900 4803 3092 4871 istius
3155 4806 3256 4872 sui
