3620 5282
463 352 599 419 244

811 560 1276 646 CCCLXII.
1341 562 1547 645 God.
1602 561 1826 647 1352.
1879 561 1985 646 26
2040 565 2329 667 rujna‚
2384 584 2442 645 ιι
2497 562 2888 645 Mletcih.

882 688 1159 764 Poyodba
1186 676 1365 750 'mira
1406 689 1606 763 medin
1652 689 1895 750 knezom
1933 690 1958 747 i
2002 688 2265 749 obcinom
2312 689 2782 749 kordtclanskom.

677 825 866 892 Carta
922 827 1355 894 submissionis
1408 831 1473 893 et
1537 828 1860 912 pactorum
1927 826 2126 893 insule
2173 826 2428 892 Curzole
2491 829 2555 892 et
2617 828 2863 893 comitis
2929 829 3204 896 eiusdem

465 915 687 981 insule.
734 916 808 979 In
853 914 1086 980 nomini
1130 916 1364 983 domini
1410 932 1627 995 amen,
1688 933 1849 981 anno
1898 916 2242 980 nativitatis
2291 916 2569 980 eiusdem
2611 915 2841 980 domini
2870 917 3204 984 millesimo

460 1002 893 1069 trecentesimo
937 1004 1447 1088 quinquagesimo
1495 1003 1777 1081 secundo,
1828 1003 2164 1068 indictione
2210 1004 2467 1085 quinta,
2516 1003 2614 1067 die
2662 1004 2965 1087 vigesimo
3013 1009 3192 1071 sexto

462 1090 853 1174 septembris,
901 1091 966 1154 in
1012 1091 1219 1156 ducali
1245 1092 1486 1175 palacio
1508 1092 1942 1168 veneciarum,
1990 1090 2379 1173 presentibus
2424 1090 2693 1172 providis
2740 1091 2889 1157 viris
2926 1092 3200 1159 dominis

462 1178 836 1244 Benintendi
882 1179 1253 1244 cancellario
1300 1181 1643 1245 communis
1668 1179 2098 1255 veneciarum,
2126 1179 2465 1262 Raphayno
2509 1179 2583 1242 de
2617 1179 2915 1244 Carisinis
2951 1181 3190 1246 notario

462 1267 528 1331 et
567 1266 771 1331 scriba
816 1265 1051 1331 ducalis
1098 1266 1268 1332 curie
1314 1267 1566 1332 maioris
1612 1267 2045 1344 Veneciarum,
2089 1286 2188 1331 ser
2248 1267 2499 1333 Andrea
2538 1267 2800 1332 Venerio
2847 1268 3054 1332 scriba
3100 1287 3200 1333 ar-

462 1354 747 1431 sanatuS,
794 1351 1082 1419 Nicoleto
1130 1354 1523 1438 Martinengo
1569 1356 1832 1419 condam
1879 1354 2207 1419 Michaelis
2255 1355 2450 1419 sancti
2483 1353 2784 1420 Johannis
2832 1355 2993 1432 novi,
3045 1356 3197 1420 Ber-

464 1443 656 1507 nardo
700 1441 866 1506 dicto
913 1441 1064 1507 Rizo
1111 1461 1373 1525 precone
1434 1441 1782 1507 communis
1843 1442 2291 1519 Veneciarum,
2358 1444 2422 1506 et
2462 1442 2607 1507 aliis
2670 1461 2855 1525 quam
2913 1443 3194 1526 pluribus

465 1530 734 1595 testibus
775 1529 854 1594 ad
900 1530 1016 1596 hec
1061 1530 1413 1614 specialiter
1457 1531 1691 1596 vocatis
1737 1532 1801 1595 et
1847 1529 2102 1613 rogatiS.
2181 1527 2394 1594 Claret
2439 1530 2503 1593 in
2549 1531 2734 1594 terris
2782 1531 2953 1594 velut
3000 1530 3194 1595 lumi-

460 1634 612 1681 nare
662 1616 1084 1700 prefulgidum
1128 1618 1363 1684 ducalis
1409 1618 1750 1683 eminencia
1795 1616 2145 1700 dignitatis,
2194 1616 2366 1681 cuius
2414 1618 2978 1700 circumspectionis
3032 1618 3193 1683 inte-

458 1705 664 1788 gritas
719 1706 956 1782 cuncta,
1004 1725 1122 1789 que
1168 1709 1316 1771 sunt
1375 1705 1619 1771 iusticie
1681 1705 1769 1770 sic
1831 1705 2126 1784 rimatur,
2189 1705 2398 1787 sicque
2461 1706 2709 1788 singula
2771 1704 3008 1789 providi
3059 1726 3192 1772 ma-

457 1793 717 1858 turitate
764 1792 1011 1857 consilii
1056 1793 1378 1877 dispensat
1423 1796 1487 1858 et
1533 1792 1812 1872 ordinat,
1861 1795 1933 1857 ut
1976 1793 2146 1876 pacis
2202 1791 2440 1857 fructus
2503 1795 2837 1876 consurgat
2882 1812 2955 1858 ex
3004 1793 3178 1875 ipsiS,

455 1899 567 1945 nec
608 1880 1007 1946 dissensionis
1054 1881 1286 1946 vicium
1332 1881 1552 1963 sapiat,
1601 1880 1887 1964 quicquid
1935 1881 2049 1945 sub
2083 1880 2213 1946 eius
2245 1881 2523 1955 examine
2569 1882 2880 1965 contingit
2925 1900 3185 1964 quomo-

454 1968 696 2033 dolibet
741 1967 1026 2050 experiri.
1074 1968 1278 2033 Huius
1320 1967 1766 2052 gloriosissime
1833 1968 1998 2033 sedis
2059 1968 2292 2034 fontem
2355 1968 2532 2033 avide
2589 1971 2855 2052 querunt
2914 1968 3190 2052 nudique

456 2055 769 2134 sicienteS,
814 2057 880 2120 in
926 2074 1046 2138 qua
1092 2055 1414 2122 inveniunt
1460 2058 1589 2122 tam
1630 2056 1977 2139 alienigene
2024 2075 2209 2138 quam
2265 2055 2530 2121 subiecti
2577 2056 2849 2122 favorem
2899 2059 3190 2140 precipue

453 2143 737 2210 caritatis
783 2149 849 2208 et
893 2142 1301 2227 benignitatis
1348 2142 1745 2208 affluenciam
1791 2163 1936 2208 cum
1986 2143 2367 2227 plenitudine
2416 2144 2796 2226 gratiarum,
2857 2144 2969 2209 bec
3012 2145 3182 2209 enim

460 2234 783 2314 tamquam
833 2230 1086 2296 unicum
1135 2231 1301 2296 orbis
1347 2230 1677 2315 reffugium
1725 2230 2002 2296 dissidiis
2048 2248 2266 2315 pacem
2313 2232 2548 2313 prebet,
2601 2232 2941 2298 deformata
2990 2231 3188 2297 refor-

457 2321 615 2400 mat,
661 2318 1023 2401 corrigenda
1066 2318 1328 2403 corrigit
1373 2320 1438 2383 et
1481 2318 1700 2402 dirigit
1744 2319 2066 2384 indirecta.
2116 2317 2253 2397 Qua
2312 2321 2563 2402 propter
2599 2319 2883 2404 egregius
2930 2320 3025 2385 vir
3082 2319 3193 2384 do-

454 2407 660 2472 minus
705 2406 1023 2473 Johannes
1070 2406 1354 2491 Georgio,
1406 2410 1588 2471 natus
1630 2408 1889 2471 condam
1938 2406 2168 2472 domini
2201 2407 2452 2490 Rogerii
2476 2407 2747 2490 Georgii,
2795 2425 3001 2472 comes
3029 2404 3184 2471 Cur·

457 2494 709 2561 zolanus
756 2512 831 2559 ex
875 2513 998 2559 nna
1042 2502 1239 2577 parte,
1299 2494 1364 2559 et
1406 2494 1645 2577 providi
1697 2494 1813 2560 viri
1879 2513 1978 2559 ser
2026 2494 2294 2577 Syracus
2339 2492 2737 2559 Odhonovich
2783 2495 2848 2559 et
2893 2494 3184 2559 Vidosius

456 2580 949 2661 Prodbonovich,
989 2582 1211 2648 sindici
1274 2582 1697 2649 universitatis
1724 2632 1739 2661 ‚
1784 2583 2134 2648 communis
2178 2585 2243 2648 et
2287 2581 2608 2647 hominum
2657 2581 2947 2660 Curzole,
3013 2583 3174 2648 sicut

447 2673 625 2754 patet
664 2672 1079 2736 instrumento
1125 2672 1274 2736 dicti
1321 2670 1661 2736 sindicatus
1709 2670 1939 2755 scripto
1986 2689 2174 2736 manu
2223 2670 2463 2737 Sofredi
2508 2670 2766 2736 condam
2798 2689 2895 2735 ser
2929 2669 3161 2747 Parim,

448 2759 522 2824 de
567 2757 834 2824 Pistorio
880 2759 1106 2825 notarii
1153 2759 1218 2823 in
1264 2757 1484 2824 Mccc
1530 2759 2038 2842 quinquagesimo
2078 2758 2364 2838 secunde,
2415 2757 2744 2823 indictione
2777 2758 3015 2840 quinta,
3065 2756 3165 2823 die

447 2848 667 2930 quarto
706 2846 937 2912 mensis
984 2846 1256 2931 augusti,
1304 2865 1341 2912 a
1387 2866 1487 2911 me
1532 2846 1928 2928 infrascripto
1976 2846 2214 2911 notario
2263 2847 2391 2910 viso
2455 2848 2520 2910 et
2569 2847 2765 2924 lecto,
2828 2863 2902 2909 ex
2950 2845 3175 2910 altera.

447 2936 617 3000 Inter
668 2953 820 3018 quos
866 2935 1124 3000 humani
1170 2934 1414 3018 generis
1462 2934 1751 2999 inimicus
1797 2952 2018 3018 graves
2044 2935 2418 3000 excitaverat
2465 2953 2571 3016 per
2618 2935 2899 3017 tempora
2948 2932 3182 2998 discor-

448 3022 601 3100 dias,
653 3023 1040 3088 differencias
1086 3036 1272 3105 atque
1317 3023 1460 3087 lites
1507 3021 1941 3105 preiudiciales
2004 3022 2247 3104 utrique
2293 3021 2460 3086 dicte
2500 3022 2744 3088 civitati
2791 3025 2855 3086 et
2900 3020 3185 3105 partibus

445 3109 862 3191 producturas
911 3108 1219 3185 effectum,
1283 3109 1363 3173 ad
1411 3110 1796 3191 presenciam
1859 3109 2238 3175 serenissimi
2286 3111 2350 3174 et
2398 3109 2900 3174 excellentissimi
2948 3108 3184 3173 domini

445 3197 544 3261 sui
588 3196 842 3261 domini
887 3195 1136 3261 Andree
1179 3196 1462 3262 Dandulo
1508 3195 1607 3262 dei
1667 3198 1872 3281 gratia
1922 3196 2331 3262 Veneciarum
2395 3198 2564 3262 ducis
2611 3199 2731 3262 etc.
2779 3196 2998 3280 suique
3044 3215 3184 3261 con·

445 3283 576 3348 silii
620 3284 1006 3363 accedentes,
1060 3287 1124 3348 et
1170 3302 1381 3349 eorum
1432 3286 1903 3367 protectionem,
1952 3286 2229 3369 graciam
2274 3285 2339 3350 et
2383 3284 2677 3363 favorem,
2730 3283 2901 3351 velut
2942 3284 3071 3349 veri
3118 3285 3183 3349 et

443 3370 714 3454 legitimi
763 3370 1000 3436 domini
1051 3372 1249 3436 tocius
1298 3372 1638 3450 Dalmacie,
1688 3372 2059 3456 supradictis
2106 3371 2467 3437 differentiis
2522 3371 2912 3455 quietandis,
2964 3375 3028 3436 et
3075 3391 3176 3436 sa-

445 3457 610 3524 lubri
659 3460 834 3526 statu
879 3477 1091 3524 eorum
1140 3460 1464 3524 humiliter
1511 3460 1935 3543 imploranteS,
1985 3463 2421 3543 cognoscentes
2468 3460 2925 3544 benignitatem
2962 3462 3024 3525 et
3057 3459 3176 3523 im-

443 3564 726 3612 mensam
780 3547 1182 3612 clemenciam
1229 3547 1380 3613 dicti
1427 3547 1702 3626 dominii,
1750 3548 1865 3613 sub
1912 3566 2030 3632 qno
2074 3547 2280 3631 populi
2334 3549 2698 3631 proficiunt,
2750 3550 2814 3613 et
2855 3546 3174 3630 multipli-

442 3635 588 3701 cata
633 3635 880 3701 utilitas
925 3623 1212 3719 gencium
1254 3635 1619 3714 custoditur,
1667 3635 1742 3700 ad
1774 3635 2203 3719 infrascriptas
2230 3636 2681 3715 conventiones,
2732 3634 3172 3718 promissiones

445 3724 512 3788 et
556 3725 760 3807 pacta,
809 3723 1096 3789 invocata
1143 3722 1363 3789 christi
1410 3723 1615 3808 gratia
1659 3725 2089 3806 pervenerunt,
2139 3722 2472 3788 videlicet:

649 3837 865 3903 Primo
912 3839 1071 3920 quod
1119 3856 1332 3903 omnes
1379 3836 1743 3902 offensiones
1790 3839 1855 3902 et
1887 3836 2110 3902 iniurie
2141 3836 2497 3902 criminales
2535 3856 2776 3920 quoquo
2817 3835 2997 3901 modo
3030 3836 3181 3900 hac-

441 3931 620 3990 tenus
671 3925 831 3991 facte
878 3944 986 4010 per
1032 3925 1265 3991 dictum
1315 3925 1610 3990 eomitem
1658 3944 1765 3989 seu
1812 3925 1974 3989 filios
2021 3925 2130 3989 aut
2183 3926 2339 3990 alios
2401 3925 2698 3990 officiales
2766 3942 2911 3990 suos
2958 3927 3175 3989 contra

440 4031 784 4092 commune,
831 4014 1114 4079 homines
1156 4014 1220 4078 et
1263 4011 1610 4097 singulares
1671 4031 1962 4095 personas
2003 4012 2080 4077 de
2127 4010 2392 4078 Curzola
2454 4014 2823 4078 remitantur
2885 4013 2950 4076 et
3003 4011 3182 4094 qnie-

439 4103 652 4167 tentur
697 4119 771 4166 ex
816 4104 982 4178 toto;
1026 4104 1091 4165 et
1136 4119 1169 4165 e
1215 4101 1524 4165 contrario
1572 4101 1683 4165 fiat
1728 4101 1801 4164 de
1848 4100 2131 4165 omnibus
2176 4101 2608 4166 offensionibus
2654 4100 2719 4165 et
2763 4099 3005 4164 iniuriis
3051 4100 3177 4163 cri-

437 4188 775 4254 minalibus
821 4209 929 4272 per
976 4187 1347 4255 Curzolanos
1390 4187 1671 4253 comissis
1719 4190 1935 4253 contra
1981 4188 2214 4253 dictum
2263 4189 2557 4254 comitem
2605 4190 2794 4271 atque
2836 4204 3003 4251 suoS.

650 4303 811 4367 Item
860 4306 1020 4385 quod
1067 4321 1279 4368 omnes
1326 4302 1600 4385 querelle
1641 4302 1708 4366 et
1750 4301 2083 4386 petitiones
2129 4302 2362 4379 civileS‚
2410 4321 2564 4385 quas
2611 4319 2938 4367 commune
2972 4301 3037 4365 et
3065 4301 3175 4365 ho·

441 4387 642 4453 mines
688 4387 945 4455 Curzole
991 4390 1229 4456 faciunt
1287 4390 1364 4455 ad
1407 4409 1660 4474 presens
1709 4408 1817 4456 seu
1876 4389 2079 4455 facere
2141 4392 2394 4474 possent
2450 4409 2640 4472 usque
2685 4389 2764 4452 ad
2810 4388 2976 4453 diem
3024 4406 3165 4471 pre·

436 4474 631 4540 sentis
675 4475 996 4542 concordie
1041 4477 1256 4542 contra
1299 4478 1591 4543 comitem
1630 4478 1998 4560 predictum,
2044 4476 2206 4542 filios
2253 4481 2318 4542 et
2362 4478 2519 4542 alios
2567 4475 2866 4542 officiales
2903 4494 3044 4540 suos
3092 4475 3170 4540 de

432 4561 916 4647 quibuscumque
962 4564 1430 4645 extorsionibuS,
1480 4565 1897 4647 gravitatibus
1946 4567 2011 4630 et
2054 4564 2475 4631 exaccionibus
2524 4564 2788 4640 illicitis,
2837 4563 3161 4646 sopiantur

435 4652 499 4714 et
544 4651 914 4715 remitantur
959 4671 1030 4717 ex
1076 4654 1226 4730 toto,
1269 4653 1439 4719 salvo
1474 4654 1547 4717 de
1594 4652 1855 4736 pecunia
1900 4652 2245 4717 communis
2288 4654 2352 4716 et
2400 4652 2827 4716 universitatis
2883 4649 3159 4729 Curzole,

429 4754 617 4820 quam
662 4739 972 4805 constaret
1016 4757 1121 4806 eos
1160 4739 1469 4819 babuisse,
1533 4740 1608 4804 de
1655 4758 1778 4822 qua
1838 4739 2089 4806 reddere
2152 4739 2418 4805 debeant
2481 4737 2762 4805 debitam
2824 4738 3159 4802 racionem.
