3620 5282
787 499 1104 581 XLIX.
1176 498 1384 581 God.
1438 500 1657 582 1347.
1712 500 1806 582 15
1862 498 2358 597 studenoga,
2418 522 2471 579 u
2509 499 2916 582 -Mletcih.

1088 627 1378 698 Napatak
1416 643 1490 685 za
1525 627 1842 699 poslanike
1886 626 2149 685 oazazeaee
2193 646 2234 683 u
2293 626 2584 701 Uqarsku.

695 763 881 828 1347.
930 762 1027 826 die
1071 763 1189 827 XV
1234 764 1600 842 novembriS,
1644 766 1860 848 capta:
1903 765 2063 847 quod
2100 765 2162 828 in
2210 765 2455 828 nomine
2501 763 2734 828 domini
2767 765 3195 830 committatur

491 852 989 918 ambaxatoribus
1033 851 1214 916 ituris
1256 854 1332 917 ad
1377 854 1690 917 dominum
1738 871 1948 935 regem
1998 852 2345 936 Hungarie,
2399 852 2560 934 quod
2613 853 2914 935 premissa
2961 854 3194 918 saluta-

481 943 647 1007 tione
693 941 951 1016 decenti,
1001 942 1305 1022 exponant
1350 941 1568 1017 eidem,
1617 941 1777 1023 quod
1825 941 2278 1005 considerantes
2323 940 2643 1023 antiquum
2688 959 2958 1007 amorem
2992 945 3057 1006 et
3092 943 3196 1006 be-

482 1030 884 1095 nivolentiam
933 1029 1280 1109 specialem,
1329 1049 1444 1111 que
1490 1029 1743 1093 sinceris
1792 1029 2114 1094 affectibus
2162 1029 2362 1111 viguit
2408 1029 2570 1092 inter
2632 1030 2840 1094 inclite
2900 1031 3192 1095 memorie

483 1118 762 1183 dominos
810 1134 983 1199 reges
1030 1115 1344 1199 Hungarie
1388 1118 1845 1199 predecessores
1892 1137 2067 1193 suos,
2133 1119 2194 1181 et
2257 1117 2606 1200 specialiter
2665 1122 2904 1199 patrem
2953 1124 3015 1183 et
3063 1137 3193 1182 ma-

481 1209 639 1271 trem
688 1205 817 1269 eius
866 1222 937 1268 ac
985 1205 1258 1268 nostrum
1303 1205 1516 1269 ducale
1559 1205 1922 1282 dominium,
1972 1206 2071 1287 qui
2118 1206 2363 1287 quidem
2427 1223 2602 1268 amor
2657 1210 2908 1270 mutuus
2946 1207 3009 1271 et
3055 1224 3191 1270 mu-

482 1295 605 1359 tuis
653 1312 721 1357 ac
767 1293 959 1376 gratis
1009 1291 1277 1356 servitiis
1323 1294 1617 1375 impensis
1662 1293 1762 1357 hic
1806 1293 1945 1357 inde
1992 1293 2280 1376 apparuit
2310 1312 2418 1375 per
2448 1292 2754 1369 effectum,
2799 1295 2862 1358 et
2898 1312 3189 1377 magnum

481 1382 753 1462 suscepit
797 1383 1244 1463 augumentum
1290 1398 1427 1444 cum
1474 1383 1702 1446 honore
1749 1385 1813 1446 et
1852 1382 2007 1445 bono
2054 1383 2372 1463 utriusque
2418 1381 2649 1464 partis;
2722 1383 2785 1446 et
2830 1381 3190 1447 affectantes

480 1488 634 1554 puro
681 1470 879 1546 corde,
928 1469 1087 1532 sicut
1132 1486 1374 1551 semper
1418 1468 1537 1533 fuit
1582 1471 1645 1533 et
1691 1471 1786 1534 est
1831 1473 2035 1534 nostre
2092 1470 2266 1534 firme
2318 1469 2694 1547 intentionis,
2733 1473 2803 1534 ut
2849 1471 3181 1535 secundum

483 1556 815 1623 laudabilia
862 1557 1124 1639 vestigia
1170 1574 1418 1620 suorum
1460 1558 1922 1641 progenitorum
1971 1559 2035 1622 et
2080 1557 2578 1641 predecessorum
2640 1561 2983 1623 nostrorum
3045 1578 3184 1641 pre—

478 1648 642 1712 fatus
689 1663 863 1708 amor
909 1646 973 1709 et
1016 1643 1281 1722 dileetio,
1323 1643 1564 1710 favente
1610 1645 1874 1722 domine,
1921 1650 2310 1711 conservetur
2371 1648 2434 1711 et
2494 1649 2730 1710 crescat
2791 1647 2952 1711 inter
3012 1664 3187 1711 suam

482 1734 869 1799 maiestatem
917 1735 981 1797 et
1027 1751 1134 1796 nos
1180 1751 1250 1796 ac
1294 1735 1532 1799 nostros
1564 1734 1775 1798 fideles
1825 1738 1886 1797 et
1932 1734 2226 1810 subditos,
2272 1734 2648 1816 providimus
2691 1752 2793 1799 eos
2839 1735 2901 1799 in
2947 1739 3189 1799 nostros

480 1821 912 1887 ambaxatores
969 1820 1354 1885 honorabiles
1415 1824 1479 1886 et
1524 1822 1827 1886 solemnes
1890 1824 1966 1887 ad
2029 1841 2204 1886 suam
2268 1821 2695 1887 celsitudinem
2756 1821 3065 1887 destinare
3105 1821 3184 1886 ad

482 1910 913 1975 declarandum
975 1911 1252 1973 nostram
1317 1928 1532 1991 puram
1594 1913 1659 1974 et
1719 1910 2017 1975 sinceram
2077 1910 2466 1974 devotionem
2514 1913 2578 1974 et
2636 1928 2943 1989 amorem,
3006 1930 3188 1994 quem

486 2017 728 2080 semper
772 1997 996 2061 habere
1039 1998 1103 2061 et
1146 1996 1408 2061 firmiter
1467 1998 1788 2062 observare
1851 1998 2225 2062 intendimus
2281 2016 2428 2081 erga
2476 1998 2907 2063 exaltationem
2975 2001 3040 2063 et
3084 1998 3192 2063 ho-

478 2105 682 2151 norem
726 2104 832 2149 sue
879 2090 1090 2149 sancte
1122 2102 1340 2149 corone
1386 2087 1450 2151 et
1494 2085 1667 2169 regni
1705 2086 1869 2161 eius;
1919 2088 1983 2151 et
2014 2087 2328 2168 sperantes
2369 2085 2636 2164 indubie,
2684 2086 2845 2169 quod
2876 2105 2987 2151 sua
3020 2087 3191 2170 regia

476 2176 788 2249 maiestaS,
838 2172 1050 2237 habita
1094 2172 1576 2238 consideratione
1622 2174 1697 2238 ad
1746 2174 2030 2255 predicta,
2082 2175 2348 2238 similem
2396 2175 2861 2256 dispositionem
2907 2175 3178 2253 habebit,

476 2262 731 2328 eandem
772 2260 1162 2325 maiestatem
1210 2260 1583 2326 affectiosius
1628 2262 2017 2343 requirimuS,
2066 2263 2225 2344 quod
2273 2262 2393 2326 sibi
2439 2263 2682 2345 placeat
2728 2282 2837 2328 nos
2878 2265 3188 2327 nostrum-

477 2370 592 2435 que
639 2349 978 2413 dominium
1027 2368 1165 2413 cum
1204 2347 1469 2414 subditis
1516 2354 1579 2413 et
1624 2349 1913 2414 fidelibus
1961 2351 2184 2414 nostris
2229 2369 2334 2432 pro
2375 2351 2533 2414 veris
2580 2354 2645 2415 et
2688 2351 2926 2416 intimis
2968 2350 3183 2416 amicis

478 2440 763 2522 reputare
808 2439 872 2500 et
916 2434 1177 2512 habere,
1241 2438 1757 2520 quemadmodum
1822 2437 2046 2520 prefati
2108 2457 2484 2520 precessores
2544 2439 2641 2502 sui
2703 2439 3073 2504 continuatis
3122 2442 3187 2505 et

477 2525 841 2592 successivis
890 2524 1272 2607 temporibus
1318 2525 1604 2603 habuere,
1653 2528 1725 2590 ut
1755 2526 2079 2608 antiquat—a
2110 2529 2172 2589 et
2203 2544 2444 2607 semper
2475 2527 2717 2591 servata
2750 2528 2994 2592 dilectio
3028 2527 3190 2591 inter

475 2617 691 2700 partes
729 2612 959 2679 mutuis
1006 2614 1071 2679 et
1107 2612 1360 2679 sinceris
1418 2614 1779 2693 affectibus,
1845 2614 2005 2679 sicut
2068 2615 2383 2697 optamuS,
2449 2614 2649 2679 valeat
2708 2619 3001 2699 perpetuo
3048 2634 3191 2681 con-

474 2705 725 2770 servari.
776 2703 878 2771 84.

682 2788 854 2869 Quod
905 2789 1335 2854 committatur
1379 2790 1563 2855 dictis
1609 2791 2126 2869 ambaxatoribus‚
2175 2790 2336 2873 quod
2382 2793 2685 2874 exponant
2728 2791 3038 2874 predicta,
3096 2792 3191 2856 fa-

482 2882 692 2946 ciendo
739 2878 1112 2943 mentionem
1169 2878 1243 2942 de
1289 2877 1696 2962 infrascriptis
1742 2879 2000 2956 duobuS,
2049 2879 2366 2956 videlicet,
2415 2879 2572 2962 quod
2618 2878 2881 2945 scientes
2927 2880 3191 2963 disposi-

478 2970 705 3034 tionem
755 2969 1029 3031 nostram
1092 2985 1297 3030 veram
1361 2970 1424 3031 et
1487 2985 1738 3049 puram,
1795 2967 2092 3033 miramur
2153 2965 2505 3045 audientes,
2571 2968 2732 3052 quod
2797 2988 2905 3052 per
2949 2970 3189 3052 aliquos

477 3057 785 3123 subiectos
835 3055 1033 3138 reg-los
1090 3055 1249 3118 fiunt
1296 3055 1633 3136 gravitates
1696 3057 1921 3120 nostris
1984 3056 2277 3120 subiectis
2337 3057 2606 3139 partium
2667 3055 3020 3136 Sclavenie,
3070 3076 3191 3122 non

476 3143 843 3228 procedente
888 3161 925 3207 a
970 3141 1140 3207 nobis
1187 3142 1397 3225 aliqua
1437 3161 1637 3220 causa,
1683 3162 1824 3208 cum
1873 3164 1978 3226 per
2020 3147 2260 3209 nostros
2308 3163 2424 3209 non
2467 3145 2621 3209 fiant
2666 3144 2792 3209 suis
2834 3145 3035 3228 alique
3082 3164 3188 3209 no-

477 3233 722 3298 vitates.
772 3230 1048 3296 Secundo
1097 3230 1257 3313 quod
1303 3231 1725 3309 recordamur,
1793 3233 1951 3314 quod
2019 3251 2128 3314 pro
2195 3234 2368 3314 parte
2414 3231 2645 3296 domini
2710 3234 2874 3316 regis
2937 3234 3016 3296 ad
3078 3251 3188 3296 nos

478 3321 778 3386 venerunt
819 3317 1112 3382 Venetias
1161 3318 1582 3383 ambaxatores
1629 3320 1741 3396 sui,
1790 3339 1927 3384 cum
1978 3321 2197 3403 quibus
2272 3319 2537 3385 multum
2601 3320 2766 3384 avidi
2812 3338 3053 3384 eramus
3096 3341 3191 3385 re-

478 3408 744 3474 formare
789 3405 932 3470 hinc
978 3405 1116 3471 inde
1174 3406 1645 3471 benivolentiam
1710 3411 1774 3472 et
1834 3426 2137 3486 amorem,
2202 3408 2361 3490 quod
2412 3407 2543 3471 fieri
2607 3410 2756 3472 tunc
2814 3427 2931 3472 non
2987 3408 3188 3489 potuit

478 3499 729 3583 propter
775 3494 1014 3576 aliquas
1060 3493 1454 3574 differentiaS,
1501 3515 1615 3577 que
1662 3496 1910 3561 fuerunt
1962 3497 2122 3561 inter
2167 3500 2406 3579 parteS,
2455 3499 2519 3560 et
2555 3497 2742 3559 etiam
2788 3496 2932 3578 quia
2974 3496 3188 3560 amba-

480 3585 741 3650 xiatores
788 3580 1145 3647 mandatum
1187 3601 1308 3647 non
1354 3583 1716 3648 videbantur
1760 3584 2007 3649 habere.
2063 3586 2358 3649 Attamen
2409 3583 2699 3660 nolentes,
2749 3584 2894 3666 quin
2939 3584 3187 3648 tantum

483 3675 711 3739 bonum
754 3670 1112 3747 desisteret,
1176 3670 1513 3736 obtulimus
1574 3674 1721 3736 tunc
1784 3672 2031 3737 mittere
2092 3673 2517 3736 ambaxatores
2579 3674 2814 3736 nostros
2878 3671 2955 3735 ad
3014 3690 3190 3737 suam

484 3761 898 3834 maiestatem,
947 3757 1054 3822 sed
1102 3759 1593 3824 incumbentibus
1640 3761 1816 3824 nobis
1879 3760 2016 3825 aliis
2065 3759 2273 3823 arduis
2318 3758 2603 3841 agendis,
2652 3778 2754 3824 eos
2801 3761 3189 3844 nequivimus

485 3850 811 3915 destinare.
859 3846 950 3910 De
997 3849 1172 3929 parte
1225 3846 1323 3925 18,
1372 3848 1445 3912 de
1495 3866 1613 3911 non
1662 3849 1721 3924 2,
1771 3867 1888 3913 non
1936 3847 2157 3911 sinceri
2214 3851 2264 3911 1.

693 3935 924 4018 Capta:
974 3934 1395 4018 intelligendO,
1443 3935 1604 4018 quod
1652 3936 1847 4000 nostri
1897 3936 2320 4000 ambaxatores
2366 3934 2597 3999 faciant
2642 3936 2802 4002 hunc
2869 3939 3190 4005 introitum

487 4028 551 4092 et
597 4024 803 4090 dicant
851 4022 961 4087 hec
1007 4023 1195 4087 verba
1254 4023 1452 4105 primo
1513 4042 1766 4106 persone
1828 4023 2068 4107 proprie
2131 4023 2362 4089 domini
2425 4024 2624 4104 regis,
2689 4028 2752 4089 et
2797 4028 3190 4109 postmodum

488 4114 928 4196 subsequenter
974 4110 1219 4175 domine
1262 4112 1489 4194 regine,
1543 4114 1799 4176 mutatis
1848 4114 2177 4177 mutandis,
2248 4113 2480 4177 Verum
2527 4131 2635 4196 pro
2694 4113 2971 4180 habendo
3017 4118 3195 4182 habi-

485 4202 606 4267 lius
653 4203 717 4264 et
762 4197 1154 4263 favorabilius
1201 4199 1522 4264 introitum
1570 4201 1643 4263 ad
1668 4202 1978 4265 dominum
2028 4219 2235 4284 regem
2269 4202 2505 4283 possint
2527 4202 2723 4266 nostri
2747 4205 3192 4287 ambaxatoreS,

487 4293 550 4356 et
595 4288 830 4371 quando
878 4286 967 4350 eis
1015 4286 1338 4366 videbitur,
1384 4287 1583 4351 facere
1631 4288 2064 4353 salutationem
2112 4290 2354 4354 domine
2403 4292 2630 4372 regine,
2675 4310 2796 4356 non
2842 4297 3194 4376 exponendo

488 4381 697 4442 tamen
741 4375 857 4439 sibi
904 4375 1294 4439 ambaxatam
1345 4375 1462 4439 nisi
1524 4376 1722 4457 primo
1771 4376 1945 4440 illam
2006 4377 2397 4459 exposuerint
2457 4378 2704 4442 domino
2760 4382 2924 4465 regi:
2988 4386 3094 4449 sed
3141 4385 3193 4454 si

487 4485 592 4532 rex
634 4464 944 4527 recusaret
987 4461 1195 4526 audire
1235 4462 1635 4545 personaliter
1681 4468 1918 4529 nostros
1970 4466 2410 4543 ambaxatoreS‚
2459 4469 2606 4531 tunc
2652 4487 2758 4549 pro
2805 4470 3031 4537 honore
3090 4492 3196 4538 no·

488 4555 616 4620 stro
661 4549 952 4615 Venetias
997 4552 1399 4614 revertantur.
1447 4551 1583 4616 Non
1633 4552 1852 4617 sinceri
1900 4553 1960 4630 3,
2009 4555 2084 4618 de
2129 4572 2246 4618 non
2292 4555 2354 4617 5.

697 4638 926 4721 Capta:
976 4639 1039 4701 et
1082 4639 1136 4701 si
1182 4657 1288 4720 per
1326 4638 1639 4703 dominum
1702 4659 1911 4722 regem
1957 4641 2263 4705 diceretur
2323 4661 2428 4707 seu
2494 4645 2912 4711 recordaretur
2960 4647 3187 4730 aliquid

488 4729 564 4794 de
606 4726 987 4792 novitatibus
1034 4725 1241 4804 Jadre,
1308 4725 1753 4809 respondeant,
1820 4729 1974 4812 quod
2035 4729 2208 4797 nulla
2269 4750 2534 4813 unquam
2596 4752 2704 4816 pro
2766 4738 2939 4817 parte
2985 4740 3193 4802 nostra
