3620 5282
3152 388 3194 452 ὅ

473 560 543 623 et
588 578 719 636 sua,
771 560 1142 625 ostendendo
1191 562 1251 624 in
1296 562 1497 626 verbis
1542 563 1689 640 suia,
1736 563 1894 644 quod
1940 581 2141 627 comes
2186 561 2525 646 Gregorius
2573 562 2817 628 Curiaci
2849 580 2996 627 cum
3022 563 3200 627 Hun-

470 648 646 729 garis
692 647 768 711 de
830 648 1049 712 Tinino
1115 649 1348 714 faciunt
1404 649 1917 714 coadunationem
1980 652 2259 732 gentium
2321 669 2431 733 pro
2490 650 2944 715 damnificando
3006 653 3200 716 terras

473 753 687 799 eorum
739 738 878 814 etc.,
929 736 1172 801 videtur
1233 737 1652 820 sapientibus,
1707 739 1866 820 quod
1930 757 2070 802 cum
2125 738 2327 803 dictus
2391 757 2597 803 comes
2663 737 2994 821 Gregorius
3058 757 3200 803 cum

472 823 607 887 suis
656 843 725 887 ex
770 828 942 906 parte
988 844 1128 903 una,
1180 828 1244 889 et
1301 825 1561 891 comites
1608 826 1940 909 Gregorius
1987 829 2050 889 et
2097 826 2445 891 Maladinus
2510 846 2656 891 cum
2707 828 2834 891 suis
2883 846 2955 890 ex
3001 826 3198 891 altera

476 911 609 974 sint
654 913 1032 993 potentiores
1090 913 1368 977 homines
1418 912 1777 991 Sclavenie,
1844 914 2246 978 utilissimum
2313 916 2476 979 esset
2521 933 2629 997 pro
2699 914 2856 980 bono
2921 916 2985 979 et
3028 916 3197 979 statu

473 1000 735 1080 pacifico
775 1004 1074 1065 terrarum
1125 1002 1477 1066 nostrarum
1524 1004 1587 1066 et
1640 1002 1904 1066 aliarum
1966 1002 2235 1084 partium
2286 1001 2627 1079 Sclavonie,
2672 1003 2833 1085 quod
2892 1003 3055 1067 inter
3099 1022 3199 1067 eos

470 1089 647 1150 esset
690 1089 1011 1153 concordia
1059 1088 1289 1168 taliter,
1339 1089 1500 1172 quod
1546 1089 1821 1156 viverent
1862 1090 1926 1154 in
1969 1090 2190 1173 quiete,
2240 1093 2518 1155 cessante
2562 1090 2724 1154 inter
2770 1109 2876 1154 eos
2924 1090 3199 1172 qualibet

470 1174 764 1239 novitate.
812 1177 895 1240 Et
937 1179 1263 1260 propterea
1309 1178 1635 1242 consulunt
1681 1177 2066 1243 concorditer
2110 1178 2423 1262 sapientes
2474 1178 2774 1261 predicti,
2840 1178 2997 1262 quod
3047 1179 3198 1242 scri·

460 1263 659 1326 batur
703 1264 915 1328 comiti
964 1268 1029 1329 et
1074 1265 1443 1329 consiliariis
1486 1265 1695 1344 Jadre,
1746 1268 1904 1348 quod
1952 1265 2285 1331 intellectis
2333 1267 2564 1331 litteris
2596 1266 2746 1330 dicti
2793 1267 3062 1344 comitiS,
3097 1284 3195 1330 re-

471 1350 882 1431 spondeamus
924 1353 1032 1431 eiS,
1070 1354 1226 1435 quod
1273 1355 1345 1417 de
1390 1353 1693 1419 discordia
1736 1360 1798 1418 et
1843 1354 2096 1418 dissidio
2147 1353 2496 1437 vigentibus
2547 1356 2707 1419 inter
2750 1356 3007 1419 comites
3056 1373 3197 1437 pre-

440 1439 668 1502 ·dictos
715 1439 1003 1522 displicet
1036 1440 1212 1505 nobis
1262 1441 1547 1521 multum,
1599 1444 1662 1506 et
1707 1442 1973 1506 libenter
2020 1443 2322 1506 vellemus
2383 1460 2492 1524 pro
2541 1443 2700 1507 bono
2762 1444 2929 1507 statu
2994 1445 3197 1507 terra-

474 1546 616 1590 rum
662 1534 1030 1607 nostrarum,
1080 1529 1240 1611 quod
1285 1529 1459 1594 nulla
1504 1530 1745 1595 novitas
1807 1532 2053 1595 caderet
2117 1531 2279 1595 inter
2325 1548 2463 1605 eos;
2530 1532 2593 1595 et
2646 1531 2781 1595 ideo
2829 1531 3194 1595 mandamus

468 1616 586 1691 eiS,
635 1620 934 1698 quatenus
983 1617 1270 1681 studeant
1315 1621 1378 1682 et
1418 1620 1742 1699 procurent
1785 1617 2095 1701 perillum
2134 1618 2598 1683 convenientem
2633 1622 2697 1683 et
2733 1618 3018 1683 destrum
3064 1637 3195 1682 mo-

475 1704 626 1767 dum
666 1706 731 1767 et
766 1704 952 1782 viam,
1002 1705 1105 1788 qui
1150 1723 1360 1769 eorum
1408 1706 1730 1788 prudentie
1778 1707 2165 1786 videbuntur,
2213 1706 2372 1789 quod
2417 1706 2598 1770 ambe
2645 1709 2889 1789 parteS,
2955 1705 3198 1771 scilicet·

470 1809 682 1855 comes
723 1791 1055 1876 Gregorius
1117 1792 1357 1858 Curiaci
1407 1797 1470 1857 et
1516 1813 1719 1859 comes
1766 1794 2148 1872 MaladinuS,
2213 1795 2464 1859 veniant
2512 1794 2771 1860 Jadram
2834 1794 2932 1858 vel
3006 1813 3193 1878 prope

467 1879 750 1955 Jadram,
801 1882 904 1945 ubi
951 1880 1278 1958 videbitur,
1326 1883 1388 1946 et
1429 1882 1515 1944 ibi
1559 1882 1938 1947 conferentes
1986 1902 2128 1946 cum
2174 1882 2282 1959 eiS,
2332 1901 2475 1947 cum
2520 1882 2648 1946 illis
2695 1883 2925 1964 pulcris
2965 1883 3190 1961 verbiS,

467 1987 589 2049 que
637 1986 744 2049 pro
789 1970 1012 2033 honore
1058 1972 1264 2033 nostro
1310 1972 1375 2033 et
1414 1968 1837 2051 pacificatione
1899 1969 2241 2034 animorum
2304 1970 2619 2054 utriusque
2683 1970 2874 2052 partis
2922 1970 3196 2035 viderint

466 2056 775 2136 expedire,
826 2057 975 2120 dent
1021 2075 1270 2140 operam
1316 2059 1444 2121 toto
1493 2077 1685 2140 posse,
1738 2058 1899 2141 quod
1945 2059 2105 2122 inter
2153 2076 2256 2123 eos
2305 2077 2422 2142 pax
2454 2060 2551 2122 vel
2585 2060 2848 2141 treugua
2879 2059 3191 2134 firmetur,

468 2144 776 2225 operando
823 2146 1030 2226 ipsum
1071 2146 1361 2209 comitem
1403 2147 1467 2210 et
1512 2145 1891 2210 consiliarios
1938 2148 2143 2211 totum
2187 2146 2342 2211 illud
2389 2147 2638 2226 bonum,
2689 2147 2849 2229 quod
2895 2145 3196 2211 sciverint

465 2234 536 2295 et
579 2234 896 2314 potuerint
938 2252 1047 2315 pro
1094 2234 1429 2297 inducendo
1475 2233 1640 2314 ipsos
1687 2234 1765 2297 ad
1809 2253 2024 2316 pacem
2088 2234 2187 2299 vel
2232 2236 2594 2317 treuguam,
2645 2237 2715 2299 ut
2760 2235 3045 2317 superius
3094 2237 3196 2299 est

464 2339 845 2402 expressum.
904 2319 1132 2385 Omnes
1167 2323 1240 2385 de
1287 2323 1478 2403 parte.
2401 2386 2406 2391 .

560 2410 719 2470 Scor.
766 2429 930 2471 com.
974 2416 1156 2486 νομαί.
1202 2413 1300 2471 lib.
1342 2410 1418 2470 A.
1466 2415 1571 2481 81,
1616 2431 1658 2470 u
1705 2414 1921 2472 arkivu
1965 2414 2319 2473 mletackom.

952 2656 1090 2755 VI,
1148 2655 1353 2738 God.
1413 2655 1635 2738 1347.
1688 2658 1786 2738 14
1841 2658 2169 2758 srpnja‚
2222 2680 2280 2738 u
2334 2656 2726 2741 Mletcih.

462 2800 608 2860 Pise
651 2818 712 2860 se
744 2819 1049 2875 ponapose
1095 2803 1283 2861 knezu
1327 2802 1618 2861 M'ladinu
1669 2803 1696 2860 i
1754 2804 1945 2861 knezu
1981 2801 2223 2877 Gryuru
2269 2802 2697 2876 Kwy'aloovidu,
2745 2804 2826 2861 da
2869 2820 2931 2863 se
2975 2804 3195 2865 izmire.

689 2938 875 3004 1347.
924 2939 1021 3004 die
1070 2939 1218 3005 XIV
1266 2939 1420 3019 iulii,
1471 2943 1686 3023 capta:
1735 2940 1896 3023 quod
1942 2940 2249 3006 scribatur
2287 2940 2502 3004 comiti
2551 2939 2862 3005 Maladino
2913 2940 2978 3003 in
3038 2940 3195 3006 serie

470 3027 909 3110 subsequenti:
958 3027 1177 3093 Comes
1217 3032 1278 3092 et
1324 3029 1687 3111 capitaneus
1737 3030 1944 3093 noster
1979 3028 2169 3095 Jadre
2215 3047 2324 3110 per
2370 3047 2510 3092 suas
2556 3029 2796 3093 litteras
2841 3028 3018 3093 nobis
3078 3048 3192 3095 no-

466 3117 636 3180 viter
683 3116 1021 3194 intimavit,
1070 3117 1231 3198 quod
1281 3115 1487 3181 fuistis
1528 3116 1735 3193 Jadre,
1787 3119 1853 3181 et
1898 3117 1984 3181 ibi
2034 3135 2143 3200 pro
2189 3118 2364 3198 parte
2414 3117 2654 3180 comitis
2696 3115 3017 3199 Gregorii,
3080 3136 3189 3200 pa-

466 3205 597 3268 trui
628 3204 824 3268 vestri
869 3206 933 3268 et
976 3207 1183 3269 vestra
1221 3205 1593 3288 exposuistis
1642 3204 1868 3282 eidem,
1916 3207 2071 3288 quod
2118 3223 2323 3269 comes
2369 3201 2706 3287 Gregorius
2753 3203 2995 3270 Curiaci
3058 3224 3196 3286 pro-

465 3294 651 3356 curat
693 3311 833 3356 cum
878 3292 1194 3378 Hungaris
1235 3295 1307 3357 de
1350 3292 1570 3357 Tinino
1612 3294 1949 3357 coadunare
1991 3296 2205 3376 gentes
2252 3293 2326 3356 ad
2352 3292 2638 3357 damnum
2689 3294 2754 3357 et
2798 3292 3192 3359 offensionem

467 3384 780 3445 terrarum
827 3382 890 3445 et
937 3380 1209 3445 locorum
1258 3385 1623 3459 vestrorum,
1688 3382 1761 3444 de
1809 3399 1928 3463 quo
1977 3401 2189 3445 revera
2245 3381 2666 3445 turbationem
2717 3382 2781 3444 et
2818 3382 3192 3464 gravitatem

471 3470 539 3534 in
589 3468 903 3534 mentibus
949 3470 1172 3533 nostris
1218 3469 1621 3552 percepimus,
1671 3472 1990 3551 tamquam
2036 3469 2147 3546 illi,
2214 3469 2318 3551 qui
2381 3474 2628 3551 propter
2674 3487 2964 3552 magnam
3008 3472 3191 3535 devo·-

462 3557 701 3622 tionem
749 3558 813 3620 et
854 3556 1238 3633 fidelitatem,
1288 3576 1472 3640 quam
1520 3577 1666 3639 sepe
1703 3557 1767 3620 in
1813 3557 2042 3620 nostris
2091 3557 2354 3639 negotiis
2404 3557 2777 3634 ostendistiS,
2844 3559 3077 3621 statum
3122 3562 3188 3622 et

464 3646 993 3710 conservationem
1042 3647 1310 3710 vestram
1359 3664 1597 3709 summe
1629 3645 1946 3728 diligimus
1994 3648 2058 3709 et
2102 3647 2408 3728 optamus.
2461 3645 2582 3711 Sed
2613 3663 2817 3709 comes
2855 3644 3188 3728 Gregorius

466 3732 713 3798 Curiaci
759 3733 933 3797 nobis
980 3733 1169 3797 etiam
1216 3752 1358 3798 cum
1403 3733 1576 3816 gravi
1640 3733 1888 3816 querela
1949 3733 2098 3798 fecit
2157 3735 2408 3815 exponi,
2474 3734 2635 3816 quod
2698 3734 2897 3797 multa
2944 3735 3186 3813 damna,

468 3820 800 3887 violentias
849 3824 913 3885 et
955 3820 1378 3886 derobationes
1426 3821 1549 3886 sibi
1608 3826 1670 3886 et
1732 3822 2022 3904 gentibus
2071 3822 2195 3885 suis
2241 3821 2674 3903 multipliciter
2718 3820 3061 3895 intulistis;
3125 3823 3188 3886 et

474 3913 801 3992 propterea
846 3908 1227 3975 revolventes
1274 3909 1339 3973 in
1384 3908 1608 3973 animis
1654 3911 1885 3974 nostris
1934 3909 2008 3973 de
2057 3909 2153 3974 via
2199 3911 2264 3973 et
2309 3910 2512 3986 mode,
2562 3909 2667 3992 qui
2707 3910 2958 3991 possent
2995 3909 3188 3973 teneri

468 4000 532 4063 in
576 3998 939 4062 removendo
986 3999 1051 4062 et
1093 3998 1457 4081 precidendo
1506 3998 1854 4080 quamlibet
1920 3998 2199 4064 scandali
2263 3997 2589 4062 materiam
2635 3998 2698 4061 et
2743 3995 3001 4073 erroris,
3073 4015 3183 4080 pro

470 4104 593 4169 quo
641 4087 904 4168 possetis
950 4086 1199 4169 aliquod
1246 4087 1558 4149 incurrere
1605 4087 2068 4163 dotrimentum,
2128 4085 2602 4150 deliberavimus
2652 4085 3035 4150 committere
3083 4103 3185 4149 co-

470 4175 613 4239 miti
660 4179 724 4238 et
770 4174 1137 4239 consiliariis
1184 4173 1412 4238 nostris
1455 4173 1660 4251 Jadre,
1711 4174 1872 4257 quod
1918 4174 2158 4239 solicite
2209 4177 2539 4257 procurent
2599 4174 2662 4236 et
2704 4172 2996 4237 studeant
3041 4191 3186 4256 ope-

468 4263 610 4342 rari,
656 4263 815 4345 quod
863 4264 1022 4326 inter
1067 4260 1303 4326 dictum
1365 4261 1654 4326 comitem
1701 4260 2072 4345 Gregorium
2117 4282 2187 4325 ex
2234 4281 2355 4326 una
2417 4263 2589 4345 parte
2637 4263 2698 4324 et
2744 4261 3033 4343 patruum
3083 4282 3185 4326 ve-

471 4355 671 4415 strum
720 4354 783 4415 et
829 4368 934 4416 vos
983 4368 1053 4413 ex
1102 4351 1301 4415 altera
1344 4369 1460 4433 pax
1520 4349 1616 4414 vel
1682 4353 1945 4435 treugna
2005 4350 2117 4414 fiat
2180 4369 2288 4432 per
2344 4350 2524 4414 illum
2587 4348 2813 4413 bonum
2858 4349 2922 4413 et
2965 4350 3184 4431 aptum

469 4439 739 4516 modum,
787 4457 990 4522 quem,
1037 4440 1148 4503 deo
1193 4438 1399 4515 dante,
1451 4437 1740 4503 sciverint
1804 4439 2113 4514 invenire3
2180 4439 2244 4502 et
2303 4440 2626 4520 propterea
2685 4435 3073 4502 devotionem
3120 4441 3184 4503 et

467 4527 855 4610 prudentiam
905 4529 1176 4594 vestram
1223 4528 1543 4592 hortamur
1588 4527 1824 4591 attente
1871 4545 1978 4608 pro
2026 4526 2279 4609 speciali
2323 4526 2480 4591 bono
2511 4528 2575 4590 et
2605 4527 2919 4590 commodo
2951 4527 3175 4604 vestro,

471 4616 628 4698 quod
671 4617 723 4679 si
771 4634 974 4679 comes
1020 4619 1085 4680 et
1128 4614 1466 4680 consiliarii
1527 4617 1721 4679 nostri
1782 4615 1975 4681 Jadre
2035 4613 2297 4696 predicti
2360 4633 2467 4679 vos
2538 4613 2820 4676 duxerint
2867 4613 3177 4697 requiren-

469 4701 636 4782 dum,
684 4707 754 4768 ut
796 4703 1056 4769 Jadram
1102 4705 1276 4782 eatiS,
1330 4703 1475 4785 quia
1520 4704 1713 4768 velint
1757 4703 1983 4768 habere
2044 4702 2441 4767 collationem
2486 4700 2803 4766 vobiscum
2829 4751 2845 4779 ,
2912 4701 3068 4765 eatis
3117 4701 3180 4764 et

473 4791 734 4872 faciatis,
782 4793 947 4857 sicut
991 4792 1276 4857 duxerint
1322 4790 1763 4870 ordinandum
1812 4809 1958 4856 nam
1999 4792 2298 4873 optanteS,
2356 4795 2426 4856 ut
2470 4788 2853 4873 premittitur
2872 4838 2888 4867 ‚
2938 4804 3180 4852 conser-
