3620 5282
2982 360 3109 428 367

386 535 527 600 aliis
602 534 680 599 ad
728 535 929 617 ipsam
978 534 1295 600 civitatem
1344 533 1771 616 spectantibus
1821 533 1887 598 et
1933 551 2071 599 cum
2137 533 2264 598 toto
2326 532 2466 597 1303
2528 534 2593 597 31
2653 532 2876 600 1333113
2931 537 2995 602 13
3043 557 3112 603 30

376 623 787 688 existentibus
836 626 899 686 et
946 621 1284 687 secundum
1333 623 1498 705 quod
1546 621 1779 685 labitur
1815 620 2072 698 flumen,
2109 621 2266 703 quod
2300 621 2532 685 Boiana
2567 622 2911 704 vulgariter
2944 644 3113 688 nun-

378 715 657 793 cupatur,
708 730 901 792 usque
947 712 1025 775 ad
1076 710 1400 776 marinam.
1453 711 1613 773 Item
1660 709 1805 772 dare
1854 710 2076 772 debeat
2123 709 2244 791 ipsi
2306 709 2556 773 domino
2622 709 2761 773 duci
2832 715 2894 775 31
2942 731 3109 776 0013-

382 799 553 862 muni
604 799 1006 863 venetiarum
1058 801 1168 862 aut
1214 798 1359 874 11113,
1409 798 1513 878 (131
1548 810 1655 878 1131·
1700 796 1865 878 111303
1914 795 1989 860 ad
2039 797 2151 860 hoc
2185 796 2414 860 fuerint
2448 799 2746 877 deputati,
2782 799 3107 864 civitatem

381 886 656 950 Drivasti
707 905 850 950 cum
898 889 1102 952 castro
1152 887 1214 949 et
1265 885 1658 968 pertinentiis
1706 885 1859 960 suis,
1909 889 1971 947 et
2018 887 2290 949 castrum
2337 885 2502 950 Satti
2550 904 2694 949 cum
2728 887 2964 950 dohana
3007 888 3105 952 del

379 974 596 1056 Dagno
642 978 878 1039 etcum
925 973 1213 1038 omnibus
1264 973 1451 1049 villis,
1501 972 1779 1048 (10113313,
1831 972 2211 1051 131101111133,
2256 972 2518 1053 pereziis
2552 979 2613 1037 et
2646 974 2832 1037 datiis
2865 978 3105 1039 etcum

384 1063 520 1127 tota
562 1063 899 1140 contracta,
947 1063 1285 1125 secundum
1338 1060 1497 1143 quod
1576 1060 1779 1142 posita
1850 1061 1948 1123 est
2015 1063 2079 1123 et
2125 1062 2402 1124 continet
2462 1079 2499 1122 a
2546 1061 2748 1124 bucha
2792 1062 2941 1126 dicti
2991 1062 3110 1127 flu-

384 1150 574 1214 minis
621 1169 890 1228 sursum‚
939 1168 1079 1214 cnm
1127 1151 1259 1213 tota
1305 1166 1462 1231 aqua
1509 1156 1571 1211 et
1615 1148 1776 1230 apud
1827 1146 1923 1211 vel
1974 1147 2161 1220 iuxta,
2197 1148 2422 1212 saltem
2458 1167 2598 1212 cum
2637 1155 2768 1214 tota
2800 1154 3104 1229 contrata,

378 1237 718 1302 secundum
769 1236 932 1319 quod
988 1237 1225 1316 posidet
1271 1237 1347 1300 ad
1396 1254 1643 1317 presens
1691 1239 1756 1299 et
1805 1236 2122 1316 posidebat
2167 1236 2296 1317 ipse
2344 1235 2649 1314 (10131333,
2714 1239 2955 1319 quando
3008 1239 3107 1302 in·-

383 1327 633 1407 ceptum
682 1325 802 1389 suit
849 1325 1104 1389 tractari
1149 1324 1225 1389 de
1272 1324 1453 1388 factis
1502 1323 1659 1386 istis.
1724 1322 1893 1402 Quas
1963 1322 2212 1404 quidem
2281 1325 2479 1387 terras
2545 1326 2609 1387 et
2670 1324 2804 1388 loca
2852 1329 2981 1389 tam
3039 1326 3104 1389 in

381 1416 579 1495 primo
627 1431 814 1495 quam
861 1414 923 1476 in
969 1413 1090 1476 isto
1136 1412 1409 1493 capitulo
1458 1411 1653 1494 posita
1705 1410 1835 1491 ipse
1884 1410 2170 1474 dominus
2220 1410 2523 1491 Georgius
2559 1409 2918 1476 Stracimeri
2953 1415 3098 1477 dare

379 1504 445 1566 et
494 1500 829 1564 transferre
875 1501 1097 1564 debeat
1144 1501 1204 1563 in
1254 1500 1453 1580 ipsum
1516 1499 1837 1563 dominum
1905 1500 2126 1563 ducem
2196 1501 2260 1562 et
2320 1517 2643 1562 commune
2695 1500 3100 1565 Venetiarum

380 1589 513 1653 iure
559 1589 804 1672 proprio
850 1589 914 1651 in
963 1589 1324 1670 perpetuum
1373 1606 1514 1652 cum
1561 1585 1850 1650 omnibus
1900 1586 2136 1650 iuribus
2185 1590 2248 1649 et
2295 1586 2828 1650 iurisdictionibus
2875 1589 3008 1653 suis
3044 1592 3107 1654 et

382 1675 714 1740 cuiuslibet
740 1694 947 1740 eorum
977 1694 1115 1739 cum
1149 1677 1325 1756 pleno
1371 1674 1662 1751 dominic,
1713 1692 1881 1737 mero
1930 1678 1992 1736 et
2039 1674 2229 1737 mixto
2276 1674 2538 1756 imperio
2570 1679 2634 1736 et
2663 1674 2858 1738 libera
2893 1681 3104 1757 potes-

384 1765 534 1840 tate,
584 1764 675 1827 ita
722 1763 885 1845 quod
934 1763 1006 1827 de
1053 1763 1206 1845 ipsis
1254 1763 1352 1827 vel
1422 1780 1629 1827 earum
1702 1763 1914 1843 aliqua
1979 1762 2077 1824 vel
2148 1761 2370 1842 aliquo,
2442 1762 2651 1843 aliqua
2718 1764 2958 1827 ratione
3003 1764 3101 1830 vel

385 1869 571 1915 causa
617 1851 712 1914 vel
762 1852 944 1915 titulo
987 1851 1083 1915 vel
1132 1850 1332 1915 colore
1372 1851 1500 1931 ipse
1547 1849 1834 1913 dominus
1882 1848 2183 1932 Georgius
2230 1849 2328 1913 vel
2376 1848 2473 1912 sui
2522 1867 2904 1914 successores
2952 1870 3106 1916 nun·
3193 1896 3198 1901 -

386 1957 572 2021 quam
622 1958 687 2002 se
737 1938 976 2019 possint
1023 1939 1120 2002 vel
1166 1939 1436 2002 debeant
1478 1938 1794 2018 impedire,
1844 1937 1950 2001 sed
1997 1956 2239 2018 semper
2286 1941 2643 2001 remaneant
2688 1938 2783 2001 vel
2838 1938 2966 2002 sint
3011 1939 3105 2022 ip-

379 2027 511 2091 sius
558 2026 790 2090 domini
836 2028 1007 2090 ducis
1055 2028 1118 2088 et
1163 2025 1511 2089 communi-³
1559 2026 1984 2090 Venetiarum.
2033 2025 2404 2089 Reservante
2453 2043 2523 2088 eo
2575 2026 2714 2100 sibi,
2772 2028 3102 2108 magnifice

385 2116 556 2177 uxori
604 2134 711 2178 sue
759 2119 822 2177 et
868 2114 1001 2177 suis
1043 2114 1372 2177 heredibus
1419 2113 1737 2177 civitatem
1788 2112 2080 2193 Dulcigni
2129 2131 2269 2176 cum
2316 2116 2444 2177 toto
2492 2132 2601 2176 suo
2668 2113 2980 2191 districtu,
3041 2118 3103 2179 et

381 2202 678 2266 similiter
729 2201 1099 2266 Antivarum
1147 2220 1290 2266 cum
1341 2204 1470 2265 tota
1518 2204 1800 2264 contrata
1844 2219 2035 2280 usque
2079 2201 2410 2264 divicinam
2451 2202 2650 2264 stiena
2699 2203 2884 2266 etita
2915 2220 3099 2284 supra

381 2309 490 2370 per
540 2292 799 2370 1303133,
847 2288 1209 2354 confinando
1257 2307 1398 2354 cum
1449 2289 1649 2353 altera
1692 2290 1827 2369 ripa
1873 2289 2065 2363 laone,
2116 2290 2180 2351 et
2226 2288 2318 2351 ita
2366 2287 2522 2352 infra
2569 2288 2647 2352 ab
2694 2289 2889 2353 altera
2921 2293 3101 2372 parte

380 2375 657 2441 fluminis
702 2396 812 2460 per
858 2379 1058 2459 ripam
1106 2377 1258 2441 dict-i
1304 2377 1577 2440 fluminis
1613 2395 1803 2458 usque
1855 2378 1928 2440 ad
1972 2376 2297 2453 marinam,
2346 2394 2462 2457 que
2504 2379 2638 2440 tota
2673 2379 2876 2459 patria
2912 2379 3098 2461 vulgo

382 2465 611 2530 dicitur
655 2463 994 2541 Saboiana3
1045 2465 1134 2530 ita
1176 2468 1403 2540 tamen,
1473 2464 1634 2546 quod
1705 2466 1839 2544 ipse
1883 2463 2251 2544 ‘magnificus
2312 2462 2599 2528 dominus
2664 2465 2971 2547 Georgius
3037 2467 3102 2530 et

382 2571 769 2617 successores
818 2572 935 2617 non
983 2554 1224 2634 possint
1270 2572 1466 2635 neque
1514 2553 1779 2616 debeant
1828 2569 2012 2633 super
2061 2551 2259 2633 ripam
2331 2551 2480 2615 dicti
2551 2550 2826 2616 fluminis
2897 2554 3100 2617 vocati

383 2640 710 2719 8311013311,
791 2661 974 2723 (133111
1048 2643 1275 2706 1311331
1349 2661 1456 2722 1110
1531 2660 1596 2704 33
1664 2646 1726 2703 31
1806 2640 1867 2703 in
1943 2641 2114 2720 parte
2191 2658 2322 2716 sua,
2430 2644 2492 2702 et
2546 2660 2655 2722 per
2740 2641 2899 2723 quod
2976 2643 3104 2706 itur

383 2731 981 2812 Scutarum‚·neque
1027 2749 1134 2812 per
1183 2749 1374 2794 unum
1454 2729 1697 2793 miliare
1777 2727 1938 2792 infra
2005 2729 2237 2792 terram
2302 2726 2512 2810 aliqua
2577 2732 2747 2809 parte
2811 2727 3096 2794 edificare

383 2817 482 2883 vel
528 2817 805 2882 edificari
852 2817 1049 2881 facere
1093 2817 1326 2898 aliquid
1377 2816 1757 2894 fortilicium,
1809 2818 1879 2880 ut
1942 2815 2240 2879 transitus
2304 2815 2453 2879 dicti
2517 2814 2790 2880 fluminis
2847 2837 3093 2899 semper

382 2908 702 2971 remaneat
757 2904 1100 2987 expeditus.
1181 2905 1362 2969 Ultra
1424 2907 1631 2967 autem
1703 2922 1893 2966 unum
1965 2903 2206 2966 miliare
2251 2902 2413 2975 infra
2462 2906 2694 2967 terram
2740 2905 2981 2986 possint
3035 2906 3098 2969 in

391 2995 524 3074 ipso
572 2993 888 3058 territorio
934 2991 1218 3057 edificare
1266 2995 1329 3055 et
1374 2991 1646 3055 edificari
1714 2990 1916 3055 facere
1962 2990 2279 3074 quodlibet
2323 2990 2708 3072 fortilicinm‚
2758 2992 3100 3057 secundum

381 3082 544 3164 qnod
590 3082 679 3144 eis
727 3080 1038 3145 videbitur
1082 3084 1146 3143 et
1193 3079 1480 3162 placebit.

590 3170 751 3233 Item
798 3168 960 3251 quod
1029 3170 1158 3251 ipse
1226 3165 1594 3250 magnificus
1657 3165 1945 3230 dominus
2018 3165 2320 3249 Georgius
2383 3167 2761 3244 Stracimeri‚
2813 3169 3100 3233 dominus

381 3256 570 3320 Zente
617 3258 734 3320 310.
779 3276 921 3321 cum
968 3257 1255 3320 omnibus
1303 3255 1449 3320 filiis
1496 3258 1559 3318 et
1606 3255 1936 3318 heredibus
1984 3255 2117 3319 suis
2164 3256 2247 3318 sit
2294 3257 2358 3320 et
2418 3275 2552 3319 esse
2601 3256 2820 3320 debeat
2868 3255 3099 3321 nobilis

379 3344 775 3409 venetiarum
825 3348 888 3408 et
934 3343 1010 3407 de
1057 3345 1272 3408 maiori
1322 3343 1577 3408 consilio
1648 3342 2073 3417 Venetiarum,
2146 3344 2236 3406 ita
2303 3343 2460 3424 quod
2535 3346 2665 3407 tam
2738 3345 2868 3424 ipse
2915 3363 3098 3425 qnam

381 3433 525 3497 dicti
574 3433 671 3496 sui
718 3432 827 3496 filii
877 3434 940 3496 et
985 3432 1258 3510 heredes,
1309 3432 1818 3513 quotiescumque
1869 3448 1932 3494 se
1983 3429 2387 3495 transferrent
2431 3432 2510 3495 ad
2544 3431 2864 3495 civitatem
2899 3432 3101 3497 Vene-

382 3522 631 3596 tiarum,
682 3521 926 3601 possint
975 3520 1180 3585 venire
1234 3521 1310 3583 ad
1370 3538 1589 3583 manus
1638 3517 1882 3582 consilii
1929 3518 2352 3592 venetiarum,
2429 3521 2492 3581 et
2553 3520 2615 3582 in
2682 3538 2752 3584 eo
2824 3524 2991 3583 stare
3036 3521 3099 3584 et

378 3608 598 3683 facere,
648 3607 1162 3690 quemadmodum
1212 3610 1382 3672 stant
1428 3610 1490 3670 et
1535 3605 1773 3672 faciunt
1818 3605 1927 3668 alii
1977 3607 2208 3669 nobiles
2280 3606 2681 3686 Venetiarum
2746 3607 2820 3670 de
2865 3609 3090 3672 maiori

380 3697 636 3761 consilio
676 3696 1007 3759 antedicto,
1056 3696 1216 3759 Item
1264 3696 1422 3777 quod
1469 3695 1598 3775 ipse
1647 3694 1932 3758 dominus
2003 3695 2121 3758 dux
2189 3696 2253 3756 et
2314 3713 2640 3759 commune
2690 3696 3095 3760 Venetiarum

380 3804 500 3849 non
546 3786 786 3866 possint
834 3802 1028 3865 neque
1078 3783 1337 3847 debeant
1384 3802 1490 3864 per
1538 3800 1602 3847 se
1650 3781 1747 3847 vel
1794 3783 1952 3846 31103
1990 3784 2165 3845 modo
2198 3782 2405 3864 aliquo
2440 3783 2536 3845 vel
2577 3784 2818 3864 ingenio
2873 3788 3091 3847 contra

380 3873 658 3937 debitum
706 3872 1054 3936 communis
1103 3870 1444 3952 inquietare
1514 3871 1612 3934 vel
1682 3870 2011 3934 molestare
2058 3870 2263 3951 ipsum
2330 3869 2727 3952 magnificum
2776 3871 3093 3935 dominum

380 3959 712 4041 Georgium
791 3978 902 4023 nec
966 3978 1106 4023 suos
1178 3959 1431 4022 heredes
1500 3959 1573 4021 de
1641 3960 1945 4034 contrata,
2003 3977 2187 4040 quarn
2237 3960 2368 4039 ipse
2418 3978 2524 4040 pro
2572 3978 2637 4023 se
2684 3959 2935 4032 retinet,
2983 3978 3096 4023 nec

381 4048 556 4113 illam
606 4048 693 4111 eis
739 4047 982 4111 auferre
1025 4047 1120 4112 vel
1168 4047 1400 4111 auferri
1443 4046 1661 4124 facere,
1723 4063 1866 4127 ymo
1930 4046 2061 4127 ipse
2109 4050 2171 4109 et
2218 4048 2311 4110 sui
2359 4046 2615 4110 heredes
2667 4049 2908 4128 possint
2956 4065 3095 4110 eam

379 4136 685 4219 possidere
734 4136 797 4199 et
845 4140 1052 4200 tenere
1091 4136 1155 4199 et
1201 4137 1273 4199 de
1322 4154 1392 4199 ea
1437 4134 1759 4216 disponere
1801 4137 1867 4198 et
1913 4133 2131 4212 facere,
2182 4134 2345 4198 sicut
2392 4134 2511 4197 sibi
2583 4135 2887 4216 placuerit
2935 4138 3097 4199 tam-

378 4242 559 4307 quam
635 4223 921 4288 dominus
984 4225 1132 4300 eius,
1205 4223 1507 4304 possendo
1588 4223 1751 4286 ultra
1819 4221 1934 4285 hoc
1982 4222 2043 4285 in
2090 4240 2159 4286 ea
2205 4224 2270 4285 et
2313 4222 2588 4303 qualibet
2635 4225 2801 4287 terra
2848 4223 2912 4285 et
2957 4222 3092 4286 loco

377 4314 503 4376 eius
550 4310 787 4375 elevare
837 4310 1061 4376 vexilla
1108 4311 1172 4375 et
1219 4310 1487 4394 insignia
1534 4312 1733 4374 sancti
1781 4308 2000 4387 Marci,
2053 4312 2121 4373 ut
2169 4328 2276 4391 per
2322 4311 2432 4373 illa
2495 4313 2908 4393 cognoscatur
2957 4329 3094 4375 esse

378 4398 601 4464 nobilis
632 4401 699 4465 et
744 4399 897 4463 civis
946 4396 1368 4463 Venetiaru'm.

578 4504 738 4569 Item
787 4504 946 4587 quod
996 4504 1048 4569 si
1097 4504 1324 4587 aliquis
1373 4522 1446 4567 ex
1494 4503 1758 4568 subditis
1805 4504 1870 4567 et
1916 4502 2373 4567 habitatoribus
2445 4506 2725 4568 contrate
2795 4504 3095 4585 predicte.

373 4611 553 4675 quam
603 4593 736 4674 ipse
782 4594 1068 4657 dominus
1117 4593 1422 4675 Georgius
1469 4592 1842 4655 resservavit
1885 4593 1950 4655 et
1987 4610 2106 4673 per
2152 4610 2215 4655 33
2267 4595 2595 4672 1333311131,
2657 4592 2985 4674 aufugeret
3032 4598 3095 4658 et

372 4680 489 4746 iret
535 4681 614 4745 ad
658 4681 1071 4745 habitandum
1121 4686 1319 4763 terras
1370 4680 1462 4744 vel
1499 4680 1661 4754 loca,
1713 4698 1831 4761 que
1880 4680 2011 4761 ipse
2059 4680 2165 4743 dat
2211 4679 2413 4743 ducali
2449 4679 2741 4757 dominio,
2786 4682 2944 4763 quod
2995 4681 3088 4746 1111

371 4770 526 4835 tales
572 4768 693 4835 sibi
738 4768 989 4835 restitui
1033 4768 1300 4835 debeant
1345 4770 1409 4833 et
1452 4768 1758 4853 assignari
1836 4786 1944 4851 per
2018 4769 2287 4834 rectores
2352 4770 2416 4834 et
2461 4767 2780 4849 officiales,
2844 4770 2952 4854 qui
2993 4769 3083 4834 ibi
