3620 5282
519 350 607 413 80

731 525 1023 587 Preterea
1067 523 1120 585 si
1169 522 1448 586 dominus
1496 522 1614 585 dux
1662 521 2002 604 prelibatus
2050 522 2283 586 diceret
2330 523 2502 587 vobis
2547 522 2784 605 aliquid
2849 542 3033 605 super
3096 522 3259 587 facto

518 612 1010 676 differentiarum
1062 608 1223 672 inter
1270 609 1501 673 dictum
1553 628 1758 691 regem
1807 610 2130 692 Hungarie
2178 613 2241 673 et
2290 629 2397 674 nos
2446 611 2869 685 existentium,
2937 630 3045 691 per
3102 612 3264 693 quod

522 698 1013 779 conprehendere
1079 699 1360 778 possetis,
1427 698 1627 777 ipsum
1691 697 1820 759 sore
1886 698 2250 779 dispositum
2316 698 2394 761 ad
2459 698 2972 779 interponendum
3038 718 3102 762 se
3160 718 3262 779 pro

521 787 675 869 ipsis
722 786 1009 849 sedandis
1057 789 1118 847 et
1165 785 1618 859 concordandis,
1675 785 1938 847 trahatis
1987 785 2064 848 ab
2112 803 2180 849 eo
2227 785 2525 867 quidquid
2561 785 2817 849 honeste
2857 785 3137 867 poteritis
3184 786 3260 850 de

521 875 866 938 intentione
911 892 1022 936 sua
1067 874 1231 936 circa
1275 873 1408 944 hoc,
1462 872 1762 936 hortando
1812 873 2016 953 ipsum
2066 891 2206 936 cum
2252 873 2379 936 illis
2426 873 2631 937 verbis
2696 874 3077 950 decentibu8‚
3141 893 3259 955 que

522 981 632 1044 pro
682 962 903 1026 honore
952 962 1159 1024 nostro
1195 960 1481 1024 videbitis
1525 960 1869 1036 convenire,
1920 962 2081 1041 quod
2116 961 2229 1023 hoc
2260 960 2470 1037 faciat,
2519 960 2662 1043 quia
2697 979 2881 1042 quam
2913 961 3100 1025 citius
3136 962 3257 1037 fiet,

521 1054 877 1131 reputamus
924 1048 1141 1112 multis
1191 1048 1570 1130 respectibus
1617 1048 1693 1109 ad
1745 1066 2038 1128 magnum
2085 1050 2480 1123 avantaeium
2519 1053 2817 1125 nostrum,
2867 1050 3259 1113 ostendentes

520 1156 781 1218 semper,
832 1138 989 1218 quod
1035 1135 1147 1197 hoc
1193 1136 1414 1198 dicatis
1462 1154 1495 1198 a
1544 1135 1733 1200 vobis.
1785 1136 1867 1198 Et
1913 1134 2059 1217 quia
2093 1155 2276 1217 super
2301 1137 2420 1200 hiis
2452 1135 2720 1216 aliquam
2757 1135 3258 1201 informationem

524 1244 640 1288 non
684 1224 926 1287 habetis
958 1242 994 1286 a
1027 1223 1224 1299 nobiS‚
1275 1224 1671 1304 dicentesque
1719 1223 1794 1299 ei,
1846 1222 2005 1304 quod
2057 1226 2231 1286 tanta
2278 1226 2375 1287 est
2422 1224 2667 1299 fiducia,
2717 1242 2902 1306 quam
2953 1225 3028 1288 de
3062 1224 3261 1288 excel-

522 1313 714 1376 lentia
761 1330 873 1375 sua
919 1311 1232 1381 habemus,
1281 1310 1438 1391 quod
1487 1315 1558 1374 de
1607 1310 1744 1391 ipso
1791 1313 2034 1373 tantum
2084 1316 2381 1392 quantum
2433 1312 2506 1375 de
2556 1312 2761 1394 aliquo
2811 1311 2935 1375 alio
2986 1311 3259 1394 principe

522 1404 588 1463 et
632 1400 874 1463 domino
925 1398 1136 1462 mundi
1182 1416 1521 1477 speramus,
1572 1399 1730 1479 quod
1778 1416 2163 1480 quecumque
2206 1400 2397 1463 sciret
2441 1402 2505 1463 et
2535 1402 2936 1481 cognosceret
2981 1403 3258 1480 spectare

524 1487 597 1551 ad
650 1486 942 1550 honorem
992 1494 1054 1549 et
1100 1488 1334 1549 statum
1403 1488 1702 1559 nostrum,
1769 1504 1950 1566 quem
2021 1505 2235 1550 revera
2306 1490 2511 1567 potest
2571 1489 2867 1568 tanquam
2940 1487 3258 1569 proprium

519 1579 825 1658 reputare,
876 1574 1260 1655 promoveret
1305 1576 1369 1636 et
1418 1575 1716 1637 tractaret
1763 1573 1924 1636 sicut
1971 1592 2081 1637 sua
2129 1575 2378 1655 propria
2424 1574 2672 1639 faceret.
2740 1574 2824 1637 Et
2861 1575 3090 1653 omnia,
3139 1595 3258 1657 que

518 1665 595 1727 ab
644 1663 775 1744 ipso
823 1660 1165 1725 habueritis
1213 1664 1276 1723 et
1321 1661 1393 1725 de
1441 1662 1780 1724 intentione
1825 1663 1889 1723 et
1934 1661 2334 1743 dispositione
2383 1681 2492 1726 sua
2557 1662 2619 1726 in
2665 1661 3007 1744 premissis,
3080 1663 3257 1727 nobis

523 1749 809 1815 celeriter
855 1749 1230 1825 rescribatis
1280 1750 1560 1812 nostrum
1604 1751 1998 1831 expectantes
2049 1748 2429 1813 mandatum.

731 1874 858 1934 Hoc
902 1873 956 1952 5
987 1874 1110 1945 fuit
1153 1877 1328 1934 etiam
1377 1874 1583 1931 datum
1625 1875 1690 1931 in
1737 1875 2141 1933 commissione
2188 1874 2476 1933 Lodovici
2538 1874 2861 1934 Centarem'
2928 1878 3257 1935 ambascia-

521 1963 666 2021 toris
713 1963 794 2020 ad
838 1964 1250 2035 imperatorem
1288 1962 1694 2020 Romanorum
1741 1979 1813 2019 ac
1838 1962 2117 2021 Bohemie
2162 1980 2369 2036 recem,
2425 1962 2704 2022 Carolum
2749 1964 2847 2022 IV
2890 1964 2960 2023 de
2989 1965 3083 2024 die
3120 1964 3261 2023 XII

519 2050 833 2122 februarii.

607 2172 845 2233 Secreta
889 2173 1125 2232 consilii
1168 2177 1525 2247 royatorum,
1573 2189 1615 2230 u
1661 2171 1817 2231 mlet.
1867 2173 2099 2231 arkivu.

775 2414 1310 2497 cxxxvlll.
1368 2414 1574 2496 God.
1630 2412 1858 2497 1365.
1913 2413 1962 2494 2
2015 2415 2355 2515 ozujka.
2406 2436 2466 2495 u
2526 2415 2990 2496 Varadiuu.

533 2578 875 2654 Uqaraehrv.
924 2578 1083 2648 kralq·
1128 2578 1423 2653 odyovara
1465 2578 1617 2637 mlet.
1665 2577 1963 2651 republe‘ki
2009 2594 2092 2635 na
2136 2577 2369 2651 njezinc
2428 2577 2595 2634 luiba
2626 2593 2667 2634 u
2697 2577 2953 2651 poyledu
3010 2579 3255 2649 ηουοειί,

519 2668 648 2740 koje
693 2684 754 2726 se
790 2669 918 2726 cine
962 2685 1005 2726 u
1050 2666 1379 2738 Hrvatskoj
1443 2667 1724 2739 njezinim
1782 2666 2227 2735 stanovm'ko-m‚·
2285 2666 2475 2738 jamci
2535 2666 2680 2737 vijoj,
2746 2666 2827 2723 da
2877 2667 2945 2736 je
3005 2668 3253 2741 njeyova

521 2756 697 2814 tvrda
739 2756 898 2828 volja
943 2753 1140 2827 driati
1183 2771 1243 2813 se
1289 2771 1545 2828 uqovora
1591 2754 1782 2822 mirem
1832 2754 1910 2812 da
1950 2753 2011 2812 όε
2056 2754 2128 2811 do
2173 2754 2352 2811 skora
2397 2770 2525 2810 sam
2566 2771 2607 2809 u
2655 2751 2878 2827 Zadar‚
2928 2758 2982 2812 te
3025 2754 3107 2811 da
3150 2771 3252 2813 mu

517 2844 694 2916 ondje
737 2844 956 2916 upravi
1000 2843 1116 2901 dva
1145 2843 1312 2914 svojcz
1345 2842 1679 2914 poslanika‚
1727 2858 1758 2900 s
1789 2841 1995 2914 kojimi
2026 2841 2087 2899 ce
2119 2858 2150 2900 o
2180 2841 2266 2899 tih
2297 2842 2320 2898 i
2350 2858 2383 2899 ο
2422 2840 2638 2912 druyih
2682 2841 2912 2899 stvarih
2957 2842 3249 2903 razloiiti.

730 2979 1065 3043 Millesimo
1113 2978 1544 3043 trecentesimo
1590 2977 1971 3060 sexagesimo
2018 2977 2247 3059 quinto.
2298 2976 2665 3057 Exemplum
2723 2976 3077 3041 litterarum
3144 2979 3248 3044 do-

519 3066 675 3131 mini
720 3068 883 3151 regis
931 3065 1249 3149 Hungarie
1298 3066 1626 3129 missarum
1669 3065 1873 3129 ducali
1921 3066 2193 3129 dominio
2264 3083 2370 3145 pro
2427 3065 2823 3139 novitatibuS‚
2889 3084 3004 3147 que
3067 3084 3246 3130 sona-

419 3161 424 3166 ’
518 3156 670 3219 bant
738 3156 797 3218 in
872 3155 1201 3219 Sclavonia
1269 3156 1330 3216 et
1405 3171 1512 3234 pro
1581 3152 2002 3217 observatione
2060 3153 2245 3234 pacis,
2295 3152 2512 3215 Amice
2560 3151 2895 3217 carissime.
2976 3152 3246 3218 Litteras

517 3244 757 3307 vestras
804 3242 978 3305 nobis
1024 3260 1129 3322 per
1175 3239 1395 3304 harum
1446 3243 1887 3322 reportatorem
1938 3240 2242 3304 exhibitas
2275 3238 2597 3303 affectione
2645 3240 2827 3304 solita
2873 3242 3237 3322 recepimus,

517 3332 581 3392 et
626 3348 716 3406 ea,
760 3347 877 3410 que
924 3327 1396 3392 continebantur
1444 3328 1508 3390 in
1556 3326 1663 3403 εἰς,
1712 3327 1893 3410 pleno
1942 3327 2293 3411 colligimus
2342 3326 2681 3391 intellectu.
2733 3325 2889 3391 Sane
2930 3347 3116 3409 super
3155 3346 3244 3400 eo,

517 3419 675 3498 quod
725 3415 1015 3495 scribitis,
1063 3414 1359 3497 quasdam
1413 3416 1713 3480 novitates
1762 3415 1936 3479 vobis
1994 3418 2056 3479 et
2100 3414 2367 3479 subditis
2429 3415 2652 3479 vestris
2716 3415 3054 3480 contrarias
3117 3414 3248 3480 fore

516 3503 579 3566 in
645 3503 925 3585 partibus
985 3502 1298 3567 Dalmatia
1366 3502 1697 3566 suscitatas
1775 3502 1986 3566 taliter
2055 3502 2431 3583 providimus
2500 3502 3015 3585 respondendum,
3086 3503 3248 3586 quod
3317 3530 3326 3536 ·

515 3590 864 3655 huiusmodi
900 3590 1203 3654 novitates
1249 3590 1325 3653 de
1373 3593 1583 3654 nostra
1629 3609 1747 3653 non
1796 3592 2221 3671 processerunt
2265 3590 2607 3653 voluntate.
2675 3589 2838 3653 Nam
2899 3590 3011 3654 deo
3083 3593 3246 3656 teste

516 3698 758 3760 semper
802 3676 1031 3741 fuimus
1079 3686 1143 3743 et
1186 3697 1402 3741 sumus
1449 3677 1731 3759 dispositi
1777 3678 1856 3740 ad
1927 3697 1998 3741 ea
2060 3678 2285 3754 omnia,
2349 3696 2467 3759 que
2520 3676 2786 3741 formam
2856 3679 3024 3758 pacis
3084 3679 3248 3743 inter

515 3785 626 3832 nos
674 3768 738 3830 et
783 3783 891 3830 vos
936 3765 1180 3830 firmate
1228 3783 1592 3829 concerpere
1638 3765 1989 3829 videantur.
2037 3762 2324 3829 Ceterum
2373 3764 2520 3846 quia
2565 3766 2930 3829 concedente
2993 3766 3242 3831 domino

514 3854 779 3938 negotiis
828 3853 1057 3918 nostris
1104 3852 1223 3931 hic,
1297 3855 1367 3917 ut
1409 3871 1748 3934 speramu5‚
1815 3852 2078 3917 feliciter
2140 3853 2454 3935 expediti8‚
2523 3852 2899 3916 intendimus
2960 3872 3246 3935 persona-

516 3943 660 4007 liter
703 3942 959 4007 Jadram
1009 3941 1331 4024 proficisci.
1383 3941 1632 4004 Placeat
1680 3941 1875 4023 igitur
1925 3940 2098 4004 vobis
2147 3942 2298 4004 duos
2370 3939 2445 4004 de
2493 3940 2747 4005 consilio
2810 3942 3015 4005 vestro
3082 3942 3242 4006 viros

512 4034 776 4113 ydoneos
823 4030 901 4093 ad
949 4049 1056 4095 nos
1103 4027 1432 4105 destinare,
1482 4047 1624 4091 cum
1671 4027 1892 4109 quibus
1941 4029 2012 4091 de
2060 4028 2181 4091 ista
2224 4028 2485 4091 materia
2531 4031 2594 4091 et
2650 4028 3035 4111 quibuslibet
3100 4029 3242 4093 aliis

514 4120 976 4183 occurrentibus
1024 4117 1334 4182 communi
1385 4118 1729 4180 nostrorum
1773 4118 1837 4178 et
1882 4119 2228 4179 vestrorum
2281 4115 2434 4178 bono
2482 4117 2750 4180 tractare
2798 4116 2990 4180 latius
3039 4118 3240 4181 valea—

513 4224 674 4269 mus.
723 4207 852 4271 Nos
898 4206 1063 4270 enim
1113 4204 1538 4268 mandavimus
1587 4203 1814 4266 nostris
1854 4201 2222 4267 officialibus
2271 4205 2334 4265 et
2377 4204 2731 4282 specialiter
2772 4203 3094 4268 Baldesari
3140 4223 3240 4269 ca-

514 4295 778 4357 merario
819 4298 1050 4370 nostr0‚
1122 4294 1192 4355 ut
1239 4291 1487 4356 interim
1554 4290 1633 4353 ab
1702 4291 1988 4354 omnibus
2050 4288 2427 4353 novitatibus
2494 4292 2662 4354 vobis
2726 4291 2955 4355 nocivis
3026 4291 3244 4356 debeat

515 4396 776 4456 cessare,
825 4383 889 4444 et
933 4400 998 4445 se
1044 4380 1287 4444 omniuo
1334 4378 1666 4442 continere.
1721 4380 1882 4442 Date
1930 4376 2223 4442 Varadini
2270 4378 2536 4441 secundo
2584 4378 2681 4440 die
2730 4380 2959 4442 mensis
3014 4379 3240 4456 martii,

514 4482 671 4529 anno
717 4468 904 4530 LXV.
957 4505 1033 4513 -—
1083 4466 1156 4529 In
1203 4465 1652 4548 subscriptione
1713 4464 2019 4529 dictarum
2081 4465 2430 4528 litterarum
2492 4466 2956 4530 continebatur:
3020 4467 3243 4532 Inclito

514 4550 760 4616 domino
806 4554 1135 4618 Laurentio
1184 4553 1346 4618 Celsi
1394 4553 1533 4618 duci
1581 4553 1985 4618 venetiarum
2033 4552 2232 4616 amico
2281 4554 2494 4616 nostro
2536 4553 2876 4617 carissimo.

608 4672 1199 4736 Commemorialium
1233 4679 1318 4737 Vl
1329 4675 1361 4734 I
1404 4680 1506 4748 48,
1552 4695 1595 4736 u
1638 4678 1791 4737 mlet.
1840 4678 2077 4737 arkivu.
