3620 5282
2958 377 3084 443 351

362 546 547 609 netur
592 545 657 609 in
704 544 883 609 libris
930 545 1244 621 trecentis,
1294 547 1357 611 et
1403 548 1476 611 de
1523 546 1819 629 predictis
1865 567 1974 612 seu
2020 546 2438 630 predictorum
2483 548 2687 632 aliquo
2733 568 2850 616 303
2890 554 3089 634 possit

357 631 489 696 fieri
538 632 766 717 gratia,
805 634 878 697 ut
924 651 1129 715 supra.
1180 633 1240 710 9,
1292 653 1408 698 303
1457 634 1680 699 sinceri
1724 634 1785 712 4,
1835 635 1897 698 4.

569 719 802 802 Capta·
851 722 906 785 si
951 721 1196 786 videtur
1244 722 1417 787 vobis
1464 741 1571 803 per
1619 740 1709 798 ea,
1756 741 1873 803 que
1921 722 2086 788 dicta
2133 725 2196 786 et
2243 722 2403 788 lecta
2450 725 2615 802 sunt,
2665 724 2826 806 quod
2874 744 3085 807 proce-

353 806 539 872 datur
584 810 800 873 contra
849 808 1134 873 Dismam
1183 809 1521 874 Tolisclavi
1571 809 1838 874 iudicem
1878 810 2074 875 Lesue
2123 812 2441 876 occasione
2487 811 2764 894 predicta
2811 813 2915 892 61,
2965 832 3086 879 303

351 893 459 973 29,
509 913 628 960 303
677 895 897 960 sinceri
948 896 1046 961 13.

566 982 893 1060 DominuS,
939 982 1279 1048 consiliarii
1325 985 1389 1048 et
1433 984 1656 1067 capita.
1708 982 1943 1067 Capta.
1992 987 2152 1066 quod
2205 986 2444 1051 dictus
2465 987 2724 1052 Disman
2770 1008 3084 1072 nunquam

349 1070 549 1169 possit
595 1089 730 1135 esse
773 1070 951 1135 iudex
998 1071 1212 1135 Lesne.

562 1156 1017 1223 Advocatores.
1068 1159 1223 1240 qurd
1270 1158 1389 1223 iste
1434 1161 1667 1224 Desma
1730 1160 1859 1224 stet
1920 1160 2240 1239 VeneciiS,
2306 1163 2495 1226 donec
2544 1180 2765 1244 guerra
2812 1163 3084 1242 durabit,

353 1246 417 1309 et
463 1247 778 1339 presentet
823 1263 890 1310 se
936 1248 1107 1311 omni
1145 1246 1243 1310 die
1291 1248 1755 1311 advocatoribus
1798 1249 2144 1312 communis
2192 1249 2306 1313 sub
2349 1268 2506 1332 pena
2551 1250 2852 1317 librarum
2887 1252 3081 1331 XXV,

351 1334 416 1397 et
459 1316 736 1415 privetur
781 1334 1064 1398 omnibus
1111 1334 1331 1398 officiis
1378 1338 1441 1398 et
1482 1335 1797 1398 beneficiis
1843 1335 2061 1399 Lesne.
2111 1338 2171 1412 6,
2219 1354 2335 1400 303
2383 1337 2606 1402 sinceri
2661 1343 2715 1403 1.

565 1420 1005 1485 AdvocatoreS.
1056 1419 1285 1504 Capta:
1334 1422 1386 1486 si
1434 1421 1678 1485 videtur
1725 1422 1898 1486 vobis
1947 1442 2053 1504 per
2099 1442 2189 1500 ea,
2239 1442 2357 1506 que
2400 1426 2563 1489 dicta
2609 1429 2674 1490 et
2718 1425 2881 1490 lecta
2912 1430 3081 1504 sunt,

355 1507 517 1589 quod
564 1509 927 1589 procedatur
987 1511 1204 1573 contra
1267 1510 1455 1574 Bolce
1517 1508 1769 1588 Stanai,
1834 1509 2102 1593 iudicem
2167 1511 2361 1574 Lesne
2407 1513 2722 1578 occasione
2779 1514 3080 1597 predicta.

349 1594 493 1659 Non
542 1597 603 1672 Ξ),
650 1614 771 1660 303
819 1596 1040 1661 sinceri
1076 1598 1137 1660 4.

564 1644 883 1760 15οωί333,
954 1683 1288 1748 consiliarii
1353 1685 1418 1748 et
1483 1685 1710 1767 capita.
1782 1682 2015 1766 Capta.
2086 1684 2246 1768 quod
2311 1704 2621 1769 nunquam
2686 1688 2889 1770 possit
2950 1708 3083 1754 esse

353 1770 530 1834 iudex
569 1770 781 1834 Lesne.
826 1732 1075 1836 O’mneS.

560 1856 1013 1923 Advocatores:
1063 1858 1222 1941 quod
1272 1858 1356 1922 sit
1403 1858 1478 1923 ad
1527 1859 1948 1924 condicionem
1997 1861 2351 1925 contentam
2401 1861 2463 1924 in
2505 1864 2679 1943 parte
2727 1864 2930 1945 posita
2973 1883 3082 1946 per

348 1962 452 2009 eos
499 1947 713 2010 contra
758 1946 1047 2010 Dismam
1101 1946 1330 2011 sotium
1378 1965 1582 2011 suum.
1636 1945 1777 2010 Non
1825 1949 2044 2012 sinceri
2088 1948 2153 2012 Ο.

431 2035 613 2095 Misti
663 2035 1123 2106 XXV111.11‚
1167 2055 1210 2096 u
1255 2037 1595 2097 mletaclcom
1625 2038 1857 2097 arkivu.

624 2223 1023 2305 DXXIV.
1096 2223 1302 2306 303.
1357 2224 1575 2309 1357.
1629 2192 2236 2326 25'k010v0za,
2289 2249 2350 2308 u
2401 2225 2796 2308 anetem.

342 2349 792 2422 Nedozvob'cnO,
841 2349 922 2408 da
965 2351 1130 2423 njeki
1174 2357 1231 2410 iz
1274 2350 1476 2420 Pavie,
1524 2352 1775 2411 dvornik
1820 2369 1989 2427 ηραν.
2011 2353 2299 2425 palatina
2342 2353 2367 2410 i
2410 2353 2648 2411 ucetm'k
2691 2353 2861 2426 m'eke
2898 2356 3067 2413 urote

896 2454 1191 2497 osnovane
1223 2439 1393 2511 proti
1433 2440 1736 2511 republica
1785 2440 1935 2499 buda
1979 2458 2022 2499 u
2065 2444 2270 2500 zatvor
2315 2440 2511 2499 bacen.

560 2537 748 2603 1357.
798 2537 896 2602 die
943 2538 1123 2602 XXV
1168 2540 1434 2622 augusti.
1485 2540 1899 2606 Advocatores
1947 2541 2313 2606 communis,
2356 2538 2529 2619 Quod
2565 2540 2684 2604 iste
2730 2540 2805 2605 de
2853 2541 3068 2625 Papia,

342 2625 670 2691 familiaris
718 2626 967 2692 comitis
1015 2625 1299 2708 palatini,
1347 2627 1453 2711 qui
1503 2628 1742 2695 videtur
1784 2628 1977 2693 fuisse
2025 2630 2304 2694 conscius
2347 2629 2530 2694 huius
2580 2632 2885 2694 tractatus
2920 2629 3068 2695 facti

342 2715 555 2779 contra
599 2716 878 2780 nostrum
927 2716 1163 2779 statum
1230 2734 1336 2797 per
1398 2715 1686 2780 Marcum
1749 2715 2096 2794 Sertorem,
2163 2718 2504 2780 retineatur
2566 2717 2632 2780 et
2691 2718 3076 2782 examinetur

345 2821 451 2884 per
498 2800 825 2884 colegium,
876 2804 1032 2884 quod
1081 2802 1194 2866 fiat
1238 2801 1576 2868 secundum
1623 2822 1825 2879 usum,
1890 2806 1953 2868 et
2012 2822 2150 2867 cum
2201 2821 2271 2868 30
2317 2803 2479 2885 quod
2537 2803 2906 2882 habebitur,
2974 2824 3077 2869 ve-

345 2889 552 2953 nietur
596 2890 717 2954 huc
765 2892 830 2953 et
873 2890 982 2952 fiet
1030 2890 1193 2955 sicut
1239 2889 1569 2967 videbitur,
1617 2892 1681 2954 et
1726 2890 2018 2955 similiter
2076 2891 2423 2955 retineatur
2467 2890 2776 2971 famuluS,
2825 2892 2930 2974 qui
2977 2893 3075 2957 est

341 2994 482 3042 cum
529 2995 620 3041 ec.
668 2976 731 3055 5,
782 2977 856 3040 de
898 2994 1019 3040 non
1075 2978 1172 3054 10,
1221 2995 1341 3041 non
1380 2977 1603 3042 sinceri
1657 2980 1711 3042 1.

246 3077 249 3080 '
434 3065 608 3130 omas.
662 3067 739 3126 X.
787 3067 968 3127 Misti
1015 3067 1130 3128 IV.
1181 3071 1282 3138 61,
1329 3086 1371 3126 u
1414 3069 1757 3128 mletackom
1802 3067 2034 3127 arkivu.

639 3238 983 3320 DXXV.
1062 3237 1271 3320 (3011.
1325 3238 1544 3322 1357.
1599 3240 1704 3322 28
1757 3239 2213 3339 kolovoza,
2265 3262 2326 3321 u
2379 3239 2770 3322 meteih.

346 3362 610 3424 Obeo‘ava
655 3381 717 3424 sc
763 3364 879 3423 dar
923 3365 1216 3436 njekomu,
1263 3365 1376 3424 ako
1410 3365 1681 3438 predade
1721 3366 2015 3440 ylavnoya
2059 3366 2422 3439 osnovatelja
2451 3371 2617 3427 urote
2659 3371 2819 3441 proti
2849 3366 3075 3431 driavi.

940 3453 1285 3525 Primljmo‚
1331 3453 1412 3511 da
1455 3454 1619 3526 njeki
1663 3455 1719 3513 iz
1768 3455 1967 3523 Pavic‚
2015 3454 2164 3512 bude
2200 3455 2473 3527 ulovkq'en.

561 3554 745 3620 1357.
795 3553 895 3619 die
941 3555 1218 3619 XXVIII
1258 3555 1533 3638 augusti.
1581 3554 1815 3638 Capta:
1880 3548 2063 3637 quod'
2107 3575 2180 3619 ex
2229 3574 2388 3620 nunc
2435 3557 2518 3621 sit
2566 3558 2853 3639 captum,
2903 3558 3063 3641 quod

355 3642 407 3716 si
452 3643 569 3707 iste
617 3641 1037 3715 christoforus
1085 3641 1365 3707 Cimator
1411 3642 1627 3707 fecerit
1688 3644 1892 3708 venire
1958 3643 2239 3709 Marcum
2307 3643 2618 3710 Sertorem
2665 3645 2957 3710 Venetias
3005 3646 3070 3710 in

348 3750 566 3795 manus
615 3731 881 3808 nostrae,
931 3729 1023 3794 ita
1066 3732 1226 3813 quod
1270 3749 1380 3814 per
1427 3751 1567 3795 eum
1614 3730 1845 3795 veritas
1911 3731 2092 3809 facti,
2159 3730 2322 3813 quod
2389 3731 2563 3796 nobis
2628 3732 3066 3810 manifestavit,

346 3817 665 3897 habeatur,
715 3817 944 3882 habeat
985 3837 1022 3882 a
1067 3820 1279 3882 nostro
1326 3819 1639 3882 communi
1685 3819 1939 3882 ducatos
1987 3818 2043 3883 V
2086 3821 2354 3897 centum,
2414 3820 2478 3882 et
2538 3820 2787 3902 insuper
2847 3818 3076 3884 habeat

342 3907 665 3990 propterea
709 3905 1032 3971 licentiam
1081 3924 1416 3970 armorum.
1467 3904 1596 3969 Alii
1644 3906 1719 3969 de
1768 3908 1963 3988 parte,
2014 3905 2089 3970 de
2138 3924 2258 3970 non
2306 3906 2365 3983 3,
2412 3924 2529 3970 non
2576 3907 2798 3971 sinceri
2845 3909 2899 3972 l.

554 3992 789 4075 Capta:
839 3994 1001 4076 quod
1046 3994 1099 4057 si
1145 3992 1485 4058 Jacobinus
1519 3995 1592 4056 de
1638 3994 1871 4077 Papia,
1937 3993 2289 4076 inculpatus
2335 3993 2409 4058 de
2472 3992 2591 4058 isto
2638 3995 2838 4075 pacto,
2904 3994 3076 4058 inve-

345 4081 551 4145 niatur
598 4081 698 4145 hic
752 4099 911 4145 nunc
953 4080 1050 4145 vel
1094 4080 1267 4160 aliaS,
1318 4079 1676 4146 retineatur.

435 4170 607 4232 Cone.
659 4171 738 4231 X.
782 4171 964 4231 Misti
1009 4171 1125 4230 IV.
1174 4173 1275 4243 61,
1321 4189 1364 4231 u
1408 4172 1749 4231 mletackom
1789 4173 2023 4231 arkivu.

648 4342 1044 4425 DXXVI.
1110 4342 1317 4426 God.
1370 4343 1589 4428 1357.
1646 4342 1739 4427 31
1794 4343 2246 4443 kolovoza,
2300 4366 2361 4425 u
2415 4343 2783 4426 Mletcih

344 4474 554 4533 Prima
596 4488 676 4542 se,
722 4471 804 4529 da
847 4471 1121 4531 mletacki
1167 4472 1455 4547 praevani
1497 4472 1944 4623 moysscfflmiti
2002 4472 2130 4531 cast
2187 4472 2377 4533 kneza
2432 4471 2505 4529 ili
2547 4471 2730 4547 druye
2775 4473 2988 4533 oblasti
3031 4492 3074 4535 u

1788 4578 1830 4620 z.

563 4662 751 4727 1357.
798 4664 1130 4730 indictione
1176 4665 1256 4742 X,
1299 4664 1399 4730 die
1436 4665 1661 4730 ultimo
1708 4663 1976 4747 augusti.
2028 4663 2093 4729 Si
2140 4681 2248 4745 per
2295 4680 2386 4742 ea,
2435 4682 2553 4745 que
2600 4663 2771 4728 dicta
2817 4671 2880 4730 et
2910 4665 3076 4732 lecta

346 4753 511 4832 sunt,
562 4751 803 4819 videtur
849 4753 1041 4832 vobis,
1089 4753 1255 4835 quod
1297 4753 1469 4818 locus
1515 4752 1795 4818 Avalone
1841 4752 1907 4816 et
1947 4751 2073 4814 alia
2118 4751 2255 4816 loca
2298 4750 2658 4834 despotatus
2703 4751 3066 4820 subiaceant
