3620 5282
2999 375 3130 443 269

386 550 586 633 ‘quod
631 550 878 615 cederet
922 552 984 615 in
1033 552 1374 616 maximum
1421 551 1860 617 detrimentum
1912 551 2271 626 multorum,
2320 566 2606 632 rogamus
2648 549 2991 631 predictum
3026 552 3135 617 do·

424 637 686 718 minum,
735 638 895 721 quod
966 638 1206 721 placeat
1273 640 1500 706 habere
1550 656 1662 702 nos
1710 657 1747 703 a
1808 638 1975 703 diota
2023 637 2423 720 requisitione
2488 637 2711 702 merito
2777 642 3132 717 excusatos;

425 744 566 791 cum
617 725 736 791 hiis
785 731 848 791 et
893 726 1035 791 aliis
1082 727 1307 805 verbiS,
1358 747 1476 810 que
1524 726 1917 792 videbuntur.

509 835 690 896 Misti
738 835 916 896 XLI.
965 837 1071 907 22,
1115 853 1158 895 u
1204 835 1358 896 mlet.
1407 837 1639 896 arkivu.

638 1041 1304 1127 CCCLXXXIV.
1360 1041 1540 1127 God
1617 1043 1846 1128 1389.
1899 1043 1999 1127 23
2053 1045 2373 1147 srpnja,
2424 1066 2485 1126 u
2541 1044 2928 1129 Mletcih.

468 1206 762 1281 Naputak
804 1222 889 1264 na
924 1205 1251 1279 poslam'ka
1293 1205 1473 1266 idaea
1516 1224 1598 1265 na
1653 1206 1798 1265 dvor
1841 1206 2223 1266 naaliednika
2268 1225 2412 1266 cara
2458 1208 2734 1281 Mur-ata,
2780 1226 2814 1269 o
2859 1210 2993 1271 loom
3034 1226 3097 1270 se

773 1295 1020 1367 prooulo
1070 1295 1202 1371 bilo,
1252 1295 1331 1354 da
1362 1296 1435 1369 ,βε
1477 1313 1519 1354 u
1566 1296 1703 1369 boju
1747 1312 1820 1355 sa
1864 1296 2104 1357 knezom
2149 1295 2448 1355 Lazarom
2489 1298 2765 1373 poyimw.

641 1431 822 1496 1389.
870 1429 969 1495 die
1015 1430 1098 1495 23
1145 1429 1303 1496 iulii.
1372 1431 1697 1515 Sapientes
1745 1432 1992 1498 consilii
2054 1434 2117 1497 et
2176 1434 2490 1516 sapientes
2542 1436 2851 1500 ordinum.
2900 1434 3130 1520 Capta·

424 1523 573 1607 quia
615 1539 724 1585 nos
771 1519 1232 1603 presentialiter
1260 1520 1561 1585 habemus
1593 1521 1793 1585 multa
1837 1540 2017 1605 agere
2062 1522 2125 1585 in
2171 1522 2430 1606 imperio
2462 1523 3138 1607 Constantinopolitano

423 1615 555 1676 tam
604 1628 785 1692 super
830 1608 993 1672 facto
1040 1609 1438 1692 treuguarum
1487 1611 1837 1674 nostrarum
1874 1627 2057 1692 quam
2106 1629 2290 1693 super
2328 1611 2765 1677 reformatione
2799 1612 3137 1678 multarum

427 1701 870 1773 extorsionum,
920 1715 1035 1778 que
1079 1698 1237 1762 fiunt
1283 1697 1511 1762 nostris
1567 1698 1633 1762 in
1680 1700 1939 1780 imperio
1984 1698 2286 1781 predicte,
2332 1702 2396 1764 et
2441 1701 2629 1765 etiam
2678 1700 2994 1768 habendus
3044 1721 3143 1766 re-

428 1792 676 1889 spectus
722 1787 798 1851 ad
840 1802 1014 1863 nova,
1073 1804 1187 1869 que
1238 1786 1542 1851 habentur
1585 1788 1658 1852 de
1704 1790 1903 1852 morte
1944 1786 2172 1852 Morati
2220 1789 2284 1852 et
2329 1787 2462 1865 filii,
2513 1789 2576 1852 et
2620 1788 2693 1852 de
2742 1807 2894 1855 novo
2940 1790 3142 1854 domi-

432 1877 534 1940 nio
575 1876 831 1941 alterius
871 1873 1005 1953 filii,
1053 1878 1116 1938 et
1161 1873 1498 1942 dominatio
1547 1878 1832 1958 procuret
1872 1875 1947 1939 de
1990 1873 2272 1940 habendo
2318 1885 2596 1941 nostrum
2651 1877 2921 1943 nobilem
2967 1877 3142 1943 suffi-

427 1967 694 2030 cientem
739 1965 803 2026 et
849 1967 1174 2044 expostum
1230 1963 1291 2026 in
1338 1962 1521 2027 dictis
1568 1982 1706 2047 par
1678 1964 1869 2040 tibus,
1913 1964 2010 2027 cui
2077 1963 2229 2028 bene
2299 1966 2508 2030 omnia
2571 1965 2845 2047 predicta
2892 1964 3140 2032 comitti

428 2057 683 2136 possent
726 2054 792 2117 et
837 2049 970 2115 sine
1030 2051 1306 2132 expensis
1375 2052 1570 2117 nostri
1637 2052 2019 2129 communis;
2069 2053 2239 2117 vadit
2283 2071 2447 2136 pars,
2496 2053 2657 2137 quod
2704 2073 2813 2137 pro
2860 2055 3139 2120 utilitate

426 2143 803 2226 agendorum
851 2137 1289 2221 predictorum,
1354 2139 1510 2205 bono
1574 2142 1763 2205 etiam
1813 2141 1966 2206 dicti
2011 2141 2207 2204 nostri
2255 2141 2621 2218 communiS,
2675 2144 2835 2224 quod
2880 2142 2945 2207 in
2991 2160 3141 2208 casu

427 2249 546 2313 quo
594 2227 936 2293 dominacio
1005 2227 1206 2309 possit
1271 2227 1609 2310 adimplere
1665 2228 1899 2293 dictam
1969 2229 2373 2294 intentionem
2437 2230 2510 2295 de
2557 2229 2836 2296 habendo
2902 2231 3136 2297 dictam

427 2335 772 2400 personam,
824 2313 985 2396 quod
1033 2313 1146 2378 fiat
1190 2316 1243 2379 ei
1285 2317 1574 2381 comissio
1622 2318 1684 2381 in
1726 2317 1844 2381 hac
1888 2315 2106 2388 forma,
2153 2318 2484 2383 videlicet:

636 2403 763 2469 Nos
813 2403 1162 2469 Anthonius
1213 2403 1472 2469 Venerio
1521 2405 1617 2469 dei
1663 2407 1868 2489 gratia
1925 2405 2046 2470 dux
2096 2404 2496 2470 Venetiamm
2561 2410 2679 2472 etc.
2745 2405 3138 2471 comittimus

427 2492 543 2557 tibi
591 2493 786 2557 nobili
832 2493 960 2557 viro
1005 2491 1250 2556 Andree
1290 2493 1524 2557 Bembo
1571 2494 1793 2558 dilecto
1834 2492 1953 2558 civi
2000 2497 2065 2558 et
2108 2492 2278 2559 fideli
2319 2497 2528 2559 nostro
2575 2502 2690 2560 etc.
2727 2546 2741 2560 .
2778 2544 2794 2559 .
2832 2543 2847 2560 .

637 2579 866 2664 Capta:
908 2581 1203 2659 ceterum,
1255 2582 1399 2664 quia
1443 2584 1539 2647 est
1588 2582 1763 2649 valde
1810 2583 2228 2648 necessarium
2277 2584 2589 2666 providere
2635 2585 2710 2650 ad
2759 2582 2929 2650 facta
2978 2583 3139 2649 Τατ-

427 2668 562 2734 chie
607 2675 855 2752 propter
904 2671 1277 2734 mutationes
1319 2672 1562 2735 secutas
1609 2671 1674 2736 in
1723 2671 1851 2736 illis
1901 2671 2197 2752 partibus,
2232 2673 2597 2738 comittatur
2630 2674 2996 2752 vicebaiu10,
3031 2674 3136 2756 qui

424 2758 546 2823 erit
591 2759 652 2823 in
697 2756 1252 2839 Constantinopoli,
1301 2758 1464 2840 quod
1521 2777 1854 2825 convocare
1899 2759 2123 2824 debeat
2181 2760 2515 2825 consilium
2564 2762 2637 2826 de
2688 2760 2852 2840 XIL,
2901 2761 2965 2826 in
3015 2779 3135 2843 quo

426 2846 756 2929 propositls
802 2849 866 2912 et
910 2846 1275 2911 examinatis
1320 2846 1626 2924 omnibuS,
1675 2868 1793 2932 que
1843 2848 2052 2913 haberi
2099 2851 2388 2930 poterunt
2426 2848 2501 2912 de
2558 2851 2737 2914 dictis
2778 2849 2983 2928 factis,
3030 2851 3139 2914 de-

425 2936 608 3001 beant
654 2936 856 3001 videre
905 2939 967 3000 et
1014 2936 1383 3011 examinare,
1430 2935 1483 2998 si
1516 2936 1636 3000 erit
1684 2937 1834 3001 utile
1882 2955 1990 3018 pro
2032 2934 2217 3001 factis
2253 2939 2447 3002 nostri
2497 2938 2845 3003 communis
2876 2941 2943 3003 et
2973 2957 3139 3003 mer-

424 3028 698 3089 catorum
746 3029 1119 3101 nostrorum,
1170 3022 1330 3106 quod
1377 3024 1565 3088 vadat
1618 3025 1697 3088 ad
1763 3025 2139 3108 presentiam
2188 3025 2383 3103 illiue,
2434 3026 2540 3110 qui
2588 3026 2707 3090 erit
2767 3026 2829 3090 in
2877 3026 3138 3110 imperio

422 3112 556 3178 loco
606 3113 855 3190 Morati,
902 3116 966 3177 et
1011 3113 1064 3177 si
1113 3111 1560 3191 deliberabunt,
1606 3114 1761 3196 quod
1810 3114 1899 3177 ire
1940 3113 2181 3189 debeat,
2235 3117 2382 3178 tuno
2429 3116 2490 3177 in
2526 3114 2683 3179 bona
2714 3116 2922 3198 gratia
2954 3115 3138 3181 vadat

425 3203 491 3266 et
535 3219 600 3265 se
641 3203 953 3283 presentet
999 3220 1141 3266 cum
1182 3199 1409 3265 nostris
1456 3200 1685 3266 litteris
1734 3200 2143 3280 credulitatis,
2192 3221 2310 3284 que
2363 3200 2441 3267 ad
2503 3202 2809 3268 cautelam
2873 3205 3029 3271 fiant
3072 3204 3138 3267 in

425 3308 749 3372 personam
819 3290 1136 3354 amborum
1197 3288 1463 3353 filiorum
1527 3290 1750 3354 Morati
1814 3294 2109 3372 separate,
2160 3292 2229 3353 ut
2273 3293 2588 3374 presentet
2649 3291 2822 3356 illam
2868 3291 2984 3370 illi,
3032 3292 3138 3376 qui

297 3382 312 3395 ’
424 3378 860 3443 dominabitur.
951 3377 1187 3456 Quibus
1257 3377 1484 3442 litteris
1557 3380 1927 3461 presentatis
1991 3383 2055 3441 et
2123 3378 2285 3442 facta
2352 3379 2721 3445 salutatione
2791 3382 3031 3446 decenti
3073 3383 3139 3446 et

425 3466 733 3531 oblatione
788 3466 1064 3550 generali
1111 3483 1249 3528 cum
1300 3465 1426 3530 illis
1477 3467 1695 3543 verbiS,
1745 3485 1860 3548 que
1907 3467 2025 3531 sibi
2081 3466 2259 3531 utilia
2321 3467 2710 3547 videbuntur,
2785 3469 2985 3534 dicere
3031 3468 3139 3534 de-

426 3555 588 3631 beat,
634 3554 794 3637 quod
839 3555 1056 3619 subtus
1105 3555 1400 3636 partitam
1449 3553 1764 3638 galearum
1810 3555 2187 3636 presentium
2226 3555 2301 3621 de
2340 3555 2617 3621 Venetiis
2650 3558 2728 3622 ad
2759 3559 3137 3624 audientiam

424 3641 870 3707 dominationis
915 3644 1121 3707 nostre
1170 3644 1437 3721 venerat,
1487 3642 1593 3707 sed
1641 3661 1759 3707 non
1807 3642 1990 3721 clare,
2043 3642 2271 3708 bellum
2319 3646 2383 3708 et
2430 3646 2688 3722 novita8‚
2738 3647 2896 3728 quod
2936 3645 3139 3712 fuerat

426 3731 589 3796 inter
635 3730 1034 3814 magnificum
1082 3730 1399 3794 dominum
1442 3731 1785 3807 Moratum,
1834 3750 1954 3814 qua
2000 3734 2240 3813 patrem
2283 3750 2466 3796 suum
2499 3737 2564 3797 et
2610 3736 2900 3800 comitem
2945 3733 3137 3800 Laza-

427 3839 584 3898 rum,
656 3819 730 3883 de
799 3837 916 3901 quo
986 3817 1229 3882 diversa
1299 3817 1677 3898 dicebantur,
1750 3822 1969 3901 quibus
2017 3818 2167 3885 fides
2219 3821 2368 3885 bene
2414 3820 2654 3904 preberi
2709 3841 2830 3887 non
2871 3826 3133 3905 poterat.

425 3905 544 3971 Sed
594 3911 801 3972 tamen
850 3906 1183 3971 dominatio
1230 3909 1441 3971 nostra
1485 3906 1803 3972 audiverat
1845 3907 1921 3972 de
1970 3910 2164 3972 morte
2229 3908 2420 3990 ipsius
2484 3909 2713 3973 domini
2762 3910 3011 3988 Morati,
3060 3913 3135 3978 de

427 4013 549 4078 qua
597 3995 934 4060 maximam
977 3994 1436 4096 displicentiam
1485 3996 1803 4075 habuerat,
1852 3995 1996 4079 quia
2044 4015 2288 4078 semper
2333 4015 2474 4061 oum
2522 3998 2853 4063 habuimus
2899 4000 2961 4063 in
3010 4001 3134 4066 sin·

424 4083 892 4166 gularissimum
939 4085 1228 4157 amicum,
1278 4084 1342 4147 et
1387 4084 1713 4149 dileximus
1758 4103 1901 4148 eum
1948 4089 2011 4150 et
2058 4088 2292 4150 statum
2361 4103 2562 4149 suum.
2659 4083 2965 4152 Similiter
3025 4108 3136 4154 au-

424 4172 689 4237 divimus
734 4172 806 4236 de
852 4171 1018 4236 felici
1063 4171 1368 4236 creatione
1415 4191 1524 4236 sua
1572 4173 1645 4236 ad
1696 4173 2023 4254 imperium
2076 4174 2140 4238 et
2184 4174 2522 4239 dominium
2561 4172 2755 4256 ipsius
2787 4174 2984 4258 patris
3016 4178 3131 4257 sui,

424 4257 499 4322 de
545 4278 666 4343 quo
712 4278 822 4326 nos
869 4259 1180 4324 fueramus
1226 4258 1406 4324 valde
1450 4259 1651 4337 letati,
1697 4262 1843 4342 quia
1887 4260 2049 4326 sicut
2094 4263 2327 4327 sincere
2373 4261 2697 4327 dileximus
2746 4267 3008 4345 patrem,
3042 4265 3135 4331 ita

423 4346 744 4447 diligimus
786 4350 851 4412 et
895 4345 1180 4430 diligere
1206 4347 1488 4449 dispositi
1534 4366 1751 4413 sumus
1798 4348 1998 4413 filium
2049 4353 2114 4414 et
2159 4369 2341 4415 suum
2383 4349 2747 4429 dominium,
2798 4356 2861 4416 et
2905 4353 3134 4421 habere

423 4432 627 4517 ipsum
674 4436 738 4500 in
783 4435 1158 4521 singularem
1205 4435 1512 4511 amicum;
1577 4435 1802 4503 utendo
1863 4436 1960 4501 his
2006 4440 2093 4503 ’et
2136 4438 2276 4502 aliis
2322 4437 2528 4503 verbis
2569 4439 3022 4521 pertinentibus
3069 4446 3135 4509 et

423 4524 619 4599 bonis,
667 4543 786 4608 que
834 4543 945 4591 sue
991 4524 1294 4607 sapientie
1340 4524 1726 4590 videbuntur
1817 4524 1904 4589 Et
1947 4526 2090 4590 ante
2136 4544 2317 4592 suum
2362 4545 2669 4593 recessum
2716 4527 2939 4595 debeat
2993 4551 3136 4615 pro-

421 4630 635 4678 curare
681 4614 755 4678 de
803 4611 1133 4679 obtinendo
1176 4614 1384 4679 omnia
1427 4614 1539 4678 illa
1576 4613 1751 4692 bona,
1800 4632 1916 4696 que
1955 4613 2183 4697 poterit
2249 4633 2358 4696 pro
2425 4613 2778 4681 franchisiis
2837 4622 2901 4682 et
2941 4618 3134 4686 liber-

419 4700 654 4766 tatibus
701 4700 1079 4783 navigiorum
1126 4704 1191 4767 et
1235 4702 1621 4767 subditorum
1665 4704 2038 4782 nostrorum,
2088 4705 2160 4767 ut
2192 4720 2401 4769 secure
2433 4706 2497 4769 et
2526 4705 2656 4770 sine
2687 4705 3129 4789 impedimento

416 4787 658 4873 possint
702 4789 791 4855 ire
834 4790 912 4854 ad
956 4790 1165 4873 partes
1211 4791 1276 4855 et
1317 4791 1453 4855 loca
1497 4808 1627 4871 sua,
1677 4789 1949 4857 caricare
1991 4750 2055 4854 e’t
2098 4791 2361 4856 mercari
2419 4793 2581 4858 sicut
2624 4794 2918 4877 poterant
2960 4797 3125 4862 tem-
