3620 5282
3010 366 3130 433 201

396 537 777 622 Stephanum
828 559 1038 623 regem
1083 559 1221 606 cum
1271 540 1403 606 suis
1466 539 1614 608 filiis
1660 544 1725 607 et
1765 542 2093 607 heredibus
2152 542 2219 607 iu
2267 542 2537 608 Venetos
2581 543 2647 607 et
2684 542 2852 607 cives
2891 547 3138 609 nostros

399 629 742 710 recepimus
774 633 960 711 atque
993 629 1340 711 recipimuS,
1387 634 1451 693 et
1476 630 1746 696 Venetos
1789 633 1854 695 et
1879 632 2044 695 cives
2081 634 2322 696 nostros
2354 630 2617 696 fecimus
2649 632 2713 694 et
2744 629 3024 709 facimus,
3075 636 3140 696 et

402 735 510 798 pro
562 716 814 780 Venetis
861 717 926 780 et
946 717 1181 781 civibus
1232 718 1461 782 nostris
1509 718 1571 783 in
1620 718 1899 783 Venetiis
1947 720 2011 783 et
2055 722 2227 784 extra
2275 718 2541 784 ubilibet
2601 717 2812 794 haberi
2859 718 3142 785 volumus

402 808 465 868 et
511 804 785 882 tractari,
836 806 996 887 ipsos
1042 805 1279 870 sincere
1347 805 1701 871 dilectionis
1762 806 2032 871 brachiis
2099 806 2547 889 amplexantes,
2589 822 2663 869 ac
2710 805 2974 872 firmiter
3017 812 3148 871 sta-

402 893 668 969 tuentes,
696 893 859 974 quod
907 892 1139 957 eisdem
1172 892 1589 968 libertatibus,
1625 893 1955 973 beneficiiS,
1990 895 2234 976 gratiis.
2277 893 2610 959 honoribus
2636 909 2710 958 ac
2736 894 3149 960 immunitati-

400 978 534 1055 bus,
581 981 805 1062 quibus
850 980 958 1045 alii
992 981 1228 1045 nobiles
1260 981 1425 1045 cives
1463 981 1865 1046 venetiarum
1900 983 2188 1064 gaudent,
2223 981 2442 1062 prefati
2477 981 2764 1046 dominus
2797 982 3146 1063 Stephanus

397 1086 502 1130 rex
540 1069 601 1130 et
647 1067 743 1132 sui
792 1067 925 1132 filii.
955 1071 1019 1133 et
1064 1068 1315 1133 heredes
1363 1070 1423 1134 in
1475 1069 1858 1134 Venetiis=et
1904 1072 2076 1133 extra
2146 1069 2374 1152 ubique
2432 1068 2744 1153 gaudeant
2787 1070 3146 1153 plenissime

399 1156 464 1218 et
509 1157 782 1219 utantur.
836 1157 905 1219 In
953 1174 1215 1239 quorum
1261 1156 1536 1221 omnium
1566 1157 1769 1236 fidem,
1805 1156 2230 1222 testimonium
2280 1159 2345 1221 et
2390 1157 2761 1221 evidentiam
2810 1156 3145 1239 pleniorem
3266 1155 3273 1160 ’

401 1261 650 1324 presens
697 1244 1090 1327 privilegium
1143 1245 1271 1309 fieri
1321 1245 1770 1317 mandavimus,
1822 1248 1885 1309 et
1932 1244 2101 1309 bulla
2150 1248 2355 1309 nostra
2402 1245 2704 1327 pendente
2746 1263 2930 1309 aurea
2978 1264 3148 1310 com·

405 1329 650 1394 muniri.
714 1331 942 1395 Datum
993 1333 1054 1396 in
1103 1337 1312 1397 nostro
1358 1332 1559 1397 ducali
1608 1333 1839 1416 palatio
1873 1351 2041 1396 anno
2090 1332 2396 1397 dominice
2443 1331 2887 1396 incarnationis
2936 1333 3143 1398 mille-

403 1419 559 1482 simo
610 1420 1042 1483 trecentesimo
1088 1420 1511 1504 octuagesimo
1556 1421 1768 1492 tercio,
1807 1421 1904 1484 die
1952 1420 2296 1503 penultimo
2343 1419 2499 1496 iulii,
2547 1423 2720 1484 sexte
2758 1418 3138 1486 indictionis,

618 1521 953 1587 Millesimo
1001 1525 1432 1589 trecentesimo
1481 1524 1873 1606 nonagesimo
1922 1526 2142 1607 prime,
2192 1524 2421 1588 mensis
2472 1524 2624 1588 iunii
2650 1524 2748 1589 die
2794 1524 3018 1607 primo,
3053 1526 3149 1590 in·

409 1609 677 1673 dictione
726 1613 1204 1693 quartadecima,
1254 1612 1460 1676 simile
1509 1613 1903 1696 privilegium
1951 1612 2184 1677 factum
2232 1611 2353 1676 fuit
2398 1611 2654 1676 domino
2704 1613 3025 1694 Stephano
3073 1614 3148 1678 de

399 1698 583 1761 Bissa
609 1697 903 1782 (Dabisa)
929 1699 1024 1763 dei
1054 1701 1258 1783 gratia
1285 1701 1416 1782 regi
1440 1701 1678 1779 Rassie,
1706 1701 1981 1774 Bossine,
2009 1702 2442 1782 maritimeque
2469 1703 2586 1764 etc.
2614 1700 3052 1782 punctualiter,
3084 1705 3151 1764 ut

401 1784 635 1849 factum
683 1784 807 1849 fuit
852 1788 1098 1852 domino
1147 1787 1461 1871 Stephano
1507 1789 1839 1865 Tuertcho,
1889 1792 2132 1852 mutato
2179 1788 2495 1852 solumodo
2541 1788 2791 1852 nomine
2838 1788 3032 1870 partis
3080 1792 3146 1853 et

398 1875 696 1955 tempore.

607 1978 949 2046 Millesimo
994 1980 1604 2063 quadringentesimo
1652 1985 1895 2064 quarto,
1941 1981 2173 2047 mensis
2215 1981 2588 2062 augustidie
2635 1981 2924 2063 septimo,
2974 1981 3133 2045 indi·

398 2065 605 2130 ctione
650 2066 1035 2147 duodecima,
1086 2068 1319 2134 factum
1347 2068 1467 2134 fuit
1504 2070 1709 2133 simile
1757 2069 2153 2152 privilegium
2199 2069 2600 2134 serenissimo
2647 2067 2897 2132 domiuo
2941 2069 3136 2133 Tuer-

396 2154 561 2236 tch0,
589 2155 894 2237 quondam
941 2156 1312 2220 Tuertkonis
1338 2156 1522 2240 regiS,
1565 2157 1663 2221 dei
1711 2162 1913 2240 gratia
1954 2159 2083 2240 regi
2112 2157 2348 2236 Rassie,
2380 2157 2650 2235 Bossine,
2698 2155 3133 2240 maritimoque

395 2243 515 2306 etc.
559 2247 802 2308 mutato
849 2245 1097 2310 nomine
1144 2245 1319 2308 ducis
1367 2249 1432 2309 et
1476 2247 1776 2328 tempore.

485 2350 670 2412 In'ber
713 2353 1172 2430 Privileqiorum
1220 2354 1276 2414 1.
1325 2355 1426 2424 56,
1468 2371 1511 2413 u
1555 2355 1711 2416 mlet.
1763 2355 1999 2416 arkivu.

687 2592 1255 2680 CCLXXXV.
1308 2596 1512 2681 (iod.
1572 2597 1798 2682 1383.
1853 2596 1962 2682 30
2018 2597 2299 2701 muna,
2356 2618 2413 2679 u
2466 2595 2860 2680 Mletclh.

397 2776 732 2850 Republika
781 2778 994 2839 nalaie
1052 2797 1258 2839 svomu
1297 2781 1624 2855 poslaniku
1666 2798 1709 2840 u
1769 2780 2085 2856 Uqarskoj‚
2135 2781 2290 2839 nelca
2336 2779 2609 2838 obustavi
2652 2777 3052 2852 doqovaranje
3105 2794 3138 2835 o

1367 2886 1584 2929 savena
1627 2886 1659 2928 s
1703 2871 1862 2928 onim
1908 2868 2165 2928 dvorom.

618 3003 801 3069 1383.
862 3004 1196 3071 indictione
1258 3007 1544 3089 septima,
1609 3008 1705 3072 die
1769 3006 1991 3071 ultimo
2052 3004 2425 3088 septembris
2472 3022 2573 3068 ser
2650 3002 2872 3068 Vitalis
2943 3003 3148 3067 Laudo

400 3090 807 3155 consiliarius.
856 3092 1089 3174 Capta:
1151 3094 1312 3177 quod
1384 3093 1828 3177 respondeatur
1876 3113 1973 3159 ser
2030 3093 2332 3159 Saraceno
2403 3090 2691 3156 Dandulo
2761 3090 3147 3155 ambaxatori

401 3182 632 3255 nostro,
682 3178 841 3261 quod
891 3181 1235 3264 recepimus
1282 3182 1500 3248 literas
1548 3202 1690 3248 suas
1738 3183 1913 3247 datas
1968 3182 2136 3247 Bude
2184 3182 2280 3245 die
2325 3183 2541 3245 octavo
2602 3180 2829 3243 mensis
2878 3181 3150 3260 septem·

408 3266 534 3329 bris
582 3269 645 3330 et
690 3266 984 3348 replicata
1032 3269 1222 3334 Viene
1273 3271 1370 3335 die
1434 3271 1506 3333 18
1547 3272 1696 3336 dicti
1739 3270 1970 3335 mensis
2020 3289 2204 3353 super
2251 3268 2415 3332 facto
2462 3267 2586 3347 lige
2619 3266 2817 3331 fiende
2863 3286 3003 3331 cum
3054 3285 3150 3329 re·
3244 3298 3249 3301 -

408 3353 605 3436 ginali
654 3356 980 3420 maiestate
1046 3358 1366 3440 Hungarie
1437 3360 1574 3437 etc„
1624 3358 1848 3441 quibus
1921 3358 2279 3440 plenissime
2340 3356 2694 3432 intellectiS,
2759 3354 3145 3437 diligentiam

397 3460 576 3506 suam
626 3446 1080 3518 comendautes,
1159 3445 1578 3523 rescribimus,
1627 3446 1788 3529 quod
1864 3445 2130 3511 intentio
2206 3448 2417 3509 nostra
2462 3446 2559 3508 est
2605 3447 2669 3507 et
2728 3444 2819 3507 sic
2868 3442 3148 3507 volumus

400 3531 466 3594 et
512 3530 898 3607 mandarum,
974 3532 1130 3615 quod
1204 3535 1332 3614 ipse
1379 3536 1584 3598 noster
1652 3534 2018 3599 ambaxator
2087 3533 2307 3598 debeat
2352 3550 2460 3614 per
2506 3531 2723 3595 literas
2789 3549 2952 3605 suas,
3000 3548 3150 3612 quas

403 3617 621 3682 mittat
667 3617 743 3683 ad
810 3638 1031 3683 manus
1088 3621 1402 3685 Francisci
1476 3622 1548 3686 de
1612 3621 1931 3686 Bernardo
2003 3622 2336 3686 secundum
2406 3621 2682 3685 ordinem
2753 3620 2985 3694 datum,
3056 3637 3153 3680 re-

402 3705 698 3788 spondere
754 3708 1001 3771 domino
1073 3709 1284 3772 comiti
1332 3708 1607 3792 palatino
1656 3710 1718 3773 in
1769 3710 1883 3773 hac
1930 3708 2124 3773 forma
2174 3708 2495 3772 videlicet:
2546 3707 2704 3790 quod
2755 3706 2884 3788 ipse
2935 3706 3151 3769 amba-

401 3799 582 3858 xator
637 3798 847 3859 noster
894 3796 1115 3861 habuit
1161 3797 1614 3878 responsionem
1663 3817 1699 3861 a
1745 3805 1956 3861 nostro
1999 3796 2286 3871 dominio,
2338 3795 2495 3878 quod
2553 3796 2774 3857 debeat
2817 3792 3146 3875 regratiari

402 3880 520 3963 ipsi
571 3883 822 3947 domino
884 3883 1098 3948 comiti
1149 3885 1221 3948 de
1268 3884 1566 3949 laudabili
1631 3888 1695 3948 et
1742 3885 1983 3949 sincera
2036 3883 2438 3965 dispositione
2504 3901 2617 3947 sua
2664 3900 2809 3962 erga
2851 3881 3144 3945 honorem

401 3973 465 4031 et
510 3972 743 4034 statum
795 3973 986 4036 nostri
1034 3972 1317 4044 dominii,
1368 3973 1673 4055 tangendo
1733 3974 1944 4048 etiam,
1995 3972 2265 4054 qualiter
2325 3970 2669 4034 dominatio
2720 3970 2931 4032 nostra
2980 3986 3148 4031 sem·

406 4076 515 4139 per.
563 4055 704 4136 fuit,
752 4061 851 4123 est
902 4062 966 4124 et
1012 4062 1132 4124 erit
1190 4061 1421 4143 optime
1492 4060 1789 4142 disposita
1839 4061 1913 4124 ad
1961 4077 2207 4123 omnem
2272 4059 2585 4133 honorem,
2630 4058 3034 4138 augmentum
3084 4058 3149 4119 et

406 4146 934 4212 conservationem
982 4148 1277 4230 reginalis
1327 4147 1679 4212 maiestatis
1728 4147 2050 4230 Hungarie
2096 4165 2236 4212 cum
2285 4147 2449 4210 omni
2485 4146 2842 4209 sinceritate
2891 4146 2958 4207 et
2991 4144 3150 4207 bono

403 4231 601 4297 corde.
652 4231 751 4297 Ad
800 4233 1032 4300 factum
1083 4254 1223 4300 vero
1272 4236 1414 4319 lige,
1465 4234 1626 4317 quod
1677 4236 2014 4300 dominatio
2062 4236 2289 4308 nostra,
2330 4234 2490 4297 sicut
2540 4236 2639 4296 est
2687 4232 2995 4295 notorium
3032 4232 3147 4294 toti

265 4330 270 4333 “
401 4320 657 4397 mund0,
704 4324 800 4386 est
845 4324 906 4388 in
959 4325 1113 4388 bona
1162 4328 1226 4387 et
1270 4327 1562 4405 perpetua
1630 4341 1776 4404 pace
1835 4341 1975 4387 cum
2030 4321 2290 4406 reginali
2349 4322 2675 4385 maiestate
2713 4320 3041 4403 Hungarie
3088 4322 3152 4382 et

403 4408 608 4472 etiam·
641 4427 779 4473 cum
830 4411 990 4486 aliis,
1042 4430 1226 4494 quam
1299 4430 1514 4494 pacem
1585 4429 1803 4475 sumus
1871 4410 2160 4492 dispositi
2220 4408 2662 4473 inviolabiliter
2711 4408 3058 4481 observare,
3090 4409 3154 4470 et

401 4497 608 4561 vivere
651 4495 710 4561 in
754 4516 898 4579 pace
946 4518 1082 4563 cum
1130 4501 1419 4564 omnibus
1468 4500 1677 4563 nostro
1725 4517 1925 4587 posse,
1955 4497 2100 4580 quia
2125 4497 2214 4561 sic
2240 4513 2483 4578 semper
2532 4494 2650 4560 fuit
2697 4497 2769 4557 de
2820 4513 2986 4558 more
3045 4513 3151 4558 no-

400 4587 551 4661 stre,
597 4584 892 4668 rogando,
957 4586 1114 4668 quod
1179 4586 1426 4669 placeat
1468 4589 1546 4651 ad
1595 4586 1828 4650 factum
1894 4586 2060 4649 dicte
2103 4585 2227 4668 lige
2272 4602 2379 4648 nos
2428 4584 2652 4648 habere
2701 4581 2923 4647 merito
2972 4600 3151 4645 excu-

406 4675 613 4743 satos;
661 4675 724 4737 et
768 4674 954 4737 missa
1005 4675 1175 4738 dicta
1222 4675 1403 4739 litera
1427 4694 1535 4757 per
1560 4674 2021 4738 ambaxatorem
2077 4670 2357 4736 nostrum
2409 4670 2660 4735 domino
2719 4669 2933 4734 comiti
2975 4669 3149 4751 pala-

398 4758 532 4824 tino
581 4774 723 4824 cum
770 4761 982 4826 ordine
1029 4761 1325 4844 predicto,
1373 4763 1737 4827 ambaxator
1783 4764 1993 4825 noster
2042 4759 2339 4824 venetias
2382 4760 2759 4824 revertatur.
2811 4756 2918 4820 66.
