3620 5282
3062 368 3145 437 13

418 543 548 624 illa,
597 562 716 627 que
762 561 872 627 per
915 541 1196 607 homines
1242 543 1449 607 vestro
1476 542 1718 607 sablata
1749 540 2004 607 fuerunt
2049 560 2085 606 a
2136 539 2507 606 Francischo
2554 542 2630 606 de
2676 541 3024 609 Mediolano
3079 545 3145 609 et

413 632 645 696 Zanino
693 629 950 696 condam
998 629 1307 694 Dominici
1353 629 1429 693 de
1489 629 1702 708 Jadra,
1764 631 2022 695 vassalis
2081 629 2314 693 domini
2362 629 2552 693 nostri
2598 630 2781 712 regis,
2843 632 3145 696 amicabi-

410 719 557 784 liter
601 719 848 783 restitui
897 717 1153 783 facietis.
1202 717 1286 780 Et
1330 719 1538 782 vestro
1587 718 1842 794 notario,
1891 737 2072 801 quem
2134 717 2211 781 ad
2272 719 2477 798 partes
2537 715 2693 780 istas
2742 719 2980 782 noviter
3026 719 3145 783 mi-

413 808 656 881 seratis,
725 806 997 889 predicta
1057 804 1373 869 referenda
1430 805 1858 870 commisimus
1921 823 2067 869 voce
2116 804 2272 868 viva
2322 801 2525 882 Quare
2570 803 2769 867 adhuc
2832 824 2940 886 pro
2983 804 3143 870 bono

411 912 721 977 rogamuS,
770 894 1075 976 quatenus
1123 892 1334 956 eadem
1383 892 1627 958 restitui
1659 892 1926 971 faciatiS,
1978 892 2029 957 si
2068 891 2305 975 placet;
2356 891 2515 954 alias
2547 892 2757 955 autem
2790 910 2972 974 super
3022 892 3144 957 hiis

416 980 766 1047 huiusmodi
829 998 938 1045 nos
994 978 1278 1063 expediet
1320 980 1609 1064 cogitare.
1675 978 1990 1064 Scriptum
2045 980 2108 1043 in
2160 980 2364 1043 castro
2410 978 2611 1042 sancti
2674 978 2999 1044 Michaelis
3047 980 3145 1046 Si-

414 1067 784 1147 benicensis‚
831 1069 930 1132 die
985 1068 1042 1131 V
1102 1066 1492 1148 septembris.

507 1157 1074 1219 commemor-iulium
1134 1155 1239 1218 Vl.
1290 1155 1393 1228 68,
1442 1176 1484 1216 u
1528 1158 1685 1218 mlet.
1733 1159 1967 1217 arkivu.

810 1345 1140 1428 XXXV.
1196 1345 1404 1432 Gon.
1459 1344 1688 1430 1359.
1735 1345 1781 1426 7
1834 1344 2282 1444 kolovoza‚
2334 1367 2392 1425 u
2448 1345 2731 1426 Trstu.

622 1485 1118 1550 Zambernardus
1167 1485 1240 1550 de
1288 1482 1511 1549 Cisano
1566 1484 1847 1549 notarius
1895 1485 2148 1549 venetus
2196 1482 2444 1567 exponit
2493 1484 2785 1565 potestati
2838 1485 3143 1568 Tergesti,

414 1575 575 1657 quod
639 1575 888 1656 quidam
954 1572 1225 1637 Zaninus
1282 1573 1356 1636 de
1401 1571 1593 1637 Jadra
1634 1589 1845 1636 coram
1899 1570 2388 1635 dominationem
2438 1571 2838 1635 Venetiarum
2888 1590 3148 1655 compa-

415 1662 543 1726 ruit
591 1680 772 1739 ¹‚cum
821 1660 1051 1725 litteris
1094 1659 1628 1745 commendatoriis
1676 1658 1976 1724 baronum
2025 1657 2258 1722 domini
2305 1659 2470 1741 regis
2533 1659 2855 1742 Hungarie
2900 1660 3146 1743 legato-
3257 1708 3274 1745 ff,

411 1768 553 1813 rum
598 1749 677 1812 ad
723 1750 929 1830 partes
988 1746 1346 1813 Sclavenie“
1410 1765 1708 1824 asserens,
1771 1748 1931 1828 quod
1996 1745 2052 1811 ei
2116 1745 2345 1828 injuste
2418 1746 2626 1810 ablata
2670 1746 2893 1810 fuisset
2960 1747 3145 1812 barca
3227 1750 3250 1767 “‘

412 1838 637 1901 onusta
679 1836 870 1900 variis
920 1834 1395 1899 mercationibus
1444 1853 1550 1916 per
1595 1834 1835 1915 lignum
1898 1834 2260 1915 deputatum
2308 1836 2385 1898 ad
2433 1834 2780 1898 custodiam
2825 1834 3029 1911 Istrie,
3077 1838 3147 1900 et

412 1922 595 2007 quod,
664 1922 717 1987 si
782 1942 926 1987 vera
988 1924 1199 1987 essent
1267 1923 1560 2003 exposita,
1624 1922 1826 1986 eidem
1891 1920 2119 1985 Zanino
2182 1920 2387 1985 omnia
2432 1922 2857 1985 restituantur.
2898 1921 3140 1987 Habita

415 2011 491 2075 de
536 2009 704 2075 facto
765 2008 1221 2087 informatione,
1286 2009 1684 2092 dignoscitur,
1750 2009 1914 2091 quod
1975 2008 2179 2090 alique
2242 2010 2489 2072 tantum
2533 2026 2632 2072 res
2699 2005 2935 2073 fuerint
2980 2008 3134 2074 dicti

414 2098 655 2177 Zanini,
701 2099 892 2163 barca
933 2115 1075 2163 vero
1125 2096 1407 2162 alterius.

505 2187 1076 2249 Commemorialium
1135 2187 1240 2247 VI.
1291 2189 1392 2258 69,
1438 2204 1479 2245 u
1525 2186 1679 2245 mlet.
1728 2187 1966 2247 arkivu.

780 2376 1160 2461 xxxvl.
1212 2374 1420 2459 (iod.
1471 2374 1693 2459 1359.
1745 2377 1798 2460 9
1854 2374 2300 2473 kolovoza‚
2354 2395 2415 2455 ιι
2467 2374 2751 2458 Trstu.

415 2503 743 2565 Trsdanski
801 2505 949 2563 knez
1012 2503 1195 2564 Petar
1240 2503 1527 2562 Dandulo
1571 2502 1723 2575 §alie
1779 2502 2111 2561 krvatskim
2156 2501 2470 2561 velikasem
2516 2502 2650 2577 yon·
2695 2501 3007 2562 navedenu
3063 2502 3146 2563 in·

922 2597 1117 2666 trayu,
1160 2591 1241 2651 da
1283 2607 1345 2652 se
1392 2608 1425 2650 0
1469 2592 1661 2650 alvari
1699 2590 1943 2650 Zanina
1986 2590 2044 2650 iz
2091 2588 2298 2649 Zadra
2342 2591 2661 2664 osvjedode.

619 2712 989 2795 Exemplum
1051 2713 1430 2794 quarundam
1492 2712 1846 2776 litterarum
1913 2711 2249 2776 missarum
2312 2709 2649 2775 baronibus
2695 2711 2934 2779 domini
2982 2713 3145 2795 regis

415 2801 736 2883 Hungarie
784 2799 844 2862 in
893 2799 1175 2882 partibus
1224 2799 1546 2863 Dalmacie
1597 2818 1703 2879 per
1753 2798 1952 2863 virum
1999 2799 2273 2864 nobilem
2322 2799 2575 2862 Petrum
2641 2799 2925 2866 Dandulo
2974 2803 3145 2881 pote-

414 2891 646 2954 statem
694 2887 974 2972 Tergesti
1040 2905 1113 2952 ac
1173 2887 1405 2952 iudices
1456 2885 1709 2952 consilii
1770 2887 1836 2950 et
1895 2904 2222 2951 commune
2280 2885 2444 2949 dicte
2477 2886 2985 2971 terre.Magnifici
3035 2887 3144 2953 do-

412 2975 568 3041 mini
633 2994 708 3039 ne
761 2995 869 3058 per
930 2973 1240 3040 defectum
1303 2992 1593 3040 vocatum
1661 2973 2080 3056 prolacionum
2145 2973 2344 3057 possit
2405 2974 2632 3037 veritas
2691 2975 2972 3052 ocultari‚
3037 2975 3147 3040 sed

412 3061 625 3146 pocius
684 3063 1035 3127 atribuatur
1103 3061 1449 3144 unicuique,
1512 3062 1671 3143 quod
1740 3079 1922 3126 suum
1988 3062 2103 3140 est,
2166 3061 2402 3142 copiam
2464 3060 2885 3143 requisicionis
2944 3063 3150 3127 cuius-

278 3164 282 3169 ·
412 3150 557 3216 dam
627 3150 802 3214 nobis
872 3149 1033 3214 facte
1095 3167 1202 3231 per
1262 3149 1552 3214 nuncium
1616 3149 1846 3212 domini
1914 3148 2089 3213 ducis
2153 3149 2548 3212 Veneciarum
2615 3167 2736 3213 una
2777 3168 2917 3215 cum
2966 3150 3151 3215 testi·

414 3237 810 3303 ficacionibus
880 3236 1227 3319 aliquorum
1297 3238 1577 3313 testium,
1647 3255 1800 3318 quos
1870 3236 2050 3300 citari
2128 3235 2385 3300 fecimus
2463 3237 2527 3298 et
2599 3235 2821 3315 iurare,
2896 3256 2970 3302 ac
3045 3256 3149 3301 su-

415 3342 521 3406 per
566 3323 1077 3406 requisicionibus
1127 3323 1257 3405 ipsa
1304 3323 1625 3388 testificari
1677 3324 2100 3387 mandavimus
2148 3341 2356 3389 coram
2418 3321 2612 3402 nobie,
2679 3323 3147 3407 magnificencie

414 3412 614 3478 vestre
677 3409 1006 3493 dirigimus
1059 3410 1450 3493 presentibus
1511 3411 1933 3486 interclusam,
1984 3413 2055 3474 ut
2101 3410 2350 3492 possitis
2399 3409 2725 3475 informari
2787 3411 3148 3494 plenissime

412 3499 485 3563 de
529 3497 688 3563 serie
736 3496 1040 3562 veritatis.
1088 3498 1321 3561 Datum
1365 3497 1646 3580 Tergesti
1696 3496 1791 3561 die
1843 3496 1991 3561 VIII
2061 3497 2289 3562 mensis
2335 3498 2606 3580 augusti.

503 3586 1075 3648 Commemon‘alium
1132 3584 1226 3646 VI
1266 3588 1367 3658 69,
1412 3605 1455 3646 u
1499 3588 1653 3647 mlet.
1704 3587 1941 3646 arkivu.

675 3775 1096 3857 xxxvii.
1151 3773 1360 3856 eon.
1404 3733 1638 3856 1359.
1690 3776 1793 3857 10
1848 3774 2303 3877 lampada,
2358 3797 2419 3857 ιι
2472 3776 2862 3860 motem.

424 3900 626 3962 Uelied
658 3899 968 3973 poslam‘ce
1014 3901 1173 3958 bana
1217 3900 1574 3974 krvatskoya
1619 3919 1660 3960 u
1689 3902 1872 3974 postu
1918 3901 2149 3975 Franje
2193 3901 2264 3960 de
2308 3901 2512 3962 Medio
2558 3904 2581 3962 i
2629 3902 2874 3961 Zanina
2919 3902 2977 3961 iz
3021 3901 3145 3960 Ζα-

412 3986 527 4046 dra
579 3988 790 4048 nalaie
849 4004 912 4046 se
974 3987 1295 4060 biljeiniku
1355 3986 1616 4047 Bartolu
1684 3985 1880 4058 Ursi0,
1940 3989 2094 4048 neka
2146 3988 2316 4064 ylede
2377 3992 2512 4063 toya
2556 3990 2823 4062 opravda
2874 3988 3059 4048 vladu
3105 4007 3146 4048 u

833 4078 948 4133 tom
993 4075 1144 4149 pred
1187 4075 1416 4144 barrem,
1458 4076 1483 4133 i
1526 4076 1638 4136 ako
1686 4077 1945 4145 traheba,
1983 4076 2140 4149 pred
2182 4077 2395 4134 samim
2441 4076 2717 4149 kraljem.

630 4209 794 4274 1359
844 4208 1178 4275 indictione
1238 4208 1417 4289 XIII,
1481 4211 1580 4275 die
1642 4211 1880 4276 decimo
1941 4211 2236 4276 octubris.
2297 4210 2625 4287 DominuS,
2692 4212 3026 4290 consiliarii
3087 4214 3152 4278 et

412 4297 616 4381 capita
659 4298 787 4361 XL.
820 4296 1047 4379 Capta:
1096 4298 1254 4379 quod
1301 4317 1485 4380 super
1533 4298 1694 4364 facto
1739 4298 1920 4363 istius
1967 4297 2287 4363 Francisci
2335 4300 2408 4361 de
2448 4298 2655 4362 Medio
2701 4300 2765 4362 et
2811 4299 3027 4364 Zanini
3073 4301 3149 4365 de

406 4385 617 4462 sadra,
657 4403 769 4467 pro
815 4403 933 4466 quo
985 4385 1208 4450 scribit
1257 4385 1495 4452 bannus
1540 4385 1880 4463 Sclavenie,
1925 4385 2289 4450 comittatur
2333 4385 2769 4450 Bartholomeo
2820 4386 3006 4452 Ursio
3039 4406 3149 4452 no-

408 4473 565 4538 tario
625 4475 851 4550 nostro,
898 4475 1056 4553 quod
1119 4471 1397 4538 faciendo
1463 4473 1630 4540 viam
1689 4471 2039 4547 Sclavonie‚
2104 4474 2268 4537 sicut
2324 4472 2514 4537 debet
2580 4472 2785 4537 facere
2845 4493 2957 4555 pro
2999 4475 3144 4539 aliis

414 4560 597 4625 factis
644 4559 765 4623 sibi
813 4560 1180 4634 commissis,
1231 4561 1453 4625 debeat
1530 4580 1671 4626 cum
1751 4559 1863 4624 illa
1931 4557 2385 4637 informatione,
2455 4578 2639 4641 quam
2711 4560 2865 4625 alias
2933 4560 3154 4626 habuit

408 4649 472 4711 et
515 4647 790 4730 portavit
855 4646 1172 4712 Johannes
1241 4646 1591 4712 Bernardus
1665 4648 1941 4713 notarius
2010 4648 2214 4712 noster
2279 4646 2354 4709 de
2402 4645 2698 4730 Tergeste
2758 4648 2821 4711 et
2870 4648 3143 4724 aliunde,

404 4731 603 4804 facere
663 4733 1120 4820 responsionem
1187 4734 1434 4800 domino
1490 4734 1690 4800 banno
1752 4737 1818 4798 et
1875 4732 2037 4813 aliis,
2095 4731 2200 4798 ubi
2248 4732 2511 4815 expedit,
2560 4736 2626 4799 et
2670 4733 3007 4799 iustificare
3051 4734 3136 4812 id,
