3620 5282
3005 339 3130 406 441

428 533 537 597 per
568 514 821 585 mobiles
868 516 932 581 et
990 515 1287 580 discretos
1346 514 1509 581 viros
1573 515 1850 582 dominos
1910 514 2304 582 Dominicum
2368 515 2589 582 Lucari
2637 515 3131 582 archidiaconum

426 601 852 684 Spalatensem
900 604 967 669 et
998 602 1327 668 Nicolaum
1373 603 1698 669 Theodosii
1729 605 1804 669 de
1849 603 2018 668 dicta
2048 605 2230 676 terra,
2278 603 2559 687 syndicos
2591 603 2890 687 speciales
2924 621 3136 669 eorum

425 688 900 772 Spalatinorum,
918 707 993 754 ac
1016 690 1207 755 etiam
1228 709 1370 756 cum
1394 691 1561 757 omni
1580 690 1921 756 reverentia
1948 691 2012 755 et
2034 690 2387 755 humilitate
2413 690 2813 756 laudaverunt
2829 692 2896 756 et
2923 709 3139 773 accep·

428 777 720 845 taverunt
748 777 1079 861 benignam
1115 777 1368 860 etpiam
1403 778 1832 860 provisionem,
1867 795 2053 860 quam
2086 778 2357 861 gratiosa
2380 796 2489 842 sua
2520 778 2894 842 liberalitate
2930 777 3136 842 dictus

429 864 716 929 dominus
765 866 883 928 dux
936 867 1003 953 et
1044 882 1371 930 commune
1419 864 1829 935 veneciarum
1875 865 2106 930 eisdem
2152 864 2227 930 de
2288 863 2539 947 Spalato
2600 867 2831 930 servari
2892 865 2958 930 et
3000 863 3137 928 fieri

374 998 381 1005 -
429 951 643 1029 voluit,
694 970 802 1016 nec
839 970 956 1017 nou
1004 952 1211 1016 omnia
1251 951 1377 1017 alia
1422 955 1487 1017 et
1530 953 1777 1036 singula
1837 953 2124 1017 contenta
2189 953 2250 1016 in
2297 951 2563 1035 quodam
2608 952 3014 1017 instrumento
3068 969 3142 1015 ex

427 1039 541 1109 hos:
589 1038 860 1105 confecto
907 1057 1095 1103 manu
1142 1039 1370 1104 Marini
1417 1039 1737 1105 Benedicti
1786 1039 2008 1105 notarii
2049 1041 2113 1104 et
2158 1039 2416 1105 ducatus
2469 1040 2880 1104 veneciarum
2928 1038 3132 1103 scribe

427 1144 585 1191 anno
629 1126 860 1197 domini
909 1127 1245 1191 millesimo
1305 1128 1736 1192 trecentesimo
1801 1126 2103 1209 vigesimo
2149 1127 2432 1209 septimo,
2499 1125 2832 1191 indictione
2880 1126 3137 1202 decima,

427 1213 526 1277 die
575 1211 810 1278 veneris
856 1213 1311 1279 octavodecimo
1353 1214 1725 1297 septembris
1757 1214 1820 1278 in
1871 1213 2239 1279 cancellaria
2285 1212 2547 1279 ducatus
2595 1214 3024 1290 Veneciarum,
3073 1214 3139 1277 et

424 1301 540 1365 sub
586 1300 820 1366 eisdem
867 1303 1057 1383 penis,
1106 1301 1633 1385 promissionibus,
1683 1299 2241 1366 renuntiationibus
2275 1302 2341 1366 et
2369 1300 2851 1385 obligationibus
2881 1299 2945 1365 in
2972 1300 3138 1364 dicto

425 1386 847 1453 instrumento
885 1388 1136 1466 notatis,
1183 1389 1678 1471 acceptaverunt,
1726 1388 2233 1472 emologaverunt
2264 1390 2328 1452 et
2357 1388 2764 1453 firmaverunt
2791 1387 2858 1452 in
2890 1389 3131 1463 totum3

426 1475 492 1539 et
535 1476 789 1558 insuper
833 1475 913 1539 ad
960 1476 1374 1558 exequendum
1427 1475 1871 1559 obligationem
1940 1475 2005 1539 et
2063 1473 2537 1539 submissionem
2608 1475 2949 1558 predictam
2997 1492 3139 1556 pro·

424 1560 678 1627 missam
726 1564 790 1627 et
835 1561 1063 1627 factam
1112 1581 1220 1645 per
1270 1562 1463 1627 dictos
1509 1562 1787 1628 dominos
1835 1561 2203 1627 Domincum
2250 1563 2315 1626 et
2361 1559 2689 1627 Nicolaum
2732 1579 2945 1627 eorum
2993 1579 3138 1645 syn-

425 1647 593 1714 dicos
626 1667 837 1714 omnes
886 1650 1263 1715 unanimiter
1304 1652 1369 1714 et
1413 1651 1762 1715 reverenter
1806 1649 2126 1732 cappellis,
2176 1649 2487 1733 cappuciis
2534 1652 2598 1714 et
2643 1647 2958 1714 mantellis
3008 1648 3136 1713 ele-

425 1735 585 1801 vatis
632 1736 692 1799 in
745 1737 992 1819 signum
1040 1755 1178 1801 vere
1244 1739 1309 1801 et
1376 1739 1665 1820 perpetue
1723 1736 2063 1802 devotionis
2131 1739 2194 1800 et
2263 1736 2718 1814 submissionis,
2787 1735 3132 1818 predictum

426 1823 741 1889 dominum
787 1824 1071 1889 Marcum
1128 1823 1382 1908 Segreto
1455 1823 1696 1889 nomine
1764 1827 1831 1888 et
1890 1823 2023 1889 vice
2094 1823 2321 1905 prefati
2367 1823 2598 1888 domini
2637 1824 2807 1889 ducis
2854 1825 2920 1887 et
2964 1840 3136 1887 com-

426 1910 631 1974 munis
678 1911 1084 1976 Veneciarum
1130 1913 1195 1976 et
1239 1930 1489 1976 suorum
1551 1929 1970 1976 successorum
2036 1928 2144 1992 pro
2206 1929 2344 1976 vero
2405 1913 2470 1975 et
2536 1913 2831 1994 perpetuo
2876 1909 3127 1974 domino

426 2000 762 2080 posuerunt
804 1998 868 2061 in
917 1999 1200 2063 tenutam
1246 1999 1311 2063 et
1356 1998 1805 2081 possessionem
1853 1998 2016 2062 dicte
2075 1997 2347 2062 civitatis
2394 1999 2459 2063 et
2502 1997 2828 2062 districtus
2874 1996 3131 2078 Spalati,

425 2084 638 2150 dautes
685 2085 748 2148 in
795 2084 1080 2150 manibus
1126 2086 1254 2150 suis
1323 2086 1526 2150 claves
1591 2088 1908 2168 portarum
1957 2084 2120 2149 dicte
2165 2084 2436 2150 civitatis
2500 2087 2563 2148 et
2610 2086 2812 2149 vectes
2856 2084 3135 2167 ipsarum

432 2172 495 2235 et
539 2171 766 2254 palacii
814 2190 1048 2250 eorum,
1096 2190 1166 2236 ac
1210 2175 1507 2255 ponentes
1554 2191 1694 2236 eum
1742 2172 1822 2236 ad
1869 2172 2202 2237 sedendum
2268 2170 2334 2235 iu
2381 2170 2545 2237 dicto
2591 2171 2827 2253 palacio
2872 2170 2935 2236 in
2981 2170 3137 2249 loco,

423 2258 528 2322 ubi
580 2258 807 2323 domini
851 2262 915 2324 et
958 2260 1225 2324 rectores
1271 2260 1433 2325 dicte
1490 2258 1762 2324 civitatis
1808 2259 2019 2323 sedere
2079 2262 2545 2336 consueverunt,
2608 2277 2720 2323 nec
2765 2274 2886 2323 non
2925 2275 3140 2323 omnes

427 2348 490 2409 et
535 2345 763 2428 singuli
807 2363 878 2410 ac
923 2345 1321 2429 singulariter
1366 2365 1475 2428 pro
1515 2365 1580 2411 se
1623 2349 1688 2411 et
1731 2362 1943 2411 eorum
1982 2345 2437 2411 successoribus
2485 2346 2550 2410 et
2594 2344 2921 2410 heredibus
2954 2363 3140 2428 super

424 2435 704 2497 sanctam
749 2452 1017 2511 crucem,
1064 2433 1343 2517 reliquiis
1386 2435 1450 2498 et
1494 2432 1959 2516 testavangeliis
2006 2433 2090 2497 ibi
2154 2434 2217 2497 in
2280 2431 2481 2497 medio
2526 2432 2680 2497 dicti
2730 2431 2954 2515 palacii
3002 2449 3144 2495 cum

426 2519 745 2584 devotione
789 2520 1008 2600 positis
1054 2520 1452 2603 corporaliter
1496 2521 1857 2586 iuraverunt
1917 2538 2143 2594 veram,
2190 2538 2405 2602 puram
2441 2521 2505 2584 et
2551 2521 2912 2602 perpetuam
2945 2517 3144 2583 fideli-

430 2607 627 2670 tatem
676 2605 918 2673 domino
964 2606 1107 2673 duci
1155 2609 1218 2672 et
1262 2608 1717 2675 successoribus
1764 2608 1894 2673 suis
1941 2611 2005 2672 et
2053 2606 2364 2673 communi
2428 2607 2827 2673 Venetiarum
2875 2607 2941 2672 et
2984 2604 3136 2672 civi-

434 2694 629 2758 tatem
676 2694 740 2757 et
783 2694 1134 2761 districtum
1182 2694 1421 2778 Spalati
1468 2698 1533 2761 et
1588 2712 1876 2779 personas
1939 2713 2012 2759 ac
2073 2694 2228 2760 bona
2272 2712 2483 2759 eorum
2529 2695 2759 2772 tenere,
2812 2692 3137 2760 defendere

431 2782 496 2844 et
539 2780 775 2846 salvare
820 2782 895 2846 ad
945 2783 1233 2848 honorem
1276 2784 1341 2848 et
1380 2783 1618 2848 statum
1666 2783 1862 2865 ipsius
1921 2781 2153 2846 domini
2217 2782 2389 2846 ducis
2437 2784 2501 2845 et
2545 2781 2892 2847 communis
2940 2781 3142 2846 Vene-

428 2865 656 2933 tiarum
690 2872 998 2950 perpetuo,
1048 2869 1237 2934 salvis
1283 2871 1519 2935 iuribus
1551 2873 1615 2934 et
1659 2869 2143 2935 honorificenciis
2189 2868 2421 2933 domini
2468 2869 2633 2951 regis
2678 2868 2972 2951 Ungarie,
3022 2887 3141 2950 que

434 2954 618 3020 habet
657 2957 754 3020 vel
799 2956 1026 3021 habere
1076 2956 1328 3022 deberet
1371 2957 1435 3022 iu
1480 2957 1648 3022 dicta
1687 2959 1872 3022 terra.
1921 2957 2152 3021 Actum
2197 2955 2262 3019 in
2307 2955 2542 3038 palacio
2589 2955 2862 3019 civitatis
2896 2953 3136 3038 Spalati

434 3043 497 3106 et
534 3044 607 3106 ad
638 3046 850 3125 portas
897 3044 1189 3123 eiusdem,
1227 3040 1625 3127 'presentibus
1656 3043 1854 3109 Dessa
1878 3043 2225 3126 primicerio
2276 3041 2650 3125 Spalatensi,
2694 3041 2943 3107 domino
2988 3042 3143 3106 Ber-

433 3131 615 3194 nardo
661 3130 737 3194 de
783 3130 1060 3196 Bononia
1106 3131 1272 3196 socio
1319 3137 1381 3195 et
1425 3131 1644 3210 milite,
1692 3132 1758 3196 et
1799 3130 2021 3214 Egidio
2069 3130 2142 3194 de
2188 3129 2516 3195 Predalata
2561 3130 2798 3196 notario
2844 3127 2995 3195 dicti
3031 3128 3139 3195 do-

433 3217 585 3281 mini
627 3217 876 3281 comitis
922 3218 1211 3294 testibuS,
1264 3221 1327 3282 et
1372 3218 1737 3284 Pervoslavo
1783 3217 2098 3283 Francisci
2145 3216 2579 3283 examinatore.

633 3304 768 3386 Ego
815 3305 1222 3370 Pervoslavus
1268 3307 1524 3371 condam
1570 3305 1852 3370 Francisi
1899 3305 2139 3370 consius
2185 3305 2550 3371 examinavi.

636 3390 766 3473 Ego
805 3390 1155 3457 Alexander
1198 3392 1503 3459 Johannis
1550 3392 1855 3459 Alliconis
1895 3393 1968 3456 de
2032 3391 2243 3457 Firmo
2308 3390 2581 3457 notarius
2644 3393 2712 3457 et
2767 3409 2927 3458 nunc
2977 3408 3148 3456 com-

427 3476 633 3541 munis
679 3479 940 3561 Spalati,
990 3481 1242 3562 rogatus
1289 3480 1510 3564 scripsi
1557 3482 1621 3545 et
1665 3479 1994 3561 publicavi.
2492 3479 2589 3562 (L.
2637 3477 2732 3563 S.)

512 3568 794 3628 lwornik
839 3586 924 3629 na
956 3571 1307 3645 peryamem‘
1348 3587 1391 3629 u
1429 3570 1773 3631 mletadkom
1818 3569 2035 3629 arkivu
2078 3568 2163 3628 br.
2201 3569 2302 3628 58.

859 3720 1070 3804 cxl.
1126 3721 1338 3804 God.
1393 3721 1611 3805 1330.
1666 3722 1763 3806 27
1817 3722 2155 3822 ozujkm
2204 3742 2267 3802 u
2319 3719 2708 3803 Mletcih.

426 3827 711 3889 Poslam'k
755 3829 1040 3889 nadarski
1103 3830 1243 3890 moli
1304 3830 1593 3891 mzetacku
1650 3830 1852 3900 vladu,
1909 3831 2065 3890 nelca
2114 3829 2362 3903 potvrdi
2404 3844 2480 3889 ια
2532 3828 2906 3902 uadarskoqa
2948 3822 3138 3888 knew
3199 3893 3202 3896 ,

699 3916 898 3975 Ivana
939 3916 1198 3976 Mariua
1243 3915 1512 3995 Gjorw'a,
1559 3918 1712 3993 hoya
1754 3916 1965 3977 Zadar
2005 3933 2081 3977 m
2126 3921 2194 3976 tu
2238 3916 2365 3976 cast
2409 3915 2668 3975 odabrao
2714 3909 2881 3988 bjeffe.

634 4017 706 4081 In
752 4015 987 4082 Christi
1032 4019 1280 4084 nomine
1325 4037 1530 4084 amen.
1595 4018 1775 4083 Anno
1823 4018 2265 4084 incarnationis
2311 4017 2583 4082 eiusdem
2630 4015 2966 4082 millesimo
3007 4018 3136 4082 tre-

424 4104 759 4168 centesimo
806 4104 1126 4188 vigesimo,
1188 4104 1520 4172 indictione
1583 4106 2039 4183 terciadecima,
2098 4105 2200 4170 die
2247 4104 2546 4188 vigesimo
2592 4102 2858 4187 septimo
2908 4103 3136 4182 martii,

428 4190 726 4269 Venetiis,
775 4192 838 4255 in
886 4192 1087 4257 ducali
1131 4193 1383 4275 palatio,
1432 4195 1820 4276 presentibus
1872 4192 2141 4259 dominis
2192 4191 2461 4258 Antonio
2516 4192 2686 4256 Bono
2719 4192 2783 4255 et
2820 4191 3144 4257 Bertuccio

424 4277 691 4342 Michael
737 4279 812 4343 de
860 4279 1157 4357 Venetiis,
1206 4297 1279 4344 ac
1324 4281 1588 4363 sapienti
1634 4283 1765 4347 viro
1812 4281 2059 4346 domino
2106 4279 2365 4346 Nicolao
2410 4279 2574 4344 dicto
2619 4278 2948 4357 Pistorino,
2997 4297 3145 4344 can-

426 4364 677 4429 cellario
737 4367 994 4431 ducatus
1051 4367 1471 4444 Venetiarum,
1519 4368 1613 4432 vir
1683 4368 1907 4433 nobilis
1976 4368 2263 4432 dominus
2325 4366 2595 4432 Jacobus
2639 4366 2897 4432 condam
2943 4367 3143 4431 Bene-

423 4450 570 4516 dicti
600 4451 691 4516 ‹de
740 4453 1050 4518 Matafara
1094 4453 1246 4518 civis
1292 4452 1503 4531 Jadre,
1550 4454 1928 4537 procurator,
1993 4454 2249 4520 nuncius
2300 4454 2365 4518 et
2409 4452 2682 4518 sindicus
2726 4452 3144 4518 communita-

423 4536 525 4613 tis,
563 4537 846 4621 judicum
880 4542 945 4605 et
967 4540 1210 4605 consilii
1235 4540 1507 4606 civitatis
1544 4539 1751 4620 Jadrc,
1800 4542 1874 4606 de
1904 4540 2081 4605 cuius
2116 4539 2424 4606 sindicatu
2456 4540 2701 4604 constat
2727 4539 3144 4605 instrumento

421 4625 669 4706 publico
710 4626 945 4709 scripto
991 4628 1054 4692 in
1101 4627 1433 4693 millesimo
1464 4627 1897 4693 trecentesimo
1930 4626 2230 4710 vigesimo
2262 4644 2438 4706 nouo,
2486 4624 2820 4691 indictione
2845 4626 3140 4691 tertiade—

424 4710 603 4792 cima,
650 4712 753 4779 die
797 4714 1099 4798 vigesimo
1162 4715 1427 4780 secundo
1480 4713 1791 4796 februarii,
1860 4714 2235 4780 constitutus
2302 4713 2367 4779 in
2425 4712 2737 4795 presentia
2796 4712 3019 4778 excelsi
3065 4711 3132 4776 et
