3620 5282
475 343 605 405 396

918 522 1145 603 Xlll.
1231 523 1414 606 God
1468 525 1696 607 1224.
1756 525 1852 607 27
1906 526 2190 625 rujna,
2245 548 2305 607 u
2358 524 2749 608 Mlctcih.

861 648 909 707 o
953 651 1183 723 mercam
1230 651 1392 725 auyu
1434 652 1760 726 aqam-mv.
1807 651 2009 724 krazja
2052 650 2382 711 mzetaexkim
2419 651 2805 723 podanikom.

684 785 802 850 Die
849 785 937 848 IV
984 789 1242 852 exeunte
1286 788 1656 870 septembris
1704 790 1935 874 (1224)
1968 790 2313 854 ordinatum
2361 791 2457 854 est
2502 809 2608 871 per
2633 789 2951 854 dominum
2973 789 3192 853 ducem

478 873 541 936 et
589 890 697 936 sno
748 872 1004 938 consilio
1053 878 1115 938 et
1163 894 1269 956 per
1314 876 1441 952 XL,
1492 877 1650 959 quod
1695 877 1974 941 debitum
2023 877 2110 958 de=
2141 877 2428 941 Johanno
2472 876 2607 942 Gisi
2654 880 2718 943 et
2759 876 2834 942 de
2878 875 3022 940 filiis
3065 874 3197 943 Na-

471 961 585 1025 tali
636 959 790 1038 Gisi,
839 962 1000 1043 quod
1049 980 1150 1026 rex
1201 962 1471 1045 Ungarie
1519 965 1701 1029 debet
1746 965 1833 1028 eis
1880 965 2063 1039 dare,
2135 983 2242 1028 nos
2305 962 2536 1029 fuimus
2586 983 2799 1032 omnes
2861 966 3194 1030 concordes

471 1049 545 1111 de
596 1050 739 1112 dare
786 1049 1109 1131 pignorare
1156 1051 1245 1114 eis
1295 1070 1484 1133 usque
1530 1051 1606 1116 ad
1655 1054 1936 1117 marchas
1987 1051 2118 1118 CCI
2178 1054 2421 1136 argenti
2488 1052 2842 1117 hominibus
2912 1072 3013 1116 rex
3059 1051 3192 1116 Un-

471 1135 641 1218 garie
689 1136 751 1199 in
798 1139 1073 1217 tempore
1122 1139 1485 1203 reversionis
1531 1139 1762 1204 domini
1827 1139 2124 1218 Brixiani,
2173 1141 2333 1223 quod
2379 1140 2494 1205 ivit
2556 1159 2663 1223 pro
2699 1140 2829 1205 fato
2874 1140 2951 1204 de
2999 1141 3190 1204 Petro

436 1223 752 1300 ·Alberto,
803 1227 962 1306 quod
1008 1243 1328 1290 commune
1375 1226 1639 1292 debebat
1684 1227 1738 1291 ei
1785 1228 1930 1292 dare
1977 1228 2320 1311 pignorare.

554 1313 739 1374 Liber
777 1315 1110 1393 pleyiorum
1157 1317 1257 1376 list
1303 1319 1406 1392 35,
1454 1319 1537 1376 br.
1584 1320 1734 1389 285,
1781 1337 1823 1378 u
1865 1320 2080 1379 arlo-ivn
2122 1320 2481 1379 mletackom.

909 1510 1133 1591 XIV.
1191 1510 1397 1593 flod,
1455 1510 1682 1593 1224.
1736 1511 1832 1593 27
1887 1512 2175 1612 rnjna,
2232 1533 2289 1591 u
2344 1508 2736 1593 Mletclh.

934 1636 1182 1709 opiam
1225 1653 1287 1696 se
1332 1637 1450 1711 day
1495 1638 1695 1711 larana
1741 1638 2069 1712 aqam-m.
2117 1655 2160 1696 u
2210 1635 2495 1710 mama·
2538 1637 2743 1709 knjizi.

681 1756 797 1819 Die
845 1755 935 1819 IV
982 1758 1240 1820 exeunte
1287 1757 1656 1839 septembris
1717 1757 2070 1822 ordinatum
2137 1756 2255 1821 fuit
2311 1776 2416 1838 per
2476 1756 2792 1821 dominum
2861 1756 3080 1820 ducem
3126 1758 3190 1819 et

470 1846 565 1908 sui
609 1844 875 1918 consilii,
925 1846 987 1907 et
1032 1862 1140 1926 pro
1188 1843 1298 1907 XL
1337 1864 1444 1927 per
1492 1844 1791 1909 maiorem
1860 1847 2097 1925 partem
2162 1846 2236 1908 de
2293 1844 2568 1908 debitum
2633 1843 2868 1908 domini
2914 1842 3189 1909 Johanni

469 1932 602 1998 Gisi
652 1935 716 1996 et
762 1932 837 1996 de
885 1931 1033 1996 filiis
1080 1930 1294 1996 Natali
1341 1932 1499 2009 Gisi,
1547 1934 1708 2015 quod
1752 1951 1958 2014 regem
2010 1933 2280 2015 Ungarie
2334 1934 2421 1996 eis
2471 1932 2735 1996 debebat
2780 1932 2944 2007 dare,
2993 1930 3190 1994 domi-

470 2039 587 2084 nus
643 2020 761 2083 dux
806 2020 871 2083 et
930 2037 1038 2083 suo
1103 2020 1358 2084 consilio
1418 2021 1482 2084 et
1527 2020 1938 2102 quadraginta
1985 2025 2047 2085 et
2092 2040 2200 2101 per
2265 2020 2555 2083 maiorem
2623 2021 2863 2101 partem
2925 2017 2999 2082 de
3047 2019 3190 2083 dare

470 2107 882 2190 adpignorare
930 2107 1018 2171 eis
1066 2124 1250 2190 snpra
1297 2108 1649 2171 hominibus
1696 2107 1969 2190 Ungarie
2017 2127 2207 2189 nsque
2254 2107 2330 2171 ad
2385 2126 2566 2171 suum
2613 2106 2841 2171 habere
2904 2107 2967 2170 in
3033 2107 3192 2170 tem-

468 2213 620 2278 pore
668 2194 1033 2259 reversionis
1081 2194 1314 2278 domini
1361 2194 1581 2260 Jacobi
1630 2195 1923 2272 Brixiani,
1985 2195 2142 2276 quod
2191 2195 2306 2260 ivit
2349 2215 2451 2276 pro
2513 2194 2674 2259 facto
2723 2194 2891 2259 Petri
2938 2193 3184 2258 Alberti

470 2284 534 2347 et
580 2283 818 2347 Donato
867 2282 1066 2357 olivo,
1116 2283 1275 2368 quod
1324 2301 1644 2348 commune
1667 2282 1937 2347 debebat
1977 2283 2067 2346 eis
2114 2282 2258 2347 dare
2291 2282 2715 2366 adpignorare,
2758 2287 2822 2345 et
2868 2281 3003 2346 ideo
3050 2300 3190 2364 pre-

469 2372 773 2452 ceperunt
818 2371 879 2433 in
927 2370 1084 2435 libro
1131 2371 1444 2435 communi
1490 2371 1697 2435 scribi.

554 2461 743 2520 Liber
772 2461 1101 2535 pleyiorum
1148 2461 1250 2520 list
1288 2463 1391 2532 35,
1439 2462 1525 2521 br.
1572 2463 1719 2530 286,
1766 2479 1809 2521 u
1853 2461 2194 2521 mletackom
2238 2462 2469 2520 arkivu.

924 2651 1111 2732 XV.
1192 2651 1398 2734 God.
1454 2652 1682 2734 1224.
1738 2653 1834 2735 27
1888 2654 2170 2754 Υιῃιιιι,
2222 2674 2282 2733 u
2335 2652 2725 2735 Mlctcih.

1192 2778 1338 2852 oper
1384 2797 1416 2839 0
1452 2782 1627 2837 {stom
1672 2780 1836 2854 auyu
1882 2780 2210 2853 aqam-mv.
2255 2778 2471 2852 kralja.

682 2898 1050 2963 Ordinatum
1100 2898 1220 2962 fuit
1265 2917 1372 2981 per
1419 2899 1729 2963 dominum
1779 2899 1995 2963 ducem
2048 2899 2112 2962 et
2155 2918 2263 2979 per
2308 2900 2604 2963 maiorem
2633 2900 2872 2979 partem
2917 2897 3013 2964 sui
3041 2915 3185 2962 con·

473 2985 599 3048 silii
646 2986 711 3051 et
749 3006 855 3067 per
920 2986 1210 3051 maiorem
1275 2988 1514 3068 partem
1578 2987 1991 3070 quadraginta
2052 2987 2348 3050 minorem
2412 2987 2476 3050 et
2544 2985 2835 3050 maiorem
2897 2986 2962 3050 in
3026 3003 3185 3049 anno

471 3074 705 3138 domini
753 3072 1153 3150 MCCXXIV,
1207 3073 1536 3137 indictione
1582 3075 1759 3147 XIII,
1822 3093 2026 3137 mense
2090 3073 2447 3156 septembri,
2496 3073 2594 3136 die
2655 3074 2875 3156 quarto
2931 3075 3187 3137 exeunte

475 3160 847 3241 septembris
896 3162 968 3225 de
1016 3160 1318 3236 debitum,
1367 3159 1527 3242 quod
1575 3179 1784 3245 regem
1834 3162 2106 3245 Ungarie
2139 3161 2406 3225 debebat
2450 3161 2593 3224 dare
2627 3161 2871 3225 domino
2902 3160 3189 3225 Johanno

472 3246 606 3312 Gisi
657 3250 722 3312 et
770 3248 913 3311 filiis
960 3247 1035 3312 de
1084 3247 1291 3311 Natali
1342 3242 1496 3324 Gisi,
1546 3248 1665 3312 fuit
1708 3249 1994 3312 dominus
2042 3249 2158 3312 dux
2218 3266 2354 3313 cum
2419 3248 2716 3313 maiorem
2783 3250 3024 3331 partem
3088 3249 3181 3312 sui

474 3334 720 3398 consilii
763 3337 826 3398 et
872 3355 979 3416 per
1029 3336 1321 3398 maiorem
1372 3337 1613 3415 partem
1652 3337 1763 3401 XL
1794 3336 1870 3400 de
1916 3335 2061 3401 dare
2086 3336 2491 3418 adpignorare
2540 3336 2628 3400 eis
2674 3355 2865 3419 usque
2895 3336 2970 3399 ad
3006 3355 3185 3400 suum

468 3422 693 3487 habere
740 3440 922 3503 super
962 3422 1315 3486 hominibus
1355 3422 1647 3504 Ungarie.
1698 3425 1769 3487 In
1818 3427 2092 3506 tempore
2139 3423 2504 3487 reversionis
2551 3423 3022 3489 dominiJacobi
3049 3424 3186 3487 Bri-

469 3510 655 3587 xiani,
705 3509 863 3592 qnod
915 3510 1027 3573 ivit
1075 3529 1177 3592 pro
1223 3511 1382 3574 facto
1408 3510 1577 3574 Petri
1618 3510 1884 3589 Alberti,
1914 3511 2075 3594 quod
2122 3530 2446 3576 commune
2493 3511 2754 3576 debebat
2801 3512 2856 3575 ei
2902 3510 3049 3576 dare
3079 3511 3188 3576 ad-

468 3596 825 3681 pignorare,
866 3599 930 3661 et
980 3599 1297 3681 propterea
1345 3599 1457 3663 hoc
1504 3603 1908 3681 preceperunt
1952 3600 2219 3664 scribere
2266 3599 2329 3662 in
2376 3598 2534 3664 libro
2579 3598 2913 3663 communi.

556 3689 744 3748 Liber
773 3689 1108 3763 pleyiorum
1155 3690 1256 3748 list
1293 3690 1394 3758 36,
1442 3690 1527 3747 br.
1574 3692 1722 3764 290,
1762 3709 1805 3750 u
1851 3690 2190 3749 mletacikom
2237 3691 2467 3748 arkivu.

800 3877 1116 3959 XXVI.
1190 3877 1397 3960 God.
1443 3876 1667 3959 1224.
1723 3878 1818 3960 12
1874 3877 2300 3977 prosince,
2353 3899 2413 3958 u
2470 3876 2858 3981 Mletcih

469 4003 816 4063 Mletccmin
848 4005 1038 4077 jamci
1068 4021 1142 4063 za
1168 4004 1543 4074 Zadranina,
1590 4006 1671 4062 da
1703 4006 1769 4078 je
1815 4007 2010 4063 naime
2055 4005 2191 4077 oqu'
2222 4004 2402 4077 kupio
2447 4005 2635 4078 m'esto
2661 4021 2866 4077 papra
2895 4022 2938 4062 u
2968 4003 3188 4064 Akonu

1490 4112 1529 4151 a
1574 4110 1648 4151 ne
1693 4110 1734 4150 u
1779 4090 2172 4165 Alesandriq'i.

687 4212 803 4276 Die
851 4212 973 4277 XII
1038 4213 1275 4277 intent-e
1344 4212 1688 4279 decembris
1758 4231 1863 4295 per
1927 4212 2324 4277 indictionem
2391 4211 2557 4277 XIV.
2603 4214 2675 4276 D.
2737 4210 3038 4293 Pampulo
3111 4212 3184 4275 de

475 4297 784 4383 Caprullis
833 4300 1011 4364 stetit
1058 4300 1301 4383 plegius
1344 4309 1404 4365 et
1450 4304 1711 4383 pagator
1758 4300 2004 4365 domino
2043 4301 2180 4364 duci
2228 4319 2334 4382 pro
2366 4300 2506 4364 Elia
2537 4299 2611 4364 de
2643 4299 2835 4364 Jadra
2865 4299 2939 4362 de
2970 4298 3187 4363 dandis

467 4387 521 4451 ei
573 4387 751 4451 libris
795 4390 1041 4451 centum
1091 4388 1265 4452 LXX
1313 4388 1711 4452 Veneciarum
1765 4387 2158 4470 parvulorum
2229 4388 2370 4452 hinc
2417 4386 2491 4451 ad
2541 4406 2725 4469 pasca
2772 4386 3044 4468 proxime
3091 4405 3188 4450 re-

468 4474 839 4539 surectionis
885 4494 995 4557 pro
1041 4476 1152 4540 illa
1192 4478 1404 4557 sporta
1450 4476 1678 4558 piperis
1726 4477 1922 4558 ipsius
1970 4476 2140 4550 Elie,
2206 4494 2390 4558 quam
2441 4475 2722 4539 dominus
2771 4474 2892 4537 dux
2940 4476 3004 4538 et
3051 4474 3183 4537 eius

467 4563 793 4626 consilium
836 4562 1172 4627 intromitti
1220 4564 1357 4627 fecit
1413 4568 1476 4626 et
1521 4563 1744 4628 auferri
1793 4563 1868 4627 de
1918 4564 2137 4639 domo,
2188 4582 2372 4645 quam
2416 4560 2743 4627 habitabat
2789 4562 2861 4628 G.
2915 4560 3085 4625 Birfo
3113 4560 3188 4624 de

465 4649 674 4725 Jadra,
724 4668 831 4730 pro
877 4668 947 4713 eo
995 4649 1151 4732 quod
1179 4650 1516 4725 dicebatur,
1561 4670 1698 4715 eam
1732 4671 1865 4715 esse
1899 4650 1975 4715 de
2008 4650 2401 4732 calumpniiS,
2455 4650 2739 4715 videlicet
2785 4650 2838 4713 si
2886 4651 2948 4712 in
2982 4650 3186 4731 ipsum

469 4736 807 4802 terminum
866 4736 1238 4819 reperiretur
1280 4758 1518 4820 quoquo
1564 4739 1744 4802 modo
1792 4738 1992 4816 aliter,
2044 4756 2225 4819 quam
2254 4739 2382 4820 ipse
2406 4737 2578 4802 Elias
2613 4738 2840 4801 iuravit
2884 4736 2960 4801 ad
3009 4755 3196 4799 evan-
