3620 5282
463 343 599 410 410

468 522 658 588 dictis
701 524 882 590 libris
928 525 1285 609 quingentis
1331 544 1439 608 per
1482 525 1779 590 terminos
1843 526 2262 611 supradictos,
2324 525 2375 589 si
2424 522 2574 589 dicti
2618 541 2826 588 comes
2872 522 3076 588 Bados
3120 521 3185 588 et

368 609 383 616 ““
469 609 804 694 Bogdanus
850 614 925 676 ad
976 612 1177 678 dictos
1222 613 1521 678 terminos
1568 632 1683 678 non
1745 614 2056 680 solverent
2114 612 2514 689 constitutos,
2578 629 2805 694 penam
2856 614 2921 676 et
2960 628 3186 693 expen-

470 716 593 776 saS,
638 701 709 764 ut
754 699 995 764 dictum
1043 704 1162 780 est,
1226 699 1525 765 credendo
1585 701 1660 765 de
1704 719 1988 782 expresso
2051 702 2164 767 soli
2217 700 2403 765 verbo
2450 699 2600 764 dicti
2658 698 2892 764 domini
2938 697 3182 764 comitis

472 787 537 850 et
581 805 830 853 suorum
877 788 1371 853 consiliariorum
1420 787 1519 853 vel
1564 787 1849 861 aliorum,
1893 789 1997 872 qui
2043 790 2180 854 loco
2227 806 2433 853 eorum
2496 787 2760 864 fuerint,
2822 804 2962 851 cum
3024 785 3183 849 obli-

470 872 720 955 gatione
766 876 1043 940 omnium
1089 894 1338 940 suorum
1390 876 1686 941 bonorum
1713 878 2091 956 presentium
2139 879 2205 941 et
2250 876 2629 949 futurorum;
2678 872 3180 940 renunciantibus

471 979 759 1043 expresse
805 980 914 1027 sua
958 961 1157 1028 libera
1203 965 1267 1028 et
1312 965 1650 1047 spontanea
1697 962 2015 1028 voluntate
2061 963 2286 1046 prefati
2334 981 2540 1027 comes
2588 962 2793 1029 Rados
2840 963 2904 1026 et
2935 961 3190 1043 Bogda-,

470 1066 586 1113 nus
634 1049 897 1113 Almesii
944 1067 1076 1128 suo,
1139 1050 1606 1115 communitatis
1671 1052 1735 1113 et
1791 1051 2109 1116 hominum
2173 1051 2436 1116 Almesii
2500 1049 2774 1127 nomine,
2837 1067 2909 1113 ac
2969 1066 3181 1116 omnes

470 1135 856 1202 fideiussores
899 1156 1008 1201 seu
1055 1138 1424 1220 principales
1470 1137 1777 1202 debitores
1825 1157 2036 1203 eorum
2079 1138 2364 1203 omnibus
2409 1136 2674 1220 legibue,
2721 1135 2979 1214 iuribuS,
3027 1134 3182 1199 alle-

469 1224 824 1306 gationibus
871 1227 935 1289 et
981 1225 1549 1302 consuetudinibus,
1599 1225 1824 1307 quibus
1872 1245 1937 1291 se
1983 1227 2146 1292 tueri
2191 1224 2430 1310 possint
2491 1222 2591 1289 vel
2635 1224 2701 1288 in
2746 1222 2887 1287 aliis
2934 1227 3180 1287 contra·

476 1310 721 1388 venire;
770 1312 860 1376 ita
905 1313 1137 1391 tamen,
1186 1314 1347 1395 quod
1392 1313 1445 1377 si
1492 1312 1642 1377 dicti
1705 1313 1963 1378 comites
2010 1314 2213 1378 Rados
2260 1314 2324 1376 et
2365 1311 2697 1395 Bogdanus
2745 1309 3008 1375 Almesii
3046 1328 3173 1390 suo,

474 1398 942 1463 communitatis
990 1402 1054 1463 et
1096 1400 1414 1465 hominum
1461 1400 1627 1464 dicte
1674 1403 1837 1465 terre
1884 1401 2131 1466 nomine
2160 1400 2517 1466 defficerent
2560 1399 2625 1463 in
2672 1398 2876 1480 aliquo
2908 1397 3177 1463 termino

472 1504 582 1568 per
627 1488 909 1569 superius
956 1487 1373 1570 predictorum
1398 1537 1414 1566 ,
1480 1487 1642 1570 quod
1701 1487 1901 1554 dictas
1965 1488 2156 1553 libras
2204 1489 2604 1571 quingentae,
2662 1488 2735 1550 ut
2778 1485 3012 1550 dictum
3059 1487 3175 1565 est,

476 1574 795 1638 annuatim
846 1592 966 1638 non
1013 1576 1342 1653 solverent,
1392 1576 1555 1658 quod
1601 1593 1813 1640 omnes
1852 1579 1914 1640 et
1960 1576 2190 1659 singuli
2222 1575 2612 1641 fideiussores
2657 1591 2765 1639 seu
2811 1572 3177 1655 principales

473 1659 787 1726 debitores
835 1680 1044 1726 eorum
1096 1662 1312 1746 suique
1360 1663 1613 1728 heredes
1661 1682 1770 1745 pro
1821 1664 1960 1728 aliis
2022 1663 2419 1745 sequentibus
2482 1660 2767 1726 terminis
2810 1662 2883 1724 de
2927 1659 3176 1725 fideius-

472 1747 648 1812 sione
695 1749 971 1830 predicta
1014 1750 1276 1815 ulterius
1323 1750 1673 1815 nullatenus
1720 1752 2067 1830 teneantur,
2127 1750 2234 1816 sed
2279 1749 2624 1815 liberaliter
2669 1767 2742 1812 ex
2788 1765 2951 1812 nunc
2996 1747 3178 1814 abso-

471 1833 589 1900 luti
638 1839 1044 1919 permaneant
1088 1837 1165 1901 de
1212 1837 1489 1903 venturis
1522 1836 1827 1915 terminis,
1875 1841 1946 1902 ut
1992 1839 2274 1921 superius
2305 1837 2671 1903 continetur.
2722 1834 3178 1901 Nichilominus

468 1923 682 1988 tamen
730 1924 1005 2007 predicta
1065 1925 1392 2008 promissio
1454 1926 1668 1990 contra
1728 1927 2036 2007 predictos
2099 1927 2394 1990 comitem
2438 1924 2639 1989 Bados
2701 1924 2765 1987 et
2807 1922 3178 2005 Bogdanum

464 2027 575 2075 suo
621 2029 992 2094 suorumque
1024 2012 1320 2078 heredum
1369 2013 1434 2077 et
1477 2030 1921 2091 successorum,
1965 2007 2426 2077 communitatis
2469 2013 2533 2086 et
2562 2010 2878 2074 hominum
2911 2008 3175 2075 Almesii

470 2099 714 2163 nomine
762 2117 1095 2182 eorumque
1142 2102 1302 2165 bona
1346 2103 1482 2165 rata
1542 2101 1605 2164 et
1652 2100 1948 2165 inviolata
2014 2102 2377 2184 permaneat
2419 2101 2483 2163 in
2529 2101 2811 2162 eternum
2861 2115 3053 2181 usque
3096 2099 3174 2162 ad

468 2185 779 2250 dictarum
829 2187 1293 2253 decemmilium
1339 2188 1637 2252 librarum
1700 2188 2008 2271 integram
2059 2187 2565 2263 satisfactionem,
2626 2203 2923 2269 penarum
2971 2185 3036 2248 et
3078 2204 3182 2250 ex-

469 2290 826 2355 pensarum,
876 2276 947 2337 ut
991 2275 1231 2339 dictum
1276 2276 1388 2340 est.
1438 2275 1600 2340 Item
1647 2276 2064 2356 promiserunt
2106 2274 2372 2358 predicti
2416 2291 2620 2339 comes
2653 2273 2858 2336 Rados
2905 2273 2969 2336 et
3011 2273 3179 2355 Bog-

467 2360 665 2424 danus
713 2360 977 2425 Almesii
1027 2381 1156 2440 suo,
1206 2362 1667 2427 communitatis
1713 2365 1778 2427 et
1833 2363 2151 2427 hominum
2214 2360 2378 2425 dicte
2446 2363 2610 2424 terre
2675 2360 2920 2424 nomine
2967 2362 3034 2424 et
3078 2377 3178 2424 sa-

465 2451 788 2511 cramento
834 2449 1240 2532 stringuntur,
1306 2451 1465 2532 quod
1522 2467 1630 2532 pro
1675 2449 2122 2514 restauratione
2185 2450 2591 2530 dampnorum
2648 2448 2932 2512 datorum
2978 2447 3178 2511 homi-

466 2534 648 2599 nibus
692 2535 1101 2600 Veneciarum
1149 2536 1247 2600 vel
1284 2556 1498 2601 eorum
1543 2536 1831 2601 fidelibus
1888 2557 1995 2620 per
2040 2554 2142 2601 eos
2190 2536 2286 2602 vel
2332 2535 2609 2600 homines
2665 2534 2932 2599 Almesii
2993 2552 3031 2599 a
3072 2552 3178 2616 pa-

466 2624 637 2687 scate
680 2624 1144 2688 resurrectionis
1192 2624 1425 2689 domini
1467 2643 1659 2707 nuper
1705 2626 2000 2708 preterito
2047 2644 2240 2707 usque
2283 2623 2358 2689 ad
2405 2622 2762 2688 hodiernam
2807 2621 2994 2701 diem,
3042 2640 3174 2687 cre-

462 2711 656 2775 dendo
705 2712 777 2775 de
827 2713 1173 2793 quantitate
1198 2713 1503 2777 dictorum
1530 2712 1929 2794 dampnorum
1982 2714 2165 2778 verbo
2190 2712 2619 2776 tantummodo
2643 2709 2875 2776 domini
2927 2710 3175 2777 comitis

463 2799 798 2879 supradicti
847 2800 911 2861 et
951 2818 1197 2865 suorum
1250 2800 1763 2877 consiliariorum,
1813 2800 1888 2865 de
1932 2801 2155 2881 quibus
2203 2817 2342 2864 vero
2386 2801 2450 2863 et
2495 2817 2601 2880 pro
2633 2798 2856 2880 quibus
2888 2796 3173 2880 dampnis

461 2885 590 2949 iam
640 2886 813 2950 mille
858 2885 1017 2951 libre
1065 2888 1453 2952 denariorum
1501 2889 1858 2952 venetorum
1929 2905 2258 2970 parvorum
2308 2887 2624 2951 solverunt
2669 2884 2918 2949 domino
2961 2885 3175 2951 comiti

469 2973 535 3036 et
581 2972 948 3041 consiliariis
996 2974 1390 3058 supradictis,
1439 2976 1504 3039 et
1549 2975 1622 3039 de
1670 2975 1912 3040 residuo
1957 2994 2062 3039 seu
2103 2976 2454 3056 quantitate
2508 2973 2757 3045 residui,
2803 2972 2960 3054 quod
3007 2972 3173 3038 ultra

467 3061 872 3125 ascenderent
910 3061 1046 3143 ipsa
1078 3064 1362 3144 dampna,
1413 3062 1560 3125 dare
1607 3064 1669 3126 et
1713 3063 1949 3127 solvere
1974 3062 2393 3144 promiserunt
2431 3061 2495 3123 et
2538 3062 2827 3124 tenentur
2871 3060 2949 3123 ad
2991 3059 3172 3125 illum

468 3147 806 3211 terminum
859 3149 957 3213 vel
998 3151 1315 3227 terminoS‚
1365 3168 1546 3231 quem
1593 3150 1690 3213 vel
1737 3168 1889 3231 quos
1952 3150 2152 3214 dictus
2213 3148 2493 3212 dominus
2540 3145 2906 3212 Albertinus
2969 3164 3173 3214 comes

462 3251 607 3297 cum
656 3235 786 3299 suis
843 3235 1210 3300 consiliariis
1258 3235 1605 3318 assignabit
1649 3236 1902 3313 eisdem,
1970 3256 2035 3301 se
2081 3236 2145 3300 in
2190 3237 2304 3300 hoc
2365 3235 2640 3315 ipsorum
2700 3234 2955 3299 arbitrio
2998 3252 3177 3317 expo-

461 3323 698 3385 nentes.
747 3322 830 3386 Et
876 3322 928 3386 si
981 3325 1292 3387 residuum
1340 3342 1448 3387 seu
1496 3323 1726 3388 residui
1753 3325 2164 3406 quantitatem
2209 3341 2329 3387 non
2359 3323 2671 3387 solvevent
2715 3323 2792 3386 ad
2837 3321 3173 3387 terminum

463 3408 566 3471 vel
613 3409 910 3474 terminos
958 3409 1045 3473 eis
1093 3428 1201 3493 per
1247 3412 1449 3493 ipsum
1501 3412 1792 3475 comitem
1841 3415 1903 3475 et
1948 3410 2331 3475 consiliarios
2392 3409 2604 3487 datoS,
2661 3410 2824 3491 quod
2877 3428 2949 3473 ex
3012 3428 3173 3475 nunc

464 3493 695 3559 cadant
737 3497 810 3561 de
856 3496 1035 3561 libris
1079 3497 1251 3561 mille
1298 3498 1608 3580 predictis,
1657 3516 1809 3581 quas
1856 3499 2170 3562 occasione
2215 3498 2379 3561 dicte
2436 3496 2908 3562 restauracionis
2972 3497 3173 3561 solve·

464 3583 630 3659 runt,
683 3586 750 3646 ut
796 3584 1081 3667 superius
1129 3584 1510 3662 continetur;
1562 3587 1649 3650 ita
1691 3585 1851 3667 quod
1884 3585 1959 3649 de
1996 3586 2149 3669 ipsis
2196 3585 2438 3649 nullum
2470 3587 2566 3649 ius
2597 3584 2845 3650 valeant
2869 3583 3168 3663 obtinere,

458 3669 979 3751 quemadmodum
1027 3673 1191 3754 ipsas
1242 3672 1495 3737 minime
1542 3673 2001 3756 persolvissent.
2050 3673 2312 3755 Insuper
2357 3672 2773 3754 promiserunt
2809 3670 3033 3754 prefati
3072 3689 3173 3737 co-

459 3775 590 3821 mes
638 3757 848 3823 Rados
895 3761 957 3821 et
1001 3761 1333 3843 Bogdanus
1380 3778 1509 3838 suo,
1577 3760 2044 3824 communitatis
2112 3762 2174 3824 et
2234 3758 2554 3824 hominum
2608 3758 2874 3825 Almesii
2922 3759 3165 3824 nomine

459 3844 623 3909 dicto
690 3845 936 3911 domino
1000 3847 1326 3912 Albertino
1390 3847 1605 3911 comiti
1665 3847 1970 3929 dictisque
2032 3847 2397 3912 consiliariis
2464 3847 2595 3912 vice
2659 3848 2723 3910 et
2767 3845 3015 3910 nomine
3061 3845 3171 3911 do-

461 3931 622 3995 mini
664 3933 855 4009 ducis,
906 3934 1252 3999 communis
1315 3935 1379 3999 et
1424 3933 1695 3997 fidelium
1762 3934 2205 4013 Veneciarum,
2278 3933 2436 4017 quod
2503 3933 2745 3998 nullum
2810 3933 3049 4017 lignum
3095 3935 3170 3999 de

463 4036 647 4083 cursu
697 4021 769 4084 de
815 4020 1098 4086 Almexio
1144 4023 1306 4086 exire
1354 4019 1740 4105 permittent,
1806 4022 1926 4085 nisi
1988 4023 2157 4105 prius
2225 4022 2422 4086 iurare
2487 4021 2746 4085 fecerint
2806 4021 3064 4085 comitos
3110 4024 3174 4085 et

458 4106 804 4172 nauclerios
851 4108 1046 4191 ipsius
1097 4108 1255 4191 ligni
1303 4110 1399 4174 vel
1447 4109 1776 4190 lignorum,
1827 4111 1891 4174 et
1936 4111 2109 4188 ali08,
2159 4110 2264 4192 qui
2313 4127 2489 4192 posse
2551 4109 2651 4174 vel
2694 4108 3038 4173 dominium
3102 4107 3168 4173 in

458 4192 626 4275 ligno
674 4194 774 4259 vel
820 4195 1007 4277 lignis
1032 4196 1349 4272 haberent,
1397 4215 1467 4261 ac
1498 4215 1708 4260 omnes
1752 4196 2033 4261 homines
2057 4197 2216 4280 ligni
2251 4196 2346 4260 vel
2371 4195 2701 4279 lignorum,
2751 4197 2909 4278 quod
2938 4195 3167 4272 omnia,

458 4298 574 4361 que
618 4282 1009 4347 continentur
1057 4283 1119 4346 in
1169 4284 1365 4366 pactis
1411 4283 1820 4367 presentibuS,
1871 4284 2111 4368 plenius
2158 4285 2592 4360 observabunt,
2649 4286 2714 4348 et
2758 4300 2878 4347 non
2924 4284 3169 4348 contra-

456 4368 707 4432 venient
744 4369 953 4451 aliqua
991 4371 1225 4435 ratione
1273 4371 1371 4435 vel
1416 4389 1619 4436 causa.
1686 4372 1845 4436 Item
1894 4374 2048 4454 quod
2096 4372 2171 4436 ab
2217 4372 2368 4453 ipsis
2432 4370 2686 4435 comitis
2730 4373 2795 4435 et
2842 4368 3171 4437 naucleriis

422 4453 519 4533 ⁴,sset
564 4454 641 4518 ab
688 4456 818 4520 illis
865 4459 1160 4540 personiS,
1210 4457 1313 4540 qui
1360 4478 1539 4541 posse
1582 4478 1690 4523 seu
1738 4459 2078 4523 dominium
2144 4460 2205 4523 in
2252 4459 2420 4541 ligno
2468 4457 2566 4523 vel
2612 4457 2805 4542 lignis
2847 4457 3166 4536 haberent,

454 4540 679 4606 bonam
726 4543 1038 4625 accipient
1083 4546 1431 4610 cautionem
1478 4546 1554 4609 de
1602 4545 1888 4610 omnibus
1936 4545 2388 4611 satisfaciendis
2457 4545 2813 4611 hominibus
2877 4562 2984 4609 seu
3029 4563 3171 4627 per-

453 4631 619 4694 sonis
665 4629 764 4694 vel
811 4648 1023 4695 eorum
1071 4633 1325 4696 nunciis.
1374 4634 1535 4697 Item
1584 4633 1864 4715 predicta
1906 4633 2186 4697 raubatis
2232 4634 2367 4697 tum
2402 4632 2480 4697 de
2525 4633 2704 4698 bonis
2751 4650 2962 4697 eorum
2985 4650 3168 4716 quam

455 4717 530 4781 de
575 4716 751 4782 bonis
797 4735 1050 4781 suorum
1095 4718 1548 4799 fideiussorum,
1597 4723 1669 4785 ut
1706 4719 1962 4786 inferius
1993 4724 2090 4785 est
2114 4739 2491 4804 expressum,
2545 4719 2600 4785 si
2646 4722 2860 4785 contra
2892 4718 3172 4803 predicta
