3620 5282
982 244 1028 280 Ο

3031 377 3159 443 395

1292 513 1306 542 6

428 577 567 622 rum
619 561 682 622 et
729 577 765 621 a
813 559 1027 622 sancto
1075 557 1383 623 Michaele
1430 557 1590 621 infra
1638 576 1823 622 unum
1877 576 2105 621 annum
2171 557 2519 638 proximum
2570 557 2935 634 venientem,
2987 557 3158 622 vide-

432 647 585 710 licet
626 645 742 710 sub
792 664 945 727 pena
990 645 1289 709 librarum
1346 644 1499 710 DCC
1550 645 1953 710 venecialinm
2005 644 2117 709 tali
2166 644 2384 722 modo,
2434 643 2590 727 quod
2649 646 3160 726 quandocumque

429 734 717 798 dominus
764 732 885 797 dux
932 752 1073 797 cnm
1123 750 1234 796 suo
1280 732 1533 796 consilio
1596 732 1760 796 intra
1806 733 2043 797 dictum
2108 731 2442 796 terminum
2506 731 2704 815 ipsam
2772 733 3013 814 galeam
3066 733 3157 794 eis

429 822 731 903 quesierit
774 819 870 884 vel
918 821 1092 903 queri
1134 820 1367 894 fecerit,
1420 819 1576 901 quod
1617 821 1852 884 dabunt
1888 821 1952 884 et
1996 820 2336 883 conducent
2379 838 2589 883 eorum
2624 819 2907 901 expensis
2954 820 3158 900 ipsam

431 909 675 993 galeam
727 927 866 972 cum
915 910 1047 971 toto
1092 909 1388 982 conred03
1462 909 1525 971 et
1570 906 1621 971 si
1670 925 1850 971 casus
1899 908 2248 991 contigerit,
2298 908 2372 970 de
2441 926 2559 990 quo
2629 908 2779 971 deus
2844 906 3158 982 advertat,

430 997 587 1078 qnod
638 996 834 1077 ipsam
872 996 1118 1079 galeam
1164 995 1490 1077 perderent
1552 996 1615 1059 in
1661 995 1870 1077 aliqno
1936 995 2178 1077 proprio
2242 995 2499 1059 servicio
2562 1013 2773 1058 eorum
2838 994 2935 1057 vel
2981 992 3148 1057 facto

431 1084 705 1164 ipsorum
752 1081 849 1148 vel
895 1082 1161 1147 alicuius
1208 1082 1372 1147 facto
1420 1101 1527 1148 seu
1580 1085 1833 1165 negocio
1881 1084 2199 1147 hominum
2247 1081 2459 1161 Jadre‚
2510 1081 2668 1164 quod
2703 1083 2939 1145 factum
2987 1086 3154 1146 esset

430 1171 618 1234 aliter
665 1189 850 1252 quam
893 1170 957 1233 in
1006 1172 1261 1234 servicio
1308 1172 1652 1235 communis
1702 1171 2106 1234 Veneciarum
2159 1170 2253 1235 vel
2300 1170 2647 1234 communis
2693 1169 2916 1248 Jadre‚
2989 1169 3162 1232 tene-

433 1262 620 1322 antur
666 1259 923 1340 quisque
972 1259 1245 1341 ipsorum
1286 1277 1394 1341 pro
1440 1261 1616 1340 parte
1662 1259 1740 1321 ad
1788 1259 2245 1323 restitutionem
2285 1257 2563 1341 ipsarum
2611 1257 2911 1322 librarum
2961 1255 3158 1333 DCC;

431 1348 495 1410 et
541 1347 591 1410 si
640 1364 749 1428 pro
796 1346 1052 1410 servicio
1097 1346 1439 1410 communis
1495 1346 1905 1410 Veneciarum
1953 1347 2050 1409 vel
2099 1347 2442 1409 communis
2504 1344 2693 1409 Jadre
2757 1345 3157 1420 amitterent,

431 1453 549 1498 non
601 1436 927 1498 teneantur
973 1433 1133 1508 inde,
1184 1453 1254 1496 ex
1304 1452 1421 1516 qno
1465 1433 1770 1516 liquidum
1822 1452 1955 1497 esse
2003 1433 2350 1511 videbitur,
2400 1436 2465 1496 et
2511 1434 2599 1497 ita
2654 1433 2814 1516 quod
2865 1433 3160 1515 quamvis

433 1521 717 1586 dominus
765 1521 886 1584 dux
933 1522 998 1585 et
1043 1521 1175 1585 eins
1220 1521 1545 1586 consilium
1605 1541 1722 1586 non
1787 1522 1875 1585 eis
1939 1524 2225 1603 quereret
2288 1520 2383 1584 vel
2447 1523 2616 1602 queri
2667 1521 2901 1585 faceret
2948 1519 3155 1603 ipsam

431 1608 676 1688 galeam
725 1609 884 1672 infra
933 1609 1316 1673 nominatum
1365 1610 1722 1687 terminum,
1769 1611 2099 1673 teneantur
2151 1608 2271 1690 ipsi
2319 1609 2379 1671 in
2429 1610 2628 1691 capite
2676 1609 2828 1672 dicti
2879 1606 3154 1682 termini,

430 1700 500 1760 ut
548 1700 643 1761 est
688 1698 1166 1760 determinatum
1204 1698 1502 1778 superine,
1548 1699 1744 1778 ipsam
1792 1698 2033 1777 galeam
2081 1696 2145 1760 in
2195 1697 2478 1760 Veneciis
2525 1698 2857 1760 conducere
2906 1698 2969 1759 et
3000 1713 3152 1759 con·

431 1784 672 1867 signare
717 1784 965 1848 domino
1011 1783 1171 1860 duci,
1237 1784 1356 1848 nisi
1413 1803 1521 1866 per
1583 1785 1904 1849 dominnm
1967 1784 2184 1848 ducem
2233 1786 2297 1847 et
2339 1783 2471 1847 eius
2517 1783 2850 1847 consilium
2907 1801 3162 1847 reman-

428 1871 601 1934 serit.
648 1872 766 1936 Die
815 1872 901 1934 VI
946 1876 1204 1935 exeunte
1264 1872 1431 1935 iunio
1492 1891 1598 1952 per
1658 1872 2058 1936 indictionem
2109 1871 2260 1936 X111
2326 1870 2612 1935 dominus
2669 1872 2786 1934 dux
2834 1873 2898 1934 et
2943 1870 3155 1934 consi-

429 1959 581 2022 linm
621 1958 752 2022 eius
800 1959 1245 2041 elongaverunt
1291 1959 1625 2023 terminum
1656 1959 1822 2024 dicto
1856 1960 2071 2024 comiti
2107 1959 2324 2023 amodo
2371 1960 2446 2022 ad
2493 1977 2680 2041 pasca
2705 1957 3149 2022 resurectionis

428 2045 507 2110 ad
553 2045 899 2111 faciendum
946 2050 1011 2111 et
1057 2048 1505 2111 observandum
1537 2048 1759 2124 totum,
1803 2050 1963 2130 quod
2011 2047 2242 2130 legitur
2289 2047 2592 2128 superine,
2657 2045 2817 2128 quod
2865 2045 2918 2109 si
2965 2045 3147 2129 galea

433 2133 567 2214 ipsa
611 2135 985 2217 reperiretur
1032 2137 1179 2198 tunc
1224 2133 1452 2212 bixata‚
1500 2137 1830 2199 restituere
1862 2135 2046 2198 debet
2093 2135 2224 2216 ipse
2262 2151 2469 2199 comes
2510 2134 2845 2215 dampnum
2895 2131 3158 2197 arbitrio

432 2220 1086 2387 Jozgaenpkymm
1131 2313 1233 2370 list
1282 2313 1381 2381 13,
1429 2313 1513 2370 br.
1561 2314 1664 2376 84.
1710 2330 1753 2369 u
1799 2314 2018 2372 arkivu
2063 2312 2423 2372 mletad‘kom.

840 2501 988 2582 Xl.
1061 2501 1267 2584 God.
1325 2500 1546 2582 1224.
1597 2500 1698 2583 28
1753 2502 2201 2602 kolovoza„
2258 2525 2318 2584 n
2374 2501 2768 2584 Mletclh.

1139 2628 1319 2689 Taoci
1362 2629 1567 2689 rabski
1610 2629 1920 2704 mletadkoj
1959 2630 2125 2689 vladi
2168 2631 2453 2690 izrudeni.

641 2749 760 2813 Die
809 2750 897 2814 IV
944 2752 1201 2815 exeunte
1247 2754 1513 2833 angusto
1566 2751 1752 2815 1224.
1816 2751 1933 2814 Isti
1980 2753 2126 2814 sunt
2185 2750 2280 2814 illi
2328 2750 2604 2825 obsides,
2653 2767 2801 2831 quos
2865 2748 3159 2812 domiuus

433 2835 552 2900 dux
603 2840 666 2901 et
712 2839 843 2901 eius
888 2838 1216 2902 consilium
1258 2840 1713 2917 ordinaverunt,
1763 2838 1921 2920 quod
1972 2838 2284 2903 Arbenses
2333 2838 2599 2902 debeant
2652 2836 2799 2900 dare
2847 2836 2910 2900 iu
2958 2835 3161 2899 Vene-

438 2923 552 2987 ciis
594 2943 785 3006 usque
832 2926 908 2989 ad
951 2927 1330 2991 voluntatem
1380 2926 1607 2990 domini
1656 2925 1830 2990 ducis
1878 2928 1942 2990 et
1987 2925 2082 2989 sui
2129 2924 2404 2990 consilii:
2475 2923 2641 2988 filius
2686 2923 2856 2988 Petri
2903 2922 3150 3000 Bozole‚
3219 2979 3226 2987 .

438 3010 604 3075 filius
649 3011 997 3095 Galcegne‚
1069 3013 1232 3076 filius
1296 3014 1467 3077 Petri
1527 3012 1834 3094 Pelenga‚
1882 3013 2049 3078 filius
2112 3013 2239 3076 filie
2301 3011 2618 3077 cristofori
2681 3010 2829 3075 mali
2893 3008 3157 3088 denarii,

438 3097 602 3162 filius
650 3100 885 3164 Mathei
932 3101 1005 3164 de
1050 3099 1260 3175 Caudi,
1310 3101 1476 3166 filius
1519 3101 1787 3166 Rofaldi.

523 3189 707 3250 Liber
742 3192 1075 3265 pleyiorum
1117 3192 1219 3250 list
1264 3193 1367 3266 33,
1417 3193 1500 3250 br.
1547 3194 1695 3262 269,
1738 3210 1781 3250 u
1826 3192 2168 3251 mletadkom
2214 3192 2447 3250 arkivu.

1134 3379 1340 3461 XII.
1422 3381 1628 3464 Gon.
1683 3381 1913 3465 1224.
1969 3404 2029 3463 u
2085 3380 2478 3464 Mletcih.

810 3505 859 3565 O
903 3508 1113 3566 novcih
1154 3525 1229 3566 za
1264 3508 1449 3580 putni
1495 3508 1697 3567 trodak
1731 3509 2060 3582 poslanika
2104 3507 2352 3582 idudeqa
2392 3526 2434 3567 u
2492 3506 2785 3583 Uyarsku.

642 3625 1155 3691 Recordationem
1202 3628 1461 3692 facimus
1510 3646 1619 3693 nos
1661 3629 1908 3712 quidam
1955 3631 2181 3694 Petrus
2229 3627 2403 3692 Ziani
2449 3626 2548 3692 dei
2592 3627 2803 3711 gracia
2851 3628 3151 3693 Venecia·

434 3732 573 3776 rum
623 3712 743 3776 dux
783 3717 897 3778 etc.
948 3735 1092 3779 cnm
1138 3718 1346 3780 nostro
1395 3716 1649 3780 consilio
1696 3716 1772 3780 de
1821 3716 1946 3780 illis
1993 3716 2171 3780 libris
2220 3715 2319 3781 CL
2364 3714 2769 3780 venecialium
2798 3763 2813 3792 ‚
2862 3733 3017 3798 quas
3072 3714 3160 3778 fe-

433 3800 628 3863 cimus
666 3800 798 3865 dari
834 3802 1157 3866 Dominico
1206 3804 1507 3885 Pampnlo
1552 3806 1759 3868 nostro
1806 3804 2015 3887 legato
2062 3805 2134 3869 ad
2184 3803 2455 3868 eundum
2500 3804 2575 3867 ad
2620 3820 2831 3884 regem
2875 3802 3152 3884 ngarie

432 3905 543 3967 pro
589 3891 1037 3971 recooperando
1086 3890 1310 3955 habere
1357 3910 1463 3972 pro
1506 3891 1767 3957 Alberto
1833 3895 1897 3955 et
1963 3892 2201 3957 Donato
2263 3891 2554 3965 aurifice;
2617 3889 2670 3953 si
2725 3889 2859 3970 ipse
2907 3890 3153 3973 legatus
3261 3928 3265 3933 -

435 3974 666 4038 dictum
715 3976 940 4042 habere
988 3982 1412 4059 reccuperaret
1460 3980 1554 4043 vel
1588 3978 1861 4063 aliquam
1898 3983 2156 4061 partem,
2206 3977 2364 4062 qnod
2409 3978 2486 4042 de
2534 3976 2667 4059 ipso
2715 3977 2940 4041 havere
2988 3977 3154 4041 dicte

435 4061 588 4126 libre
636 4061 734 4128 CL
776 4067 1089 4129 communi
1140 4066 1541 4131 Veneciarnm
1574 4068 2017 4141 restituantur:
2078 4071 2140 4131 et
2187 4066 2479 4131 similiter
2524 4065 2578 4129 si
2624 4064 2836 4147 aliquo
2885 4064 2947 4128 in
2996 4068 3157 4128 tem-

435 4168 575 4229 pore
622 4151 824 4231 ipsnm
866 4153 1095 4217 habere
1144 4154 1641 4235 reccuperabitnr
1688 4154 1748 4219 in
1798 4157 2002 4219 totum
2059 4155 2161 4220 vel
2224 4155 2285 4218 iu
2332 4155 2570 4237 partem
2604 4202 2618 4228 ‚
2681 4151 3169 4236 intelligendum.

433 4239 547 4311 est,
599 4238 760 4320 quod
807 4239 881 4302 de
930 4240 1149 4323 primis
1189 4241 1456 4305 denariis
1503 4241 1643 4305 inde
1691 4244 2123 4324 reconperatis‚
2173 4240 2335 4326 quod
2376 4242 2484 4306 ille
2517 4242 2675 4307 libre
2709 4238 2810 4305 CL
2835 4240 3159 4305 solvantur

431 4326 740 4389 communi
791 4328 1211 4393 veneciarum.
1280 4329 1345 4392 In
1395 4333 1674 4412 tempore
1720 4329 1956 4395 domini
2003 4331 2178 4395 ducis
2241 4329 2341 4395 Ja.
2389 4329 2649 4411 Tenpuli
2716 4346 2925 4392 mense
2983 4327 3161 4405 iunii,

435 4411 770 4477 indictione
817 4416 922 4493 IV,
973 4415 1220 4481 fuerunt
1265 4417 1465 4482 solute
1513 4417 1620 4481 ille
1682 4418 1841 4481 libre
1889 4416 1988 4483 CL
2036 4420 2245 4483 nostro
2309 4418 2620 4482 communi
2677 4434 2714 4480 a
2760 4415 3161 4480 vicedominis

435 4498 651 4564 fontici
695 4500 762 4565 P.
811 4501 1156 4569 Contareno
1204 4509 1266 4568 et
1315 4505 1528 4569 Marco
1577 4503 1909 4581 comario,
1976 4508 2082 4589 qui
2148 4524 2252 4570 eas
2313 4505 2616 4570 dederunt
2681 4506 2896 4570 verbo*
2930 4503 3161 4569 domini

432 4587 603 4652 ducis
650 4592 716 4653 et
763 4592 1006 4654 consilii
1056 4591 1268 4657 Marco
1316 4592 1668 4657 Trevisano.

522 4678 707 4739 Liber
742 4681 1076 4755 pleqiorum
1122 4683 1222 4742 list
1269 4685 1371 4753 33,
1419 4684 1501 4743 br.
1551 4684 1698 4753 270,
1745 4702 1788 4742 u
1834 4685 2053 4743 arkivu
2097 4684 2456 4744 mletabko-m.
