3620 5282
496 335 627 401 364

708 513 807 578 Ad
849 512 1040 579 istam
1087 513 1328 579 sextam
1374 513 1738 596 petitionem
1784 514 1906 580 fuit
1946 533 2306 597 responsum
2330 565 2345 592 ,
2402 514 2562 599 quod
2608 515 2662 581 si
2710 516 2822 582 fiet
2866 484 3226 600 passagium

496 601 787 684 generale
828 620 900 667 ex
944 600 1329 667 ordinatione
1375 601 1609 668 domini
1673 603 1904 667 summi
1966 603 2273 686 pontificis
2297 652 2314 682 ,
2376 603 2661 669 dominus
2707 602 2830 669 dux
2876 603 2938 669 X
2980 602 3224 690 galleas

494 687 711 753 mittat
755 688 832 753 ad
879 688 1117 754 dictum
1163 688 1542 772 passagium,
1592 690 1645 754 si
1691 689 1979 754 dominus
2024 709 2130 757 rex
2177 690 2328 757 illuc
2373 690 2785 774 personaliter
2833 689 2973 770 ibit,
3021 691 3087 756 et
3116 690 3226 756 do-

495 774 702 876 minus
737 794 896 859 papa
940 778 1196 843 modum
1239 776 1533 857 inveniat,
1585 778 1743 860 quod
1780 795 2044 861 expensa
2089 779 2289 861 possit
2331 777 2464 844 fieri
2510 797 2622 863 pro
2664 779 2864 864 galeis
2911 780 2978 845 et
3020 796 3223 845 arma-

495 865 638 929 tum
684 882 983 1035 1ἕὲἷὶξῇ
1009 951 1365 1036 petiverunt
1389 951 1755 1019 adherentes
1786 953 1851 1017 et
1883 971 2177 1037 sequaces
2201 953 2434 1020 domini
2475 953 2642 1039 regis
2685 953 2751 1019 in
2782 972 2934 1039 pace
2965 953 3260 1020 includi.·

703 1056 805 1121 Ad
849 1074 1034 1139 quam
1082 1058 1418 1141 septimam
1464 1057 1829 1141 petitionem
1874 1077 2235 1140 responsum
2283 1058 2436 1139 fuit,
2484 1061 2646 1143 quod
2702 1077 2914 1125 omnes
2954 1058 3072 1138 illi,
3120 1058 3230 1142 qui

494 1140 745 1208 fuerunt
793 1143 1160 1210 adherentes
1205 1144 1443 1211 domiui
1486 1145 1675 1229 regis,
1721 1145 1788 1209 in
1849 1164 1996 1228 pace
2062 1145 2473 1212 includentur.
2549 1145 2928 1213 Obtulerunt
2976 1145 3229 1230 insuper

499 1230 732 1296 domini
779 1232 1231 1298 ambaxiatores
1276 1233 1540 1315 predicti
1584 1233 1834 1316 propter
1877 1234 2148 1315 predicta
2197 1234 2530 1300 restituere
2575 1234 2733 1300 velle
2767 1235 3067 1318 occupata
3115 1253 3223 1316 per

498 1317 820 1384 dominum
866 1338 1077 1403 regem
1123 1321 1188 1385 in
1230 1319 1533 1386 comitatu
1578 1319 1902 1386 Tarvisiuo
1948 1323 2013 1385 et
2058 1319 2414 1400 cenetense,
2480 1322 2545 1387 et
2588 1321 2747 1388 velle
2792 1320 3020 1387 habere
3069 1320 3227 1386 ami-

502 1423 647 1471 cum
692 1425 802 1490 pro
848 1406 1049 1473 amico
1111 1409 1176 1473 et
1233 1406 1559 1473 inimicum
1619 1425 1730 1492 pro
1792 1406 2045 1474 inimico
2066 1457 2083 1488 ,
2107 1415 2121 1425 ·
2147 1407 2321 1475 salvo
2380 1410 2609 1475 honore
2655 1407 2887 1476 domini
2957 1407 3228 1492 supremi

499 1492 812 1577 pontificis
852 1497 919 1561 et
965 1497 1178 1561 sancte
1238 1495 1463 1560 matris
1518 1495 1797 1562 ecclesie.
1860 1495 1947 1560 Et
2006 1496 2354 1579 predictum
2401 1495 2689 1563 dixerunt
2748 1514 2960 1561 eorum
3006 1498 3073 1561 et
3121 1496 3227 1561 do·

496 1579 652 1646 mini
700 1581 865 1666 regis
905 1582 1229 1667 Hungarie
1275 1581 1725 1649 ambaxiatores
1769 1582 2061 1649 ultimam
2108 1584 2173 1649 et
2217 1585 2467 1652 finalem
2514 1604 2649 1652 esse
2694 1583 3105 1650 intentionem
3150 1586 3215 1649 et

495 1669 686 1734 etiam
730 1668 961 1735 domini
1009 1671 1173 1756 regis
1212 1669 1527 1736 antedicti.
3201 1687 3205 1691 *

705 1773 809 1839 Ad
853 1774 968 1841 hec
1015 1793 1142 1859 pro·
1172 1775 1350 1859 parte
1394 1774 1783 1842 dominorum
1827 1775 2207 1843 Venetorum
2254 1776 2379 1843 fuit
2430 1795 2825 1861 responsum,
2873 1778 3036 1860 quod
3081 1794 3226 1842 con-

496 1861 792 1942 siderato,
842 1862 1001 1947 quod
1047 1862 1205 1929 alias
1242 1857 1316 1928 ‘et
1357 1863 1629 1929 maxime
1691 1882 1857 1930 nunc
1901 1863 2125 1929 ultimo
2188 1863 2254 1929 in
2299 1865 2628 1949 Hungaria
2689 1863 2936 1931 fuerant
2996 1864 3229 1931 diversi

494 1949 802 2015 tractatus
867 1950 1073 2017 habiti
1132 1969 1319 2035 supra
1379 1949 1736 2030 concordia,
1804 1969 1993 2034 supra
2057 1971 2179 2037 qua
2223 1952 2682 2019 devenientium
2745 1971 2864 2020 non
2909 1952 3116 2019 fuerat
3150 1952 3228 2018 ad
3365 2012 3374 2030 ,

493 2036 822 2120 petitiones
871 2039 957 2104 ita
1002 2037 1164 2104 altas
1207 2041 1271 2103 et
1316 2056 1575 2123 magnas
1594 2087 1611 2117 ‚
1658 2037 2086 2118 credebantur,
2137 2040 2296 2124 quod
2342 2040 2723 2107 considerata
2767 2039 3000 2107 domini
3056 2039 3222 2124 regis

493 2125 862 2206 constantia,
909 2126 1239 2209 petitiones
1287 2127 1558 2208 predicte
1604 2144 1725 2191 non
1763 2129 1971 2193 essent
2014 2127 2293 2193 faciende
2360 2146 2470 2193 nec
2516 2130 2803 2212 poterant
2869 2126 3000 2194 ullo
3045 2128 3227 2193 modo

498 2230 608 2296 per
652 2213 816 2296 ipsos
863 2213 1135 2294 admitti,
1185 2215 1328 2297 quia
1373 2214 1463 2280 eis
1510 2212 1963 2280 intollerabiles
2009 2216 2204 2294 erant,
2251 2214 2414 2281 unde
2461 2215 2515 2280 si
2561 2233 2748 2298 supra
2775 2213 2901 2281 hiis
2933 2215 3224 2281 insistere

495 2299 730 2367 vellent
778 2300 1075 2380 totaliter,
1123 2319 1243 2366 non
1288 2303 1426 2367 erat
1471 2301 1795 2384 expediens
1843 2302 2103 2368 ulterius
2149 2303 2422 2368 tractare
2455 2321 2643 2387 supra
2673 2302 2846 2386 ipsis,
2896 2303 3042 2387 quia
3082 2303 3220 2367 erat

494 2386 763 2470 perditio
800 2388 1118 2472 temporis,
1166 2389 1276 2454 sed
1323 2389 1429 2454 ubi
1475 2388 1710 2455 vellent
1753 2389 2086 2473 petitiones
2133 2391 2300 2474 ipsas
2336 2391 2632 2456 reducere
2679 2390 2915 2456 domini
2937 2390 3260 2472 Hungari,

491 2475 569 2540 ad
613 2474 882 2541 formam
925 2477 987 2540 in
1034 2477 1364 2559 Huugaria
1408 2476 1692 2559 petitam,
1742 2477 1944 2560 parati
2005 2481 2186 2543 erant
2249 2477 2485 2543 domini
2548 2477 2771 2544 Veneti
2838 2478 3226 2562 respondere,

491 2565 557 2627 et
601 2581 788 2647 supra
834 2563 956 2628 hiis
1003 2565 1345 2630 tractatum
1390 2564 1634 2646 facere;
1682 2568 1747 2629 et
1790 2563 2026 2630 domini
2070 2565 2353 2650 Hungari
2393 2565 2859 2649 respondebant,
2906 2567 2980 2631 ut
3021 2564 3218 2649 prius,

492 2650 654 2734 quod
700 2670 812 2735 pro
859 2652 1102 2718 domino
1143 2670 1285 2736 rege
1351 2651 1530 2736 plura
1594 2652 1887 2718 volebant
1946 2655 2012 2720 et
2076 2653 2312 2718 maiora
2374 2671 2562 2738 qnam
2623 2652 2745 2720 sibi
2786 2655 2850 2720 in
2894 2653 3224 2738 Hungaria

490 2737 758 2805 fuissent
802 2738 1028 2819 oblata,
1078 2740 1351 2806 finaliter
1396 2740 1635 2806 domiui
1679 2739 1966 2826 Hungari
2013 2741 2383 2807 videbantur
2430 2742 2746 2808 contenti:

699 2842 871 2924 Quod
921 2844 1337 2929 Spalatenses,
1386 2843 1825 2925 Sibinicenses,
1873 2845 2317 2913 Scardonenses
2347 2847 2414 2912 et
2442 2846 2885 2932 Tragurienses
2931 2846 3225 2913 civitates

491 2930 740 2998 domino
787 2932 922 3018 regi
967 2933 1468 3011 restituerentur,
1513 2935 1580 2999 et
1623 2936 1783 3017 quod
1828 2933 2010 2999 Nona
2055 2935 2527 3019 recognoscatur
2573 2954 2611 2999 a
2655 2935 2901 3001 domino
2939 2952 3086 3019 rege
3111 2952 3223 3018 pro

493 3020 662 3085 certo
708 3022 868 3104 quod
914 3039 1137 3099 annuo,
1186 3023 1252 3087 et
1296 3020 1458 3105 quod
1504 3040 1614 3105 pro
1656 3021 1852 3087 Jadra
1912 3023 1979 3087 et
2035 3023 2164 3087 alia
2226 3022 2548 3088 Dalmatia
2613 3025 2854 3088 certum
2902 3023 3065 3105 quod
3112 3021 3221 3087 da·

493 3110 665 3172 retur
710 3107 960 3174 domino
1002 3108 1140 3192 regi
1184 3109 1370 3174 certis
1419 3108 1707 3189 monetis,
1771 3110 1839 3175 et
1882 3128 1992 3194 per
2054 3109 2206 3175 duas
2270 3110 2480 3194 galeas
2526 3110 2747 3176 darent
2790 3109 3037 3175 domino
3084 3109 3219 3194 regi

493 3195 566 3259 ut
609 3212 797 3278 supra
842 3214 953 3280 per
976 3215 1169 3262 unum
1214 3214 1466 3275 annum,
1515 3199 1579 3262 et
1626 3198 1878 3263 centum
1911 3196 2116 3264 millia
2157 3196 2420 3263 florenos
2465 3215 2576 3280 pro
2623 3197 2927 3281 expensis,
2977 3199 3043 3263 et
3086 3215 3223 3263 ser-

494 3281 652 3348 vicio
698 3282 948 3348 illarum
993 3283 1055 3349 X
1097 3283 1418 3367 galearum
1440 3332 1457 3362 ,
1528 3285 1618 3350 ita
1679 3285 1843 3369 quod
1901 3283 2094 3350 Jadra
2155 3286 2220 3350 et
2277 3284 2403 3350 alia
2449 3284 2768 3351 Dalmatia
2821 3284 3218 3351 remanerent

498 3367 768 3434 dominis
828 3370 1085 3436 Venetis
1108 3419 1125 3449 ,
1189 3370 1524 3437 dummodo
1586 3371 1921 3439 Jadrenses
1984 3372 2050 3437 in
2108 3372 2237 3439 illis
2297 3372 2695 3438 libertatibus
2756 3373 3030 3456 tempore
3073 3371 3218 3438 bani

496 3454 806 3523 Maladini
849 3457 1156 3524 concessis
1201 3458 1722 3525 coutentarentur.

706 3559 965 3629 Nobiles
1011 3564 1220 3630 autem
1263 3563 1340 3630 de
1379 3564 1571 3631 Jadra
1614 3563 2028 3632 exhibuerunt
2088 3564 2492 3649 trascriptum
2552 3564 2976 3649 predictarum
3031 3562 3225 3631 liber-
3350 3604 3360 3611 -

493 3650 717 3715 tatum.
764 3650 849 3715 Et
893 3651 1037 3735 quia
1081 3651 1408 3718 libertates
1453 3653 1586 3736 ipse
1630 3671 1753 3718 non
1799 3653 2130 3737 placebant
2193 3653 2461 3719 dominis
2528 3653 2822 3733 Venetis,
2887 3652 3223 3720 Jadrenses

499 3755 715 3821 pacem
764 3740 1071 3822 optantes,
1118 3739 1444 3806 libertates
1488 3741 1656 3824 ipsas
1704 3740 2167 3821 restrinserunt,
2217 3742 2282 3806 et
2326 3741 2593 3807 maxime
2617 3741 2817 3824 quoad
2860 3740 3223 3807 electionem

500 3825 747 3892 comitis
794 3829 858 3893 et
903 3826 1199 3894 salarium
1244 3827 1462 3911 ipsiuS,
1512 3827 1588 3893 de
1635 3846 1756 3912 quo
1803 3829 1994 3895 etiam
2040 3828 2271 3895 domini
2316 3828 2540 3895 Veneti
2587 3846 2710 3895 non
2758 3827 2876 3895 visi
2925 3828 3219 3910 contenti,

498 3913 619 3997 ipsi
664 3913 903 3980 nobiles
952 3914 1146 3980 etiam
1190 3914 1638 3994 restinserunt,
1696 3916 1770 3981 de
1836 3934 1959 3999 qua
2016 3916 2377 3983 restintione
2440 3916 2673 3983 domini
2739 3916 2966 3983 Veneti
3010 3916 3075 3981 et
3112 3915 3225 3983 Ja-

497 4002 749 4068 drenses
790 4002 1044 4068 insimul
1092 4004 1522 4083 convenerunt,
1572 4002 1763 4068 salvis
1809 4005 2109 4088 quatuor:

700 4107 986 4173 Primum
1031 4107 1339 4188 videlicet,
1387 4108 1550 4193 quod
1595 4108 1885 4176 Jadrensi
1929 4110 2224 4178 volebant
2278 4111 2553 4176 castrum
2599 4109 2857 4184 destrui,
2905 4111 2969 4175 et
3008 4109 3216 4176 custo·

490 4191 658 4258 diam
703 4193 972 4261 civitatis
1015 4195 1178 4279 apud
1224 4216 1291 4262 se
1337 4196 1585 4276 habere,
1634 4198 1697 4263 et
1744 4197 1949 4264 insula
1995 4197 2170 4282 Pagi,
2219 4216 2332 4263 nec
2367 4197 2615 4281 gravari
2640 4195 2922 4263 custodia
2952 4195 3213 4280 aliquali

492 4281 657 4346 sicut
700 4300 814 4347 nec
858 4282 1049 4349 fiebat
1091 4286 1233 4349 ante
1277 4285 1625 4369 presentem
1657 4303 1969 4370 guerram.
2017 4285 2101 4350 Et
2136 4285 2405 4349 finaliter
2434 4285 2586 4350 dicti
2618 4282 2929 4364 Jadrensi,
2956 4283 3225 4351 dominis

492 4367 750 4434 Venetis
798 4369 1238 4453 multipliciter
1281 4371 1682 4450 instantibus,
1731 4371 1894 4457 quod
1934 4373 2210 4438 castrum
2258 4390 2376 4438 non
2443 4372 2900 4452 destrueretur,
2963 4389 3223 4438 cousen-

493 4456 725 4536 serunt‚
775 4457 937 4540 quod
985 4459 1257 4524 castrum
1305 4458 1731 4543 principaliter
1777 4460 2026 4525 deberet
2070 4478 2406 4538 remanere,
2457 4459 2549 4525 ita
2592 4459 2751 4542 quod
2790 4458 3217 4543 principaliter

492 4544 621 4607 tres
667 4547 1099 4611 remanserunt
1142 4545 1466 4612 diserentie
1511 4546 1663 4628 sole,
1730 4546 1972 4613 scilicet
2032 4566 2222 4631 supra
2289 4548 2570 4614 custodia
2613 4545 2891 4613 civitatis
2935 4549 3098 4629 apud
3146 4564 3213 4613 se

493 4628 750 4710 habere,
799 4633 865 4697 et
908 4632 1113 4700 insula
1155 4632 1333 4718 Pagi,
1389 4635 1453 4700 et
1496 4653 1606 4718 pro
1653 4635 1934 4720 expensis
1989 4633 2293 4701 faciendis
2353 4653 2463 4719 pro
2524 4635 2805 4701 custodia
2858 4635 3049 4701 castri
3095 4653 3221 4701 non

497 4717 769 4801 gravari.
820 4718 1020 4803 Supra
1063 4720 1285 4803 quibus
1349 4720 1705 4789 nullatenus
1766 4722 2102 4806 potuerunt
2164 4723 2548 4805 concordare,
2611 4723 2757 4807 quia
2815 4720 3065 4789 omnino
3111 4722 3224 4789 do-
