3620 5282
2999 349 3131 416 255

629 527 916 593 Predicto
984 530 1191 593 autem
1260 545 1358 591 ser
1434 526 1700 592 ,Iohanni
1750 524 2000 609 Capello
2047 527 2373 605 scribatur,
2440 527 2598 610 quod
2668 545 2851 610 quam
2920 527 3126 608 sepius

417 616 644 699 poterit
673 633 813 681 cum
848 617 1176 681 securitate
1209 616 1412 680 tamen
1455 615 1601 680 culfi
1626 633 1767 679 curn
1794 615 1991 697 galeis
2019 615 2143 679 suis
2172 615 2427 679 visitare
2462 614 2681 678 debeat
2711 615 2890 678 illum
2924 615 3126 679 locum

424 704 720 769 Durachii
763 706 827 767 et
889 703 1121 768 hortari
1183 704 1504 768 dominum
1568 706 1632 767 et
1701 704 1875 777 alios,
1940 722 2091 786 quos
2141 703 2364 767 viderit
2409 706 2803 786 opportunos
2855 705 2931 767 ad
2979 721 3122 767 oon-

426 793 697 856 stantem
744 792 1126 857 voluntatem
1174 792 1486 856 libertatis
1538 794 1602 855 et
1647 790 2122 856 franchisiarum
2172 810 2440 856 suarum.
2490 791 2695 855 Etiam
2743 792 2932 856 faciat
2964 791 3127 855 idem

428 899 527 945 ser
566 880 899 957 Johannes,
950 881 1110 963 quod
1159 881 1269 946 illa
1315 898 1593 962 persona,
1641 898 1825 962 qnam
1872 880 2152 943 dimittet
2198 880 2261 943 in
2312 879 2641 955 Durachio,
2691 879 2774 943 sit
2820 879 3131 944 sufficiens

426 972 489 1032 et
534 970 812 1052 experta,
864 988 981 1052 que
1028 970 1225 1050 possit
1270 988 1403 1032 esse
1446 987 1583 1032 cum
1645 967 1892 1032 domino
1951 966 2247 1032 Durachii
2296 966 2372 1032 ad
2436 967 2881 1049 procurandum
2932 972 2996 1032 et
3039 966 3131 1033 fa-

424 1057 703 1121 tiendum
752 1057 1042 1139 quicquid
1077 1056 1210 1121 fieri
1259 1058 1485 1139 poterit
1528 1074 1632 1138 pro
1666 1056 2051 1138 expeditione
2085 1057 2273 1119 turris
2309 1063 2372 1119 et
2402 1056 2666 1121 aliarum
2699 1074 2904 1120 rerum
2953 1075 3132 1140 spec-

428 1146 696 1210 tantium
768 1144 847 1208 ad
894 1145 1293 1209 securitatem
1340 1147 1405 1209 et
1448 1145 1674 1209 bonum
1720 1144 1884 1209 dicte
1932 1143 2223 1209 civitatis.
2290 1144 2449 1209 Item
2496 1145 2783 1209 mittatur
2839 1145 2912 1208 de
2960 1145 3133 1211 badi-

426 1233 610 1310 libus,
656 1232 900 1298 civeriis
947 1235 1011 1297 et
1056 1234 1300 1316 zaponis
1348 1251 1457 1316 pro
1504 1251 1686 1316 opere
1732 1233 1942 1297 turris
1985 1234 2078 1298 De
2125 1250 2242 1297 non
2300 1234 2395 1305 10,
2443 1251 2557 1297 non
2606 1233 2827 1297 sinceri
2871 1232 2934 1297 5.

511 1342 691 1402 Misi-i
740 1340 875 1403 XL.
929 1342 1073 1411 125,
1117 1359 1161 1401 u
1204 1342 1358 1402 mlet.
1407 1341 1642 1402 arkivu.

661 1529 1150 1638 CCCLXVI.
1208 1530 1414 1614 God.
1467 1529 1695 1616 1883.
1747 1531 1844 1615 21
1896 1529 2340 1631 holmum,
2390 1553 2454 1614 u
2504 1530 2898 1615 Mletcih.

428 1658 743 1727 Mletdam',
781 1659 1202 1733 odyovarajuci
1246 1659 1518 1732 njekomu
1551 1657 1926 1726 Zadraninu,
1957 1657 2056 1730 koj
2083 1658 2202 1729 jim
2247 1657 2428 1716 nudio
2457 1653 2823 1731 Dalmaciju,
2852 1659 3133 1733 inkaaeua’u

917 1764 978 1806 se
1022 1749 1135 1806 kao
1179 1747 1382 1822 vob'ni,
1404 1813 1408 1817 ,
1430 1747 1510 1805 da
1554 1751 1758 1806 ostana
1802 1748 2012 1806 vierna
2054 1764 2253 1820 uyarae
2270 1746 2396 1805 hrv.
2443 1747 2646 1808 kruni.

640 1866 828 1931 1388.
877 1866 1208 1932 indictione
1263 1867 1373 1947 XI,
1421 1868 1517 1932 die
1566 1867 1716 1932 XXI
1763 1868 2031 1950 augusti.
2082 1866 2470 1932 consiliarii:
2520 1885 2618 1931 ser
2657 1866 2931 1933 ¹Iacobus
2979 1868 3128 1933 Del·

430 1955 627 2039 phyno
674 1956 889 2034 miles,
954 1974 1051 2020 εει·
1099 1956 1366 2020 Michael
1413 1955 1749 2021 contareno
1810 1958 1994 2037 caput
2050 1955 2124 2019 de
2169 1956 2300 2032 XL,
2351 1975 2449 2020 ser
2495 1956 2715 2020 Daniel
2760 1955 3129 2042 Delphyuo;

432 2046 741 2128 sapientes
790 2043 1063 2109 consilii:
1112 2063 1213 2109 ser
1258 2044 1612 2109 Leonardus
1659 2045 1940 2108 Dandulo
1989 2043 2188 2122 miles,
2237 2063 2336 2108 ser
2381 2045 2602 2108 Petrus
2636 2043 2958 2128 Mocenigo
2990 2063 3133 2127 pro-

430 2138 688 2210 curator,
739 2152 837 2196 ser
883 2133 1105 2197 Petrus
1150 2132 1462 2210 Coi-nario,
1512 2152 1610 2196 ser
1651 2133 1872 2196 Petrus
1908 2133 2107 2214 Aymo
2156 2132 2355 2207 mileS,
2406 2151 2503 2195 ser
2538 2132 2898 2197 Dominicus
2924 2133 3129 2209 Bon03

430 2224 733 2303 sapientes
776 2223 1095 2285 ordinum:
1145 2240 1244 2286 ser
1292 2221 1502 2286 Victor
1549 2221 1920 2296 venerasse,
1969 2239 2066 2283 ser
2099 2219 2397 2284 Nicolaus
2437 2220 2719 2298 Gabriel,
2769 2239 2865 2285 ser
2914 2221 3127 2285 Rossi-

432 2327 548 2373 nus
595 2309 854 2372 Marino.
899 2307 1126 2389 Capta:
1178 2309 1335 2392 quod
1383 2315 1496 2374 iste
1523 2309 1721 2374 fidelis
1745 2308 2001 2373 dominii
2029 2312 2370 2372 revertatur
2410 2308 2486 2373 ad
2514 2309 2782 2373 amicum
2829 2329 3026 2388 suum,
3071 2311 3135 2374 et

431 2396 599 2459 dicat
644 2397 799 2474 sibi,
849 2396 1007 2479 quod
1056 2400 1184 2478 ipse
1230 2397 1505 2461 ordinate
1550 2396 1696 2462 fecit
1760 2398 1933 2462 nobis
1982 2396 2348 2460 relacionem
2411 2397 2484 2460 de
2530 2398 2830 2474 omnibus,
2878 2416 2994 2479 que
3043 2399 3122 2462 ab

433 2503 500 2548 eo
547 2484 761 2547 habuit
805 2492 868 2549 et
935 2486 1007 2549 de
1075 2486 1421 2551 intencione
1488 2489 1552 2549 et
1620 2485 2020 2567 dispositione
2067 2502 2218 2559 sua,
2269 2486 2341 2548 de
2387 2503 2508 2567 qua
2554 2503 2663 2548 nos
2713 2488 3123 2569 regratiamur

432 2571 551 2635 sibi
598 2574 892 2655 quantum
935 2573 1074 2655 plus
1123 2591 1463 2657 possumus,
1512 2574 1712 2656 parati
1760 2576 2042 2657 prompta
2090 2577 2294 2637 mente
2340 2575 2416 2637 ad
2449 2579 2672 2638 cuncta
2702 2575 3133 2639 concernentia.

430 2661 724 2724 honorem
770 2665 833 2725 et
893 2663 1130 2726 statum
1178 2682 1358 2728 suum
1414 2682 1485 2728 ac
1532 2666 1749 2727 domus
1832 2682 1967 2740 sue,
2031 2664 2327 2744 tanquam
2374 2680 2482 2744 pro
2531 2663 2856 2727 karissimo
2903 2665 3128 2740 amico,

433 2748 578 2831 quia
641 2748 802 2814 clare
850 2754 912 2812 et
960 2749 1287 2814 manifeste
1352 2751 1927 2833 comprehendimus
1990 2749 2400 2814 intencionem
2459 2770 2632 2815 suam
2683 2752 3006 2833 procedere
3053 2752 3130 2816 ab

431 2837 667 2920 optima
713 2836 1130 2920 dispositione,
1195 2857 1378 2922 quam
1428 2840 1615 2903 habet
1662 2858 1870 2903 versus
1918 2842 2196 2903 nostrum
2243 2838 2644 2903 dominium*
2669 2839 2784 2904 Sed
2834 2840 3130 2904 veniendo

430 2925 506 2989 ad
554 2924 786 2991 factum
836 2925 926 2990 sic
973 2925 1270 3004 dicimuS,
1319 2927 1477 3009 quod
1527 2930 1684 2990 teste
1732 2928 1842 2991 deo
1887 2926 2209 3009 dispositio
2258 2929 2322 2990 et
2384 2927 2650 2991 intencio
2698 2929 2909 2992 nostra
2967 2947 3132 2993 sem·

432 3033 540 3097 per
587 3014 1008 3079 sincerissima
1054 3014 1172 3079 fuit
1204 3018 1388 3079 otest
1420 3035 1630 3079 versus
1665 3014 1838 3079 illam
1864 3015 2367 3081 communitatem
2403 3017 2466 3079 et
2497 3020 2692 3079 totam
2728 3016 3128 3094 Dalmatiam,

433 3121 543 3166 nec
588 3121 852 3185 unquam
899 3103 1278 3186 quesivimus
1325 3103 1559 3186 aliquid
1608 3108 1821 3167 contra.
1868 3105 2159 3167 honorem
2208 3107 2270 3168 et
2300 3106 2532 3167 statum
2579 3123 2760 3167 suum
2806 3123 2878 3169 ac
2916 3108 3131 3169 contra

434 3192 820 3255 voluntatem
868 3209 1067 3270 suam,
1113 3209 1258 3274 ymo
1306 3192 1564 3256 intentio
1613 3194 1823 3257 nostra
1867 3192 1986 3256 fuit
2031 3195 2094 3255 et
2138 3196 2266 3266 est,
2315 3192 2515 3255 vivere
2577 3211 2781 3257 secum
2833 3194 3132 3257 amicabi-

434 3278 578 3343 liter
619 3285 682 3343 et
727 3278 1012 3359 fraterne,
1063 3287 1132 3343 ut
1182 3299 1321 3345 cum
1353 3280 1694 3345 carissimis
1737 3280 1955 3344 amicis
2001 3282 2064 3344 et
2107 3279 2278 3343 bonis
2325 3280 2543 3344 vicinis
2594 3281 2841 3344 nostris.
2869 3282 2951 3346 Et
2982 3282 3134 3346 bene

433 3368 782 3433 notavimus
827 3369 891 3431 et
934 3372 1219 3433 notamus
1268 3368 1513 3433 modum
1563 3368 1952 3433 recordatum
2003 3388 2107 3449 per
2147 3369 2417 3432 amicum
2463 3369 2826 3451 predictum,
2861 3371 2965 3453 qui
3002 3388 3133 3434 mo-

433 3456 569 3535 dus,
619 3456 902 3520 videlicet
965 3459 1280 3537 pactorum
1326 3461 1639 3533 veterum,
1693 3457 1868 3521 valde
1918 3456 2050 3537 plus
2099 3457 2367 3538 placeret
2429 3458 2605 3521 nobis
2670 3477 2854 3539 quam
2903 3459 3128 3543 aliquis

432 3545 593 3609 alius
641 3542 877 3608 moduS.
948 3543 1032 3607 Et
1079 3548 1401 3626 propterea
1468 3544 1597 3628 ipse
1649 3548 1745 3609 est
1809 3546 2091 3626 sapiam,
2165 3547 2366 3627 potest
2412 3547 2616 3610 videre
2665 3551 2727 3608 et
2774 3549 3121 3612 examinare

433 3632 666 3698 factum
714 3631 901 3711 istud,
949 3650 1020 3696 ac
1065 3633 1116 3696 si
1171 3632 1291 3696 sibi
1340 3633 1626 3714 placebit,
1675 3631 2004 3696 informare
2053 3651 2158 3696 nos
2201 3635 2271 3697 de
2317 3633 2432 3712 his,
2479 3631 2600 3716 ‘que
2643 3634 2912 3714 habebit,
2964 3635 3126 3699 etde

433 3721 735 3798 omnibus,
783 3739 897 3803 que
944 3723 1285 3785 occurrent.
1357 3721 1437 3785 Et
1484 3725 1630 3785 tunc
1680 3740 1787 3785 nos
1850 3722 2134 3786 dabimus
2197 3722 2255 3785 ei
2316 3729 2588 3786 nostram
2651 3724 3128 3805 responsionem,

434 3810 765 3875 secundum
790 3827 906 3891 que
931 3811 1251 3873 convenire
1282 3808 1622 3873 videbimus
1650 3829 1757 3892 pro
1783 3809 1936 3874 bono
1961 3811 2022 3873 et
2054 3810 2279 3874 honore
2312 3811 2625 3893 utriusque
2651 3813 2866 3893 partis.
2915 3812 3124 3876 Unum

434 3903 639 3963 tamen
660 3916 764 3979 pro
784 3902 988 3962 nostra
1005 3897 1387 3962 conclusione
1405 3897 1520 3961 sibi
1542 3898 1747 3961 tacere
1766 3916 1883 3961 non
1903 3897 2375 3980 volumuS,quod
2393 3898 2504 3962 illa
2520 3901 2925 3963 communitas
2944 3899 3134 3963 habet

434 3986 506 4050 de
538 3985 711 4050 nobis
738 3987 954 4050 bonam
990 4004 1179 4066 spem,
1223 3989 1287 4049 et
1325 3984 1514 4050 faciat
1542 3986 1759 4050 bonam
1785 3985 1988 4065 fidem,
2030 3987 2175 4069 quia
2206 4006 2313 4069 pro
2346 3989 2511 4051 certo
2548 3986 2695 4067 ipsis
2730 3988 2960 4052 erimus
2995 3987 3134 4051 boni

433 4075 615 4139 amici
653 4076 716 4137 et
763 4072 984 4139 bonam
1025 4074 1311 4138 viciniam
1357 4072 1675 4151 faciemus,
1713 4092 1822 4147 nec
1868 4075 1942 4138 de
1995 4074 2167 4138 nobis
2215 4078 2472 4157 possunt
2505 4074 2682 4139 modo
2716 4076 2924 4159 aliquo
2958 4075 3139 4139 dubi-

434 4165 583 4239 tare,
651 4166 713 4227 et
779 4162 870 4226 ita
936 4161 1251 4226 invenient
1316 4179 1421 4243 per
1482 4162 1767 4226 effectum
1831 4161 1895 4225 in
1958 4163 2450 4245 quibuscumque
2514 4163 2799 4240 casibus,
2871 4164 2973 4246 qui
3048 4164 3138 4227 eis

433 4252 821 4316 occurrerent
863 4252 1483 4332 quomodoqcumque.
1524 4250 1609 4314 De
1647 4253 1820 4332 parte
1868 4249 2147 4316 53—58.

644 4336 754 4403 Ser
807 4338 1142 4403 Panthaleo
1212 4339 1413 4402 Barbo
1462 4336 1658 4416 mileS,
1706 4357 1806 4402 ser
1854 4337 2122 4402 Michael
2165 4336 2349 4403 Steno
2396 4339 2765 4421 procurator,
2812 4341 3138 4422 sapientes

434 4424 606 4506 Quod
671 4425 779 4491 ille
823 4425 1023 4491 fidelis
1064 4427 1318 4491 dominii
1367 4430 1481 4491 etc.
1549 4424 1805 4509 usqua*
1883 4426 1965 4490 Et
2034 4429 2263 4507 postea.
2358 4425 2454 4489 Ad
2513 4425 2741 4491 factum
2804 4429 3140 4511 principale

431 4513 797 4598 respondeat
869 4514 946 4593 ei,
1017 4516 1174 4597 quod
1250 4513 1583 4580 dominatio
1660 4520 1867 4578 nostra
1943 4513 2144 4592 habet,
2209 4516 2273 4578 et
2317 4533 2557 4597 semper
2601 4515 2828 4580 habere
2877 4517 3141 4580 intendit

430 4603 934 4669 communitatem
994 4603 1179 4668 Jadre
1240 4602 1300 4667 in
1370 4620 1542 4667 caros
1603 4605 1667 4665 et
1713 4602 1901 4666 bonos
1971 4603 2200 4666 vicinos
2260 4602 2325 4666 et
2367 4602 2619 4682 amicos,
2699 4604 2762 4666 et
2819 4603 3018 4669 facere
3079 4607 3144 4668 et

430 4690 665 4775 operari
748 4690 973 4769 omnia,
1036 4709 1150 4773 que
1212 4690 1431 4755 cedant
1483 4692 1560 4754 ad
1635 4690 1926 4755 honorem
2007 4691 2072 4755 et
2145 4691 2667 4755 conservationem
2742 4690 2911 4756 illius
2977 4709 3143 4755 com·

429 4777 773 4860 munitatiS,
852 4780 916 4843 et
989 4781 1146 4861 quod
1220 4778 1295 4843 de
1370 4777 1789 4843 dominatione
1855 4781 2062 4842 nostra
2135 4777 2331 4842 eidem
2410 4778 2839 4844 communitati
2900 4780 3143 4863 placeat
