3620 5282
498 356 628 421 390

506 554 621 619 que
668 533 1127 598 successoribus
1176 534 1238 596 et
1284 533 1596 597 communi
1650 533 2055 596 veneciarum
2107 550 2203 594 me
2250 532 2719 594 observaturum
2754 529 3092 593 secundum
3130 546 3229 592 or-

504 626 709 686 dinem
760 620 1185 702 supradictum
1234 622 1552 702 promitte,
1603 624 1665 683 et
1712 622 1798 685 ita
1842 620 2132 683 confiteor
2196 639 2290 682 me
2354 618 2431 682 ad
2472 617 2791 698 evangelia
2859 618 3078 680 sancta
3128 616 3229 679 dei

503 713 822 780 firmasse:
872 713 935 772 et
981 709 1033 771 si
1082 710 1287 771 omnia
1333 709 1444 772 hec
1493 728 1609 772 non
1659 710 2080 784 observavere,
2132 726 2246 788 que
2294 709 2443 769 sunt
2508 704 2812 787 superius,
2869 706 2939 767 ut
2975 704 3231 767 denota·

504 801 639 862 tum
692 798 803 870 est,
851 795 1309 877 comprehensa,
1360 796 1721 859 comitatum
1775 795 2120 876 predictum
2173 813 2314 857 cum
2366 792 2654 856 omnibus
2702 809 2887 873 supra
2922 792 3229 856 concessis

503 883 745 948 auferre
792 882 945 946 mihi
985 883 1220 946 debetis
1269 902 1406 946 cum
1457 883 1623 946 ornni
1673 882 2055 964 plenitudine
2092 882 2453 962 potestatis3
2501 883 2565 943 et
2601 880 2849 961 insuper
2897 897 3034 942 cuni
3071 879 3229 942 meis

503 971 836 1035 heredibus
886 971 1056 1033 vobis
1107 970 1449 1051 vestrisque
1497 972 1956 1034 successoribus
2011 971 2074 1032 et
2120 969 2538 1050 suprascripto
2576 968 2919 1030 communi
2989 985 3228 1031 marcas

502 1060 751 1142 argenti
798 1059 1275 1140 quinquagintas
1317 1058 1573 1120 debeam
1623 1058 1968 1120 emendare.

720 1145 764 1224 †
808 1146 940 1227 Ego
988 1145 1146 1209 Vido
1195 1146 1520 1227 veglensis
1567 1164 1767 1209 comes
1815 1164 1998 1208 manu
2047 1161 2187 1207 mea
2227 1144 2579 1224 subscripsi.

719 1233 763 1312 †
808 1233 936 1315 Ego
984 1233 1291 1314 Rugerius
1341 1233 1699 1296 Premarino
1747 1234 1944 1296 testis,

713 1320 757 1399 †
804 1321 930 1402 Ego
977 1319 1253 1383 Marinus
1301 1320 1584 1384 Storlado
1633 1320 1834 1384 testis.

713 1407 757 1486 †
798 1408 932 1489 Ego
981 1408 1384 1471 Paterniauus
1448 1409 1519 1470 de
1571 1408 1805 1471 Putbeo
1868 1406 2274 1470 subdiaconus
2342 1409 2402 1469 et
2469 1406 2746 1470 notarius
2811 1405 3116 1487 complevi
3164 1407 3230 1468 et

507 1496 807 1562 roboravi.

718 1581 762 1660 †
807 1583 939 1663 Ego
987 1582 1241 1646 Pascale
1291 1582 1508 1645 Mauro
1572 1582 1980 1646 subdiaconus
2047 1584 2109 1645 et
2173 1584 2450 1645 notarius
2501 1582 2662 1645 sicut
2726 1580 2847 1657 vidi
2912 1580 2975 1644 in
3039 1582 3235 1644 matre

509 1672 598 1735 ita
648 1669 911 1734 testifico
958 1671 1020 1733 in
1070 1670 1216 1733 filia.
2777 1730 2796 1741 Ι

720 1756 764 1835 †
807 1757 942 1839 Ego
993 1757 1468 1820 Bartholameus
1516 1755 1901 1821 Gradonicus
1976 1757 2154 1820 iudex
2202 1759 2271 1821 ut
2320 1757 2442 1821 vidi
2492 1757 2552 1821 in
2604 1761 2803 1821 matre
2867 1757 3044 1820 testis
3093 1774 3232 1819 sum

508 1846 570 1909 in
620 1844 767 1909 filia.

728 1932 797 1994 L.
851 1930 914 1996 S.
964 1932 1097 2013 Ego
1132 1932 1407 1995 Andreas
1441 1932 1718 1996 Conrado
1750 1933 2054 2016 presbiter
2101 1936 2164 1997 et
2206 1933 2478 1996 notarius
2504 1933 2617 1996 hoc
2657 1931 3002 2013 exemplum
3033 1949 3238 1994 exem-

510 2020 676 2101 plavi
725 2038 885 2083 auno
933 2020 1163 2083 domini
1199 2021 1532 2082 millesimo
1566 2022 1990 2084 ducentesimo
2027 2021 2242 2101 prime,
2290 2020 2519 2084 mensis
2553 2019 2849 2095 octubris,
2899 2020 3235 2082 indictione

510 2108 748 2189 quinta,
799 2107 994 2170 minui
1042 2126 1151 2170 nec
1197 2107 1514 2189 ampliavi,
1564 2108 1866 2189 complevi
1916 2112 1979 2171 et
2025 2109 2325 2171 roboravi.

726 2195 794 2257 L.
833 2194 895 2258 S.
947 2193 1080 2275 Ego
1130 2192 1443 2257 Conradus
1492 2196 1564 2258 de
1609 2195 1890 2259 Jobanne
1954 2197 2108 2258 sacri
2170 2196 2392 2277 palacii
2439 2197 2502 2258 et
2548 2194 2786 2259 ducalis
2847 2194 2984 2257 aule
3036 2193 3238 2256 Vene-

515 2281 752 2345 ciarum
808 2281 1099 2355 notariuS,
1152 2283 1220 2344 ut
1265 2282 1324 2345 in
1376 2281 1667 2363 predictis
1712 2284 2142 2347 instrumentis
2191 2283 2423 2365 reperi,
2488 2284 2575 2347 sic
2623 2283 2745 2363 legi
2794 2283 2857 2344 et
2903 2281 3122 2364 scripsi
3173 2284 3240 2345 et

517 2369 822 2445 roboravi,
876 2368 961 2430 nil
1008 2368 1234 2431 addens
1274 2370 1368 2431 vel
1418 2370 1719 2447 minuenS,
1789 2370 1907 2433 nisi
1970 2370 2124 2434 forte
2189 2374 2485 2452 punctum
2550 2371 2647 2433 vel
2711 2371 3024 2446 litteram,
3079 2370 3239 2451 quod

518 2456 902 2519 sentenciam
954 2458 1179 2528 mutet,
1225 2459 1506 2520 currente
1549 2476 1704 2521 anno
1742 2458 1970 2521 domini
2022 2457 2351 2521 millesimo
2399 2459 2819 2523 ducentesimo
2856 2458 3239 2539 quinquage-

519 2545 677 2607 simo
726 2544 917 2620 sexte,
968 2544 1299 2607 indictione
1345 2546 1480 2622 XV,
1531 2564 1739 2609 mense
1787 2544 2114 2608 februario,

600 2634 884 2694 Izvornik
929 2652 1013 2693 na
1046 2638 1395 2709 peryameni
1439 2655 1481 2695 u
1527 2636 1744 2695 arkivu
1787 2636 2148 2695 mletuifkom.

1020 2825 1168 2906 IV.
1225 2825 1430 2907 God.
1486 2826 1719 2908 1208.
1775 2828 1874 2908 19
1932 2826 2246 2927 lipnja,
2301 2848 2361 2907 u
2419 2825 2713 2909 Omisu

1165 2951 1405 3009 Obnova
1447 2954 1606 3010 mira
1646 2953 1845 3026 medju
1892 2953 2186 3011 Mlctcam'
2231 2954 2253 3010 i
2303 2952 2590 3012 Omisani.

724 3070 798 3133 In
845 3071 1086 3134 nomine
1132 3070 1225 3133 dei
1275 3073 1469 3135 eterni
1537 3091 1739 3137 amen.
1819 3073 1996 3136 Anno
2065 3074 2501 3137 incarnationis
2565 3073 2968 3153 redemptoris
3045 3073 3234 3135 nostri

519 3156 858 3221 millesimo
905 3158 1326 3221 ducentesimo
1374 3161 1604 3234 octav0,
1656 3161 1886 3224 mensis
1938 3161 2087 3224 iunii
2138 3161 2236 3223 die
2294 3162 2648 3225 duodecimo
2710 3163 2965 3225 exeunte
3014 3159 3230 3222 eodem

521 3261 752 3319 mense,
802 3244 1133 3308 indictione
1182 3246 1523 3321 undecima,
1574 3248 1632 3310 in
1682 3247 1964 3312 Almisio.
2043 3249 2177 3311 Hoc
2224 3249 2521 3330 scriptum
2572 3250 2646 3310 ad
2696 3248 3075 3329 presentium
3127 3266 3232 3309 no-

522 3331 725 3393 titiam
776 3333 838 3393 et
889 3331 1233 3394 futurorum
1285 3334 1638 3399 memoriam
1688 3338 1927 3399 constat
1973 3355 2105 3399 esse
2151 3334 2404 3399 factum.
2474 3334 2629 3402 Cum
2680 3354 2793 3416 pax
2842 3338 2906 3399 et
2954 3334 3232 3397 amicitia

521 3416 687 3480 inter
736 3435 847 3480 nos
895 3420 958 3480 et
1007 3419 1275 3483 Venetos
1322 3423 1577 3484 actenus
1624 3421 1735 3485 deo
1785 3423 2093 3487 mediante
2151 3425 2493 3504 composita
2537 3421 2758 3487 fuisset
2814 3426 2876 3486 et
2923 3422 3226 3497 ordinata,

522 3522 641 3567 non
688 3507 827 3586 post
870 3506 1137 3569 multum
1184 3507 1475 3587 temporis
1524 3508 1826 3573 discordie
1875 3515 2085 3575 auctor
2117 3529 2229 3575 sua
2270 3509 2664 3594 instigatione
2712 3511 2912 3591 ipsam
2960 3511 3231 3572 iuvecor-

522 3591 686 3655 diam
734 3592 1076 3664 transtulit,
1127 3613 1310 3674 quam
1358 3613 1469 3676 ego
1517 3615 1719 3661 comes
1770 3598 2082 3672 Sebenna,
2155 3618 2273 3661 una
2335 3618 2476 3663 curn
2525 3598 2819 3662 fratribus
2867 3601 2929 3661 et
2977 3598 3224 3678 propin-

525 3679 662 3760 quis
711 3680 865 3744 meis
913 3681 1241 3745 affectuose
1289 3685 1536 3763 cupiens
1592 3685 1936 3758 reformare,
1988 3684 2271 3762 Sincam,
2339 3685 2594 3750 fratrem
2656 3688 2971 3762 nostrum,
3037 3684 3227 3747 nobili

523 3767 652 3830 viro
696 3767 765 3830 L.
814 3766 1070 3846 Quirino
1117 3770 1431 3852 Ragusino
1479 3772 1687 3835 comiti
1738 3773 2076 3848 transmisi,
2135 3776 2236 3855 qui
2285 3793 2490 3838 coram
2531 3793 2598 3836 eo
2648 3792 2755 3854 pro
2803 3773 2977 3836 nobis
3026 3772 3231 3836 vobis-

522 3873 662 3917 cum
713 3873 926 3937 pacem
973 3856 1198 3921 habere
1266 3859 1514 3930 iuravit,
1581 3862 1643 3922 et
1703 3879 1820 3940 que
1883 3860 2136 3924 Venetis
2199 3863 2357 3924 citra
2422 3861 2647 3924 festum
2713 3880 2763 3922 s.
2808 3860 2968 3924 Luce
3015 3859 3224 3923 ablata

522 3940 740 4019 forent,
791 3944 997 4007 redere
1045 3945 1390 4010 constituit.
1441 3946 1616 4010 Unde
1665 3947 1979 4011 dominum
2030 3951 2380 4031 episcopum
2429 3950 2761 4012 Farensem
2812 3948 3226 4012 venerabilem

523 4030 727 4094 virum
773 4031 1051 4112 legatum
1103 4035 1379 4096 nostrum
1429 4034 1505 4096 ad
1555 4053 1659 4097 vos
1707 4035 1954 4116 egregie
1999 4035 2244 4100 domine
2296 4038 2361 4099 P.
2413 4036 2585 4099 Ziani
2636 4036 3054 4110 Venetiarum,
3083 4035 3234 4100 Dal-

524 4119 716 4181 matie
762 4121 945 4199 atque
991 4117 1274 4183 Chroatie
1318 4122 1455 4196 dux,
1505 4125 1721 4203 quarte
1772 4124 1964 4203 partis
2010 4129 2075 4186 et
2119 4123 2372 4188 dimidie
2421 4125 2613 4188 totius
2640 4122 2940 4187 Romanie
2986 4122 3231 4206 imperii

524 4203 891 4280 dominator,
941 4205 1291 4285 direximuS,
1343 4209 1444 4290 qui
1491 4227 1580 4285 ea,
1639 4229 1754 4290 que
1818 4214 1957 4274 acta
2019 4211 2268 4276 fuerant
2327 4231 2466 4276 cum
2515 4212 2679 4275 dicto
2739 4211 3002 4283 comite,
3063 4210 3236 4275 vobis

526 4292 889 4368 notificaret,
940 4294 1003 4356 et
1049 4295 1294 4375 insuper
1340 4295 1653 4359 vobiscum
1703 4299 2139 4374 confirmaret,
2185 4319 2366 4381 quern
2415 4302 2595 4381 prout
2641 4300 2846 4362 vestre
2894 4298 3099 4362 decuit
3130 4318 3230 4363 ex-

528 4376 832 4448 cellentie,
882 4380 1051 4443 velut
1089 4381 1218 4461 ipse
1266 4382 1438 4446 nobis
1487 4403 1596 4447 suo
1643 4385 2093 4449 demonstravit
2148 4387 2407 4467 eloquio,
2456 4386 2784 4451 honorifice
2849 4385 3228 4468 suscepistiS,

526 4463 607 4536 et,
657 4481 771 4542 que
818 4465 981 4528 dicta
1027 4471 1189 4542 sunt,
1238 4468 1669 4533 confirmastis.
1721 4473 1965 4536 Placuit
2010 4475 2084 4536 ad
2113 4474 2454 4555 hecitaque
2498 4473 2852 4537 celsitudini
2903 4478 3102 4537 vestre
3150 4472 3225 4536 ad

527 4565 637 4611 nos
688 4552 934 4613 mittere
974 4554 1029 4616 d.
1076 4553 1335 4619 Suavem
1385 4558 1717 4639 plebanum
1767 4561 1961 4623 sancti
2009 4559 2311 4623 Johannis
2360 4562 2740 4643 evangeliste
2788 4561 3073 4624 nuntium
3136 4580 3238 4624 ve·

525 4637 747 4732 strum,
796 4641 866 4700 ut
911 4657 1125 4718 pacem
1174 4646 1237 4706 et
1278 4644 1617 4710 amicitiam
1644 4647 1961 4711 nobiscum
1991 4650 2297 4711 statueret
2346 4650 2412 4711 et
2459 4651 2873 4724 confirmaret,
2921 4652 2984 4710 et
3015 4649 3229 4712 eadem

523 4738 633 4804 per
676 4727 1024 4788 iuramenta
1067 4745 1105 4790 a
1151 4730 1324 4794 nobis
1358 4732 1647 4814 exigeret,
1696 4754 1877 4815 quem
1936 4734 2056 4799 lete
2096 4736 2503 4816 suscepimnS,
2564 4737 2842 4802 volentes
2890 4735 3238 4800 omnimode
