3620 5282
468 343 599 408 330

467 519 866 602 apostolicam
908 521 1263 586 constitutis
1313 543 1504 606 nuper
1549 523 1915 599 audivimus,
1965 521 2124 604 quod
2172 521 2337 586 idem
2385 540 2486 585 rex
2514 521 2764 603 paratus
2808 521 2907 584 est
2953 521 3015 583 in
3050 539 3183 584 ma-

466 609 648 673 nibus
695 609 921 674 nostris
970 628 1190 692 ponere
1237 611 1428 675 libere
1475 630 1737 688 omnem,
1803 629 1919 692 que
1962 611 2122 673 iuter
2169 628 2311 675 eum
2359 611 2422 673 et
2470 612 2532 672 te
2580 608 2861 686 vertitur,
2911 608 3184 690 questio-

469 716 624 775 nem,
676 699 737 761 et
783 715 1048 774 omnem,
1094 717 1275 780 quem
1324 718 1506 782 super
1554 702 1748 763 terras
1796 703 1936 762 tuas
1985 699 2171 776 tenet,
2221 697 2556 762 exercitum
2618 715 2945 760 removere.
3019 694 3185 773 Qua-

468 785 714 867 propter
762 784 1147 850 nobilitatem
1196 788 1369 850 tuam
1414 788 1652 850 attente
1695 785 2064 867 requirimus
2112 793 2175 849 et
2221 785 2576 860 hortamur,
2642 784 2819 848 illam
2882 783 3186 848 attentius

467 873 879 954 deprecanteS,
927 890 1000 936 ac
1046 873 1162 936 tibi
1210 875 1315 938 tue
1356 875 1574 938 salutis
1621 874 1851 938 intuitu
1898 873 2244 955 expressius
2276 873 2734 956 ingiungenteS,
2791 873 2942 949 quot
2990 871 3188 953 ipsius

463 959 629 1044 regis
675 961 739 1024 in
781 959 895 1024 hac
941 963 1115 1043 parte
1179 961 1572 1026 considerans
1626 961 2047 1039 voluntatem,
2113 962 2277 1026 viam
2341 959 2508 1043 pacis
2571 961 2635 1023 et
2697 959 3018 1025 concordie
3066 977 3187 1024 non

465 1046 751 1130 refugiaS,
795 1049 900 1112 sed
946 1052 1242 1130 accepteS,
1292 1051 1453 1114 nosti
1493 1049 1678 1129 enim,
1726 1050 1883 1132 quod
1925 1067 2285 1131 guerrarum
2312 1047 2678 1131 prosecutio,
2731 1045 2934 1129 p‘reter
2977 1065 3189 1128 sump-

468 1137 644 1199 tuum
693 1153 894 1211 onera,
946 1135 1158 1200 tristes
1204 1138 1268 1201 et
1310 1137 1650 1219 plurimum
1698 1136 1899 1201 exitus
1942 1151 2156 1219 parere
2205 1137 2556 1211 consuevit,
2606 1154 2743 1198 cum
2793 1153 2953 1198 nunc
2999 1134 3186 1198 illum
3291 1195 3299 1205 ,

464 1222 695 1287 ferrum
742 1223 1026 1304 perimat,
1075 1243 1236 1288 nunc
1279 1225 1522 1307 gladius
1546 1225 1710 1289 bunc
1755 1227 2056 1302 assumat,
2105 1228 2168 1289 et
2215 1243 2374 1289 nunc
2413 1223 2736 1299 subducat,
2785 1223 2946 1287 alius
2997 1220 3180 1285 illum

465 1329 662 1375 casuS.
711 1309 910 1394 Super
956 1329 1092 1393 quo,
1143 1313 1301 1394 quia,
1352 1313 1511 1377 sicut
1555 1313 1844 1377 discretio
1896 1315 2002 1377 tua
2050 1312 2233 1383 novit,
2298 1312 2361 1375 in
2410 1311 2638 1378 talibus
2687 1311 2783 1374 est
2829 1308 3174 1393 periculosa

431 1397 701 1477 -dilatio,
751 1399 1156 1464 intentionem
1197 1403 1372 1464 tuam
1420 1402 1594 1464 nobis
1660 1420 1801 1465 cum
1866 1399 2186 1464 celeritate
2250 1399 2583 1478 rescribaS,
2647 1398 2989 1462 crediturus
3037 1396 3178 1475 hiis,

469 1505 586 1569 que
634 1488 1002 1551 venerabilis
1065 1487 1256 1552 frater
1325 1491 1530 1551 noster
1593 1490 1815 1552 Petrus
1875 1488 2193 1570 episcopus
2254 1487 2566 1569 paccensis
2631 1486 2967 1568 apostolice
3015 1483 3178 1549 sedis

466 1575 723 1639 nuntius
771 1575 933 1640 lator
979 1575 1353 1657 presentium
1413 1575 1529 1639 tibi
1593 1593 1703 1658 pro
1763 1579 1942 1658 parte
1987 1576 2195 1640 nostra.
2240 1574 2525 1639 retulerit
2563 1575 2628 1637 in
2678 1573 3015 1656 premissis,

675 1665 910 1727 Datum
957 1664 1120 1745 apud
1188 1662 1400 1728 villam
1467 1682 1686 1728 novam
1735 1663 2173 1729 Avinionensis
2240 1662 2502 1728 diocesis
2550 1662 2657 1727 IV.
2706 1661 2843 1725 idus
2915 1660 3183 1744 augusti,

463 1749 863 1831 pontificatus
909 1752 1106 1814 nostri
1152 1769 1311 1816 anno
1356 1754 1593 1834 quarto.

560 1838 1126 1900 Commemorialiam
1159 1843 1246 1902 ·V.
1297 1845 1397 1912 79,
1443 1860 1486 1900 u
1531 1843 1746 1901 arkivu
1790 1842 2149 1902 mletadkom.

697 2027 1201 2112 CCCCXCV.
1278 2031 1484 2114 God.
1542 2031 1768 2115 1356.
1823 2032 1919 2114 15
1974 2031 2418 2130 kolovoza‚
2474 2050 2533 2109 ιι
2587 2026 2981 2110 Mlctcih.

887 2156 1178 2230 Napatak
1223 2158 1430 2217 Nikolz'
1475 2158 1801 2218 Loredanu
1848 2160 2199 2216 imon-ovanu
2244 2157 2505 2216 ninskim
2551 2156 2804 2214 knezom.

678 2275 1044 2341 Commissio
1092 2277 1315 2343 nobilis
1361 2279 1478 2342 viri
1526 2278 1770 2343 Nicolai
1820 2279 2176 2342 Lauredano
2241 2277 2487 2342 comitis
2537 2277 2729 2340 None.
2800 2272 2931 2337 Nos
2988 2271 3191 2336 consi-

472 2363 636 2428 liarii
683 2367 949 2428 rectores
998 2365 1403 2429 Veneciarum
1450 2367 1566 2430 etc.
1632 2366 2015 2430 comittimus
2063 2365 2178 2430 tibi
2227 2365 2418 2429 nobili
2488 2365 2619 2428 viro
2667 2361 2921 2426 Nicolao
2969 2361 3198 2424 Laure-

467 2453 629 2517 dano
677 2452 903 2517 dilecto
950 2453 1115 2517 fideli
1162 2457 1392 2528 nostro,
1440 2455 1597 2536 quod
1646 2455 1708 2517 in
1756 2454 2045 2517 comitem
2095 2453 2265 2517 None
2313 2453 2387 2517 de
2434 2454 2641 2516 nostro
2688 2449 2979 2513 mandato
3009 2448 3197 2513 vadas

470 2540 731 2617 Nonam,
783 2543 846 2605 et
882 2541 1084 2622 ipsam
1134 2540 1449 2605 civitatem
1499 2543 1562 2606 et
1608 2541 1889 2605 homines
1938 2540 2131 2623 ipsius
2178 2541 2341 2605 terre
2387 2543 2450 2604 et
2489 2538 2810 2603 districtus
2845 2555 3060 2619 regere
3090 2534 3197 2600 de·

469 2627 635 2707 beaS,
685 2631 749 2693 et
798 2628 1107 2694 rationem
1156 2632 1218 2692 et
1263 2629 1576 2695 iusticiam
1624 2629 1820 2695 facere
1863 2630 1927 2695 et
1976 2648 2164 2693 manu
2212 2630 2419 2694 tenere
2451 2628 2528 2693 ad
2558 2627 2852 2693 honorem
2892 2625 3195 2702 nostrum,

470 2717 803 2781 secundum
852 2718 1111 2781 formam
1161 2718 1590 2801 capitulorum,
1635 2737 1754 2801 que
1799 2719 1864 2782 in
1911 2719 2024 2782 hac
2086 2724 2195 2781 tua
2254 2718 2684 2782 commissione
2744 2713 2999 2779 inferius
3048 2714 3194 2777 sunt

465 2805 716 2869 inserta.

673 2893 743 2956 In
791 2911 910 2975 quo
958 2893 1202 2975 quidem
1242 2894 1545 2976 regimine
1593 2913 1727 2957 esse
1773 2896 1838 2957 et
1883 2893 2112 2959 morari
2174 2893 2356 2957 debes
2419 2910 2608 2974 usque
2655 2890 2729 2955 ad
2778 2889 2932 2954 duos
3004 2906 3195 2952 annos

465 2981 528 3044 et
576 2982 822 3045 tantum
870 2981 1027 3062 pluS,
1076 2985 1376 3063 quantum
1425 3001 1734 3046 successor
1781 2983 1947 3046 tune.

675 3066 875 3145 Quam
915 3068 1164 3150 quidem
1214 3068 1530 3134 civitatem
1578 3072 1642 3134 et
1699 3070 1977 3135 homines
2037 3069 2228 3151 ipsius
2292 3072 2454 3132 terre
2517 3085 2735 3149 regere
2780 3066 3005 3130 debeas
3051 3082 3194 3128 cum

467 3153 770 3219 iudicibus
810 3158 873 3219 et
918 3156 1356 3233 sententiariiS,
1408 3158 1508 3238 qui
1558 3157 2019 3239 deputabuntur
2061 3176 2166 3239 per
2214 3156 2413 3220 maius
2462 3154 2792 3220 consilium
2855 3154 3049 3236 ipsius
3112 3152 3194 3215 ci-

463 3242 676 3307 vitatis
725 3261 833 3325 per
877 3244 1171 3307 maiorem
1220 3246 1458 3325 partem
1505 3262 1736 3321 eorum,
1783 3244 2117 3309 secundum
2152 3243 2643 3317 consuetudineS,
2692 3241 2955 3318 ordinae,
2998 3239 3192 3303 liber-

466 3329 629 3393 tates
677 3332 743 3393 et
784 3331 1022 3394 statuta
1069 3331 1343 3395 civitatis
1387 3331 1681 3409 eiusdem,
1732 3333 1897 3397 facta
1944 3333 2040 3396 vel
2088 3332 2305 3407 fienda,
2355 3330 2689 3394 dummodo
2738 3347 2856 3393 non
2889 3329 3014 3392 sint
3046 3346 3191 3392 con-

465 3419 564 3481 tra
609 3420 889 3481 nostrum
939 3417 1232 3482 bonorem
1282 3422 1346 3483 et
1391 3419 1665 3484 civitatis
1713 3420 2141 3498 veneciarum,
2191 3418 2634 3501 promulgando
2664 3418 2726 3481 et
2760 3415 3191 3481 sententiando

465 3523 681 3569 causas
745 3507 808 3569 et
856 3506 1205 3587 questiones
1269 3527 1378 3589 per
1441 3509 1734 3571 maiorem
1799 3510 2039 3589 partem
2102 3526 2332 3572 eorum.
2407 3506 2593 3571 Salvo
2650 3505 2810 3587 quod
2874 3507 2943 3567 tu
2988 3521 3190 3568 comes

464 3593 634 3656 solus
680 3592 906 3656 habero
955 3593 1137 3657 debes
1186 3594 1448 3659 liberum
1492 3595 1819 3659 arbitrium
1884 3595 1946 3659 in
2009 3594 2370 3671 homicidio,
2436 3593 2770 3659 violatione
2834 3590 3187 3671 mulierum,

469 3679 770 3744 incendiis
817 3680 1226 3746 fraudulentis
1273 3684 1334 3746 et
1381 3683 1640 3747 robariis
1690 3683 2057 3762 manifestiS,
2123 3683 2458 3748 secundum
2520 3683 2695 3745 tuam
2762 3680 2983 3745 bonam
3048 3698 3194 3743 con·
3299 3740 3311 3751 ,

473 3768 804 3833 scienciam
854 3768 1076 3832 debeas
1123 3770 1184 3832 in
1229 3770 1413 3834 dictis
1461 3770 1645 3834 factis
1687 3770 2011 3851 procedere
2060 3774 2122 3835 et
2168 3769 2521 3834 terminare.

675 3856 743 3919 In
792 3875 908 3938 quo
955 3857 1206 3939 quidem
1254 3858 1551 3940 regimine
1597 3859 1824 3922 habere
1855 3857 2041 3923 debes
2089 3877 2125 3922 a
2171 3858 2485 3922 communi
2520 3857 2695 3921 None
2727 3874 2884 3920 anno
2918 3854 3191 3937 quolibet

476 3962 586 4025 pro
637 3946 740 4007 tuo
789 3944 1014 4008 salario
1064 3944 1251 4008 libras
1295 3948 1615 4009 sexcentas
1660 3946 2058 4010 venetialium
2105 3964 2472 4027 parvorum,
2538 3943 2881 4025 recipiendo
2938 3943 3197 4007 solutio-

469 4050 607 4094 nem
658 4031 719 4094 in
777 4031 1030 4095 Venetis
1080 4034 1307 4114 grossis
1356 4032 1433 4096 ad
1489 4032 1790 4097 rationem
1855 4033 1929 4097 de
1987 4033 2254 4098 denariis
2311 4033 2527 4097 Venet.
2585 4050 2910 4113 parvorum
2950 4029 3197 4094 XXXII

477 4138 583 4198 pro
632 4117 910 4202 quolibet
957 4138 1188 4200 grosSO,
1239 4119 1527 4184 videlicet
1587 4120 1660 4184 de
1709 4122 1912 4203 precio
1961 4141 2066 4186 seu
2127 4122 2337 4186 affictu
2398 4119 2602 4184 insule
2655 4122 2860 4183 nostre
2923 4118 3197 4184 civitatis

470 4206 665 4286 None,
715 4206 810 4270 vel
851 4207 927 4269 ab
975 4207 1109 4288 ipso
1156 4208 1466 4272 communi
1514 4208 1708 4286 None,
1759 4210 1823 4272 et
1865 4209 2055 4273 nichil
2080 4209 2248 4273 aliud
2281 4209 2506 4273 habere
2540 4209 2750 4289 potes;
2796 4208 2986 4283 salve,
3039 4207 3198 4289 quod

467 4294 523 4358 si
574 4296 770 4357 stares
817 4294 959 4375 plus
1007 4294 1100 4360 vel
1150 4295 1352 4359 minus
1400 4296 1583 4361 dictis
1631 4296 1871 4360 duobus
1919 4298 2112 4372 annis,
2164 4296 2425 4377 recipias
2474 4294 2850 4359 solucionem
2893 4311 3003 4376 pro
3037 4297 3191 4357 rata.

467 4378 586 4444 Sed
626 4399 836 4444 omnes
886 4383 1165 4446 redditus
1214 4385 1277 4447 et
1324 4384 1613 4448 introitus
1656 4384 2001 4449 communis
2050 4384 2223 4448 None
2266 4402 2338 4447 ac
2387 4382 2843 4448 iurisdictiones
2892 4383 2955 4446 et
2996 4384 3195 4447 banna

466 4470 531 4532 et
575 4469 1116 4534 condemnationes
1166 4471 1490 4535 deveniant
1534 4471 1595 4534 in
1647 4472 1885 4537 dictum
1933 4490 2257 4537 commune
2303 4471 2496 4535 None.

673 4556 905 4620 Verum
954 4558 1032 4622 ad
1080 4559 1443 4640 petitionem
1491 4559 1735 4623 comitis
1784 4561 1849 4622 et
1893 4559 2237 4623 communis
2278 4559 2451 4623 None
2499 4559 2749 4641 captum
2797 4555 2917 4621 fuit
2961 4559 3024 4622 in
3057 4575 3221 4639 con-7

463 4642 622 4707 siliis
674 4643 911 4721 maiori,
964 4646 1322 4728 rogatorum
1371 4648 1434 4710 et
1477 4647 1607 4724 XL,
1657 4646 1818 4731 quod
1865 4646 2120 4711 comites
2156 4664 2367 4710 omnes
2401 4647 2665 4711 debeant
2688 4644 2954 4726 recipere
3004 4645 3198 4709 libras

459 4731 549 4796 IV
576 4749 931 4813 grossorum
978 4732 1043 4797 in
1072 4751 1227 4798 anno
1275 4751 1311 4797 a
1334 4733 1499 4798 dicto
1527 4733 1840 4799 communi
1867 4733 2042 4800 None
2069 4734 2197 4800 loco
2245 4734 2559 4799 redituum
2593 4733 2914 4799 vinearum
2959 4737 3022 4798 et
3066 4750 3199 4797 mo-
