3620 5282
2979 371 3101 436 105

392 552 565 634 parte
609 570 753 616 sua:
806 552 976 616 vadit
1021 571 1182 635 parS,
1231 553 1389 635 quod
1438 554 1715 617 domiuus
1762 553 1882 616 dux
1930 555 1994 616 et
2040 551 2393 627 consiliarii,
2438 551 2644 634 capita
2689 550 2762 613 de
2809 548 2943 625 XL,
2994 548 3103 611 ad-

396 641 703 704 vocatores
751 642 1128 717 communiS,
1191 643 1611 723 procuratores
1678 641 1932 706 ecclesie
1998 641 2197 704 sancti
2249 639 2439 703 Marci
2505 641 2568 704 et
2630 639 2941 718 sapientes
2988 655 3100 717 pro

392 726 566 791 factis
611 727 773 810 regis
816 728 1134 811 Huugarie
1182 729 1448 793 debeant
1493 729 1556 792 in
1599 729 1914 811 presencia
1960 729 2425 792 ambaxatorum
2474 726 2623 791 dicti
2671 724 2903 789 domini
2944 723 3105 805 regis

391 816 507 879 huc
552 816 881 880 missorum
926 820 1243 900 propterea
1287 816 1489 881 facere
1530 816 1819 880 similiter
1864 819 2318 881 sacramentum
2367 833 2475 897 pro
2531 818 2700 896 parte
2756 815 2981 890 nostra,
3029 811 3104 875 de

396 921 509 984 quo
555 907 939 968 sacramento
977 905 1127 969 fiant
1173 904 1355 969 dictis
1402 904 1902 969 ambaxatoribus
1949 905 2159 968 littere
2218 905 2422 966 nostre
2471 904 2749 985 patentes
2801 902 2860 964 in
2909 899 3103 964 simili

395 989 590 1055 forma
635 1010 905 1056 suarum.
952 993 1033 1057 Et
1078 994 1221 1075 quia
1269 993 1511 1057 videtur
1556 993 1810 1058 deficere
1853 1012 2010 1056 uuus
2057 993 2132 1055 ad
2176 1010 2497 1056 numerum
2548 990 2622 1053 de
2669 988 2913 1073 viginti,
2962 1007 3106 1068 sup-

392 1078 633 1161 pleatur
678 1081 750 1144 de
795 1080 935 1145 aliis
982 1081 1486 1164 procuratoribus
1531 1101 1713 1165 super
1778 1079 2251 1159 commissai·ii8‚
2304 1079 2408 1163 qui
2462 1080 2606 1142 sunt
2661 1078 2721 1141 in
2774 1080 2942 1141 terra
2990 1094 3098 1158 per

392 1173 644 1230 texeraS.

477 1257 632 1318 Scor.
678 1276 833 1318 cone.
875 1277 993 1335 roy.
1041 1259 1137 1319 zib.
1178 1260 1255 1319 B.
1290 1262 1393 1334 22,
1442 1280 1483 1320 u
1529 1262 1744 1321 arkivu
1788 1262 2142 1321 mletadkom.

782 1448 1153 1532 CLVIII.
1226 1451 1431 1533 God.
1486 1451 1716 1534 1348.
1771 1450 1876 1533 30
1929 1452 2219 1552 rujna,
2273 1473 2331 1532 ιι
2387 1450 2778 1533 Mletcih.

399 1574 688 1647 Neprima
730 1594 809 1646 se,
857 1578 935 1635 da
979 1595 1040 1636 se
1087 1578 1362 1651 tvrdjava
1405 1594 1487 1636 ευ.
1535 1578 1830 1637 Milzovila
1858 1596 1941 1636 na
1972 1579 2146 1636 otoku
2179 1594 2404 1651 pruma
2439 1576 2644 1635 Zadru
2675 1577 2892 1636 sasvim
2926 1575 3106 1643 εναὲἰ,

394 1681 535 1738 neqo
579 1681 640 1723 se
683 1666 913 1736 umalja
960 1667 1229 1739 vOJ'nid‘ka
1276 1683 1465 1740 snaya
1510 1685 1550 1724 u
1597 1666 2023 1725 dalmatinskih
2061 1667 2381 1740 yradovih,
2443 1667 2622 1738 kojim
2665 1681 2725 1724 se
2769 1665 2989 1737 stavlja
3035 1663 3108 1721 do

1287 1755 1512 1826 cna-nja
1556 1755 1886 1813 utanabeno
1921 1756 2215 1828 primim’e.

608 1871 794 1936 1348.
841 1872 936 1937 die
984 1873 1205 1937 ultimo
1254 1874 1640 1957 septembris.
1691 1874 1846 1940 Cum
1897 1893 2001 1957 pcr
2047 1874 2143 1938 dei
2191 1875 2458 1956 gratiam
2491 1872 2656 1938 facta
2700 1874 2909 1937 nostra
2935 1871 3110 1936 Scla—
3191 1926 3198 1931 .

402 1961 570 2025 vonie
615 1962 741 2025 sint
787 1980 893 2043 pro
939 1963 1193 2026 essendo
1240 1962 1303 2025 in
1352 1964 1506 2026 bono
1554 1967 1616 2027 et
1661 1981 1877 2028 securo
1927 1963 2112 2036 statu,
2154 1963 2418 2026 maxime
2459 1981 2564 2045 pro
2590 1962 2865 2044 treuguis
2912 1979 3109 2043 nuper

401 2048 581 2113 factis
628 2050 789 2113 inter
836 2050 1151 2114 dominum
1187 2069 1395 2133 regem
1422 2050 1742 2132 Huugarie
1789 2054 1856 2115 et
1901 2070 2028 2128 noe,
2080 2053 2143 2114 et
2189 2068 2295 2133 per
2340 2051 2516 2114 nobis
2543 2049 2733 2114 faciat
2765 2049 3105 2113 diminuere

403 2155 694 2219 expensas
742 2138 803 2201 in
851 2142 1148 2219 quantum
1194 2139 1327 2202 fieri
1373 2141 1611 2221 potest:
1667 2139 1841 2204 vadit
1884 2158 2046 2222 parS,
2096 2139 2258 2221 quod
2304 2141 2575 2202 castrum
2624 2136 2819 2200 sancti
2867 2136 3105 2202 Micha-

400 2225 531 2300 eliS,
581 2225 741 2307 quod
787 2226 961 2290 nobis
1010 2244 1125 2288 non
1174 2225 1412 2289 inducit
1455 2225 1623 2290 aliud
1666 2247 1849 2309 quarn
1898 2245 2209 2309 expensas,
2260 2231 2323 2289 et
2367 2226 2567 2290 omnis
2613 2224 2907 2289 fortilicia
2952 2224 3104 2289 dicti

404 2314 613 2388 castri,
662 2317 726 2377 et
770 2313 961 2378 etiam
1010 2313 1268 2378 ecclesia
1315 2316 1378 2377 et
1419 2315 1760 2397 campanile
1806 2318 1871 2379 et
1916 2333 2093 2379 omne
2152 2313 2321 2377 aliud
2387 2313 2733 2390 edificium,
2796 2311 2953 2396 quod
3018 2314 3114 2375 est

400 2401 505 2476 ibi,
555 2401 896 2465 diruiuetur
940 2403 1001 2465 in
1043 2404 1266 2478 totum,
1320 2402 1688 2467 destruendo
1737 2403 2037 2467 cisternas
2077 2403 2140 2466 et
2184 2402 2309 2465 alia
2355 2401 2507 2480 loca,
2555 2401 2715 2465 unde
2762 2401 3104 2466 habebatur

401 2508 574 2570 aqua,
621 2490 709 2553 sic
751 2489 910 2572 quod
957 2489 1225 2572 amplius
1267 2490 1353 2553 ibi
1399 2509 1519 2553 non
1566 2491 1760 2572 possit
1805 2492 1939 2555 fieri
1984 2490 2309 2555 fortalicia.
2392 2491 2617 2553 Verum
2681 2490 2899 2553 fratres
2956 2487 3109 2553 dicti

402 2578 760 2641 monasterii
808 2576 1005 2641 sancti
1053 2577 1373 2641 Michaelis
1420 2579 1657 2662 possint
1703 2579 1928 2644 habere
1974 2579 2049 2643 de
2097 2578 2400 2661 lapidibus
2448 2581 2511 2643 et
2557 2579 2868 2662 lignamen
2914 2576 3111 2641 dicto-

402 2685 540 2730 rum
586 2666 1035 2730 hedifficiorum
1080 2685 1187 2749 pro
1232 2666 1508 2731 faciendo
1556 2668 1672 2731 sibi
1740 2667 2057 2732 ecclesiam
2105 2670 2169 2731 et
2213 2667 2655 2733 habitationem
2705 2666 2781 2730 ad
2832 2665 3108 2749 planum,

400 2755 504 2817 ubi
550 2754 858 2818 videbitur
904 2755 1115 2819 comiti
1162 2757 1227 2818 et
1268 2756 1634 2820 consiliariis
1678 2756 1889 2820 Jadre.
1934 2756 2037 2834 40,
2085 2758 2164 2831 43
2214 2756 2287 2818 de
2336 2773 2453 2819 uon
2499 2755 2603 2832 24,
2652 2755 2771 2828 26;
2821 2773 2940 2818 non
2988 2753 3115 2817 sin-

402 2842 522 2906 ceri
570 2843 672 2920 21,
723 2841 828 2906 24.
1400 2839 1406 2848 '

609 2929 839 3013 Capta:
887 2930 1046 3013 quod
1093 2930 1167 2994 de
1213 2930 1415 2994 tribus
1462 2931 1773 2996 banderiis
1821 2932 2133 3015 peditum,
2184 2951 2301 3014 que
2349 2932 2493 2996 suut
2536 2931 2600 2994 in
2644 2930 2859 3006 Nona,
2909 2948 3112 2995 rema-

407 3020 549 3081 neat
596 3016 792 3082 solum
842 3037 964 3082 una
1010 3019 1303 3082 banderia
1351 3019 1454 3097 ibi,
1505 3022 1568 3083 et
1606 3019 1724 3083 alie
1770 3020 1889 3084 due
1937 3019 2222 3084 banderie
2270 3023 2332 3083 et
2377 3020 2667 3083 similiter
2712 3038 2923 3084 omues
2965 3019 3116 3084 ban-

404 3106 584 3178 derie,
633 3126 751 3187 que
798 3113 945 3170 suut
988 3108 1050 3170 in
1107 3105 1409 3185 SthenicO,
1461 3107 1770 3173 Scardona
1816 3111 1880 3172 et
1926 3107 2167 3186 Clissia,
2215 3112 2278 3172 et
2333 3108 2393 3170 in
2443 3108 2728 3172 omuibus
2771 3108 2913 3172 aliis
2961 3107 3114 3172 locis

403 3193 719 3258 Sclavonie
767 3195 1136 3259 reducantur
1181 3194 1461 3270 Jadram,
1510 3198 1574 3259 et
1619 3204 1748 3258 tam
1798 3197 1872 3259 de
1919 3197 2077 3266 istis,
2143 3215 2328 3277 quani
2378 3196 2452 3259 de
2499 3196 2647 3270 illis,
2696 3216 2812 3280 que
2862 3199 3007 3261 sunt
3054 3196 3116 3259 iu

403 3281 612 3358 Jadra,
663 3299 867 3346 comes
913 3285 1121 3346 noster
1165 3282 1355 3347 Jadre
1418 3284 1615 3366 eligat
1660 3287 1722 3347 et
1767 3283 1956 3347 faciat
2004 3282 2152 3348 CCC
2202 3285 2389 3348 bonos
2451 3284 2722 3365 pedites,
2797 3285 2900 3367 qui
2949 3287 3120 3348 stent

404 3370 479 3433 ad
525 3370 868 3435 custodiam
916 3370 1124 3445 Jadre‚
1172 3390 1378 3435 comes
1413 3375 1618 3435 noster
1649 3372 1840 3436 Jadre
1886 3371 2076 3454 eligat
2107 3375 2170 3435 et
2202 3373 2391 3436 faciat
2431 3371 2579 3437 CCC
2616 3373 2804 3438 bonos
2853 3372 3115 3455 pediteS,

403 3459 506 3539 qui
553 3461 720 3522 stent
765 3457 843 3521 ad
889 3458 1230 3523 custodiam
1277 3458 1487 3535 Jadre,
1537 3461 1837 3524 cassando
1883 3461 2039 3523 alios
2078 3479 2187 3542 per
2234 3461 2411 3524 illum
2448 3460 2718 3538 modum,
2768 3463 2870 3543 qui
2920 3460 2975 3524 ei
3017 3460 3109 3524 vi-

405 3546 644 3611 debitur
691 3547 909 3611 melior
955 3551 1019 3612 et
1063 3546 1273 3625 tutior,
1320 3546 1594 3612 faciendo
1641 3568 1781 3612 suas
1827 3548 2115 3624 rationeS,
2158 3551 2222 3614 et
2265 3550 2353 3613 eis
2400 3548 2836 3614 satisfaciendo
2886 3549 2963 3612 de
3010 3565 3101 3621 eo,

410 3637 564 3715 quod
608 3635 1036 3709 servivissent;
1081 3636 1451 3701 notificando
1492 3635 1711 3700 comiti
1756 3642 1964 3700 nostro
1987 3636 2177 3701 Jadre
2226 3640 2289 3701 et
2333 3638 2473 3701 aliis
2505 3637 2730 3701 nostris
2777 3636 3106 3701 comitibus

412 3719 727 3788 Sclavonie
773 3726 839 3787 et
884 3723 1097 3787 comiti
1144 3724 1335 3788 Paulo
1398 3727 1692 3807 treuguas
1754 3724 2093 3807 predictas,
2143 3728 2206 3788 et
2251 3726 2445 3808 quod,
2511 3726 2785 3790 faciendo
2850 3725 2992 3788 illas
3054 3725 3116 3787 in

415 3808 562 3873 locis
607 3811 736 3875 suis
782 3812 1030 3893 publice
1076 3812 1462 3894 proclamari,
1509 3813 1652 3876 illas
1698 3813 2025 3876 observent
2069 3815 2134 3876 et
2174 3814 2405 3877 iaciant
2449 3813 2779 3877 observari.
2854 3813 2933 3876 Et
2978 3829 3115 3875 cras
3239 3835 3242 3842 ¹

420 3900 557 3962 ante
603 3899 859 3963 terciam
908 3899 1009 3962 hic
1053 3899 1114 3962 in
1161 3900 1440 3964 Veneciis
1489 3900 1962 3984 proclamentur.
2012 3901 2103 3964 De
2150 3919 2266 3965 non
2315 3901 2375 3978 3,
2426 3920 2543 3965 non
2591 3901 2807 3965 siuceri
2858 3902 2914 3964 3.

490 3987 643 4049 Scor.
681 4006 835 4048 cons.
881 3995 1220 4062 roqatorum
1266 3992 1361 4048 lib.
1403 3991 1481 4048 B.
1519 3994 1623 4060 23,
1672 4010 1713 4049 u
1754 3993 1972 4050 arkivu
2013 3993 2367 4051 mletaakom.

825 4178 1093 4260 CLIX
1174 4177 1378 4259 God.
1419 4180 1646 4262 1348.
1700 4180 1807 4263 30
1862 4183 2149 4283 rujna,
2201 4205 2259 4264 u
2314 4182 2702 4265 Mletcih.

1305 4304 1352 4364 0
1388 4307 1554 4379 praa
1599 4309 1785 4367 knew
1829 4309 2213 4383 zadarskoqa.

618 4429 801 4491 1348.
846 4428 944 4492 die
992 4428 1212 4493 ultimo
1253 4429 1639 4511 septembr-ie,
1690 4432 1906 4511 capta:
1957 4429 2115 4511 quod
2178 4432 2412 4495 stemus
2473 4431 2652 4507 firmi,
2702 4431 2862 4513 quod
2910 4448 3116 4495 comes

406 4514 585 4579 Jadre
633 4519 818 4581 vadat
863 4537 1005 4580 cum
1053 4515 1299 4592 salario,
1354 4516 1592 4580 familia
1638 4520 1702 4579 et
1747 4519 1919 4600 equis
1972 4518 2300 4582 consuetis,
2353 4519 2455 4582 652.

609 4603 761 4669 Cum
813 4605 872 4668 in
919 4604 1175 4669 civitate
1223 4604 1409 4669 Jadre
1455 4605 1740 4669 continue
1788 4607 2138 4689 requiratur
2186 4607 2344 4669 bona
2389 4613 2449 4666 et,
2497 4607 2759 4691 diligens
2806 4606 3111 4680 custodia,

408 4690 492 4754 ita
526 4692 682 4775 quod
731 4692 1050 4758 detrahere
1096 4692 1313 4756 comiti
1358 4692 1661 4757 familiam
1720 4695 1784 4756 et
1829 4713 2045 4776 equoS,
2110 4706 2174 4757 et
2219 4694 2567 4775 specialiter
2624 4695 2698 4758 de
2751 4695 2930 4758 sociis
2978 4692 3111 4757 suis

413 4796 527 4842 non
574 4783 672 4845 est
717 4780 871 4845 utile
918 4781 1024 4844 sed
1075 4781 1281 4863 potius
1326 4785 1534 4863 posset
1595 4799 1728 4845 esse
1794 4782 2167 4845 dannosum:
2225 4781 2397 4845 vadit
2454 4801 2596 4864 pars
2644 4785 2772 4846 tam
2835 4799 2941 4863 pro
2985 4781 3111 4854 hoc,
