<?xml version="1.0" encoding="UTF-8"?>
<!DOCTYPE html PUBLIC "-//W3C//DTD XHTML 1.0 Transitional//EN"
    "http://www.w3.org/TR/xhtml1/DTD/xhtml1-transitional.dtd">
<html xmlns="http://www.w3.org/1999/xhtml" xml:lang="en" lang="en">
 <head>
  <title>
</title>
<meta http-equiv="Content-Type" content="text/html;charset=utf-8" />
  <meta name='ocr-system' content='tesseract 3.04.00' />
  <meta name='ocr-capabilities' content='ocr_page ocr_carea ocr_par ocr_line ocrx_word'/>
</head>
<body>
  <div class='ocr_page' id='page_1' title='image "./monumentaspecta02umjegoog_0977.png"; bbox 0 0 3620 5282; ppageno 0'>
   <div class='ocr_carea' id='block_1_1' title="bbox 2909 361 3039 428">
    <p class='ocr_par' dir='ltr' id='par_1_1' title="bbox 2909 361 3039 428">
     <span class='ocr_line' id='line_1_1' title="bbox 2909 361 3039 428; baseline 0 -1"><span class='ocrx_word' id='word_1_1' title='bbox 2909 361 3039 428; x_wconf 89' lang='lat'><strong>419</strong></span> 
     </span>
    </p>
   </div>
   <div class='ocr_carea' id='block_1_2' title="bbox 315 532 3049 1756">
    <p class='ocr_par' dir='ltr' id='par_1_2' title="bbox 315 532 3049 1756">
     <span class='ocr_line' id='line_1_2' title="bbox 524 532 3041 618; baseline 0.002 -20"><span class='ocrx_word' id='word_1_2' title='bbox 524 532 706 600; x_wconf 86' lang='lat' dir='ltr'><strong>Filiis</strong></span> <span class='ocrx_word' id='word_1_3' title='bbox 759 536 968 600; x_wconf 84' lang='lat' dir='ltr'><strong>autem</strong></span> <span class='ocrx_word' id='word_1_4' title='bbox 1017 533 1253 599; x_wconf 88' lang='lat' dir='ltr'><strong>domini</strong></span> <span class='ocrx_word' id='word_1_5' title='bbox 1300 532 1518 598; x_wconf 81' lang='lat' dir='ltr'><strong>Volchi</strong></span> <span class='ocrx_word' id='word_1_6' title='bbox 1544 533 2004 616; x_wconf 82' lang='lat' dir='ltr'>respondeatur,</span> <span class='ocrx_word' id='word_1_7' title='bbox 2039 535 2197 617; x_wconf 89' lang='lat' dir='ltr'><strong>quod</strong></span> <span class='ocrx_word' id='word_1_8' title='bbox 2232 535 2574 618; x_wconf 83' lang='lat' dir='ltr'><strong>recepimus</strong></span> <span class='ocrx_word' id='word_1_9' title='bbox 2603 535 2846 601; x_wconf 76' lang='lat' dir='ltr'><strong>litteras</strong></span> <span class='ocrx_word' id='word_1_10' title='bbox 2876 556 3041 617; x_wconf 78' lang='lat' dir='ltr'><strong>suaS,</strong></span> 
     </span>
     <span class='ocr_line' id='line_1_3' title="bbox 315 623 3045 706; baseline 0.001 -21"><span class='ocrx_word' id='word_1_11' title='bbox 315 642 424 705; x_wconf 84' lang='lat' dir='ltr'><strong>per</strong></span> <span class='ocrx_word' id='word_1_12' title='bbox 472 641 625 706; x_wconf 90' lang='lat' dir='ltr'><strong>quas</strong></span> <span class='ocrx_word' id='word_1_13' title='bbox 665 624 838 687; x_wconf 90' lang='lat' dir='ltr'><strong>nobis</strong></span> <span class='ocrx_word' id='word_1_14' title='bbox 884 624 1267 705; x_wconf 87' lang='lat' dir='ltr'><strong>scripserunt</strong></span> <span class='ocrx_word' id='word_1_15' title='bbox 1315 624 1580 686; x_wconf 87' lang='lat' dir='ltr'><strong>mortem</strong></span> <span class='ocrx_word' id='word_1_16' title='bbox 1626 623 1775 686; x_wconf 88' lang='lat' dir='ltr'><strong>dicti</strong></span> <span class='ocrx_word' id='word_1_17' title='bbox 1826 625 2128 705; x_wconf 84' lang='lat' dir='ltr'><strong>quondam</strong></span> <span class='ocrx_word' id='word_1_18' title='bbox 2178 624 2371 706; x_wconf 88' lang='lat' dir='ltr'><strong>patris</strong></span> <span class='ocrx_word' id='word_1_19' title='bbox 2448 623 2563 703; x_wconf 88' lang='lat' dir='ltr'><strong>sui,</strong></span> <span class='ocrx_word' id='word_1_20' title='bbox 2617 629 2679 687; x_wconf 88' lang='lat' dir='ltr'><strong>et</strong></span> <span class='ocrx_word' id='word_1_21' title='bbox 2745 625 2833 689; x_wconf 88' lang='lat' dir='ltr'><strong>eis</strong></span> <span class='ocrx_word' id='word_1_22' title='bbox 2879 628 3045 690; x_wconf 87' lang='lat' dir='ltr'><strong>tam-</strong></span> 
     </span>
     <span class='ocr_line' id='line_1_4' title="bbox 322 700 3042 793; baseline 0.001 -20"><span class='ocrx_word' id='word_1_23' title='bbox 322 729 505 792; x_wconf 84' lang='lat' dir='ltr'><strong>quam</strong></span> <span class='ocrx_word' id='word_1_24' title='bbox 556 711 1020 775; x_wconf 89' lang='lat' dir='ltr'><strong>successoribus</strong></span> <span class='ocrx_word' id='word_1_25' title='bbox 1068 710 1215 774; x_wconf 85' lang='lat' dir='ltr'><strong>dieti</strong></span> <span class='ocrx_word' id='word_1_26' title='bbox 1264 700 1478 773; x_wconf 72' lang='lat' dir='ltr'><strong>eorum</strong></span> <span class='ocrx_word' id='word_1_27' title='bbox 1521 711 1716 791; x_wconf 87' lang='lat' dir='ltr'><strong>patris</strong></span> <span class='ocrx_word' id='word_1_28' title='bbox 1777 709 2107 791; x_wconf 82' lang='lat' dir='ltr'><strong>dignemur</strong></span> <span class='ocrx_word' id='word_1_29' title='bbox 2168 712 2523 793; x_wconf 86' lang='lat' dir='ltr'><strong>consignari</strong></span> <span class='ocrx_word' id='word_1_30' title='bbox 2585 712 2788 776; x_wconf 79' lang='lat' dir='ltr'><strong>facere</strong></span> <span class='ocrx_word' id='word_1_31' title='bbox 2855 731 3042 777; x_wconf 88' lang='lat' dir='ltr'><strong>unam</strong></span> 
     </span>
     <span class='ocr_line' id='line_1_5' title="bbox 321 797 3036 883; baseline 0.001 -22"><span class='ocrx_word' id='word_1_32' title='bbox 321 815 605 862; x_wconf 89' lang='lat' dir='ltr'><strong>coronom</strong></span> <span class='ocrx_word' id='word_1_33' title='bbox 689 799 825 863; x_wconf 88' lang='lat' dir='ltr'><strong>auri</strong></span> <span class='ocrx_word' id='word_1_34' title='bbox 889 801 953 862; x_wconf 91' lang='lat' dir='ltr'><strong>et</strong></span> <span class='ocrx_word' id='word_1_35' title='bbox 1028 797 1202 881; x_wconf 90' lang='lat' dir='ltr'><strong>paria</strong></span> <span class='ocrx_word' id='word_1_36' title='bbox 1279 801 1544 878; x_wconf 89' lang='lat' dir='ltr'><strong>quatuor</strong></span> <span class='ocrx_word' id='word_1_37' title='bbox 1620 798 2018 879; x_wconf 66' lang='lat' dir='ltr'><strong>zeraellorum</strong></span> <span class='ocrx_word' id='word_1_38' title='bbox 2068 799 2372 879; x_wconf 89' lang='lat' dir='ltr'><strong>perlarum</strong></span> <span class='ocrx_word' id='word_1_39' title='bbox 2424 800 2821 864; x_wconf 85' lang='lat' dir='ltr'><strong>existentium</strong></span> <span class='ocrx_word' id='word_1_40' title='bbox 2871 802 3036 883; x_wconf 90' lang='lat' dir='ltr'><strong>apud</strong></span> 
     </span>
     <span class='ocr_line' id='line_1_6' title="bbox 318 884 3045 968; baseline 0.001 -20"><span class='ocrx_word' id='word_1_41' title='bbox 318 885 734 950; x_wconf 85' lang='lat' dir='ltr'><strong>castellanum</strong></span> <span class='ocrx_word' id='word_1_42' title='bbox 786 890 1068 951; x_wconf 89' lang='lat' dir='ltr'><strong>nostrum</strong></span> <span class='ocrx_word' id='word_1_43' title='bbox 1113 885 1434 963; x_wconf 83' lang='lat' dir='ltr'><strong>Durachii,</strong></span> <span class='ocrx_word' id='word_1_44' title='bbox 1483 888 1547 948; x_wconf 86' lang='lat' dir='ltr'><strong>et</strong></span> <span class='ocrx_word' id='word_1_45' title='bbox 1589 887 1745 968; x_wconf 90' lang='lat' dir='ltr'><strong>quod</strong></span> <span class='ocrx_word' id='word_1_46' title='bbox 1774 884 2061 949; x_wconf 85' lang='lat' dir='ltr'><strong>vellimus</strong></span> <span class='ocrx_word' id='word_1_47' title='bbox 2109 886 2332 950; x_wconf 86' lang='lat' dir='ltr'><strong>habere</strong></span> <span class='ocrx_word' id='word_1_48' title='bbox 2381 904 2482 950; x_wconf 88' lang='lat' dir='ltr'><strong>eos</strong></span> <span class='ocrx_word' id='word_1_49' title='bbox 2510 887 2572 950; x_wconf 92' lang='lat' dir='ltr'><strong>in</strong></span> <span class='ocrx_word' id='word_1_50' title='bbox 2619 888 2784 951; x_wconf 84' lang='lat' dir='ltr'><strong>cives</strong></span> <span class='ocrx_word' id='word_1_51' title='bbox 2834 892 3045 952; x_wconf 82' lang='lat' dir='ltr'><strong>etca-</strong></span> 
     </span>
     <span class='ocr_line' id='line_1_7' title="bbox 320 972 3045 1056; baseline 0.001 -21"><span class='ocrx_word' id='word_1_52' title='bbox 320 991 420 1036; x_wconf 90' lang='lat' dir='ltr'><strong>ros</strong></span> <span class='ocrx_word' id='word_1_53' title='bbox 465 974 714 1050; x_wconf 89' lang='lat' dir='ltr'><strong>amicos,</strong></span> <span class='ocrx_word' id='word_1_54' title='bbox 764 977 835 1038; x_wconf 94' lang='lat' dir='ltr'><strong>ut</strong></span> <span class='ocrx_word' id='word_1_55' title='bbox 880 973 1214 1039; x_wconf 88' lang='lat' dir='ltr'><strong>habuimus</strong></span> <span class='ocrx_word' id='word_1_56' title='bbox 1260 972 1497 1036; x_wconf 87' lang='lat' dir='ltr'><strong>dictum</strong></span> <span class='ocrx_word' id='word_1_57' title='bbox 1546 974 1785 1052; x_wconf 88' lang='lat' dir='ltr'><strong>patrem</strong></span> <span class='ocrx_word' id='word_1_58' title='bbox 1835 992 2014 1037; x_wconf 89' lang='lat' dir='ltr'><strong>suum</strong></span> <span class='ocrx_word' id='word_1_59' title='bbox 2064 978 2180 1036; x_wconf 80' lang='lat' dir='ltr'><strong>etc.</strong></span> <span class='ocrx_word' id='word_1_60' title='bbox 2260 972 2434 1051; x_wconf 74' lang='lat' dir='ltr'><strong>Quod</strong></span> <span class='ocrx_word' id='word_1_61' title='bbox 2482 976 2554 1038; x_wconf 92' lang='lat' dir='ltr'><strong>de</strong></span> <span class='ocrx_word' id='word_1_62' title='bbox 2601 977 2800 1039; x_wconf 88' lang='lat' dir='ltr'><strong>morte</strong></span> <span class='ocrx_word' id='word_1_63' title='bbox 2845 975 3045 1056; x_wconf 90' lang='lat' dir='ltr'><strong>patris</strong></span> 
     </span>
     <span class='ocr_line' id='line_1_8' title="bbox 318 1060 3046 1143; baseline 0.001 -20"><span class='ocrx_word' id='word_1_64' title='bbox 318 1060 414 1123; x_wconf 92' lang='lat' dir='ltr'><strong>sui</strong></span> <span class='ocrx_word' id='word_1_65' title='bbox 462 1061 719 1142; x_wconf 76' lang='lat' dir='ltr'><strong>predicti</strong></span> <span class='ocrx_word' id='word_1_66' title='bbox 770 1080 878 1125; x_wconf 91' lang='lat' dir='ltr'><strong>nos</strong></span> <span class='ocrx_word' id='word_1_67' title='bbox 916 1061 1066 1125; x_wconf 92' lang='lat' dir='ltr'><strong>deus</strong></span> <span class='ocrx_word' id='word_1_68' title='bbox 1113 1060 1286 1125; x_wconf 89' lang='lat' dir='ltr'><strong>novit</strong></span> <span class='ocrx_word' id='word_1_69' title='bbox 1331 1061 1485 1123; x_wconf 90' lang='lat' dir='ltr'><strong>satis</strong></span> <span class='ocrx_word' id='word_1_70' title='bbox 1532 1061 1809 1124; x_wconf 84' lang='lat' dir='ltr'><strong>dolemus</strong></span> <span class='ocrx_word' id='word_1_71' title='bbox 1856 1065 2174 1143; x_wconf 89' lang='lat' dir='ltr'><strong>tamquam</strong></span> <span class='ocrx_word' id='word_1_72' title='bbox 2223 1060 2297 1123; x_wconf 89' lang='lat' dir='ltr'><strong>de</strong></span> <span class='ocrx_word' id='word_1_73' title='bbox 2343 1080 2482 1125; x_wconf 87' lang='lat' dir='ltr'><strong>caro</strong></span> <span class='ocrx_word' id='word_1_74' title='bbox 2529 1063 2730 1126; x_wconf 88' lang='lat' dir='ltr'><strong>amico</strong></span> <span class='ocrx_word' id='word_1_75' title='bbox 2794 1067 2857 1127; x_wconf 92' lang='lat' dir='ltr'><strong>et</strong></span> <span class='ocrx_word' id='word_1_76' title='bbox 2916 1063 3046 1127; x_wconf 85' lang='lat' dir='ltr'><strong>cive</strong></span> 
     </span>
     <span class='ocr_line' id='line_1_9' title="bbox 323 1147 3043 1231; baseline 0.001 -22"><span class='ocrx_word' id='word_1_77' title='bbox 323 1151 552 1224; x_wconf 85' lang='lat' dir='ltr'><strong>nostr0,</strong></span> <span class='ocrx_word' id='word_1_78' title='bbox 597 1148 787 1231; x_wconf 73' lang='lat' dir='ltr'><strong>quem&#39;</strong></span> <span class='ocrx_word' id='word_1_79' title='bbox 825 1149 1223 1223; x_wconf 79' lang='lat' dir='ltr'><strong>habebamuS‚</strong></span> <span class='ocrx_word' id='word_1_80' title='bbox 1268 1151 1332 1211; x_wconf 90' lang='lat' dir='ltr'><strong>et</strong></span> <span class='ocrx_word' id='word_1_81' title='bbox 1393 1147 1779 1225; x_wconf 86' lang='lat' dir='ltr'><strong>tenebamus,</strong></span> <span class='ocrx_word' id='word_1_82' title='bbox 1830 1152 1894 1210; x_wconf 86' lang='lat' dir='ltr'><strong>et</strong></span> <span class='ocrx_word' id='word_1_83' title='bbox 1949 1148 2039 1211; x_wconf 91' lang='lat' dir='ltr'><strong>sic</strong></span> <span class='ocrx_word' id='word_1_84' title='bbox 2075 1148 2356 1229; x_wconf 86' lang='lat' dir='ltr'><strong>dispositi</strong></span> <span class='ocrx_word' id='word_1_85' title='bbox 2404 1167 2617 1213; x_wconf 86' lang='lat' dir='ltr'><strong>sumus</strong></span> <span class='ocrx_word' id='word_1_86' title='bbox 2666 1167 2767 1214; x_wconf 89' lang='lat' dir='ltr'><strong>eos</strong></span> <span class='ocrx_word' id='word_1_87' title='bbox 2815 1150 3043 1214; x_wconf 85' lang='lat' dir='ltr'><strong>habere</strong></span> 
     </span>
     <span class='ocr_line' id='line_1_10' title="bbox 326 1234 3046 1319; baseline 0.001 -21"><span class='ocrx_word' id='word_1_88' title='bbox 326 1240 392 1298; x_wconf 87' lang='lat' dir='ltr'><strong>et</strong></span> <span class='ocrx_word' id='word_1_89' title='bbox 437 1237 644 1299; x_wconf 87' lang='lat' dir='ltr'><strong>tenere</strong></span> <span class='ocrx_word' id='word_1_90' title='bbox 692 1240 971 1319; x_wconf 85' lang='lat' dir='ltr'><strong>tempore</strong></span> <span class='ocrx_word' id='word_1_91' title='bbox 1003 1235 1229 1313; x_wconf 84' lang='lat' dir='ltr'><strong>futuro,</strong></span> <span class='ocrx_word' id='word_1_92' title='bbox 1264 1254 1405 1298; x_wconf 89' lang='lat' dir='ltr'><strong>cum</strong></span> <span class='ocrx_word' id='word_1_93' title='bbox 1440 1234 1766 1299; x_wconf 86' lang='lat' dir='ltr'><strong>reddamus</strong></span> <span class='ocrx_word' id='word_1_94' title='bbox 1816 1254 1924 1299; x_wconf 91' lang='lat' dir='ltr'><strong>nos</strong></span> <span class='ocrx_word' id='word_1_95' title='bbox 1956 1238 2173 1313; x_wconf 79' lang='lat' dir='ltr'><strong>certOS,</strong></span> <span class='ocrx_word' id='word_1_96' title='bbox 2208 1235 2369 1317; x_wconf 90' lang='lat' dir='ltr'><strong>quod</strong></span> <span class='ocrx_word' id='word_1_97' title='bbox 2398 1254 2610 1300; x_wconf 89' lang='lat' dir='ltr'><strong>omnes</strong></span> <span class='ocrx_word' id='word_1_98' title='bbox 2649 1239 3046 1314; x_wconf 77' lang='lat' dir='ltr'><strong>mercatoreS,</strong></span> 
     </span>
     <span class='ocr_line' id='line_1_11' title="bbox 318 1318 3042 1405; baseline 0.001 -20"><span class='ocrx_word' id='word_1_99' title='bbox 318 1322 487 1386; x_wconf 88' lang='lat' dir='ltr'><strong>cives</strong></span> <span class='ocrx_word' id='word_1_100' title='bbox 530 1326 594 1386; x_wconf 88' lang='lat' dir='ltr'><strong>et</strong></span> <span class='ocrx_word' id='word_1_101' title='bbox 639 1324 850 1388; x_wconf 88' lang='lat' dir='ltr'><strong>fideles</strong></span> <span class='ocrx_word' id='word_1_102' title='bbox 909 1327 1174 1400; x_wconf 88' lang='lat' dir='ltr'><strong>nostros,</strong></span> <span class='ocrx_word' id='word_1_103' title='bbox 1228 1318 1290 1386; x_wconf 81' lang='lat' dir='ltr'><strong>in</strong></span> <span class='ocrx_word' id='word_1_104' title='bbox 1339 1323 1525 1385; x_wconf 88' lang='lat' dir='ltr'><strong>terris</strong></span> <span class='ocrx_word' id='word_1_105' title='bbox 1589 1324 1654 1386; x_wconf 89' lang='lat' dir='ltr'><strong>et</strong></span> <span class='ocrx_word' id='word_1_106' title='bbox 1711 1322 1865 1386; x_wconf 90' lang='lat' dir='ltr'><strong>locis</strong></span> <span class='ocrx_word' id='word_1_107' title='bbox 1909 1322 2040 1386; x_wconf 91' lang='lat' dir='ltr'><strong>suis</strong></span> <span class='ocrx_word' id='word_1_108' title='bbox 2089 1327 2437 1387; x_wconf 83' lang='lat' dir='ltr'><strong>mercantes</strong></span> <span class='ocrx_word' id='word_1_109' title='bbox 2486 1327 2550 1387; x_wconf 89' lang='lat' dir='ltr'><strong>et</strong></span> <span class='ocrx_word' id='word_1_110' title='bbox 2595 1329 3042 1405; x_wconf 85' lang='lat' dir='ltr'><strong>conversantes,</strong></span> 
     </span>
     <span class='ocr_line' id='line_1_12' title="bbox 322 1409 3049 1497; baseline 0.001 -25"><span class='ocrx_word' id='word_1_111' title='bbox 322 1412 687 1475; x_wconf 87' lang='lat' dir='ltr'><strong>tractabunt</strong></span> <span class='ocrx_word' id='word_1_112' title='bbox 734 1414 797 1475; x_wconf 83' lang='lat' dir='ltr'><strong>et</strong></span> <span class='ocrx_word' id='word_1_113' title='bbox 836 1412 1130 1476; x_wconf 86' lang='lat' dir='ltr'><strong>videbunt</strong></span> <span class='ocrx_word' id='word_1_114' title='bbox 1175 1409 1610 1497; x_wconf 76' lang='lat' dir='ltr'><strong>amicabiliter,</strong></span> <span class='ocrx_word' id='word_1_115' title='bbox 1660 1411 1922 1473; x_wconf 90' lang='lat' dir='ltr'><strong>dulciter</strong></span> <span class='ocrx_word' id='word_1_116' title='bbox 1968 1412 2032 1473; x_wconf 92' lang='lat' dir='ltr'><strong>et</strong></span> <span class='ocrx_word' id='word_1_117' title='bbox 2080 1411 2360 1493; x_wconf 87' lang='lat' dir='ltr'><strong>benigne,</strong></span> <span class='ocrx_word' id='word_1_118' title='bbox 2410 1415 2473 1475; x_wconf 86' lang='lat' dir='ltr'><strong>et</strong></span> <span class='ocrx_word' id='word_1_119' title='bbox 2520 1430 2638 1474; x_wconf 88' lang='lat' dir='ltr'><strong>non</strong></span> <span class='ocrx_word' id='word_1_120' title='bbox 2689 1412 3049 1491; x_wconf 87' lang='lat' dir='ltr'><strong>permittent</strong></span> 
     </span>
     <span class='ocr_line' id='line_1_13' title="bbox 327 1495 3047 1564; baseline 0.001 -5"><span class='ocrx_word' id='word_1_121' title='bbox 327 1498 417 1560; x_wconf 89' lang='lat' dir='ltr'><strong>eis</strong></span> <span class='ocrx_word' id='word_1_122' title='bbox 462 1497 658 1562; x_wconf 91' lang='lat' dir='ltr'><strong>ullam</strong></span> <span class='ocrx_word' id='word_1_123' title='bbox 708 1498 1059 1563; x_wconf 88' lang='lat' dir='ltr'><strong>molestiam</strong></span> <span class='ocrx_word' id='word_1_124' title='bbox 1110 1498 1207 1563; x_wconf 87' lang='lat' dir='ltr'><strong>vel</strong></span> <span class='ocrx_word' id='word_1_125' title='bbox 1251 1497 1592 1563; x_wconf 87' lang='lat' dir='ltr'><strong>novitatem</strong></span> <span class='ocrx_word' id='word_1_126' title='bbox 1639 1495 1871 1561; x_wconf 90' lang='lat' dir='ltr'><strong>inferri.</strong></span> <span class='ocrx_word' id='word_1_127' title='bbox 1943 1497 2041 1560; x_wconf 92' lang='lat' dir='ltr'><strong>Ad</strong></span> <span class='ocrx_word' id='word_1_128' title='bbox 2087 1496 2321 1562; x_wconf 84' lang='lat' dir='ltr'><strong>factum</strong></span> <span class='ocrx_word' id='word_1_129' title='bbox 2373 1517 2513 1562; x_wconf 75' lang='lat' dir='ltr'><strong>vero</strong></span> <span class='ocrx_word' id='word_1_130' title='bbox 2561 1516 2777 1562; x_wconf 85' lang='lat' dir='ltr'><strong>corone</strong></span> <span class='ocrx_word' id='word_1_131' title='bbox 2824 1501 2888 1564; x_wconf 90' lang='lat' dir='ltr'><strong>et</strong></span> <span class='ocrx_word' id='word_1_132' title='bbox 2918 1519 3047 1563; x_wconf 88' lang='lat' dir='ltr'><strong>zer-</strong></span> 
     </span>
     <span class='ocr_line' id='line_1_14' title="bbox 326 1584 3047 1668; baseline 0.001 -21"><span class='ocrx_word' id='word_1_133' title='bbox 326 1584 624 1649; x_wconf 84' lang='lat' dir='ltr'><strong>zellorum</strong></span> <span class='ocrx_word' id='word_1_134' title='bbox 674 1588 762 1651; x_wconf 87' lang='lat' dir='ltr'><strong>eis</strong></span> <span class='ocrx_word' id='word_1_135' title='bbox 810 1586 1093 1663; x_wconf 79' lang='lat' dir='ltr'><strong>dicimuS,</strong></span> <span class='ocrx_word' id='word_1_136' title='bbox 1142 1585 1306 1668; x_wconf 89' lang='lat' dir='ltr'><strong>quod</strong></span> <span class='ocrx_word' id='word_1_137' title='bbox 1352 1585 1717 1666; x_wconf 83' lang='lat' dir='ltr'><strong>scripsimus</strong></span> <span class='ocrx_word' id='word_1_138' title='bbox 1762 1586 2086 1666; x_wconf 88' lang='lat' dir='ltr'><strong>capitaneo</strong></span> <span class='ocrx_word' id='word_1_139' title='bbox 2134 1588 2341 1650; x_wconf 87' lang='lat' dir='ltr'><strong>nostro</strong></span> <span class='ocrx_word' id='word_1_140' title='bbox 2407 1584 2701 1650; x_wconf 89' lang='lat' dir='ltr'><strong>Durachii</strong></span> <span class='ocrx_word' id='word_1_141' title='bbox 2776 1589 2840 1650; x_wconf 89' lang='lat' dir='ltr'><strong>et</strong></span> <span class='ocrx_word' id='word_1_142' title='bbox 2918 1587 3047 1651; x_wconf 90' lang='lat' dir='ltr'><strong>suis</strong></span> 
     </span>
     <span class='ocr_line' id='line_1_15' title="bbox 322 1672 3042 1756; baseline 0.001 -21"><span class='ocrx_word' id='word_1_143' title='bbox 322 1674 804 1745; x_wconf 88' lang='lat' dir='ltr'><strong>successoribus,</strong></span> <span class='ocrx_word' id='word_1_144' title='bbox 872 1676 1028 1756; x_wconf 89' lang='lat' dir='ltr'><strong>quod</strong></span> <span class='ocrx_word' id='word_1_145' title='bbox 1107 1674 1171 1738; x_wconf 92' lang='lat' dir='ltr'><strong>in</strong></span> <span class='ocrx_word' id='word_1_146' title='bbox 1247 1691 1392 1737; x_wconf 90' lang='lat' dir='ltr'><strong>casu</strong></span> <span class='ocrx_word' id='word_1_147' title='bbox 1468 1690 1584 1754; x_wconf 90' lang='lat' dir='ltr'><strong>quo</strong></span> <span class='ocrx_word' id='word_1_148' title='bbox 1630 1677 1986 1754; x_wconf 88' lang='lat' dir='ltr'><strong>compareat</strong></span> <span class='ocrx_word' id='word_1_149' title='bbox 2028 1674 2100 1736; x_wconf 85' lang='lat' dir='ltr'><strong>ad</strong></span> <span class='ocrx_word' id='word_1_150' title='bbox 2150 1692 2326 1737; x_wconf 89' lang='lat' dir='ltr'><strong>suam</strong></span> <span class='ocrx_word' id='word_1_151' title='bbox 2376 1673 2751 1755; x_wconf 84' lang='lat' dir='ltr'><strong>presentiam</strong></span> <span class='ocrx_word' id='word_1_152' title='bbox 2800 1672 3042 1756; x_wconf 88' lang='lat' dir='ltr'><strong>aliquus</strong></span> 
     </span>
    </p>
   </div>
   <div class='ocr_carea' id='block_1_3' title="bbox 322 1760 3144 1844">
    <p class='ocr_par' dir='ltr' id='par_1_3' title="bbox 322 1760 3144 1844">
     <span class='ocr_line' id='line_1_16' title="bbox 322 1760 3144 1844; baseline 0.001 -22"><span class='ocrx_word' id='word_1_153' title='bbox 322 1778 472 1823; x_wconf 90' lang='lat' dir='ltr'><strong>suus</strong></span> <span class='ocrx_word' id='word_1_154' title='bbox 519 1762 900 1842; x_wconf 88' lang='lat' dir='ltr'><strong>procurator,</strong></span> <span class='ocrx_word' id='word_1_155' title='bbox 950 1761 1171 1826; x_wconf 89' lang='lat' dir='ltr'><strong>debeat</strong></span> <span class='ocrx_word' id='word_1_156' title='bbox 1218 1762 1351 1825; x_wconf 89' lang='lat' dir='ltr'><strong>iura</strong></span> <span class='ocrx_word' id='word_1_157' title='bbox 1398 1777 1511 1823; x_wconf 87' lang='lat' dir='ltr'><strong>sua</strong></span> <span class='ocrx_word' id='word_1_158' title='bbox 1556 1760 1926 1837; x_wconf 84' lang='lat' dir='ltr'><strong>examinare,</strong></span> <span class='ocrx_word' id='word_1_159' title='bbox 1975 1763 2040 1823; x_wconf 91' lang='lat' dir='ltr'><strong>et</strong></span> <span class='ocrx_word' id='word_1_160' title='bbox 2084 1760 2283 1825; x_wconf 85' lang='lat' dir='ltr'><strong>facere</strong></span> <span class='ocrx_word' id='word_1_161' title='bbox 2330 1761 2562 1824; x_wconf 84' lang='lat' dir='ltr'><strong>eisdem</strong></span> <span class='ocrx_word' id='word_1_162' title='bbox 2597 1761 2677 1837; x_wconf 91' lang='lat' dir='ltr'><strong>id,</strong></span> <span class='ocrx_word' id='word_1_163' title='bbox 2715 1761 2874 1844; x_wconf 90' lang='lat' dir='ltr'><strong>quod</strong></span> <span class='ocrx_word' id='word_1_164' title='bbox 2922 1761 3041 1825; x_wconf 89' lang='lat' dir='ltr'><strong>sibi</strong></span> <span class='ocrx_word' id='word_1_165' title='bbox 3139 1793 3144 1797; x_wconf 87' lang='lat'><strong>·</strong></span> 
     </span>
    </p>
   </div>
   <div class='ocr_carea' id='block_1_4' title="bbox 317 1848 3045 2174">
    <p class='ocr_par' dir='ltr' id='par_1_4' title="bbox 317 1848 3045 2174">
     <span class='ocr_line' id='line_1_17' title="bbox 321 1848 3045 1931; baseline 0.001 -22"><span class='ocrx_word' id='word_1_166' title='bbox 321 1848 631 1928; x_wconf 84' lang='lat' dir='ltr'><strong>spectabit</strong></span> <span class='ocrx_word' id='word_1_167' title='bbox 675 1850 748 1912; x_wconf 89' lang='lat' dir='ltr'><strong>de</strong></span> <span class='ocrx_word' id='word_1_168' title='bbox 794 1849 946 1926; x_wconf 76' lang='lat' dir='ltr'><strong>iure,</strong></span> <span class='ocrx_word' id='word_1_169' title='bbox 998 1851 1062 1913; x_wconf 88' lang='lat' dir='ltr'><strong>et</strong></span> <span class='ocrx_word' id='word_1_170' title='bbox 1109 1851 1430 1931; x_wconf 89' lang='lat' dir='ltr'><strong>propterea</strong></span> <span class='ocrx_word' id='word_1_171' title='bbox 1475 1850 1735 1927; x_wconf 85' lang='lat' dir='ltr'><strong>possunt</strong></span> <span class='ocrx_word' id='word_1_172' title='bbox 1780 1849 2238 1929; x_wconf 89' lang='lat' dir='ltr'><strong>procuratorem</strong></span> <span class='ocrx_word' id='word_1_173' title='bbox 2281 1867 2461 1912; x_wconf 88' lang='lat' dir='ltr'><strong>suum</strong></span> <span class='ocrx_word' id='word_1_174' title='bbox 2510 1849 2889 1914; x_wconf 89' lang='lat' dir='ltr'><strong>Durachium</strong></span> <span class='ocrx_word' id='word_1_175' title='bbox 2939 1849 3045 1911; x_wconf 89' lang='lat' dir='ltr'><strong>de-</strong></span> 
     </span>
     <span class='ocr_line' id='line_1_18' title="bbox 323 1934 3045 2018; baseline 0.001 -21"><span class='ocrx_word' id='word_1_176' title='bbox 323 1935 553 1999; x_wconf 89' lang='lat' dir='ltr'><strong>stinare</strong></span> <span class='ocrx_word' id='word_1_177' title='bbox 600 1935 676 1999; x_wconf 89' lang='lat' dir='ltr'><strong>ad</strong></span> <span class='ocrx_word' id='word_1_178' title='bbox 716 1936 951 2000; x_wconf 91' lang='lat' dir='ltr'><strong>dictum</strong></span> <span class='ocrx_word' id='word_1_179' title='bbox 1002 1942 1281 2001; x_wconf 87' lang='lat' dir='ltr'><strong>nostrum</strong></span> <span class='ocrx_word' id='word_1_180' title='bbox 1332 1934 1631 2012; x_wconf 87' lang='lat' dir='ltr'><strong>baiulum,</strong></span> <span class='ocrx_word' id='word_1_181' title='bbox 1665 1935 2011 1999; x_wconf 82' lang='lat' dir='ltr'><strong>denotando</strong></span> <span class='ocrx_word' id='word_1_182' title='bbox 2053 1936 2162 2013; x_wconf 88' lang='lat' dir='ltr'><strong>eis,</strong></span> <span class='ocrx_word' id='word_1_183' title='bbox 2196 1934 2357 2018; x_wconf 89' lang='lat' dir='ltr'><strong>quod</strong></span> <span class='ocrx_word' id='word_1_184' title='bbox 2391 1937 2726 2001; x_wconf 87' lang='lat' dir='ltr'><strong>secundum</strong></span> <span class='ocrx_word' id='word_1_185' title='bbox 2761 1938 3045 1999; x_wconf 76' lang='lat' dir='ltr'><strong>nostrum</strong></span> 
     </span>
     <span class='ocr_line' id='line_1_19' title="bbox 322 2022 3044 2173; baseline 0.001 -88"><span class='ocrx_word' id='word_1_186' title='bbox 322 2022 687 2173; x_wconf 41' lang='lat' dir='ltr'><strong>maniiatum</strong></span> <span class='ocrx_word' id='word_1_187' title='bbox 771 2025 1147 2105; x_wconf 89' lang='lat' dir='ltr'><strong>procuratori</strong></span> <span class='ocrx_word' id='word_1_188' title='bbox 1222 2040 1330 2088; x_wconf 89' lang='lat' dir='ltr'><strong>suo</strong></span> <span class='ocrx_word' id='word_1_189' title='bbox 1407 2040 1548 2086; x_wconf 88' lang='lat' dir='ltr'><strong>cum</strong></span> <span class='ocrx_word' id='word_1_190' title='bbox 1622 2022 2005 2105; x_wconf 84' lang='lat' dir='ltr'><strong>expeditione</strong></span> <span class='ocrx_word' id='word_1_191' title='bbox 2081 2023 2190 2087; x_wconf 88' lang='lat' dir='ltr'><strong>fiet</strong></span> <span class='ocrx_word' id='word_1_192' title='bbox 2251 2023 2401 2086; x_wconf 90' lang='lat' dir='ltr'><strong>iuris</strong></span> <span class='ocrx_word' id='word_1_193' title='bbox 2447 2023 2722 2087; x_wconf 85' lang='lat' dir='ltr'><strong>debitum</strong></span> <span class='ocrx_word' id='word_1_194' title='bbox 2770 2024 3044 2105; x_wconf 83' lang='lat' dir='ltr'><strong>comple-</strong></span> 
     </span>
     <span class='ocr_line' id='line_1_20' title="bbox 317 2125 2655 2174; baseline 0.001 -2"><span class='ocrx_word' id='word_1_195' title='bbox 317 2128 457 2172; x_wconf 89' lang='lat' dir='ltr'><strong>men</strong></span> <span class='ocrx_word' id='word_1_196' title='bbox 494 2129 620 2174; x_wconf 91' lang='lat' dir='ltr'><strong>um.</strong></span> <span class='ocrx_word' id='word_1_197' title='bbox 2647 2125 2655 2138; x_wconf 81' lang='lat'><strong>·</strong></span> 
     </span>
    </p>
   </div>
   <div class='ocr_carea' id='block_1_5' title="bbox 404 2206 1604 2298">
    <p class='ocr_par' dir='ltr' id='par_1_5' title="bbox 404 2206 1604 2298">
     <span class='ocr_line' id='line_1_21' title="bbox 404 2206 1604 2298; baseline 0.001 -22"><span class='ocrx_word' id='word_1_198' title='bbox 404 2218 584 2277; x_wconf 78' lang='lat' dir='ltr'><strong>Misti</strong></span> <span class='ocrx_word' id='word_1_199' title='bbox 634 2218 876 2281; x_wconf 81' lang='lat' dir='ltr'><strong><em>XLIV.</em></strong></span> <span class='ocrx_word' id='word_1_200' title='bbox 925 2222 1027 2298; x_wconf 88' lang='lat'><strong>99,</strong></span> <span class='ocrx_word' id='word_1_201' title='bbox 1075 2237 1118 2279; x_wconf 76' lang='lat' dir='ltr'><strong><em>u</em></strong></span> <span class='ocrx_word' id='word_1_202' title='bbox 1150 2206 1322 2281; x_wconf 57' lang='grc' dir='ltr'><strong>Μαι.</strong></span> <span class='ocrx_word' id='word_1_203' title='bbox 1370 2221 1604 2279; x_wconf 73' lang='lat' dir='ltr'><strong>arkivu.</strong></span> 
     </span>
    </p>
   </div>
   <div class='ocr_carea' id='block_1_6' title="bbox 637 2405 2774 2531">
    <p class='ocr_par' dir='ltr' id='par_1_6' title="bbox 637 2405 2774 2531">
     <span class='ocr_line' id='line_1_22' title="bbox 637 2405 2774 2531; baseline -0 -41"><span class='ocrx_word' id='word_1_204' title='bbox 637 2408 1106 2490; x_wconf 84' lang='lat' dir='ltr'>DLXXIV.</span> <span class='ocrx_word' id='word_1_205' title='bbox 1162 2408 1366 2491; x_wconf 78' lang='lat' dir='ltr'><strong>God.</strong></span> <span class='ocrx_word' id='word_1_206' title='bbox 1423 2409 1656 2491; x_wconf 98' lang='grc'><strong>1399.</strong></span> <span class='ocrx_word' id='word_1_207' title='bbox 1707 2405 1756 2489; x_wconf 86' lang='grc'><strong>3</strong></span> <span class='ocrx_word' id='word_1_208' title='bbox 1803 2407 2170 2509; x_wconf 83' lang='lat' dir='ltr'><strong>svibnja,</strong></span> <span class='ocrx_word' id='word_1_209' title='bbox 2229 2428 2285 2488; x_wconf 93' lang='lat' dir='ltr'><strong>u</strong></span> <span class='ocrx_word' id='word_1_210' title='bbox 2335 2407 2726 2531; x_wconf 64' lang='lat' dir='ltr'><strong>Mletcih.</strong></span> <span class='ocrx_word' id='word_1_211' title='bbox 2769 2464 2774 2469; x_wconf 83' lang='lat'><em>·</em></span> 
     </span>
    </p>
   </div>
   <div class='ocr_carea' id='block_1_7' title="bbox 312 2547 3042 2818">
    <p class='ocr_par' dir='ltr' id='par_1_7' title="bbox 312 2547 3042 2818">
     <span class='ocr_line' id='line_1_23' title="bbox 312 2547 3042 2637; baseline 0 -28"><span class='ocrx_word' id='word_1_212' title='bbox 312 2551 535 2610; x_wconf 58' lang='lat' dir='ltr'><strong>Budua</strong></span> <span class='ocrx_word' id='word_1_213' title='bbox 568 2569 742 2625; x_wconf 76' lang='lat' dir='ltr'><strong>papa</strong></span> <span class='ocrx_word' id='word_1_214' title='bbox 785 2553 1029 2612; x_wconf 76' lang='lat' dir='ltr'><strong>obdurio</strong></span> <span class='ocrx_word' id='word_1_215' title='bbox 1073 2555 1214 2611; x_wconf 78' lang='lat' dir='ltr'><strong>sina</strong></span> <span class='ocrx_word' id='word_1_216' title='bbox 1256 2553 1443 2611; x_wconf 75' lang='lat' dir='ltr'><strong>Petra</strong></span> <span class='ocrx_word' id='word_1_217' title='bbox 1484 2552 1784 2610; x_wconf 81' lang='lat' dir='ltr'><strong>Marcella</strong></span> <span class='ocrx_word' id='word_1_218' title='bbox 1829 2551 2309 2635; x_wconf 57' lang='lat' dir='ltr'><strong>nadbiskupv&#39;om</strong></span> <span class='ocrx_word' id='word_1_219' title='bbox 2348 2547 2670 2624; x_wconf 63' lang='lat' dir='ltr'><strong>Dradkom,</strong></span> <span class='ocrx_word' id='word_1_220' title='bbox 2709 2553 2850 2624; x_wconf 78' lang='lat' dir='ltr'><strong>koju</strong></span> <span class='ocrx_word' id='word_1_221' title='bbox 2869 2553 2937 2624; x_wconf 81' lang='lat' dir='ltr'><strong>je</strong></span> <span class='ocrx_word' id='word_1_222' title='bbox 2966 2550 3042 2637; x_wconf 75' lang='lat' dir='ltr'><strong>do</strong></span> 
     </span>
     <span class='ocr_line' id='line_1_24' title="bbox 314 2639 3036 2714; baseline 0 -16"><span class='ocrx_word' id='word_1_223' title='bbox 314 2639 467 2698; x_wconf 84' lang='lat' dir='ltr'><strong>sada</strong></span> <span class='ocrx_word' id='word_1_224' title='bbox 512 2640 724 2700; x_wconf 66' lang='lat' dir='ltr'><strong>ubivao</strong></span> <span class='ocrx_word' id='word_1_225' title='bbox 760 2643 1076 2714; x_wconf 78' lang='lat' dir='ltr'><strong>prmancir</strong></span> <span class='ocrx_word' id='word_1_226' title='bbox 1118 2658 1205 2699; x_wconf 85' lang='lat' dir='ltr'><strong>sv.</strong></span> <span class='ocrx_word' id='word_1_227' title='bbox 1253 2639 1502 2713; x_wconf 72' lang='lat' dir='ltr'><strong>Morka,</strong></span> <span class='ocrx_word' id='word_1_228' title='bbox 1553 2645 1607 2699; x_wconf 79' lang='lat' dir='ltr'><strong>te</strong></span> <span class='ocrx_word' id='word_1_229' title='bbox 1651 2641 1710 2699; x_wconf 83' lang='lat' dir='ltr'><strong>bi</strong></span> <span class='ocrx_word' id='word_1_230' title='bbox 1753 2640 1923 2698; x_wconf 80' lang='lat' dir='ltr'><strong>lasno</strong></span> <span class='ocrx_word' id='word_1_231' title='bbox 1971 2644 2107 2713; x_wconf 74' lang='lat' dir='ltr'><strong>toqa</strong></span> <span class='ocrx_word' id='word_1_232' title='bbox 2149 2639 2290 2698; x_wconf 78' lang='lat' dir='ltr'><strong>radi</strong></span> <span class='ocrx_word' id='word_1_233' title='bbox 2333 2639 2463 2699; x_wconf 77' lang='grc' dir='ltr'><strong>ἀοόί</strong></span> <span class='ocrx_word' id='word_1_234' title='bbox 2506 2640 2693 2714; x_wconf 76' lang='lat' dir='ltr'><strong>moylo</strong></span> <span class='ocrx_word' id='word_1_235' title='bbox 2736 2640 2809 2699; x_wconf 83' lang='lat' dir='ltr'><strong>do</strong></span> <span class='ocrx_word' id='word_1_236' title='bbox 2851 2644 3036 2699; x_wconf 76' lang='lat' dir='ltr'><strong>smut-</strong></span> 
     </span>
     <span class='ocr_line' id='line_1_25' title="bbox 535 2727 2844 2818; baseline 0 -32"><span class='ocrx_word' id='word_1_237' title='bbox 535 2731 651 2804; x_wconf 62' lang='lat' dir='ltr'><strong>me,</strong></span> <span class='ocrx_word' id='word_1_238' title='bbox 701 2729 1000 2806; x_wconf 65' lang='lat' dir='ltr'><strong>odludeno,</strong></span> <span class='ocrx_word' id='word_1_239' title='bbox 1048 2730 1129 2788; x_wconf 80' lang='lat' dir='ltr'><strong>da</strong></span> <span class='ocrx_word' id='word_1_240' title='bbox 1172 2745 1236 2788; x_wconf 81' lang='lat' dir='ltr'><strong>se</strong></span> <span class='ocrx_word' id='word_1_241' title='bbox 1269 2729 1406 2801; x_wconf 64' lang='lat' dir='ltr'><strong>pise</strong></span> <span class='ocrx_word' id='word_1_242' title='bbox 1440 2729 1614 2801; x_wconf 76' lang='lat' dir='ltr'><strong>papi,</strong></span> <span class='ocrx_word' id='word_1_243' title='bbox 1658 2729 1815 2786; x_wconf 77' lang='lat' dir='ltr'><strong>nelca</strong></span> <span class='ocrx_word' id='word_1_244' title='bbox 1859 2727 2149 2801; x_wconf 63' lang='lat' dir='ltr'><strong>izvrsem&#39;e</strong></span> <span class='ocrx_word' id='word_1_245' title='bbox 2194 2732 2248 2786; x_wconf 78' lang='lat' dir='ltr'><strong>te</strong></span> <span class='ocrx_word' id='word_1_246' title='bbox 2293 2729 2485 2818; x_wconf 51' lang='grc' dir='ltr'><strong>θήξαντ’</strong></span> <span class='ocrx_word' id='word_1_247' title='bbox 2532 2729 2844 2787; x_wconf 62' lang='lat' dir='ltr'><strong>obsistam.-</strong></span> 
     </span>
    </p>
   </div>
   <div class='ocr_carea' id='block_1_8' title="bbox 317 2845 3051 3719">
    <p class='ocr_par' dir='ltr' id='par_1_8' title="bbox 317 2845 3051 3719">
     <span class='ocr_line' id='line_1_26' title="bbox 533 2845 3043 2932; baseline 0 -22"><span class='ocrx_word' id='word_1_248' title='bbox 533 2848 725 2914; x_wconf 84' lang='lat'><strong>1399.</strong></span> <span class='ocrx_word' id='word_1_249' title='bbox 774 2849 1111 2913; x_wconf 86' lang='lat' dir='ltr'><strong>indictione</strong></span> <span class='ocrx_word' id='word_1_250' title='bbox 1158 2849 1298 2924; x_wconf 92' lang='lat' dir='ltr'><strong>VII,</strong></span> <span class='ocrx_word' id='word_1_251' title='bbox 1346 2848 1443 2911; x_wconf 90' lang='lat' dir='ltr'><strong>die</strong></span> <span class='ocrx_word' id='word_1_252' title='bbox 1486 2847 1583 2912; x_wconf 91' lang='lat' dir='ltr'><strong>III</strong></span> <span class='ocrx_word' id='word_1_253' title='bbox 1628 2847 1795 2912; x_wconf 87' lang='lat' dir='ltr'><strong>maii.</strong></span> <span class='ocrx_word' id='word_1_254' title='bbox 1863 2845 2089 2928; x_wconf 87' lang='lat' dir='ltr'><strong>Capta:</strong></span> <span class='ocrx_word' id='word_1_255' title='bbox 2159 2846 2304 2929; x_wconf 90' lang='lat' dir='ltr'><strong>quia</strong></span> <span class='ocrx_word' id='word_1_256' title='bbox 2351 2847 2709 2932; x_wconf 79' lang='lat' dir='ltr'><strong>satissimus</strong></span> <span class='ocrx_word' id='word_1_257' title='bbox 2757 2847 3043 2911; x_wconf 91' lang='lat' dir='ltr'><strong>dominus</strong></span> 
     </span>
     <span class='ocr_line' id='line_1_27' title="bbox 317 2933 3042 3019; baseline -0 -21"><span class='ocrx_word' id='word_1_258' title='bbox 317 2954 496 3019; x_wconf 90' lang='lat' dir='ltr'><strong>papa,</strong></span> <span class='ocrx_word' id='word_1_259' title='bbox 574 2938 912 3002; x_wconf 86' lang='lat' dir='ltr'><strong>seeundum</strong></span> <span class='ocrx_word' id='word_1_260' title='bbox 983 2935 1144 3019; x_wconf 91' lang='lat' dir='ltr'><strong>quod</strong></span> <span class='ocrx_word' id='word_1_261' title='bbox 1222 2937 1485 3012; x_wconf 85' lang='lat' dir='ltr'><strong>videtur,</strong></span> <span class='ocrx_word' id='word_1_262' title='bbox 1557 2953 1630 2999; x_wconf 85' lang='lat' dir='ltr'><strong>ex</strong></span> <span class='ocrx_word' id='word_1_263' title='bbox 1699 2935 1874 2999; x_wconf 88' lang='lat' dir='ltr'><strong>motu</strong></span> <span class='ocrx_word' id='word_1_264' title='bbox 1937 2933 2183 3017; x_wconf 87' lang='lat' dir='ltr'><strong>proprio</strong></span> <span class='ocrx_word' id='word_1_265' title='bbox 2238 2935 2508 3017; x_wconf 89' lang='lat' dir='ltr'><strong>providit</strong></span> <span class='ocrx_word' id='word_1_266' title='bbox 2549 2935 2679 2998; x_wconf 93' lang='lat' dir='ltr'><strong>filio</strong></span> <span class='ocrx_word' id='word_1_267' title='bbox 2728 2954 2829 2998; x_wconf 88' lang='lat' dir='ltr'><strong>ser</strong></span> <span class='ocrx_word' id='word_1_268' title='bbox 2873 2934 3042 2997; x_wconf 87' lang='lat' dir='ltr'><strong>Petri</strong></span> 
     </span>
     <span class='ocr_line' id='line_1_28' title="bbox 320 3021 3051 3106; baseline -0.001 -20"><span class='ocrx_word' id='word_1_269' title='bbox 320 3023 649 3089; x_wconf 87' lang='lat' dir='ltr'><strong>Michaelis</strong></span> <span class='ocrx_word' id='word_1_270' title='bbox 697 3023 773 3088; x_wconf 85' lang='lat' dir='ltr'><strong>de</strong></span> <span class='ocrx_word' id='word_1_271' title='bbox 820 3024 1354 3106; x_wconf 86' lang='lat' dir='ltr'><strong>archiepiscopatu</strong></span> <span class='ocrx_word' id='word_1_272' title='bbox 1402 3021 1721 3099; x_wconf 86' lang='lat' dir='ltr'><strong>Durachii,</strong></span> <span class='ocrx_word' id='word_1_273' title='bbox 1771 3040 1954 3104; x_wconf 87' lang='lat' dir='ltr'><strong>quem</strong></span> <span class='ocrx_word' id='word_1_274' title='bbox 2002 3022 2273 3086; x_wconf 90' lang='lat' dir='ltr'><strong>habebat</strong></span> <span class='ocrx_word' id='word_1_275' title='bbox 2319 3026 2380 3086; x_wconf 89' lang='lat' dir='ltr'><strong>et</strong></span> <span class='ocrx_word' id='word_1_276' title='bbox 2451 3022 2705 3086; x_wconf 87' lang='lat' dir='ltr'><strong>tenebat</strong></span> <span class='ocrx_word' id='word_1_277' title='bbox 2773 3022 3051 3085; x_wconf 88' lang='lat' dir='ltr'><strong>auctori-</strong></span> 
     </span>
     <span class='ocr_line' id='line_1_29' title="bbox 322 3108 3047 3195; baseline -0.001 -20"><span class='ocrx_word' id='word_1_278' title='bbox 322 3112 449 3175; x_wconf 83' lang='lat' dir='ltr'><strong>tate</strong></span> <span class='ocrx_word' id='word_1_279' title='bbox 498 3112 837 3195; x_wconf 87' lang='lat' dir='ltr'><strong>apostolica</strong></span> <span class='ocrx_word' id='word_1_280' title='bbox 881 3111 1169 3176; x_wconf 91' lang='lat' dir='ltr'><strong>dominus</strong></span> <span class='ocrx_word' id='word_1_281' title='bbox 1212 3110 1602 3193; x_wconf 85' lang='lat' dir='ltr'><strong>primicerius</strong></span> <span class='ocrx_word' id='word_1_282' title='bbox 1673 3109 1870 3173; x_wconf 86' lang='lat' dir='ltr'><strong>saneti</strong></span> <span class='ocrx_word' id='word_1_283' title='bbox 1940 3110 2159 3188; x_wconf 81' lang='lat' dir='ltr'><strong>Marci,</strong></span> <span class='ocrx_word' id='word_1_284' title='bbox 2231 3113 2293 3172; x_wconf 90' lang='lat' dir='ltr'><strong>et</strong></span> <span class='ocrx_word' id='word_1_285' title='bbox 2364 3110 2484 3173; x_wconf 90' lang='lat' dir='ltr'><strong>ista</strong></span> <span class='ocrx_word' id='word_1_286' title='bbox 2530 3128 2626 3172; x_wconf 92' lang='lat' dir='ltr'><strong>res</strong></span> <span class='ocrx_word' id='word_1_287' title='bbox 2676 3112 2740 3172; x_wconf 91' lang='lat' dir='ltr'><strong>et</strong></span> <span class='ocrx_word' id='word_1_288' title='bbox 2802 3108 3047 3172; x_wconf 85' lang='lat' dir='ltr'><strong>similes</strong></span> 
     </span>
     <span class='ocr_line' id='line_1_30' title="bbox 320 3196 3039 3280; baseline -0.001 -18"><span class='ocrx_word' id='word_1_289' title='bbox 320 3204 571 3280; x_wconf 85' lang='lat' dir='ltr'><strong>possent</strong></span> <span class='ocrx_word' id='word_1_290' title='bbox 618 3218 752 3264; x_wconf 88' lang='lat' dir='ltr'><strong>esse</strong></span> <span class='ocrx_word' id='word_1_291' title='bbox 798 3218 987 3265; x_wconf 87' lang='lat' dir='ltr'><strong>causa</strong></span> <span class='ocrx_word' id='word_1_292' title='bbox 1030 3198 1288 3263; x_wconf 85' lang='lat' dir='ltr'><strong>maximi</strong></span> <span class='ocrx_word' id='word_1_293' title='bbox 1334 3198 1560 3263; x_wconf 91' lang='lat' dir='ltr'><strong>erroris</strong></span> <span class='ocrx_word' id='word_1_294' title='bbox 1607 3198 1671 3261; x_wconf 88' lang='lat' dir='ltr'><strong>et</strong></span> <span class='ocrx_word' id='word_1_295' title='bbox 1717 3196 1990 3260; x_wconf 89' lang='lat' dir='ltr'><strong>scandali</strong></span> <span class='ocrx_word' id='word_1_296' title='bbox 2035 3199 2101 3272; x_wconf 89' lang='lat' dir='ltr'><strong>in</strong></span> <span class='ocrx_word' id='word_1_297' title='bbox 2168 3197 2282 3259; x_wconf 86' lang='lat' dir='ltr'><strong>hac</strong></span> <span class='ocrx_word' id='word_1_298' title='bbox 2353 3196 2626 3274; x_wconf 87' lang='lat' dir='ltr'><strong>civitate,</strong></span> <span class='ocrx_word' id='word_1_299' title='bbox 2700 3196 2856 3278; x_wconf 91' lang='lat' dir='ltr'><strong>quod</strong></span> <span class='ocrx_word' id='word_1_300' title='bbox 2919 3214 3039 3259; x_wconf 91' lang='lat' dir='ltr'><strong>non</strong></span> 
     </span>
     <span class='ocr_line' id='line_1_31' title="bbox 320 3283 3045 3371; baseline -0.002 -22"><span class='ocrx_word' id='word_1_301' title='bbox 320 3289 417 3349; x_wconf 92' lang='lat' dir='ltr'><strong>est</strong></span> <span class='ocrx_word' id='word_1_302' title='bbox 461 3286 898 3364; x_wconf 89' lang='lat' dir='ltr'><strong>tollerandum,</strong></span> <span class='ocrx_word' id='word_1_303' title='bbox 947 3306 1090 3371; x_wconf 82' lang='lat' dir='ltr'><strong>ymo</strong></span> <span class='ocrx_word' id='word_1_304' title='bbox 1140 3301 1324 3367; x_wconf 82' lang='lat' dir='ltr'><strong>super</strong></span> <span class='ocrx_word' id='word_1_305' title='bbox 1392 3286 1532 3349; x_wconf 88' lang='lat' dir='ltr'><strong>inde</strong></span> <span class='ocrx_word' id='word_1_306' title='bbox 1602 3283 1850 3367; x_wconf 89' lang='lat' dir='ltr'><strong>penitus</strong></span> <span class='ocrx_word' id='word_1_307' title='bbox 1918 3285 2354 3366; x_wconf 85' lang='lat' dir='ltr'><strong>providendum</strong></span> <span class='ocrx_word' id='word_1_308' title='bbox 2429 3301 2535 3365; x_wconf 89' lang='lat' dir='ltr'><strong>pro</strong></span> <span class='ocrx_word' id='word_1_309' title='bbox 2610 3284 2768 3348; x_wconf 90' lang='lat' dir='ltr'><strong>bono</strong></span> <span class='ocrx_word' id='word_1_310' title='bbox 2837 3284 3045 3347; x_wconf 86' lang='lat' dir='ltr'><strong>status</strong></span> 
     </span>
     <span class='ocr_line' id='line_1_32' title="bbox 320 3369 3045 3457; baseline -0.001 -21"><span class='ocrx_word' id='word_1_311' title='bbox 320 3374 550 3452; x_wconf 83' lang='lat' dir='ltr'><strong>nostri3</strong></span> <span class='ocrx_word' id='word_1_312' title='bbox 602 3376 772 3440; x_wconf 89' lang='lat' dir='ltr'><strong>vadit</strong></span> <span class='ocrx_word' id='word_1_313' title='bbox 817 3393 979 3457; x_wconf 88' lang='lat' dir='ltr'><strong>pars,</strong></span> <span class='ocrx_word' id='word_1_314' title='bbox 1023 3374 1180 3456; x_wconf 91' lang='lat' dir='ltr'><strong>quod</strong></span> <span class='ocrx_word' id='word_1_315' title='bbox 1226 3373 1463 3455; x_wconf 82' lang='lat' dir='ltr'><strong>possint</strong></span> <span class='ocrx_word' id='word_1_316' title='bbox 1511 3372 1697 3437; x_wconf 84' lang='lat' dir='ltr'><strong>scribi</strong></span> <span class='ocrx_word' id='word_1_317' title='bbox 1746 3371 1927 3435; x_wconf 88' lang='lat' dir='ltr'><strong>litere</strong></span> <span class='ocrx_word' id='word_1_318' title='bbox 1978 3370 2213 3453; x_wconf 85' lang='lat' dir='ltr'><strong>prefato</strong></span> <span class='ocrx_word' id='word_1_319' title='bbox 2276 3372 2522 3435; x_wconf 88' lang='lat' dir='ltr'><strong>domino</strong></span> <span class='ocrx_word' id='word_1_320' title='bbox 2569 3389 2726 3453; x_wconf 89' lang='lat' dir='ltr'><strong>pape</strong></span> <span class='ocrx_word' id='word_1_321' title='bbox 2773 3372 2836 3434; x_wconf 87' lang='lat' dir='ltr'><strong>et</strong></span> <span class='ocrx_word' id='word_1_322' title='bbox 2882 3369 3045 3448; x_wconf 82' lang='lat' dir='ltr'><strong>aliis,</strong></span> 
     </span>
     <span class='ocr_line' id='line_1_33' title="bbox 319 3458 3044 3544; baseline -0.002 -19"><span class='ocrx_word' id='word_1_323' title='bbox 319 3463 423 3544; x_wconf 91' lang='lat' dir='ltr'><strong>qui</strong></span> <span class='ocrx_word' id='word_1_324' title='bbox 458 3462 860 3542; x_wconf 84' lang='lat' dir='ltr'><strong>videbuntur,</strong></span> <span class='ocrx_word' id='word_1_325' title='bbox 911 3463 973 3525; x_wconf 93' lang='lat' dir='ltr'><strong>in</strong></span> <span class='ocrx_word' id='word_1_326' title='bbox 1016 3464 1186 3526; x_wconf 88' lang='lat' dir='ltr'><strong>curia</strong></span> <span class='ocrx_word' id='word_1_327' title='bbox 1234 3478 1488 3525; x_wconf 88' lang='lat' dir='ltr'><strong>romana</strong></span> <span class='ocrx_word' id='word_1_328' title='bbox 1533 3477 1643 3543; x_wconf 90' lang='lat' dir='ltr'><strong>pro</strong></span> <span class='ocrx_word' id='word_1_329' title='bbox 1690 3460 2041 3523; x_wconf 84' lang='lat' dir='ltr'><strong>obviatione</strong></span> <span class='ocrx_word' id='word_1_330' title='bbox 2104 3460 2517 3541; x_wconf 86' lang='lat' dir='ltr'><strong>predictorum</strong></span> <span class='ocrx_word' id='word_1_331' title='bbox 2590 3461 2652 3521; x_wconf 87' lang='lat' dir='ltr'><strong>et</strong></span> <span class='ocrx_word' id='word_1_332' title='bbox 2720 3458 3044 3535; x_wconf 85' lang='lat' dir='ltr'><strong>similium,</strong></span> 
     </span>
     <span class='ocr_line' id='line_1_34' title="bbox 320 3544 3044 3632; baseline -0.001 -20"><span class='ocrx_word' id='word_1_333' title='bbox 320 3552 385 3613; x_wconf 91' lang='lat' dir='ltr'><strong>et</strong></span> <span class='ocrx_word' id='word_1_334' title='bbox 432 3552 502 3613; x_wconf 92' lang='lat' dir='ltr'><strong>ut</strong></span> <span class='ocrx_word' id='word_1_335' title='bbox 548 3550 827 3632; x_wconf 88' lang='lat' dir='ltr'><strong>predicta</strong></span> <span class='ocrx_word' id='word_1_336' title='bbox 874 3566 993 3614; x_wconf 90' lang='lat' dir='ltr'><strong>non</strong></span> <span class='ocrx_word' id='word_1_337' title='bbox 1040 3551 1494 3630; x_wconf 84' lang='lat' dir='ltr'><strong>consequantur</strong></span> <span class='ocrx_word' id='word_1_338' title='bbox 1538 3548 1825 3611; x_wconf 82' lang='lat' dir='ltr'><strong>effectum</strong></span> <span class='ocrx_word' id='word_1_339' title='bbox 1878 3548 1937 3609; x_wconf 90' lang='lat' dir='ltr'><strong>in</strong></span> <span class='ocrx_word' id='word_1_340' title='bbox 1989 3547 2097 3610; x_wconf 87' lang='lat' dir='ltr'><strong>illa</strong></span> <span class='ocrx_word' id='word_1_341' title='bbox 2144 3546 2358 3625; x_wconf 88' lang='lat' dir='ltr'><strong>forma,</strong></span> <span class='ocrx_word' id='word_1_342' title='bbox 2407 3566 2524 3628; x_wconf 86' lang='lat' dir='ltr'><strong>que</strong></span> <span class='ocrx_word' id='word_1_343' title='bbox 2579 3545 2892 3609; x_wconf 79' lang='lat' dir='ltr'><strong>videbitur</strong></span> <span class='ocrx_word' id='word_1_344' title='bbox 2936 3544 3044 3608; x_wconf 82' lang='lat' dir='ltr'><strong>do-</strong></span> 
     </span>
     <span class='ocr_line' id='line_1_35' title="bbox 320 3635 2082 3719; baseline -0.003 -19"><span class='ocrx_word' id='word_1_345' title='bbox 320 3637 531 3701; x_wconf 92' lang='lat' dir='ltr'><strong>minio.</strong></span> <span class='ocrx_word' id='word_1_346' title='bbox 583 3639 675 3701; x_wconf 90' lang='lat' dir='ltr'><strong>De</strong></span> <span class='ocrx_word' id='word_1_347' title='bbox 725 3643 898 3719; x_wconf 88' lang='lat' dir='ltr'><strong>parte</strong></span> <span class='ocrx_word' id='word_1_348' title='bbox 943 3635 1050 3717; x_wconf 80' lang='lat'><strong>52,</strong></span> <span class='ocrx_word' id='word_1_349' title='bbox 1101 3638 1175 3700; x_wconf 87' lang='lat' dir='ltr'><strong>de</strong></span> <span class='ocrx_word' id='word_1_350' title='bbox 1221 3655 1339 3700; x_wconf 90' lang='lat' dir='ltr'><strong>non</strong></span> <span class='ocrx_word' id='word_1_351' title='bbox 1390 3636 1494 3712; x_wconf 79' lang='lat'><strong>27,</strong></span> <span class='ocrx_word' id='word_1_352' title='bbox 1546 3652 1666 3698; x_wconf 92' lang='lat' dir='ltr'><strong>non</strong></span> <span class='ocrx_word' id='word_1_353' title='bbox 1709 3635 1931 3699; x_wconf 88' lang='lat' dir='ltr'><strong>sinceri</strong></span> <span class='ocrx_word' id='word_1_354' title='bbox 1983 3636 2082 3696; x_wconf 86' lang='lat'><strong>14.</strong></span> 
     </span>
    </p>
   </div>
   <div class='ocr_carea' id='block_1_9' title="bbox 403 3744 1608 3832">
    <p class='ocr_par' dir='ltr' id='par_1_9' title="bbox 403 3744 1608 3832">
     <span class='ocr_line' id='line_1_36' title="bbox 403 3744 1608 3832; baseline -0.002 -28"><span class='ocrx_word' id='word_1_355' title='bbox 403 3746 585 3806; x_wconf 76' lang='lat' dir='ltr'><strong>Misti</strong></span> <span class='ocrx_word' id='word_1_356' title='bbox 634 3745 876 3805; x_wconf 86' lang='lat' dir='ltr'><strong><em>XLIV.</em></strong></span> <span class='ocrx_word' id='word_1_357' title='bbox 923 3748 1026 3822; x_wconf 87' lang='lat'><strong>99,</strong></span> <span class='ocrx_word' id='word_1_358' title='bbox 1076 3764 1119 3804; x_wconf 79' lang='lat' dir='ltr'><strong>u</strong></span> <span class='ocrx_word' id='word_1_359' title='bbox 1161 3745 1319 3803; x_wconf 80' lang='lat' dir='ltr'><strong>mlet.</strong></span> <span class='ocrx_word' id='word_1_360' title='bbox 1371 3744 1608 3832; x_wconf 55' lang='lat' dir='ltr'><strong>arkivse.</strong></span> 
     </span>
    </p>
   </div>
   <div class='ocr_carea' id='block_1_10' title="bbox 634 3929 2766 4031">
    <p class='ocr_par' dir='ltr' id='par_1_10' title="bbox 634 3929 2766 4031">
     <span class='ocr_line' id='line_1_37' title="bbox 634 3929 2766 4031; baseline -0.003 -15"><span class='ocrx_word' id='word_1_361' title='bbox 634 3933 1065 4017; x_wconf 86' lang='lat' dir='ltr'><strong>DLXXV.</strong></span> <span class='ocrx_word' id='word_1_362' title='bbox 1117 3931 1324 4015; x_wconf 78' lang='lat' dir='ltr'><strong>God.</strong></span> <span class='ocrx_word' id='word_1_363' title='bbox 1381 3932 1613 4014; x_wconf 89' lang='grc'><strong>1399.</strong></span> <span class='ocrx_word' id='word_1_364' title='bbox 1675 3931 1783 4014; x_wconf 86' lang='grc'><strong>30</strong></span> <span class='ocrx_word' id='word_1_365' title='bbox 1838 3930 2204 4031; x_wconf 79' lang='lat' dir='ltr'><strong>svibnja,</strong></span> <span class='ocrx_word' id='word_1_366' title='bbox 2257 3952 2318 4010; x_wconf 89' lang='lat' dir='ltr'><strong>u</strong></span> <span class='ocrx_word' id='word_1_367' title='bbox 2373 3929 2766 4012; x_wconf 82' lang='lat' dir='ltr'><strong>Mletcih.</strong></span> 
     </span>
    </p>
   </div>
   <div class='ocr_carea' id='block_1_11' title="bbox 317 4070 3044 4422">
    <p class='ocr_par' dir='ltr' id='par_1_11' title="bbox 317 4070 3044 4422">
     <span class='ocr_line' id='line_1_38' title="bbox 528 4070 3044 4157; baseline -0.004 -15"><span class='ocrx_word' id='word_1_368' title='bbox 528 4077 943 4142; x_wconf 86' lang='lat' dir='ltr'><strong>Commissum</strong></span> <span class='ocrx_word' id='word_1_369' title='bbox 992 4076 1313 4157; x_wconf 86' lang='lat' dir='ltr'><strong>capitaneo</strong></span> <span class='ocrx_word' id='word_1_370' title='bbox 1360 4073 1591 4154; x_wconf 84' lang='lat' dir='ltr'><strong>eulphi,</strong></span> <span class='ocrx_word' id='word_1_371' title='bbox 1640 4072 1800 4155; x_wconf 90' lang='lat' dir='ltr'><strong>quod</strong></span> <span class='ocrx_word' id='word_1_372' title='bbox 1849 4092 1987 4136; x_wconf 89' lang='lat' dir='ltr'><strong>cum</strong></span> <span class='ocrx_word' id='word_1_373' title='bbox 2038 4071 2235 4154; x_wconf 83' lang='lat' dir='ltr'><strong>galeis</strong></span> <span class='ocrx_word' id='word_1_374' title='bbox 2283 4072 2399 4134; x_wconf 90' lang='lat' dir='ltr'><strong>sibi</strong></span> <span class='ocrx_word' id='word_1_375' title='bbox 2471 4071 2820 4135; x_wconf 89' lang='lat' dir='ltr'><strong>commissis</strong></span> <span class='ocrx_word' id='word_1_376' title='bbox 2886 4070 3044 4151; x_wconf 86' lang='lat' dir='ltr'><strong>vigi-</strong></span> 
     </span>
     <span class='ocr_line' id='line_1_39' title="bbox 318 4159 3043 4247; baseline -0.002 -21"><span class='ocrx_word' id='word_1_377' title='bbox 318 4163 446 4227; x_wconf 89' lang='lat' dir='ltr'><strong>lare</strong></span> <span class='ocrx_word' id='word_1_378' title='bbox 495 4165 713 4230; x_wconf 87' lang='lat' dir='ltr'><strong>debeat</strong></span> <span class='ocrx_word' id='word_1_379' title='bbox 756 4166 890 4228; x_wconf 82' lang='lat' dir='ltr'><strong>toto</strong></span> <span class='ocrx_word' id='word_1_380' title='bbox 940 4182 1119 4247; x_wconf 89' lang='lat' dir='ltr'><strong>posse</strong></span> <span class='ocrx_word' id='word_1_381' title='bbox 1165 4164 1239 4226; x_wconf 90' lang='lat' dir='ltr'><strong>ad</strong></span> <span class='ocrx_word' id='word_1_382' title='bbox 1287 4161 1645 4243; x_wconf 87' lang='lat' dir='ltr'><strong>capiendum</strong></span> <span class='ocrx_word' id='word_1_383' title='bbox 1697 4161 2027 4243; x_wconf 89' lang='lat' dir='ltr'><strong>quamdam</strong></span> <span class='ocrx_word' id='word_1_384' title='bbox 2083 4160 2452 4241; x_wconf 88' lang='lat' dir='ltr'><strong>spinaricam</strong></span> <span class='ocrx_word' id='word_1_385' title='bbox 2506 4159 2835 4242; x_wconf 89' lang='lat' dir='ltr'><strong>(cocham),</strong></span> <span class='ocrx_word' id='word_1_386' title='bbox 2888 4177 3043 4239; x_wconf 87' lang='lat' dir='ltr'><strong>quae</strong></span> 
     </span>
     <span class='ocr_line' id='line_1_40' title="bbox 319 4246 3042 4334; baseline -0.003 -19"><span class='ocrx_word' id='word_1_387' title='bbox 319 4252 510 4316; x_wconf 84' lang='lat' dir='ltr'><strong>exivit</strong></span> <span class='ocrx_word' id='word_1_388' title='bbox 555 4253 629 4316; x_wconf 89' lang='lat' dir='ltr'><strong>de</strong></span> <span class='ocrx_word' id='word_1_389' title='bbox 677 4255 856 4334; x_wconf 90' lang='lat' dir='ltr'><strong>portu</strong></span> <span class='ocrx_word' id='word_1_390' title='bbox 902 4251 1153 4329; x_wconf 86' lang='lat' dir='ltr'><strong>Jadrae,</strong></span> <span class='ocrx_word' id='word_1_391' title='bbox 1204 4249 1563 4330; x_wconf 89' lang='lat' dir='ltr'><strong>dispositam</strong></span> <span class='ocrx_word' id='word_1_392' title='bbox 1613 4249 1702 4311; x_wconf 84' lang='lat' dir='ltr'><strong>ire</strong></span> <span class='ocrx_word' id='word_1_393' title='bbox 1749 4248 1826 4311; x_wconf 92' lang='lat' dir='ltr'><strong>ad</strong></span> <span class='ocrx_word' id='word_1_394' title='bbox 1873 4265 2120 4312; x_wconf 88' lang='lat' dir='ltr'><strong>cursum</strong></span> <span class='ocrx_word' id='word_1_395' title='bbox 2169 4248 2244 4310; x_wconf 89' lang='lat' dir='ltr'><strong>ad</strong></span> <span class='ocrx_word' id='word_1_396' title='bbox 2312 4246 2540 4309; x_wconf 89' lang='lat' dir='ltr'><strong>damna</strong></span> <span class='ocrx_word' id='word_1_397' title='bbox 2605 4264 3042 4326; x_wconf 90' lang='lat' dir='ltr'><strong>quorumcum-</strong></span> 
     </span>
     <span class='ocr_line' id='line_1_41' title="bbox 317 4333 3038 4422; baseline -0.001 -20"><span class='ocrx_word' id='word_1_398' title='bbox 317 4358 452 4421; x_wconf 87' lang='lat' dir='ltr'><strong>que,</strong></span> <span class='ocrx_word' id='word_1_399' title='bbox 526 4343 590 4404; x_wconf 89' lang='lat' dir='ltr'><strong>et</strong></span> <span class='ocrx_word' id='word_1_400' title='bbox 636 4341 796 4404; x_wconf 85' lang='lat' dir='ltr'><strong>male</strong></span> <span class='ocrx_word' id='word_1_401' title='bbox 843 4339 1207 4422; x_wconf 87' lang='lat' dir='ltr'><strong>dispositam</strong></span> <span class='ocrx_word' id='word_1_402' title='bbox 1257 4355 1404 4417; x_wconf 88' lang='lat' dir='ltr'><strong>erga</strong></span> <span class='ocrx_word' id='word_1_403' title='bbox 1468 4335 1746 4408; x_wconf 80' lang='lat' dir='ltr'><strong>subditos</strong></span> <span class='ocrx_word' id='word_1_404' title='bbox 1818 4337 2090 4411; x_wconf 73' lang='lat' dir='ltr'><strong>venetos,</strong></span> <span class='ocrx_word' id='word_1_405' title='bbox 2161 4337 2223 4396; x_wconf 86' lang='lat' dir='ltr'><strong>et</strong></span> <span class='ocrx_word' id='word_1_406' title='bbox 2279 4336 2469 4397; x_wconf 86' lang='lat' dir='ltr'><strong>etiam</strong></span> <span class='ocrx_word' id='word_1_407' title='bbox 2516 4351 2693 4396; x_wconf 83' lang='lat' dir='ltr'><strong>suam</strong></span> <span class='ocrx_word' id='word_1_408' title='bbox 2747 4333 3038 4398; x_wconf 87' lang='lat' dir='ltr'><strong>barcham</strong></span> 
     </span>
    </p>
   </div>
   <div class='ocr_carea' id='block_1_12' title="bbox 319 4422 2316 4608">
    <p class='ocr_par' dir='ltr' id='par_1_12' title="bbox 319 4422 2316 4608">
     <span class='ocr_line' id='line_1_42' title="bbox 319 4422 2316 4510; baseline -0.002 -21"><span class='ocrx_word' id='word_1_409' title='bbox 319 4426 576 4492; x_wconf 88' lang='lat' dir='ltr'><strong>missam</strong></span> <span class='ocrx_word' id='word_1_410' title='bbox 624 4426 891 4510; x_wconf 86' lang='lat' dir='ltr'><strong>Segnam</strong></span> <span class='ocrx_word' id='word_1_411' title='bbox 941 4427 1018 4490; x_wconf 91' lang='lat' dir='ltr'><strong>ad</strong></span> <span class='ocrx_word' id='word_1_412' title='bbox 1065 4426 1392 4491; x_wconf 87' lang='lat' dir='ltr'><strong>levandum</strong></span> <span class='ocrx_word' id='word_1_413' title='bbox 1442 4423 1800 4486; x_wconf 89' lang='lat' dir='ltr'><strong>balistarios</strong></span> <span class='ocrx_word' id='word_1_414' title='bbox 1849 4422 2316 4504; x_wconf 86' lang='lat' dir='ltr'><strong>quinquaginta.</strong></span> 
     </span>
     <span class='ocr_line' id='line_1_43' title="bbox 403 4534 1635 4608; baseline 0.002 -16"><span class='ocrx_word' id='word_1_415' title='bbox 403 4535 582 4594; x_wconf 73' lang='lat' dir='ltr'><strong>Misti</strong></span> <span class='ocrx_word' id='word_1_416' title='bbox 633 4535 869 4594; x_wconf 87' lang='lat' dir='ltr'><strong><em>XLIV.</em></strong></span> <span class='ocrx_word' id='word_1_417' title='bbox 916 4536 1066 4608; x_wconf 76' lang='lat'><strong>103,</strong></span> <span class='ocrx_word' id='word_1_418' title='bbox 1109 4551 1151 4593; x_wconf 78' lang='lat' dir='ltr'><strong>u</strong></span> <span class='ocrx_word' id='word_1_419' title='bbox 1195 4534 1351 4592; x_wconf 77' lang='lat' dir='ltr'><strong>mlet.</strong></span> <span class='ocrx_word' id='word_1_420' title='bbox 1401 4534 1635 4594; x_wconf 78' lang='lat' dir='ltr'><strong>arkivu.</strong></span> 
     </span>
    </p>
   </div>
  </div>
 </body>
</html>
