3620 5282
2964 357 3097 426 261

374 537 540 603 stare
587 535 754 602 dicto
799 538 1131 619 quatern03
1194 536 1524 602 consulunt
1580 535 1924 619 sapientae,
1974 539 2037 603 et
2103 534 2169 601 in
2215 536 2330 602 hoc
2389 536 2597 619 partes
2643 535 3101 613 contentantur,

370 625 532 707 quod
580 626 820 707 quando
865 626 1048 689 erunt
1093 624 1156 689 in
1202 623 1479 702 Curzola,
1528 624 1731 689 dictus
1778 626 2116 708 quaternus
2158 624 2463 702 videatur,
2511 624 2578 688 et
2620 622 2672 688 si
2706 624 2799 689 ita
2843 624 2982 702 erit,
3028 625 3105 687 ut

372 712 588 777 dicunt
632 706 727 777 illi
774 712 851 777 de
900 710 1182 790 Curzula,
1229 713 1390 795 quod
1438 730 1647 778 comes
1692 712 1931 779 solvere
1977 714 2285 778 teneatur.

582 834 818 918 Capta:
868 853 1053 917 super
1100 835 1317 917 quarto
1362 834 1652 918 capitulo,
1702 856 1810 918 per
1851 836 2010 920 quod
2060 837 2279 918 petunt
2323 835 2417 901 illi
2464 835 2540 899 de
2589 833 2846 901 Curzola
2891 835 2956 899 et
2993 833 3090 897 di-

375 923 541 1001 cunt,
592 925 752 1005 quod
794 941 1003 987 comes
1048 922 1269 986 habuit
1314 925 1561 987 centum
1618 923 1840 1007 viginti
1904 924 2164 988 ducatos
2222 942 2332 1006 pro
2393 924 2659 1006 quadam
2721 923 3094 988 condemna-

376 1010 541 1075 tione
587 1010 755 1076 facta
799 1009 1052 1074 cuidam
1095 1009 1311 1093 Mulgo
1357 1009 1467 1076 Sto
1514 1010 1590 1075 de
1633 1010 1915 1088 Curzola,
1964 1011 2070 1096 qui
2111 1010 2346 1076 denarii
2379 1013 2523 1075 sunt
2555 1012 2628 1075 de
2660 1011 2896 1075 ratione
2927 1028 3098 1074 com-

374 1098 597 1177 munis,
648 1101 713 1163 et
756 1101 1079 1181 propterea
1127 1099 1347 1180 petunt
1382 1098 1579 1163 dictos
1626 1099 1908 1164 denarios
1954 1119 1991 1164 a
2035 1098 2197 1165 dicto
2244 1098 2509 1173 comite;
2575 1100 2640 1162 et
2684 1116 2888 1163 comes
2936 1098 3102 1162 dicat

375 1188 441 1251 et
485 1188 711 1268 aleget,
749 1187 909 1269 quod
955 1186 1108 1250 bene
1154 1185 1373 1250 habuit
1414 1186 1613 1251 dictos
1659 1186 1964 1265 denarios,
2014 1187 2120 1251 sed
2178 1187 2346 1269 ipsos
2411 1185 2657 1269 expedit
2715 1186 2779 1250 in
2832 1183 3105 1250 servitiis

373 1274 741 1352 communis,
791 1272 894 1356 qui
932 1273 1086 1337 emit
1128 1291 1320 1337 unum
1361 1273 1626 1357 lignum,
1692 1273 1865 1338 etin
1926 1273 2066 1338 aliis
2128 1274 2312 1339 rebus
2372 1275 2438 1338 et
2495 1273 2879 1339 utilitatibus
2945 1271 3101 1335 dicti

374 1362 719 1427 communis
765 1361 1071 1426 convertit
1115 1361 1311 1426 dictos
1358 1360 1658 1440 denarios,
1714 1380 1854 1426 cum
1901 1361 2018 1426 hoc
2065 1362 2182 1439 sit,
2243 1361 2404 1445 quod
2453 1361 2581 1426 iam
2628 1362 2774 1425 sunt
2814 1357 3101 1424 XXVIII

376 1449 523 1514 anni
567 1448 667 1513 vel
712 1448 895 1526 circa,
945 1448 1106 1531 quod
1154 1448 1319 1512 dicta
1363 1448 1789 1513 condemnatio
1836 1447 2001 1514 facta
2046 1448 2201 1527 fuit,
2251 1469 2368 1532 que
2414 1449 2633 1531 petitio
2698 1448 2942 1513 videtur
2991 1464 3094 1511 ca-

378 1536 745 1612 luminiosa3
793 1537 860 1600 et
905 1536 1041 1601 ideo
1094 1536 1423 1600 consulunt
1466 1537 1797 1621 sapientes,
1849 1539 1912 1601 et
1960 1538 2049 1601 ita
2093 1538 2533 1602 contentantur
2577 1535 2675 1600 illi
2706 1535 2782 1600 de
2812 1534 3097 1613 Curzola,

387 1624 546 1708 quod
590 1625 1273 1688 detur‘sacrameutum
1320 1624 1552 1703 comiti,
1602 1624 1760 1706 quod
1808 1624 2055 1708 expedit
2099 1627 2163 1690 et
2199 1626 2500 1689 convertit
2544 1623 2744 1688 dictos
2796 1622 3101 1699 denarios,

386 1713 457 1776 nt
501 1712 671 1789 dicit,
722 1713 785 1777 et
829 1711 964 1793 ipso
1013 1711 1271 1787 iurante,
1322 1729 1526 1776 comes
1572 1712 1648 1776 ab
1695 1711 1830 1795 ipsa
1862 1731 2016 1795 pena
2041 1712 2417 1791 absolvatur,
2466 1711 2624 1794 quod
2651 1712 3107 1776 sacramentum

380 1799 688 1865 deferatur
734 1800 968 1878 comiti,
1018 1799 1184 1864 sicut
1230 1798 1566 1864 dominatio
1615 1799 1879 1865 voluerit
1922 1800 2225 1865 ordinare.

592 1911 825 1996 Capta:
875 1932 1058 1996 super
1104 1913 1323 1996 quinto
1370 1912 1662 1995 capitulo,
1711 1932 1823 1996 per
1865 1913 2024 1997 quod
2072 1913 2166 1978 illi
2213 1913 2288 1978 de
2334 1912 2588 1980 Curzola
2633 1913 2855 1995 petunt
2900 1912 2970 1989 et¹
3006 1910 3101 1975 di-

381 2002 547 2079 cunt,
597 2001 757 2084 quod
803 2019 1009 2065 comes
1055 2001 1276 2065 habuit
1320 2003 1555 2065 certam
1602 2001 2019 2082 quantitatem
2043 2001 2436 2066 denariorum
2484 2003 2557 2066 de
2581 2000 2777 2065 vineis
2825 2001 2890 2066 et
2943 1999 3106 2064 casis

384 2089 691 2172 qnondam
740 2088 1095 2153 cancellarii
1142 2089 1486 2153 communis
1534 2086 1809 2166 Curzola,
1861 2090 1927 2153 et
1971 2089 2127 2172 quod
2174 2088 2356 2153 hodie
2404 2089 2573 2154 tenet
2618 2107 2805 2154 unam
2851 2088 3104 2153 domum

385 2177 460 2241 de
505 2174 674 2241 dicta
719 2177 955 2241 ratione
1000 2195 1109 2259 pro
1155 2175 1661 2242 condemnatione
1706 2178 1892 2241 facta¹
1922 2176 2086 2242 dicto
2142 2176 2543 2255 cancellario,
2609 2176 2712 2257 qui
2759 2173 2998 2240 denarii
3043 2176 3108 2239 et

384 2263 602 2329 domus
649 2266 931 2346 spectant
975 2265 1287 2328 communi
1336 2261 1629 2344 Curzole3
1678 2267 1742 2329 et
1785 2282 1989 2330 comes
2035 2265 2217 2345 dicat,
2262 2264 2423 2346 qnod
2473 2265 2627 2328 bene
2669 2263 2819 2328 fecit
2867 2261 3104 2327 dictam

390 2351 961 2417 condemnationem
1011 2353 1263 2435 propter
1308 2350 1762 2430 infidelitatem,
1809 2352 1875 2416 in
1923 2370 2044 2435 qua
2088 2353 2369 2435 repertus
2415 2351 2535 2416 suit
2558 2352 2764 2416 dictus
2802 2348 3105 2416 cancella-

385 2439 532 2518 riae,
582 2441 646 2505 et
692 2439 877 2517 dicat,
927 2438 1089 2523 quod
1134 2440 1300 2504 dicta
1345 2439 1507 2504 bona
1552 2439 1905 2505 cancellarii
1951 2440 2182 2505 fuerint
2206 2440 2475 2517 vendita,
2524 2442 2588 2505 et
2632 2438 2870 2505 denarii
2916 2437 3110 2520 ipsius

389 2526 914 2593 condemnationis
960 2526 1237 2593 ordinate
1284 2526 1592 2610 expenditi
1638 2527 1702 2591 in
1748 2527 2019 2593 servitiis
2073 2528 2448 2603 communi83
2512 2528 2616 2594 sed
2665 2526 2817 2592 dicit
2879 2543 3102 2599 comes,

387 2614 543 2698 quod
589 2616 744 2681 bene
790 2616 961 2680 tenet
1005 2633 1194 2682 unam
1241 2614 1510 2693 domum,
1560 2634 1676 2700 que
1710 2614 1832 2682 fuit
1876 2614 2025 2681 dicti
2079 2615 2465 2695 cancellarii,
2515 2616 2580 2681 et
2621 2616 2694 2680 de
2739 2615 2854 2680 hoc
2900 2630 3107 2679 comes

390 2704 633 2768 volebat
675 2706 842 2768 stare
888 2705 1277 2768 samamento
1324 2703 1575 2769 illorum
1626 2704 1701 2768 de
1750 2702 2027 2782 Curzola,
2090 2703 2253 2786 quod
2312 2703 2546 2769 denarii
2593 2703 2755 2768 dicte
2818 2701 3106 2768 condem·

390 2791 653 2858 nationis
700 2790 948 2857 fuerunt
994 2791 1324 2874 expenditi,
1379 2793 1453 2856 ut
1514 2791 1703 2870 dicit,
1772 2793 1837 2856 et
1882 2791 1977 2856 illi
2044 2791 2120 2856 de
2169 2790 2428 2857 Curzola
2474 2791 2843 2856 recusabant
2887 2790 3109 2864 iurare,

396 2878 499 2943 sed
547 2879 704 2962 qnod
752 2897 959 2944 comes
1000 2879 1249 2946 iuraret.
1298 2880 1381 2943 Et
1424 2878 1562 2944 ideo
1610 2879 1836 2944 auditis
1884 2879 2159 2961 partibus
2204 2880 2529 2944 consulunt
2575 2879 2902 2960 sapientes,
2951 2873 3113 2958 quod

392 2968 566 3031 detur
620 2968 1080 3032 sacramentum
1141 2967 1393 3044 comiti,
1456 2968 1618 3049 quod
1678 2966 1916 3031 denarii
1978 2966 2144 3032 dicte
2207 2965 2734 3032 condemnationis
2803 2963 3113 3046 expenditi

390 3054 640 3120 fuerunt
683 3055 749 3118 in
796 3054 1067 3120 servitiis
1114 3053 1601 3133 communis,.ut
1645 3054 1830 3132 dicit,
1880 3055 1944 3119 et
1984 3073 2055 3118 eo
2112 3055 2392 3132 iurante,
2439 3053 2598 3136 quod
2645 3070 2682 3116 a
2730 3052 2896 3118 dicta
2953 3051 3114 3134 peti-

390 3141 557 3207 tione
604 3143 667 3207 et
713 3161 751 3207 a
795 3142 980 3206 dictis
1026 3142 1293 3207 denariis
1340 3141 1715 3221 absolvatur,
1764 3142 1863 3207 cui
1916 3143 2392 3228 sacramentum¹
2420 3141 2752 3217 deferatur,
2802 3139 2965 3204 sicut
3007 3139 3111 3202 do-

392 3228 647 3295 minatio
695 3228 963 3295 voluerit
1008 3229 1307 3294 ordinare.
1357 3229 1451 3293 De
1498 3230 1663 3294 facto
1709 3249 1851 3295 vero
1898 3230 2134 3308 domna,
2183 3248 2365 3312 quam
2398 3230 2637 3312 petunt,
2681 3226 3116 3293 contentantur

388 3319 617 3399 partes,
668 3317 831 3399 quod
876 3316 965 3381 ibi
1011 3318 1123 3381 fiat
1163 3335 1286 3381 una
1333 3317 1613 3394 ecclesia,
1663 3336 1778 3400 que
1823 3316 2048 3382 debeat
2092 3336 2224 3382 esse
2269 3317 2437 3382 facta
2488 3335 2526 3381 a
2571 3316 2754 3381 modo
2793 3331 2984 3398 usque
3032 3313 3110 3378 ad

393 3423 580 3469 unum
627 3424 858 3470 annum
903 3402 1274 3487 proximum,
1319 3405 1500 3469 aliter
1547 3404 1602 3470 si
1636 3404 1806 3470 dicta
1852 3404 2112 3470 ecclesia
2152 3405 2317 3470 facta
2361 3423 2480 3469 non
2523 3404 2730 3483 fuerit,
2778 3401 2941 3487 quod
2971 3403 3106 3484 ipsa

386 3491 606 3557 domus
644 3493 853 3558 veniat
893 3492 960 3557 in
1004 3493 1314 3586 communi
1363 3490 1639 3558 Curzole.

596 3603 828 3689 Capta:
875 3624 1058 3688 super
1098 3605 1364 3690 quodam
1413 3605 1536 3671 alio
1580 3621 1738 3673 novo
1782 3606 2079 3689 capitulo,
2124 3625 2231 3688 per
2276 3607 2433 3688 quod
2479 3606 2576 3671 illi
2608 3605 2684 3671 de
2716 3604 2977 3671 Curzola
3008 3622 3112 3686 pe-

380 3694 535 3770 tunt
579 3713 617 3759 a
662 3692 829 3758 dicto
876 3693 1105 3760 comite
1152 3696 1408 3759 ducatos
1455 3695 1773 3760 sexcentos
1828 3696 1893 3759 et
1951 3693 2336 3776 quindecim,
2400 3713 2552 3778 quos
2607 3693 2755 3758 fecit
2820 3693 3108 3756 mutuare

396 3780 743 3864 quindecim
789 3782 981 3846 bonos
1023 3781 1303 3847 homines
1340 3782 1427 3859 ⁴de
1474 3781 1753 3862 Curzola,
1803 3784 1868 3847 et
1912 3781 2142 3860 dicunt,
2189 3783 2351 3863 quod
2396 3799 2602 3846 comes
2648 3779 2871 3843 habuit
2916 3779 3113 3842 dictos

390 3868 702 3943 denarios;
749 3871 812 3932 et
856 3887 1062 3934 comes
1100 3869 1286 3946 dicat,
1337 3869 1497 3952 quod
1546 3885 1871 3934 commune
1897 3869 2116 3934 habuit
2144 3869 2344 3933 dictos
2376 3867 2675 3945 denarios,
2724 3866 2789 3931 et
2833 3866 2991 3948 quod
3036 3865 3111 3930 de

389 3955 539 4038 ipsis
569 3957 850 4038 emptum
881 3956 1003 4022 fuit
1032 3956 1286 4022 bladum
1335 3976 1446 4040 pro
1476 3958 1788 4023 communi
1823 3976 1930 4040 per
1955 3956 2161 4039 plures
2193 3975 2415 4021 manus
2445 3957 2526 4020 .et
2568 3953 2776 4036 plures
2811 3953 2995 4030 vices,
3045 3953 3111 4017 et

390 4043 546 4125 quod
587 4044 821 4108 dictum
851 4043 1101 4108 bladum
1148 4045 1267 4110 fuit
1312 4045 1713 4110 distributum
1761 4048 1826 4109 et
1870 4044 2170 4127 partitum
2212 4044 2373 4109 inter
2407 4044 2690 4108 homines
2723 4039 2995 4118 Curzole,
3045 4040 3110 4104 et

393 4130 552 4213 quod
584 4132 646 4196 in
671 4133 851 4214 parte
897 4130 1018 4196 fuit
1064 4135 1343 4198 exactum
1392 4135 1456 4196 et
1501 4131 1565 4196 in
1613 4133 1789 4214 parte
1825 4133 2023 4197 restat
2067 4131 2452 4214 exigendum,
2499 4132 2563 4195 et
2608 4147 2820 4194 omnes
2866 4127 3105 4192 denarii

390 4219 585 4284 exacti
611 4219 862 4284 fuerunt
908 4219 1225 4284 distributi
1258 4221 1323 4284 et
1349 4219 1660 4302 expenditi
1686 4238 1792 4301 per
1817 4219 2054 4284 dictum
2080 4220 2372 4283 comitem
2397 4219 2470 4283 de
2500 4217 2817 4283 voluntate
2842 4214 3113 4280 iudicum

402 4308 465 4370 et
508 4305 869 4372 officialium
917 4307 1261 4374 communis
1308 4307 1373 4370 in
1420 4306 1688 4373 servitiis
1736 4309 1799 4372 et
1847 4306 2228 4371 utilitatibus
2282 4306 2629 4371 communis
2689 4302 2985 4379 Curzole;
3051 4304 3115 4368 et

395 4393 509 4476 ipsi
555 4395 628 4458 de
674 4391 938 4458 Curzola
981 4393 1211 4471 dicant,
1260 4396 1422 4477 quod
1468 4412 1674 4459 comes
1723 4393 1892 4459 solus
1938 4394 2158 4459 habuit
2201 4393 2399 4459 dictos
2442 4391 2741 4470 denarios,
2809 4408 2959 4473 qnos
3004 4390 3116 4455 ha-

396 4481 527 4545 buit
570 4482 636 4546 et
682 4479 877 4566 exigit
920 4498 958 4545 a
995 4482 1337 4547 scosoribus
1383 4481 1574 4552 bladi,
1621 4483 1685 4546 et
1727 4481 1889 4565 quod
1954 4482 2028 4545 de
2095 4480 2250 4563 ipsis
2296 4498 2606 4563 nunquam
2662 4478 2937 4545 ostendit
2980 4476 3116 4542 offi-

394 4566 648 4634 cialibus
697 4567 1046 4633 communis
1092 4568 1190 4634 vel
1234 4568 1541 4634 iudicibus
1587 4569 1862 4652 aliquam
1909 4569 2238 4633 rationem.
2300 4568 2386 4631 Et
2438 4569 2573 4633 ideo
2622 4565 2872 4631 auditis
2900 4564 3148 4647 alega--

392 4655 663 4722 tionibus
708 4655 982 4738 partium
1016 4674 1203 4738 super
1247 4657 1413 4721 dicto
1461 4655 1750 4738 capitulo,
1798 4656 1943 4737 quia
1989 4674 2087 4720 res
2131 4655 2376 4719 videtur
2420 4654 2718 4732 obscura,
2765 4656 2829 4718 et
2891 4654 3114 4715 neutra

391 4743 657 4824 partium
704 4741 783 4807 de
829 4742 945 4807 hoc
988 4742 1276 4827 produxit
1319 4762 1430 4810 nec
1475 4742 1751 4810 ostendit
1795 4742 2070 4825 aliquam
2103 4741 2455 4807 claritatem
2497 4740 2594 4807 vel
2642 4738 3110 4823 probationemz
