3620 5282
512 329 639 396 376

509 510 752 590 tempus
800 505 1166 571 informatus
1213 506 1287 570 de
1330 505 1598 571 adventu
1647 505 1840 588 ipsius
1873 506 2110 571 domini
2144 507 2306 589 regis
2339 511 2403 570 et
2432 507 2522 570 sui
2560 508 2863 570 exercitus
2895 505 2971 570 ad
3009 505 3223 588 partes

510 596 1090 678 Constantinopolis,
1142 595 1205 657 et
1246 595 1297 658 si
1349 596 1554 658 veniet
1600 615 1794 678 usque
1837 595 2168 659 dimidium
2220 615 2492 660 mensem
2543 596 2812 676 augusti,
2887 613 3001 677 quo
3053 597 3219 658 tem-

512 703 653 766 pore
702 684 1155 747 rationabiliter
1202 684 1450 747 debebit
1497 683 1647 747 illuc
1721 686 1958 747 venisse
2025 685 2118 747 vel
2186 689 2340 765 post,
2405 684 2551 766 quia
2600 702 2717 747 non
2769 683 3076 765 potuisset
3121 683 3216 745 ita

511 774 631 836 cito
678 771 767 835 ibi
814 792 970 844 esse,
1019 772 1079 835 in
1131 773 1287 834 110113
1328 772 1531 853 gratia
1577 775 1892 854 presentet
1940 792 2004 834 se
2053 773 2190 848 sibi,
2241 773 2304 836 et
2350 773 2685 854 exequatur
2732 789 2874 835 cum
2920 770 3052 834 suis
3104 789 3217 852 ga-

508 861 622 925 leis
664 861 824 923 intra
869 860 1156 923 strictum
1204 860 1265 921 in
1311 861 1466 924 mari
1513 863 1725 923 contra
1793 860 2089 937 TurchOS,
2163 865 2232 924 ut
2307 861 2591 941 superius
2640 859 2873 922 dictum
2919 863 3037 934 est,
3092 877 3212 922 non

511 949 778 1031 ponendo
846 948 1026 1013 modo
1073 946 1280 1029 aliquo
1327 951 1544 1029 gentes
1584 949 1827 1012 nostras
1891 948 1952 1011 in
2029 951 2283 1026 terram,
2352 948 2494 1029 quia
2541 948 2886 1011 subiaceret
2932 945 3215 1030 periculo

512 1034 858 1112 manifestO,
908 1035 1078 1100 salvo
1121 1037 1170 1098 si
1214 1036 1374 1099 foret
1417 1037 1748 1117 requisitus
1810 1037 2017 1118 aliquo
2090 1055 2258 1113 03311,
2307 1036 2407 1118 qui
2459 1038 2668 1118 posset
2714 1054 3047 1112 occurrere,
3099 1055 3212 1117 per

512 1125 827 1188 dominum
876 1144 1081 1205 regem
1134 1124 1229 1187 vel
1278 1142 1438 1201 31103,
1488 1126 1630 1205 quia
1680 1125 1910 1188 vellent
1970 1143 2320 1206 expugnare
2390 1123 2637 1205 aliquod
2691 1124 3078 1192 fortilicium.
3139 1124 3216 1187 de

510 1213 907 1277 subventione
957 1212 1440 1276 ballistariorum
1488 1215 1860 1287 nostrorum,
1896 1214 2038 1294 quia
2073 1214 2132 1276 in
2167 1214 2281 1277 hoc
2313 1230 2459 1276 03311
2493 1212 2898 1294 relinquimus
2929 1213 2995 1275 111
3027 1211 3217 1276 111101·-

511 1301 641 1365 tate
689 1319 801 1365 3113
848 1301 1031 1364 dandi
1079 1300 1195 1364 sibi
1238 1300 1416 1363 illum
1464 1319 1789 1364 numerum
1842 1300 2346 1378 ballistariorum,
2396 1300 2506 1383 qui
2536 1301 2591 1363 ei
2625 1301 2956 1377 videbitur,
2994 1300 3221 1363 habito

508 1408 748 1472 semper
795 1398 1072 1471 respectu
1121 1389 1197 1452 ad
1262 1388 1658 1452 securitatem
1737 1393 1799 1450 et
1868 1391 2394 1454 conservationem
2469 1388 2783 1469 galearum
2854 1392 3219 1453 nostrarum

509 1476 627 1541 sibi
673 1478 1096 1553 comissatum,
1145 1494 1264 1540 non
1313 1476 1645 1540 recedendo
1695 1479 1767 1540 de
1815 1476 1999 1540 dictis
2049 1477 2351 1559 partibuS,
2401 1476 2594 1541 donec
2639 1477 2926 1540 dominus
2974 1497 3076 1541 rex
3130 1477 3220 1539 ibi

509 1568 703 1630 staret
750 1584 889 1629 curn
937 1583 1047 1629 3110
1096 1564 1363 1628 exercitu
1409 1564 1501 1628 vel
1548 1566 1734 1629 donec
1780 1565 2035 1630 habebit
2081 1566 2250 1629 aliud
2301 1566 2577 1629 nostrum
2631 1565 3014 1642 mandatum,
3050 1564 3220 1648 quod

511 1653 633 1717 sibi
679 1653 1069 1717 infalibiliter
1116 1653 1439 1717 mittemus
1480 1672 1586 1735 per
1632 1653 1841 1736 galeas
1891 1659 2154 1730 nostrae,
2205 1672 2354 1736 quas
2403 1654 2651 1719 missuri
2701 1673 2914 1718 sumus
2962 1653 3037 1717 ad
3087 1653 3224 1717 via-

508 1741 680 1824 gium
728 1741 1046 1805 Romanie.

718 1829 782 1894 si
832 1847 971 1893 vero
1040 1830 1354 1893 transacto
1423 1828 1678 1893 dimidio
1728 1848 1936 1894 mense
2008 1830 2254 1911 angusti
2326 1830 2454 1910 ipse
2522 1830 2879 1913 capitaneus
2961 1830 3224 1894 sentiret

507 1919 571 1982 et
635 1916 909 1991 haberet,
981 1917 1138 1999 qnod
1211 1917 1411 1981 dictus
1488 1916 1775 1982 dominus
1841 1938 1943 1982 rex
2020 1936 2135 1981 non
2213 1921 2377 1981 esset
2425 1920 2715 1982 venturus
2786 1917 3222 1983 Constantino·

510 2006 720 2088 polim,
788 2008 934 2070 tunc
1007 2006 1066 2068 in
1146 2006 1265 2070 isto
1340 2023 1485 2070 casu
1564 2006 1891 2070 mandetur
1967 2006 2187 2083 eidem,
2281 2007 2423 2088 quia
2501 2024 2670 2071 mora
2743 2027 2855 2071 sua
2929 2007 2994 2070 iu
3091 2007 3218 2071 illis

505 2094 783 2176 partibus
861 2112 979 2157 non
1055 2092 1211 2157 foret
1273 2093 1447 2157 utilis
1517 2113 1624 2157 nec
1691 2096 2051 2170 necessaria,
2131 2094 2311 2176 quod,
2381 2095 2620 2176 quando
2696 2096 2815 2158 sibi
2891 2095 3220 2169 videbitur,

506 2201 855 2264 comparere
931 2182 1152 2245 debeat
1226 2201 1430 2246 coram
1508 2182 1755 2246 domino
1833 2184 2204 2265 imperatore
2269 2189 2342 2245 ‘et
2427 2183 2645 2259 dicere,
2724 2184 2879 2266 quod
2958 2183 3227 2247 habebat

505 2271 569 2335 in
643 2270 950 2334 mandatis
1023 2289 1060 2333 a
1136 2271 1310 2334 nobis
1387 2271 1458 2333 de
1536 2271 1925 2353 expectand0‚
2004 2272 2164 2335 sicut
2239 2290 2350 2335 sua
2425 2273 2717 2335 maiestas
2785 2271 2958 2352 plene
3035 2273 3223 2351 novit,

508 2359 707 2441 ipsum
757 2358 1072 2422 dominum
1140 2377 1342 2440 regem
1413 2378 1602 2441 usque
1661 2359 1983 2423 dimidium
2047 2377 2319 2423 mensem
2373 2361 2615 2440 augusti
2682 2364 2743 2423 et
2795 2360 2936 2441 plus
2988 2362 3226 2442 quando

510 2449 809 2511 venturus
856 2446 1092 2522 fuisset,
1143 2449 1206 2510 et
1254 2449 1328 2510 de
1374 2445 1513 2509 inde
1563 2464 1681 2510 non
1726 2449 2019 2524 recedere,
2095 2447 2284 2510 donec
2354 2449 2552 2509 staret
2615 2448 2675 2510 in
2722 2450 3003 2528 partibus
3050 2453 3217 2511 ante·

509 2536 708 2600 dictis.
757 2534 873 2599 Sed
917 2536 1061 2617 quia
1109 2552 1225 2598 non
1278 2534 1441 2598 venit
1487 2554 1680 2617 neque
1729 2540 2019 2599 venturus
2080 2539 2196 2611 est,
2264 2536 2395 2616 ipse
2459 2538 2555 2598 est
2617 2535 2790 2599 nobis
2841 2536 3222 2600 necessarius

514 2643 622 2707 pro
669 2624 809 2688 aliis
860 2624 1040 2688 factis
1088 2624 1336 2697 nostriS,
1413 2624 1475 2688 et
1521 2623 1678 2706 quod
1729 2644 1871 2689 cum
1936 2624 2189 2689 licentia
2253 2643 2366 2687 sua
2429 2622 2562 2686 vult
2608 2622 2748 2687 inde
2794 2626 3115 2698 recedere:
3163 2626 3230 2688 et

513 2714 628 2777 hoc
676 2712 840 2777 dicto
886 2715 1071 2794 supto
1119 2712 1433 2777 amicabili
1487 2714 1764 2777 comeatu
1815 2716 2164 2777 revertatur
2210 2731 2420 2776 versus
2466 2712 2757 2793 culphum
2793 2781 2796 2784 ,
2833 2718 3110 2777 nostrum
3160 2716 3227 2777 et

516 2802 858 2865 custodiam
900 2819 1096 2878 suam,
1144 2801 1421 2865 habendo
1457 2802 1667 2877 menti,
1703 2801 1860 2883 quod
1896 2801 2103 2865 veniat
2133 2800 2377 2864 obviam
2414 2801 2608 2881 galeis
2644 2802 2869 2865 nostris
2904 2803 3227 2873 Romania,

511 2891 584 2953 ut
629 2889 823 2971 possit
869 2891 1134 2971 recipere
1186 2892 1395 2953 nostra
1442 2888 1752 2965 mandata,
1803 2909 1919 2972 que
1966 2909 2071 2971 per
2117 2889 2263 2953 illas
2310 2890 2423 2953 sibi
2479 2889 2818 2953 mittemus.

726 2978 987 3058 Insuper
1036 2976 1325 3040 reddatur
1371 2978 1648 3041 avisatus
1691 2978 1890 3042 dictus
1938 2979 2294 3059 capitaneus
2339 2979 2416 3040 ad
2462 2977 2786 3055 cantelam,
2821 2979 2982 3060 quod
3030 2978 3224 3041 donec

528 3064 726 3129 stabit
769 3065 831 3127 in
880 3065 1007 3129 illis
1053 3066 1334 3146 partibus
1373 3084 1511 3128 cum
1560 3066 1700 3129 aliis
1747 3066 1962 3147 galeiS,
2011 3084 2129 3148 que
2178 3068 2359 3129 erunt
2403 3064 2481 3128 ad
2530 3067 2779 3148 negocia
2839 3065 3223 3148 supradicta,

529 3154 699 3217 vivat
745 3172 882 3217 cum
931 3155 1216 3217 omnibus
1283 3153 1690 3218 amicabiliter
1752 3157 1817 3217 et
1880 3154 2164 3227 fraterne,
2227 3157 2289 3218 et
2354 3158 2564 3217 teneat
2621 3158 2836 3236 gentes
2903 3173 3044 3218 31133
3111 3155 3231 3216 sub

524 3241 684 3306 bona
728 3242 1071 3305 obedientia
1118 3244 1181 3306 et
1225 3242 1460 3324 regula,
1511 3243 1597 3306 ita
1661 3241 1821 3324 quod
1876 3244 2037 3305 inter
2102 3260 2205 3305 eos
2269 3243 2511 3305 novitas
2552 3244 2649 3306 vel
2695 3243 3055 3307 scandalum
3104 3242 3229 3305 ali-

521 3331 673 3413 quod
719 3348 836 3393 non
877 3332 1183 3407 nascatur,
1232 3331 1374 3411 quia
1415 3334 1623 3411 posset
1668 3350 1799 3394 esse
1849 3331 2021 3393 valde
2070 3329 2435 3393 damnosum
2489 3329 2668 3394 factis
2729 3330 3045 3412 predictis,
3125 3330 3234 3394 In-

516 3418 813 3482 formetur
858 3419 1067 3489 etiam,
1124 3421 1281 3501 quod
1345 3436 1453 3481 1103
1523 3418 1905 3499 providimus
1956 3420 2026 3482 de
2089 3418 2394 3482 mittendo
2443 3417 2521 3479 ad
2570 3421 2774 3500 partes
2823 3418 3236 3501 Nigropontis

513 3505 586 3570 de
633 3506 865 3569 biscoto
917 3506 1109 3569 nostri
1158 3505 1504 3570 communis
1551 3506 1615 3568 in
1667 3507 1825 3570 bona
1872 3507 2238 3589 quantitate,
2291 3511 2355 3568 ut
2401 3506 2579 3587 panis
2626 3507 2744 3569 sibi
2793 3525 2910 3570 non
2957 3506 3235 3584 deficiat,

517 3597 579 3658 et
626 3593 713 3657 ita
753 3594 885 3658 fieri
932 3592 1171 3668 debeat,
1221 3597 1284 3681 et
1329 3593 1490 3675 quod
1528 3597 1851 3676 propterea
1884 3596 1991 3658 det
2037 3594 2225 3659 talem
2277 3593 2577 3670 ordinem,
2627 3594 2787 3675 quod
2835 3596 2905 3658 de
2955 3594 3066 3657 illo
3120 3594 3240 3657 ha-

517 3682 661 3747 beat
702 3701 943 3764 semper
988 3682 1063 3745 ad
1114 3680 1567 3755 sufficientiam,
1622 3687 1694 3746 ut
1723 3683 1889 3747 facta
1937 3682 2057 3746 31111
2092 3682 2356 3747 comissa
2392 3700 2509 3744 non
2542 3685 2863 3764 portarent
2892 3682 3238 3758 defectum,

520 3772 584 3835 et
628 3770 789 3853 quod
834 3770 921 3833 sit
965 3770 1243 3833 solicitus
1293 3770 1367 3832 ad
1417 3770 1807 3835 scribendum
1881 3773 1944 3835 et
2005 3770 2418 3836 denotandum
2493 3772 2666 3834 nobis
2713 3772 2786 3834 de
2833 3776 3111 3851 tempore
3166 3774 3229 3835 in

519 3861 766 3941 tempus
813 3861 877 3922 et
921 3857 995 3922 de
1042 3858 1141 3922 die
1189 3857 1252 3922 in
1318 3859 1477 3921 diem
1540 3878 1647 3941 per
1709 3877 1952 3923 omnem
2018 3861 2182 3923 viam
2245 3862 2308 3922 et
2375 3860 2641 3929 modum,
2708 3878 2888 3940 quem
2949 3859 3238 3937 habebit,

520 3948 748 4012 omnia.
793 3966 909 4030 que
957 3949 1291 4028 sequentur
1336 3946 1398 4010 111
1446 3945 1628 4010 factis
1676 3946 1967 4028 predictis
2009 3967 2118 4030 pro
2161 3948 2374 4012 nostra
2435 3946 2865 4011 informat-ione
2904 3951 2968 4010 et
3014 3965 3244 4012 conso·

517 4035 761 4101 latione.

604 4143 784 4203 Misti
831 4142 1092 4203 XLIII.
1151 4143 1294 4221 128,
1339 4159 1382 4202 u
1427 4142 1581 4204 mlct.
1623 4143 1856 4203 arkivu.

832 4331 1233 4413 DXVIII.
1287 4331 1494 4414 God.
1548 4332 1775 4414 1396.
1833 4333 1928 4414 18
1984 4333 2347 4434 3111111311,
2404 4355 2466 4415 11
2522 4332 2909 4415 llssetcih.

716 4455 928 4517 Motha
976 4458 1280 4529 Zadrana,
1331 4460 1410 4516 aa
1444 4460 1557 4532 jan
1598 4459 1913 4531 republ-ilua
1957 4461 2188 4531 uzajme
2233 4462 2404 4517 4000
2449 4460 2694 4535 auream,
2744 4460 3039 4532 «10οῡ010.

737 4560 922 4625 1396.
970 4561 1304 4625 indictione
1351 4561 1457 4640 IV,
1507 4561 1604 4624 die
1652 4560 1864 4625 XVIII
1914 4562 2080 4624 maii.
2134 4561 2360 4643 Capta:
2426 4561 2588 4644 quod
2635 4563 3079 4642 respondeatur
3128 4565 3239 4629 isti

523 4650 895 4715 ambasatori
937 4651 1397 4714 communitatis
1444 4649 1632 4714 Jadre
1679 4651 1755 4712 ad
1804 4650 2288 4732 requisitionem,
2338 4668 2523 4732 quam
2573 4649 2744 4713 nobis
2794 4650 3047 4727 faciunt,
3078 4656 3244 4733 quod

525 4737 959 4806 subveniamus
1007 4737 1096 4801 eis
1130 4740 1345 4802 mutno
1392 4737 1465 4801 de
1516 4740 1776 4823 quatuor
1824 4738 2022 4802 millia
2070 4739 2451 4819 ducatorum,
2505 4738 2662 4821 quod
2697 4736 2847 4803 deus
2893 4739 3085 4819 novit,
3128 4761 3239 4807 uos
