3620 5282
2987 386 3116 451 373

387 553 619 617 domini
668 553 840 617 ducis
884 556 948 618 et
993 555 1458 619 communitatis
1507 557 1571 619 et
1618 574 2036 620 successorum
2085 574 2335 621 suorum
2403 560 2465 620 et
2526 558 2976 639 pertinencium
3033 562 3112 626 ad

385 659 487 706 eos
536 643 599 705 in
666 642 1022 706 eorumdem
1087 644 1328 707 animas
1392 642 1750 707 solemniter
1816 644 2177 708 iuraverunt
2242 646 2624 725 presentium
2692 646 2806 709 sub
2870 649 3110 712 secreto

381 730 590 793 nostro
638 729 849 812 sigillo
886 729 1241 795 testimonio
1284 730 1661 807 litterarum,
1710 749 1895 812 quam
1944 731 2094 795 dum
2145 731 2322 795 nobis
2371 735 2680 813 reportate
2727 732 2960 798 fuerint
2992 736 3109 799 sub

381 816 591 899 sigillo
638 819 851 881 nostro
897 818 1170 899 dupplici
1217 817 1519 881 faciemus
1563 818 2042 900 privilegialiter
2091 837 2398 883 emanare.
2447 819 2719 883 Nomina
2748 822 2960 885 autem
2996 822 3106 886 ba-

381 923 598 968 ronum
646 907 1015 981 nostrorum,
1067 905 1169 987 qui
1217 907 1537 970 nobiscum
1581 906 1961 981 iuraverunt,
2011 909 2159 970 sunt
2220 904 2367 969 hec:
2434 909 2713 971 dominus
2756 908 3105 990 Stephanus

380 992 699 1075 episcopus
746 990 1207 1076 Zagabriensi3‚
1256 993 1543 1057 dominus
1587 993 1808 1057 Petrus
1859 995 2178 1075 episcopus
2228 994 2634 1071 Bossinensis‚
2677 995 2961 1059 dominus
2987 996 3109 1060 La-

377 1079 613 1144 dislaus
662 1081 893 1145 electus
958 1081 1476 1163 Vesprimiensis‚
1546 1080 1829 1145 dominus
1895 1081 2228 1145 Baudonus
2291 1080 2545 1147 Cornuti
2605 1081 2772 1165 prior
2838 1084 3106 1162 Amano,

375 1167 663 1232 dominus
713 1167 1008 1233 Nicolans
1058 1168 1238 1232 iudex
1278 1168 1447 1232 curie
1499 1171 1725 1246 nostre,
1774 1169 2060 1233 dominus
2124 1169 2438 1235 Johannes
2502 1170 2740 1234 bannus
2791 1171 3104 1236 Dalmatio

378 1258 441 1320 et
484 1254 757 1333 Croacie‚
805 1255 1091 1321 dominus
1136 1256 1430 1320 Nicolans
1475 1257 1776 1338 magister
1835 1257 2335 1321 tavernichorum
2381 1257 2770 1339 reginalinm‚
2820 1258 3104 1323 dominus

380 1343 724 1425 Stephanus
774 1363 979 1408 comes
1028 1344 1102 1407 de
1151 1345 1395 1427 Posaga
1433 1346 1497 1407 et
1543 1345 1617 1408 de
1668 1344 1913 1422 Dezala‚
1964 1344 2246 1408 dominus
2281 1343 2558 1408 Leuchus
2607 1344 2908 1427 magister
2953 1347 3103 1428 dap-

380 1431 710 1496 niferorum
760 1435 824 1495 et
871 1432 1299 1513 pincernarum
1364 1432 1748 1509 nostrorum,
1816 1433 2099 1495 dominus
2159 1430 2505 1512 Stephanus
2567 1450 2773 1496 comes
2821 1432 3103 1515 Liptovi-

375 1519 557 1595 ensis,
607 1519 893 1583 dominns
932 1517 1224 1584 Nicolaus
1271 1538 1475 1584 comes
1523 1522 1597 1583 de
1643 1519 1947 1583 Zemlimo
1996 1523 2060 1583 et
2105 1518 2480 1582 castellanus
2512 1517 2587 1582 de
2623 1519 2769 1583 villa
2804 1520 3098 1600 Gufforte‚

387 1606 669 1671 dominns
718 1607 1075 1671 Dominicus
1130 1607 1503 1671 castellanus
1551 1607 1624 1671 de
1677 1606 1911 1688 Dragul
1972 1624 2177 1670 comes
2226 1605 2603 1678 Huntensis,
2654 1606 2939 1671 dominus
2985 1607 3101 1672 Ni-

382 1695 590 1758 colaus
630 1695 999 1759 secretarius
1051 1694 1329 1758 notarius
1378 1697 1603 1769 noster,
1662 1695 1942 1758 dominus
1990 1692 2354 1758 Villialmus
2419 1694 2807 1758 consiliarius
2868 1698 3097 1773 noster,

380 1782 664 1846 dominus
701 1782 1068 1846 Franciscus
1099 1782 1174 1846 de
1207 1781 1475 1864 Georgio
1513 1782 1711 1846 miles,
1763 1783 1998 1845 Datum
2027 1781 2218 1846 Jadre
2252 1782 2706 1846 decimooctavo
2737 1782 2834 1845 die
2870 1782 3101 1846 mensis

380 1868 693 1946 februarii,
743 1888 900 1934 anno
948 1869 1179 1934 domini
1227 1869 1560 1933 millesimo
1606 1870 2043 1933 trecentesimo
2092 1868 2601 1952 quinquagesimo
2650 1871 2885 1934 octavo.

464 1960 780 2019 Paetorum
839 1962 901 2021 V.
944 1963 1089 2031 160,
1132 1979 1173 2019 u
1217 1961 1556 2019 mletadkom
1602 1961 1835 2018 arkivu.

740 2150 1146 2231 DXLIII.
1220 2149 1426 2231 God.
1481 2148 1706 2231 1358.
1763 2149 1862 2230 18
1917 2146 2282 2251 ν913999,
2336 2171 2396 2229 ιι
2452 2147 2757 2230 Zadru.

371 2275 661 2347 Ljudevit
706 2276 748 2333 Ι
790 2276 1125 2349 aqam-hro.
1178 2276 1340 2347 kralj
1396 2292 1427 2333 s
1445 2275 1629 2348 jedna
1687 2293 1727 2333 a
1782 2275 2079 2347 poslanici
2139 2275 2411 2334 mletacki
2455 2292 2485 2333 s
2516 2275 2699 2348 druye
2742 2278 2949 2333 strane
2990 2292 3095 2348 po-

372 2363 643 2436 tvrdjm‘u
690 2365 805 2421 mir
864 2365 969 2422 isti
1030 2365 1153 2422 dan
1196 2364 1395 2435 medju
1441 2364 1615 2435 mimi
1674 2364 2005 2440 manahen,
2072 2367 2126 2421 tc
2170 2379 2232 2422 se
2291 2365 2396 2421 isti
2453 2363 2749 2436 poslanici
2813 2363 3095 2436 obvezuju

372 2452 593 2523 kralju,
635 2452 717 2509 da
754 2451 815 2509 c'e
857 2468 937 2525 qa
982 2452 1005 2509 i
1048 2467 1179 2509 sam
1223 2451 1382 2509 duz'd
1423 2467 1495 2509 sa
1526 2452 1759 2522 svojimi
1796 2451 2043 2510 velikasi
2078 2451 2371 2523 potvrdiei
2415 2451 2439 2508 i
2472 2452 2771 2524 priseyom
2805 2449 3095 2511 ucvrstiti.

586 2569 953 2636 Contractus
1000 2571 1170 2654 pacis
1217 2572 1488 2654 predicte
1532 2570 1693 2635 inter
1755 2571 2073 2635 dominnm
2134 2589 2347 2655 regem
2394 2573 2458 2635 et
2501 2570 2928 2635 ambaxatores
2990 2570 3098 2636 do-

374 2659 523 2723 mini
574 2659 747 2723 ducis
795 2663 857 2723 et
902 2660 1250 2724 communis
1298 2659 1723 2724 Veneciarum.
1773 2659 1844 2721 In
1893 2657 2126 2723 Christi
2175 2661 2421 2723 nomine
2469 2678 2668 2722 amen.
2720 2657 2878 2723 Cum
2910 2677 3094 2742 super

374 2747 700 2824 discordia,
751 2766 867 2829 qne
910 2747 1265 2811 vertebatur
1310 2748 1471 2811 inter
1516 2746 1980 2810 serenissimum
2026 2746 2343 2810 dominnm
2378 2746 2692 2810 dominum
2719 2746 3091 2811 Lodovicum
3167 2819 3170 2822 ,

375 2834 473 2898 dei
519 2835 723 2917 gratia
771 2834 1079 2898 illustrem
1127 2853 1337 2917 regem
1384 2834 1704 2916 Hungarie
1752 2853 1823 2897 ex
1871 2851 1992 2896 una
2050 2836 2223 2914 parte
2272 2835 2336 2897 et
2380 2833 2698 2898 dominum
2761 2832 2981 2897 ducem
3028 2837 3092 2899 et

370 2939 696 2987 commune
745 2922 1152 2986 Veneciarum
1202 2942 1271 2984 ex
1318 2921 1516 2986 altera
1543 2920 2014 3003 precedentibus
2036 2920 2254 2985 multis
2283 2920 2652 2984 tractatibus
2690 2919 2854 2983 inter
2885 2919 3092 3002 ipsum

370 3008 688 3073 dominum
737 3028 949 3091 regem
998 3029 1103 3073 sen
1151 3010 1409 3074 barones
1453 3010 1517 3072 et
1561 3008 1947 3073 consiliarios
1995 3027 2137 3071 suos
2200 3010 2265 3073 et
2324 3006 2711 3072 honorabiles
2762 3006 2934 3072 vivos
2981 3007 3091 3072 do-

370 3097 569 3161 minos
619 3098 876 3161 Petrum
938 3097 1366 3166 Trivisanum.
1428 3096 1779 3161 Johannem
1846 3095 2186 3161 Gradonico
2252 3097 2317 3159 et
2364 3094 2766 3159 Beneintendi
2830 3094 3089 3160 ducatus

371 3185 434 3248 et
478 3185 827 3248 communis
876 3183 1285 3248 Veneciarum
1334 3183 1792 3263 cancellarium,
1842 3183 2006 3248 cives
2055 3182 2328 3247 civitatis
2395 3181 2734 3264 prelibato,
2799 3182 3092 3248 ambaxa-

370 3273 536 3336 tores
583 3274 648 3335 et
694 3273 980 3356 syndicos
1027 3270 1178 3334 dicti
1226 3271 1456 3335 domini
1501 3270 1676 3335 ducis
1724 3234 1792 3335 et'
1833 3271 2184 3335 communis
2231 3269 2639 3334 Veneciarum
2682 3270 2760 3333 ad
2805 3270 2918 3333 hec
2950 3290 3090 3352 spe-

367 3358 608 3424 cialiter
656 3359 1003 3423 destinatos
1051 3358 1216 3422 sicut
1260 3358 1505 3423 constat
1566 3360 1626 3422 in
1675 3359 2087 3422 instrumento
2143 3359 2389 3441 publico
2443 3357 2674 3439 scripto
2723 3375 2910 3422 manu
2958 3359 3118 3423 Ita-⁸

366 3447 596 3530 phayni
645 3446 721 3510 de
763 3445 1065 3510 Carisinis
1103 3445 1336 3527 publici
1384 3445 1688 3527 imperiali
1736 3445 2106 3511 auctoritate
2169 3445 2392 3510 notarii
2454 3447 2518 3508 et
2577 3444 2840 3509 ducatus
2889 3445 3090 3511 Vene-

364 3533 598 3598 ciarum
643 3535 842 3598 scribe
896 3533 1013 3598 sub
1061 3530 1456 3597 MCCCLVII
1497 3532 1595 3597 die
1641 3533 1917 3598 XXVIII
1966 3533 2193 3598 mensis
2256 3532 2648 3610 novembri8‚
2711 3532 2948 3597 decime
2993 3533 3089 3598 in-

368 3621 672 3698 dictioniS‚
724 3621 974 3686 volente
1020 3619 1232 3684 divina
1263 3620 1594 3684 clementia
1655 3621 1732 3684 ad
1777 3639 1992 3702 pacem
2040 3622 2105 3684 et
2162 3620 2546 3685 concordiam
2597 3621 2680 3684 sit
2726 3620 3077 3697 deventum,

366 3710 699 3773 secundnm
751 3708 912 3790 quod
961 3707 1314 3773 distinctius
1362 3708 1706 3772 continetur
1751 3707 1817 3771 in
1866 3708 2233 3790 quibusdam
2283 3708 2511 3772 litteris
2559 3708 2747 3790 regiis
2789 3725 3085 3772 emanan-

366 3795 531 3860 tibus
582 3795 820 3872 exinde,
863 3813 1123 3877 quarum
1171 3796 1348 3860 tenor
1394 3794 1554 3859 infra
1598 3794 2002 3870 describitur;
2074 3795 2301 3860 idcirco
2365 3795 2570 3858 dictus
2630 3793 2915 3858 dominus
2981 3814 3083 3858 rex

363 3900 433 3946 ex
479 3901 601 3947 una
639 3886 816 3965 parte
863 3901 972 3964 per
1019 3901 1083 3947 se
1130 3883 1194 3946 et
1240 3900 1620 3947 successores
1682 3901 1824 3947 suos
1889 3885 1955 3948 et
2012 3901 2221 3947 omnes
2282 3882 2661 3966 pertinentes
2706 3881 2783 3944 ad
2831 3899 2972 3944 eum
3020 3883 3086 3945 et

365 3970 560 4052 ipsius
606 3970 1033 4034 ambaxatores
1080 3971 1145 4034 et
1189 3969 1414 4034 sindici
1461 3970 1707 4035 nomine
1754 3970 1907 4035 dicti
1971 3970 2204 4034 domini
2267 3970 2440 4034 ducis
2505 3970 2566 4032 et
2626 3968 2971 4032 communis
3017 3970 3082 4033 et

362 4057 804 4137 pertinentium
855 4043 940 4121 a'd
980 4075 1083 4121 eos
1129 4076 1203 4122 ex
1249 4057 1464 4135 altera,
1533 4059 1872 4140 predictam
1934 4076 2147 4140 pacem
2209 4062 2273 4122 et
2332 4056 2717 4122 concordiam
2765 4059 2827 4119 et
2874 4055 3080 4120 omnia

365 4146 650 4209 contenta
696 4144 758 4207 in
807 4163 879 4209 ea
922 4144 1435 4244 approbaverunt,
1500 4146 1963 4211 ratificaverunt
2023 4147 2088 4209 et
2146 4143 2544 4227 corporaliter
2603 4143 2966 4208 iuraverunt
3010 4143 3075 4207 in

361 4232 647 4296 omnibus
694 4235 758 4296 et
802 4251 911 4315 per
950 4232 1158 4296 omnia
1220 4231 1559 4297 secundum
1622 4235 1901 4297 tenorem
1962 4232 2263 4296 dictarum
2327 4232 2677 4296 litterarum
2743 4230 3074 4314 regiarum,

360 4319 791 4400 promittentes
843 4319 1223 4397 solemniter,
1273 4320 1472 4401 ipsam
1507 4337 1717 4401 pacem
1767 4321 1832 4384 et
1878 4319 2266 4385 concordiam
2311 4322 2377 4384 et
2421 4317 2630 4384 omnia
2675 4319 2966 4384 contenta
3008 4317 3074 4382 in

360 4424 431 4470 ea
475 4404 803 4471 observare
853 4408 917 4471 et
961 4406 1271 4471 observari
1303 4425 1374 4470 ac
1398 4407 1724 4490 adimpleri
1770 4407 1973 4471 facere
2019 4406 2151 4471 sine
2186 4406 2467 4485 deffectu,
2517 4424 2627 4470 nec
2659 4405 3074 4472 contrafacere

359 4494 456 4558 vel
505 4496 711 4559 venire
761 4493 948 4558 modo
996 4494 1202 4576 aliquo
1250 4513 1358 4558 seu
1404 4493 1621 4571 forma,
1674 4497 1736 4559 et
1777 4494 1938 4576 quod
1999 4493 2284 4559 dominus
2351 4496 2468 4557 dux
2516 4495 2580 4558 et
2640 4512 2826 4558 suum
2871 4494 3075 4558 consi-

357 4579 509 4645 lium
556 4582 851 4647 iurabunt
898 4580 1298 4663 corporaliter
1343 4582 1526 4645 tactis
1573 4581 1897 4663 scripturis
1943 4581 2020 4645 ad
2068 4582 2285 4646 sancta
2327 4581 2426 4645 dei
2473 4580 2794 4664 evangelia
2838 4580 3069 4646 dictam

365 4687 575 4750 pacem
622 4668 686 4733 in
734 4669 1023 4733 manibus
1070 4667 1430 4733 nunciorum
1480 4669 1578 4734 vel
1625 4667 1830 4732 nuncii
1879 4668 2031 4732 dicti
2076 4667 2303 4732 domini
2366 4667 2531 4750 regis
2578 4667 2657 4731 ad
2717 4667 2833 4732 hoc
2879 4668 3070 4748 depu-

353 4755 490 4835 tati,
540 4757 603 4820 et
644 4756 856 4821 literas
890 4774 1033 4820 suas
1069 4757 1355 4839 patentes
1388 4774 1500 4820 sua
1546 4755 1715 4820 bulla
1738 4754 2011 4819 munitas
2057 4754 2293 4820 dabunt
2336 4754 2403 4817 in
2449 4754 2736 4819 manibus
2759 4753 3067 4818 dictorum
