3620 5282
2956 347 3041 413 35

323 525 443 590 fuit
489 526 635 590 data
682 544 793 591 nec
836 526 1083 607 daretur
1129 545 1315 591 causa
1360 525 1623 590 scandali
1676 526 1772 590 vel
1820 526 2038 589 erroris
2085 525 2246 589 inter
2300 543 2474 588 suam
2536 523 2925 588 maiestatem
2977 526 3039 587 et

329 631 461 690 noe,
510 614 654 694 quia
701 614 757 677 si
802 614 1116 679 civitatem
1167 614 1526 695 predictam,
1578 632 1759 696 quam
1805 615 1929 677 iam
1974 613 2266 677 trecentis
2314 612 2490 676 annis
2537 614 2601 676 et
2632 612 2795 675 ultra
2829 629 3040 695 posse·

327 703 572 777 dimus,
617 720 979 784 recuperare
1038 702 1377 780 voluimuS,
1440 706 1504 767 et
1559 720 1595 764 a
1640 720 1749 766 sua
1812 701 2084 765 indebita
2151 700 2479 765 rebellione
2545 717 2862 775 revocare,
2909 700 3038 764 eius

330 808 581 853 summa
627 790 1010 872 providentia
1050 791 1164 855 hoc
1228 790 1347 854 sibi
1394 789 1468 854 ad
1515 790 1888 873 gravitatem
1934 792 2218 872 reputare
2261 807 2379 853 non
2410 790 2654 871 poterat
2700 806 2892 870 neque
2924 805 3034 871 po-

337 879 482 956 test,
530 877 695 942 sicut
740 897 850 942 nec
897 878 1172 943 fecerunt
1216 879 1668 961 predecessores
1717 878 1830 955 sui,
1895 879 1958 943 et
2014 878 2296 942 dominus
2357 878 2597 960 genitor
2658 894 2840 952 suus,
2889 875 3039 939 dum

329 964 555 1029 fuisset
604 967 676 1030 de
728 965 844 1031 hoc
894 966 1243 1049 specialiter
1309 968 1670 1048 requisitae,
1719 966 1824 1049 qui
1872 967 1933 1029 in
1980 984 2128 1030 casn
2188 965 2575 1042 rebellionis,
2628 983 2742 1048 que
2804 964 3036 1046 pluries

331 1053 618 1137 contigit,
669 1073 734 1119 se
781 1055 854 1118 de
890 1055 1025 1136 ipsa
1068 1054 1420 1119 nullatenus
1459 1054 1872 1118 intromittere
1919 1054 2256 1129 voluerunt,
2304 1073 2446 1136 ymo
2479 1054 2892 1135 permiserunt
2928 1069 3037 1115 nos

330 1141 531 1206 facere
576 1141 747 1207 facta
789 1145 1018 1227 nostra,
1067 1145 1522 1225 perseverantes
1570 1142 1885 1206 nobiscum
1933 1141 1994 1205 in
2025 1142 2278 1223 antiqua
2322 1143 2386 1205 et
2416 1140 2667 1222 speciali
2712 1139 3038 1204 dilectione

328 1229 625 1312 predicta.
675 1228 901 1295 Sumus
947 1232 1134 1295 etiam
1178 1231 1350 1308 certi,
1390 1231 1548 1312 quod
1611 1230 1728 1294 nisi
1774 1229 1995 1295 fuisset
2058 1229 2310 1294 sinistra
2371 1233 2433 1293 et
2493 1247 2612 1292 non
2655 1246 2798 1294 vera
2844 1228 3040 1292 infor-

346 1319 538 1382 matio
585 1318 1060 1395 Jadratinorum,
1109 1338 1284 1384 aures
1329 1337 1435 1383 sue
1481 1318 1861 1382 celsitudinis
1919 1318 1980 1381 in
2027 1319 2188 1383 facto
2235 1317 2504 1399 predicto
2565 1317 2818 1381 minime
2860 1315 3037 1380 incli-

332 1409 604 1470 nassent
654 1406 831 1471 Unde
872 1425 989 1471 non
1037 1409 1334 1488 opportet,
1385 1409 1453 1470 ut
1498 1425 1604 1489 per
1648 1406 1762 1470 hoc
1809 1405 2080 1488 aliquam
2127 1405 2493 1488 gravitatem
2538 1405 2843 1486 concipiat
2889 1421 3034 1486 erga

336 1512 466 1569 noS,
518 1495 621 1576 qui
667 1496 923 1559 honores
971 1514 1079 1559 sue
1122 1513 1334 1559 corone
1381 1513 1618 1576 semper
1677 1493 2004 1559 dileximus
2051 1496 2115 1557 et
2159 1492 2417 1577 diligere
2463 1492 2839 1558 intendimus
2901 1493 3033 1556 toto

342 1581 541 1647 corde.
588 1581 725 1647 Non
771 1583 990 1647 sinceri
1045 1587 1098 1657 l,
1146 1602 1356 1647 omnes
1400 1584 1505 1651 alii
1552 1581 1626 1647 de
1672 1585 1867 1664 parte.

554 1668 789 1753 Capta:
838 1673 889 1734 si
936 1673 1143 1735 autem
1204 1671 1485 1735 dominus
1547 1689 1649 1734 rex
1713 1670 1974 1747 diceret,
2037 1669 2196 1752 quod
2256 1669 2375 1732 alie
2440 1669 2702 1751 quatuor
2753 1667 3039 1732 civitates

344 1757 688 1837 Dalmacie,
738 1760 975 1823 scilicet
1019 1758 1360 1842 Spaletum,
1409 1757 1794 1842 Tragurium,
1847 1758 2213 1841 Sybenicum
2280 1760 2345 1822 et
2390 1756 2603 1834 Nona,
2655 1774 2806 1838 quas
2868 1759 3038 1820 tene-

335 1864 495 1922 mue,
544 1850 688 1910 sunt
733 1867 859 1923 sue,
907 1846 1147 1924 dicant,
1196 1847 1353 1928 quod
1415 1848 1537 1910 iam
1600 1847 1798 1910 multo
1858 1850 2133 1928 tempore
2193 1845 2397 1928 elapso
2465 1845 2807 1908 invenimus
2872 1844 3038 1927 ipsas

329 1933 617 1999 civitates
664 1935 727 1999 in
774 1954 883 1999 sua
931 1934 1111 2016 plena
1158 1935 1464 2010 libertate,
1527 1936 1591 1998 et
1651 1935 2126 2000 communitates
2180 1952 2391 1997 earum
2451 1951 2516 1996 se
2563 1934 2777 2015 sponte
2827 1933 3036 1997 nostro

337 2021 611 2087 dominio
660 2023 1095 2088 submiserunt.
1164 2022 1294 2087 Nos
1356 2024 1541 2087 etiam
1589 2024 2009 2099 attendenteS,
2059 2021 2218 2105 quod
2277 2020 2704 2102 antiquissimo
2766 2021 3039 2101 tempore

334 2112 792 2193 predecessores
840 2112 1034 2176 nostri
1074 2111 1409 2175 dominium
1459 2113 1523 2175 et
1566 2110 1821 2174 titulum
1868 2110 2217 2174 habuerunt
2249 2109 2312 2174 in
2350 2109 2496 2185 illis,
2546 2107 3038 2172 conservavimus

330 2202 401 2263 et
445 2216 879 2265 conservamus
927 2217 1037 2263 eas
1082 2217 1222 2263 cnm
1267 2199 1511 2281 magnis
1557 2199 1835 2281 expensis
1879 2198 1943 2262 in
1988 2197 2257 2262 dominio
2305 2204 2368 2262 et
2413 2196 2786 2280 protectione
2835 2197 3040 2260 nostra

329 2305 472 2351 cum
523 2305 753 2371 magno
801 2288 957 2352 bono
1005 2288 1068 2350 et
1106 2292 1476 2370 augumento
1522 2288 1723 2351 status
1768 2305 1999 2351 eorum.
2051 2286 2187 2350 Non
2225 2285 2447 2350 sinceri
2477 2286 2538 2363 4,
2586 2284 2692 2348 alii
2732 2284 2806 2349 de
2840 2285 3035 2367 parte.

419 2376 579 2438 Scor.
624 2395 781 2438 cons.
825 2383 1010 2454 royat.
1056 2377 1131 2437 A
1181 2381 1282 2447 90,
1328 2396 1370 2437 u
1413 2378 1754 2438 mletackom
1799 2379 2030 2437 arkivu.

759 2568 857 2650 L.
911 2568 1117 2652 God.
1171 2568 1389 2652 1347.
1443 2568 1539 2651 16
1596 2567 2090 2668 studenoga‚
2145 2591 2205 2650 u
2257 2566 2644 2651 Mletcih.

766 2697 1081 2757 Nastavak
1126 2698 1400 2770 naputka
1444 2713 1519 2757 za
1551 2696 1868 2770 poslanike
1912 2696 2174 2756 odlazebe
2217 2713 2258 2754 u
2313 2695 2605 2772 Uyarsku.

554 2816 737 2880 3347.
786 2816 884 2881 die
929 2817 1078 2881 XVI
1124 2816 1491 2892 novembris
1540 2819 1751 2898 capta:
1802 2817 1854 2880 si
1900 2818 2103 2880 autem
2154 2816 2434 2881 dominus
2481 2833 2582 2879 rex
2617 2813 3037 2897 perseveraret

333 2904 400 2968 in
446 2904 720 2982 dicendo,
764 2907 920 2988 quod
968 2906 1061 2969 ius
1109 2905 1297 2971 habet
1343 2906 1403 2968 in
1449 2904 1805 2969 civitatibus
1853 2904 2182 2981 Dalmatis,
2232 2923 2380 2986 quas
2426 2907 2723 2980 tenemus,
2774 2904 2836 2966 et
2874 2900 3037 2984 quod

339 2996 735 3058 contentatur
781 2994 857 3058 de
905 2994 1124 3058 stando
1169 2993 1502 3077 cognitioni
1550 2995 1613 3057 et
1656 2992 1881 3057 iudicio
1914 2993 2256 3074 aliquorum
2294 3011 2362 3056 ex
2395 2990 2770 3074 principibus
2803 2988 3039 3067 mundi,

338 3081 565 3156 dicant,
614 3083 772 3164 quod
820 3100 930 3146 nos
976 3084 1258 3164 optamus
1307 3081 1628 3164 procedere
1673 3099 1810 3144 cum
1868 3098 1975 3144 sua
2022 3081 2341 3144 maiestate
2388 3100 2495 3163 per
2540 3079 2717 3142 illum
2780 3077 3042 3142 habilio-

344 3187 475 3233 rem
521 3170 584 3232 et
629 3169 1063 3252 expeditiorem
1110 3171 1378 3245 modum,
1426 3170 1548 3250 qui,
1597 3169 1806 3232 vitatis
1849 3167 2228 3251 quibuslibet
2270 3168 2789 3249 disputationibus
2835 3168 2900 3231 et
2937 3184 3043 3230 ca-

346 3255 787 3328 villationibus,
835 3258 1117 3322 inducere
1165 3258 1391 3322 habeat
1434 3258 1496 3320 et
1540 3275 1895 3321 conservare
1942 3274 2210 3320 amorem
2237 3256 2566 3338 pristinum
2610 3256 2770 3320 inter
2814 3256 3039 3337 partes.

343 3343 429 3409 Et
474 3344 621 3408 lice-t
668 3345 730 3408 in
778 3346 907 3411 iure
953 3350 1157 3410 nostro
1218 3345 1576 3429 plenissime
1633 3343 2047 3420 confidamus,
2110 3348 2319 3408 tamen
2377 3343 2519 3426 quia
2563 3343 2855 3408 deducere
2901 3343 3038 3408 iura

342 3451 452 3515 per
497 3432 765 3515 aliquem
815 3435 1057 3498 modum
1108 3454 1288 3498 cause
1334 3452 1439 3497 seu
1488 3433 1695 3497 iudicii
1757 3435 1966 3514 posset
2024 3432 2266 3497 trahere
2326 3431 2742 3497 verisimiliter
2805 3429 3039 3495 factum

345 3521 406 3583 in
457 3520 704 3603 longum
752 3524 816 3586 et
875 3541 1162 3605 generare
1224 3521 1638 3586 confusionem
1698 3522 1858 3585 inter
1919 3527 2154 3603 parteS,
2204 3540 2319 3602 que
2376 3523 2503 3584 tam
2571 3519 2929 3585 benevolum
2975 3521 3039 3584 et

346 3628 563 3690 purum
613 3627 879 3673 amorem
928 3614 1232 3687 affectant,
1278 3610 1584 3675 credimus
1632 3628 1762 3674 esse
1810 3609 2032 3672 melius
2078 3611 2142 3672 et
2189 3609 2386 3689 magis
2418 3626 2748 3673 consonum
2793 3607 3035 3690 utrique

345 3699 531 3779 parti,
578 3715 654 3761 ne
701 3701 941 3762 tantum
989 3699 1212 3762 bonum
1263 3698 1613 3780 aliqualiter
1658 3697 2023 3774 retardetur,
2071 3699 2141 3760 ut
2181 3697 2396 3760 statim
2443 3698 2598 3761 bona
2640 3715 2758 3778 pax
2804 3697 2864 3759 et
2897 3713 3039 3759 con-

346 3784 553 3848 cordia
599 3786 1010 3850 amicabiliter
1055 3790 1116 3850 et
1153 3787 1482 3851 domestice
1530 3785 1639 3850 fiat
1682 3805 1790 3867 per
1836 3784 2083 3848 modum
2144 3783 2403 3848 alicuius
2467 3784 2616 3848 bone
2680 3784 3036 3865 compositi-

343 3873 478 3935 onis
524 3875 586 3937 et
630 3873 977 3939 amicabilis
1022 3877 1360 3947 tractatus;
1404 3875 1467 3937 et
1512 3874 1574 3936 in
1620 3873 1733 3936 hoc
1782 3891 1928 3937 casn
1961 3875 2198 3956 possint
2227 3872 2651 3936 ambaxatores
2681 3889 3039 3953 componere

342 3979 452 4044 per
492 3962 741 4025 modum
790 3961 1265 4045 infrascriptum.
1316 3962 1455 4026 Non
1494 3962 1710 4025 sinceri
1760 3962 1820 4037 2,
1868 3962 1940 4025 de
1994 3980 2108 4024 non
2165 3962 2216 4038 1,
2265 3961 2370 4025 alii
2411 3961 2482 4024 de
2521 3963 2711 4042 parte.

548 4047 778 4132 Capta:
826 4056 888 4113 et
935 4051 1074 4133 quia
1118 4051 1192 4116 de
1238 4050 1619 4133 providentia
1665 4052 2006 4114 nostrorum
2054 4049 2514 4113 ambaxatorum
2549 4066 2875 4130 possumus
2907 4046 3039 4129 ple-

340 4137 513 4204 narie
555 4136 874 4212 confidere,
924 4140 1007 4202 sit
1050 4139 1112 4202 in
1158 4157 1366 4203 eorum
1415 4136 1775 4202 discretione
1837 4137 2166 4219 incipiendi
2212 4138 2286 4202 ab
2339 4135 2444 4201 illo
2510 4136 2777 4217 capitulo
2823 4135 2897 4199 de
2944 4135 3037 4199 in-

341 4224 702 4308 frascriptiS,
748 4225 904 4307 quod
948 4227 1035 4290 eis
1082 4226 1302 4291 melius
1350 4225 1654 4291 videbitur
1699 4244 1806 4308 pro
1855 4226 2076 4289 honore
2123 4228 2329 4289 nostro
2366 4227 2430 4288 et
2476 4224 2629 4288 bono
2676 4223 2844 4288 facti.
2895 4224 3032 4289 Mo·

344 4313 456 4377 dus
501 4315 711 4377 autem
757 4317 852 4377 est
899 4315 1050 4378 iste:

554 4403 607 4465 1.
652 4398 823 4479 Quod
866 4401 1219 4467 remittente
1264 4400 1511 4465 domino
1558 4420 1700 4484 rege
1745 4404 1809 4464 et
1854 4400 2254 4465 transferente
2300 4401 2361 4463 in
2407 4418 2517 4464 nos
2577 4399 2790 4465 statim
2838 4398 3029 4465 libere

338 4490 405 4554 et
448 4488 729 4573 expedite
774 4489 1001 4571 absque
1046 4489 1174 4554 ulla
1219 4489 1561 4555 conditione
1610 4490 1669 4552 in
1717 4492 2079 4572 perpetuum
2136 4489 2340 4552 omnia
2383 4489 2551 4567 iura,
2599 4506 2714 4570 que
2775 4489 3031 4554 haberet

338 4578 434 4641 vel
478 4578 714 4643 diceret
756 4578 982 4641 habere
1029 4578 1088 4640 in
1135 4577 1318 4642 dictis
1364 4578 1625 4661 quatuor
1673 4577 2026 4641 civitatibus
2074 4579 2137 4640 et
2171 4575 2539 4659 generaliter
2582 4575 2644 4639 in
2699 4576 2838 4640 aliis
2883 4577 3037 4640 civi·

337 4666 573 4731 tatibus
618 4667 683 4730 et
726 4664 880 4729 locis
923 4664 1254 4744 Dalmatis,
1302 4683 1453 4748 quas
1487 4668 1762 4729 tenemus
1793 4684 1934 4729 cum
1963 4665 2350 4747 pertinentiis
2383 4663 2752 4742 earumdem,
2801 4664 3038 4745 possint

331 4754 762 4820 ambaxatores
815 4754 1171 4835 promittere
1217 4754 1377 4818 inter
1422 4771 1595 4836 reges
1641 4759 1702 4817 et
1748 4754 2004 4817 barones
2050 4752 2302 4817 ducatos
2370 4751 2456 4815 60
2499 4751 2699 4817 millia
2756 4750 2854 4816 vel
2898 4749 3036 4814 inde

2708 4853 2744 4892 *
