3620 5282
3114 386 3244 451 295

523 561 691 625 istud
741 560 1100 633 consilium:
1151 563 1213 625 et
1258 573 1524 625 rectores
1571 564 1634 627 et
1680 562 1893 625 fideles
1958 562 2142 626 nostri
2212 561 2455 625 illarum
2527 559 2793 643 partium
2845 560 3111 626 debeant
3156 564 3245 627 eis

515 649 576 713 in
621 648 908 715 omnibus
957 649 1226 723 obedire,
1279 650 1623 712 reducendo
1671 652 1759 713 eis
1810 650 1889 713 ad
1948 652 2346 726 memoriam,
2406 648 2566 729 quod
2615 649 2674 710 in
2725 650 2888 710 omni
2938 667 3084 714 casu
3133 651 3245 714 ha-

511 737 697 801 beant
743 737 967 799 bonam
1016 755 1226 800 curam
1278 737 1352 800 de
1402 740 1732 801 securitate
1781 739 2129 800 nostrarum
2180 741 2505 812 terrarum,
2558 741 2620 799 et
2652 737 3006 817 specialiter
3051 738 3240 803 Jadre

512 825 575 887 et
620 824 816 888 None.
865 824 947 887 Et
993 823 1213 888 dehinc
1261 825 1653 907 provideatur
1700 828 1773 889 de
1821 826 2116 889 armando
2174 831 2238 888 et
2303 824 2603 886 mittendo
2663 822 2816 887 illuc
2880 843 3067 905 usque
3125 827 3240 889 duo

510 911 608 975 vel
657 911 777 975 tria
827 912 1017 994 ligna,
1071 912 1134 975 et
1180 911 1255 974 de
1302 913 1605 977 mittendo
1654 913 2034 976 ballistarios
2085 917 2146 975 et
2184 913 2341 975 alias
2388 916 2603 993 gentes
2646 929 2756 992 pro
2789 910 3239 977 confortacione

510 1000 574 1063 et
617 998 1028 1063 subvencione
1077 998 1384 1064 dictarum
1432 1002 1733 1064 terrarum
1787 1020 1966 1082 quam
2020 999 2211 1063 cicius
2259 1019 2391 1062 esse
2423 1000 2672 1081 potest;
2721 1000 2782 1062 et
2829 999 3240 1081 respondeant

517 1086 666 1151 dicti
714 1086 1063 1169 provisores
1111 1086 1230 1165 die,
1280 1107 1399 1171 qua
1446 1088 1790 1171 eligentur,
1864 1092 1926 1150 et
1989 1087 2218 1151 vadant
2288 1106 2477 1169 usque
2525 1085 2653 1149 dies
2703 1084 2856 1149 VIII
2907 1087 3238 1168 proximos,

516 1176 581 1238 et
626 1192 743 1237 non
794 1173 1065 1237 refutent
1114 1175 1227 1236 sub
1278 1195 1433 1257 pena
1482 1178 1841 1239 ducatorum
1893 1181 2137 1239 centum
2202 1193 2309 1256 pro
2373 1174 2684 1255 quolibet;
2750 1177 2813 1237 et
2861 1175 3095 1255 possint
3142 1195 3244 1239 ex-

511 1261 775 1343 pendere
825 1262 885 1324 in
940 1263 1227 1325 omnibus
1269 1265 1549 1345 expensis
1599 1266 1855 1327 ducatos
1905 1268 2028 1326 tres
2079 1264 2134 1326 in
2186 1263 2284 1325 die
2335 1281 2438 1343 pro
2487 1262 2799 1344 quolibet,
2868 1266 2930 1324 et
2974 1263 3246 1327 habeant

510 1357 635 1413 tres
697 1349 997 1423 famulos;
1069 1352 1132 1412 et
1192 1351 1436 1432 possint
1497 1353 1690 1433 accipi
1758 1352 1834 1414 de
1896 1352 2061 1414 omni
2121 1350 2342 1427 officie,
2410 1367 2527 1412 non
2586 1351 2895 1432 perdendo
2946 1349 3240 1428 officium,

510 1437 668 1519 quod
718 1438 884 1501 esset
930 1437 1308 1501 continuum.
1366 1440 1446 1502 Et
1492 1440 1543 1501 si
1592 1440 1950 1520 capitaneus
2003 1440 2189 1502 maris
2239 1438 2474 1502 venerit
2521 1438 2598 1499 ad
2649 1438 2790 1500 illas
2837 1438 3059 1519 partes,
3111 1438 3241 1519 ipse

516 1526 581 1588 et
627 1525 758 1588 eius
806 1524 1139 1589 consiliarii
1188 1526 1314 1589 sint
1361 1546 1499 1591 cuni
1551 1528 1731 1590 (lictis
1795 1526 2248 1609 provisoribuS,
2312 1528 2376 1590 et
2422 1524 2592 1601 fiant,
2643 1544 2759 1606 que
2816 1525 3046 1589 fuerint
3092 1525 3243 1590 faci-

519 1613 674 1676 enda
722 1632 828 1694 per
876 1613 1171 1676 maiorem
1225 1618 1483 1695 partem,
1535 1615 1720 1678 donec
1769 1615 1970 1678 dictus
2040 1613 2400 1696 capitaneus
2458 1613 2541 1676 ibi
2588 1612 2743 1688 erit,
2796 1616 2858 1676 et
2908 1631 3022 1677 non
3071 1614 3240 1677 elon-

518 1699 700 1782 getur
747 1700 833 1763 eis
872 1701 1175 1764 terminus
1224 1720 1534 1766 reccessus
1583 1703 1696 1765 sub
1740 1722 1895 1785 pena
1945 1702 2243 1765 librarum
2293 1699 2340 1764 C
2402 1698 2661 1763 cuilibet
2704 1700 2952 1781 ponenti
2999 1703 3241 1782 partem

522 1787 584 1850 in
628 1787 1029 1851 contrarium.
1080 1788 1182 1866 28,
1233 1789 1352 1861 232
1404 1809 1518 1854 non
1566 1790 1785 1853 sinceri
1838 1794 1897 1865 ⁶2,
1956 1793 2020 1861 1;
2071 1790 2143 1853 de
2192 1808 2307 1852 non
2358 1790 2416 1851 ⁸2.

729 1874 880 1939 Tres
922 1876 1249 1957 sapientes,
1300 1877 1587 1942 videlicet
1634 1898 1731 1941 ser
1767 1879 2016 1941 Marcus
2062 1876 2435 1952 Justi11ian0,
2484 1893 2583 1938 ser
2630 1876 2877 1939 Marcus
2929 1876 3112 1954 Celsi,
3142 1897 3241 1942 ser

518 1962 847 2027 Zacharias
896 1961 1261 2028 CentarenO.
1314 1964 1543 2047 Capta:
1609 1967 1765 2048 quod
1836 1966 2155 2048 capitaneo
2225 1966 2430 2027 nostro
2493 1963 2680 2028 maris
2743 1964 2806 2026 et
2868 1964 3242 2029 consiliariis

518 2050 647 2113 suis
697 2051 1023 2127 scribatur,
1073 2050 1230 2134 quod
1282 2054 1340 2115 in
1391 2073 1535 2117 casu
1584 2072 1704 2135 quo
1754 2056 1955 2118 castra
2002 2052 2177 2118 Clisii
2227 2057 2289 2115 et
2333 2050 2634 2116 Scardone
2685 2070 2798 2114 non
2837 2056 3084 2134 possent
3131 2053 3242 2117 ha-

512 2138 653 2202 bere
701 2157 808 2221 per
857 2139 1092 2216 modOS,
1142 2140 1365 2220 quibus
1412 2141 1541 2205 heri
1592 2141 1972 2224 scripsimuS,
2024 2142 2086 2205 et
2133 2140 2415 2204 viderent
2478 2158 2549 2204 ea
2592 2158 2766 2223 posse.
2823 2141 3049 2205 habere
3097 2159 3238 2223 pro-

513 2225 818 2291 mittendo
857 2226 1128 2308 aliquam
1180 2229 1431 2310 pecunie
1478 2230 1912 2312 quantitatem,
1962 2228 2201 2312 possint
2230 2228 2594 2310 promittere
2643 2231 2708 2292 et
2758 2228 3092 2309 expendere
3125 2247 3234 2312 pro

516 2314 789 2378 habendo
834 2314 1019 2377 ambo
1066 2315 1202 2397 ipsa
1251 2320 1454 2380 castra
1503 2336 1642 2381 cum
1690 2316 2018 2382 fortaliciis
2052 2317 2178 2379 suis
2204 2334 2395 2398 usque
2442 2317 2515 2379 ad
2563 2316 2756 2380 libras
2793 2314 2838 2379 C
2886 2316 3056 2380 mille
3090 2335 3232 2399 par>

520 2420 754 2478 vorum,
804 2402 973 2465 etin
1040 2421 1187 2467 casu
1250 2424 1365 2484 que
1428 2405 1609 2468 ambo
1674 2405 1883 2468 haberi
1947 2424 2059 2468 non
2129 2404 2393 2485 possent,
2443 2406 2682 2485 possint
2729 2405 3089 2486 promittere
3137 2424 3243 2487 pro

510 2489 787 2571 quolibet
831 2488 1103 2571 ipsorum
1154 2510 1343 2574 usque
1391 2493 1465 2555 ad
1506 2493 1698 2556 libras
1733 2494 1782 2556 L
1825 2492 1993 2556 mille
2027 2510 2376 2574 parvorum.
2425 2492 2656 2557 Verum
2688 2494 2739 2556 si
2772 2491 2927 2556 forte
2976 2492 3088 2569 illi,
3138 2493 3238 2575 qui

511 2579 722 2640 tenent
769 2577 903 2660 ipsa
934 2580 1158 2655 castra,
1208 2584 1562 2646 recusarent
1607 2580 1718 2645 illa
1766 2581 1912 2645 dare
1980 2580 2156 2645 nobis
2212 2580 2534 2658 absolute,
2607 2583 2670 2645 et
2719 2578 2948 2644 vellent
3003 2600 3075 2646 ea
3136 2599 3244 2646 no-

520 2664 614 2729 bis
658 2665 805 2729 dare
852 2668 922 2729 ut
967 2685 1038 2730 ea
1093 2685 1593 2733 conservaremus
1641 2671 1705 2733 et
1752 2672 2098 2733 teneremus
2147 2668 2388 2731 nomine
2436 2668 2667 2733 domini
2695 2669 3085 2750 imperatoris
3118 2669 3245 2734 Ra·

510 2752 639 2831 xie,
689 2772 904 2817 snmus
949 2755 1241 2832 contenti,
1291 2758 1451 2838 quod
1499 2757 1635 2839 ipsa
1684 2758 1950 2838 recipere
2000 2755 2240 2838 possint
2271 2758 2336 2819 et
2368 2756 2668 2838 recipiant
2720 2759 2898 2820 modo
2950 2756 3241 2840 predicte,

512 2841 655 2922 quia
698 2859 813 2922 quo
876 2842 1057 2906 modo
1120 2861 1354 2925 cunque
1403 2845 1661 2920 videtur,
1726 2844 1882 2927 quod
1935 2864 2048 2909 non
2120 2843 2349 2907 vadant
2395 2843 2454 2905 in
2518 2862 2736 2907 manus
2784 2844 3240 2927 Hungarorum,

513 2929 663 2992 satis
725 2928 1093 2993 haberemus
1141 2933 1415 2996 nostram
1461 2934 1887 2996 intentionem.
1940 2931 2042 3006 29,
2092 2931 2195 2995 36.

724 3015 955 3099 Capta:
1005 3019 1162 3099 quod
1212 3019 1273 3083 in
1322 3039 1466 3084 casu
1523 3040 1640 3102 quo
1702 3020 2062 3102 capitaneus
2127 3022 2329 3082 noster
2399 3018 2668 3082 nondum
2724 3018 3132 3102 applicuisset
3166 3022 3242 3085 ad

517 3102 710 3167 dictas
758 3108 964 3186 partes
1010 3104 1348 3185 Sclavenie,
1398 3109 1760 3172 comittatur
1789 3107 2202 3188 provisoribus
2236 3106 2464 3170 nostris
2514 3107 2578 3170 et
2625 3107 2964 3171 rectoribus
3014 3108 3241 3173 nostris
3321 3112 3352 3144 ³⁴

514 3188 763 3272 Spaleti,
813 3192 1101 3274 Tragurii
1150 3196 1213 3258 et
1260 3194 1561 3272 Sibenici‚
1633 3197 1789 3278 quod
1852 3214 1990 3259 cum
2065 3196 2230 3258 omni
2302 3193 2716 3258 sollicitudine
2781 3197 2844 3259 et
2913 3195 3244 3279 diligencia

512 3281 849 3360 opportuna
910 3300 1019 3362 per
1082 3283 1375 3346 maiorem
1437 3286 1673 3366 partem
1748 3283 2020 3366 ipsorum
2085 3286 2458 3365 exequantur
2521 3281 2634 3346 hoc
2703 3282 3063 3347 mandatum
3136 3302 3245 3349 no-

515 3367 710 3430 strum
760 3369 1125 3449 predictum.
1192 3371 1258 3434 In
1311 3390 1457 3435 casu
1506 3390 1681 3448 vero,
1732 3390 1849 3453 quo
1917 3369 2175 3452 predicti
2228 3369 2571 3451 provisores
2617 3372 2808 3434 nostri
2858 3372 2980 3434 iam
3029 3371 3103 3435 de
3150 3372 3244 3436 di-

519 3454 634 3517 ctis
684 3455 966 3536 partibus
1014 3459 1463 3535 reccessissent,
1516 3463 1780 3522 rectores
1827 3459 2022 3523 nostri
2057 3458 2315 3539 predicti
2363 3477 2470 3539 per
2517 3459 2809 3522 maiorem
2860 3461 3098 3541 partem
3148 3459 3240 3542 ip-

519 3558 723 3692 sprmgi
773 3545 1152 3624 exequantur
1196 3546 1428 3610 dictum
1481 3546 1842 3611 mandatum
1892 3546 2192 3610 nostrum.
2269 3545 2406 3609 Non
2453 3545 2673 3609 sinceri
2733 3550 2784 3623 l,
2849 3548 2922 3609 de
2975 3566 3088 3611 non
3141 3547 3241 3626 13,

521 3629 626 3693 aii
715 3649 745 3693 e
793 3633 985 3712 parte.

722 3715 952 3783 Omnes
1015 3721 1341 3802 sapientes.
1415 3723 1646 3805 Capta:
1720 3724 1787 3785 ut
1852 3742 1966 3786 non
2040 3720 2422 3784 sustineatur
2491 3721 2762 3803 gravitas
2833 3741 3239 3805 expensarum

519 3806 768 3886 propter
813 3825 1048 3871 moram
1102 3810 1416 3891 galearum
1466 3814 1810 3874 nostrarum
1858 3811 1916 3873 in
1966 3808 2248 3892 partibus
2297 3806 2648 3872 Sclavenie:
2702 3808 2871 3872 vadit
2914 3829 3076 3891 parS,
3127 3828 3233 3890 pro

521 3891 795 3956 faciendo
841 3894 1007 3977 ipsas
1050 3897 1260 3978 galeas
1309 3900 1552 3961 nostras
1602 3898 1677 3960 ad
1729 3897 1973 3980 propria
2020 3915 2310 3970 remeare,
2361 3896 2520 3977 quod
2569 3899 2885 3960 armentur
2932 3915 3074 3960 cum
3121 3897 3234 3960 illa

522 3979 952 4061 sollicitudine,
1002 4003 1122 4066 qua
1167 3984 1296 4047 fieri
1348 3987 1571 4066 potest,
1616 3986 1733 4049 duo
1779 3985 1950 4067 ligna
1997 3984 2252 4047 subtilia
2301 4001 2439 4047 cum
2499 3983 2606 4046 illo
2671 3982 2877 4060 sold0,
2929 3984 3087 4066 quod
3135 3984 3244 4049 do—

519 4066 705 4130 minio
754 4071 1095 4152 apparebit,
1143 4091 1252 4153 pro
1294 4074 1594 4136 mittendo
1643 4075 1778 4154 ipsa
1828 4074 1904 4136 ad
1948 4074 2154 4154 partes
2204 4071 2523 4136 Sclavenie
2570 4071 2896 4153 predictas.

666 4153 674 4162 '
724 4154 963 4238 Capta:
1010 4161 1072 4223 et
1117 4178 1252 4223 cum
1305 4160 1469 4224 omui
1514 4161 1926 4225 sollicitudine
1975 4161 2038 4223 et
2084 4157 2421 4241 diligencia
2447 4158 2822 4222 soldizentur
2869 4179 3057 4241 usque
3093 4159 3243 4226 VIII

520 4240 841 4308 banderias
888 4246 1166 4327 peditum
1215 4267 1352 4310 cum
1404 4247 1512 4310 illo
1562 4248 1732 4311 soldo
1781 4251 1845 4312 et
1892 4268 1996 4330 per
2044 4246 2198 4309 illud
2268 4249 2543 4328 tempus,
2605 4246 2757 4328 quod
2828 4246 3239 4313 dominacioni

518 4328 839 4426 videbitur,
890 4334 1247 4416 accipiendo
1296 4354 1478 4416 quam
1548 4335 1753 4418 plures
1820 4333 2195 4398 ballistarios
2257 4333 2464 4397 haberi
2529 4337 2819 4416 poterunt
2882 4335 2944 4399 in
2991 4354 3242 4401 numero

517 4435 803 4497 ipsarum.

724 4504 954 4590 Capta:
1008 4509 1166 4592 quod
1218 4509 1548 4574 mittantur
1586 4510 1843 4575 Jadram
1898 4530 2008 4593 pro
2083 4510 2301 4593 paghis
2348 4513 2412 4574 et
2473 4509 2612 4573 aliis
2681 4511 2963 4593 expensis
3020 4530 3242 4594 oppor-

521 4593 685 4657 tunis
736 4613 924 4677 usque
971 4595 1226 4660 ducatos
1277 4598 1369 4661 III
1420 4597 1611 4662 mille.

611 4683 787 4741 Misn·
839 4686 1118 4743 XXVII.
1169 4689 1269 4755 49,
1316 4706 1358 4744 u
1397 4689 1611 4745 arkivu
1652 4689 2010 4748 mletackom.
