3620 5282
2986 337 3114 405 329

404 518 558 584 dicti
604 517 741 591 loci,
790 518 1010 584 solutis
1044 522 1323 603 expensis
1357 519 1646 585 limitatis
1689 519 1753 583 in
1793 519 1922 585 illis
1953 520 2169 602 pactis,
2220 521 2283 584 et
2314 537 2423 585 nos
2456 520 2627 597 duam,
2661 518 2751 585 ita
2785 519 3112 604 dignemur

408 608 496 672 eis
560 608 703 672 dare
766 607 1184 686 medietatem,
1250 611 1313 673 et
1363 628 1549 674 causa
1610 609 1723 686 est,
1795 608 1940 691 quia
2006 608 2230 673 Turchi
2302 609 2655 673 astulerunt
2701 609 2817 673 sibi
2864 607 3104 688 aliquas

405 694 610 771 villas,
652 695 727 759 de
771 696 993 779 quibus
1039 697 1462 780 percipiebant
1506 715 1793 780 magnam
1845 697 2210 761 utilitatem.
2260 697 2338 761 Et
2384 697 2672 761 similiter
2726 695 2883 778 quod
2934 712 3109 757 man-

406 786 620 849 demus
666 783 873 850 baiulo
919 785 983 849 et
1027 785 1348 867 capitaneo
1398 787 1607 850 nostro
1655 785 1972 858 Durachii,
2019 786 2176 866 quod
2212 787 2421 850 teneat
2455 787 2724 857 modum,
2760 784 2917 866 quod
2954 801 3115 846 mer—

403 873 608 937 catum
658 873 809 937 salis
856 890 976 937 nou
1030 873 1139 938 fiat
1185 874 1332 937 alibi
1395 893 1577 955 quam
1642 872 1718 938 ad
1789 876 2132 937 mercatum
2197 874 2348 938 dicti
2397 874 2515 938 loci
2577 872 2767 948 Lexii,
2831 871 2974 956 quia
3018 872 3116 935 est

403 979 541 1025 cum
591 979 813 1044 magno
860 960 1086 1025 damno
1136 965 1345 1027 nostro
1392 963 1455 1027 et
1500 980 1650 1038 suo;
1696 962 1760 1025 et
1804 961 2112 1041 ultimate,
2183 963 2342 1045 quod
2406 964 2760 1027 mutuemur
2827 960 2945 1024 sibi
2999 960 3112 1022 du-

404 1050 575 1113 catos
622 1048 919 1113 ducentos
965 1049 1350 1114 deducendos
1397 1050 1472 1114 de
1520 1049 1873 1114 introitibus
1945 1069 2052 1114 seu
2124 1050 2236 1114 illa
2294 1051 2469 1132 parte
2537 1050 2901 1114 introituum
2961 1047 3108 1111 dicti

407 1138 550 1215 loci,
601 1157 718 1220 que
767 1155 868 1201 eos
914 1139 1227 1221 contiget;
1270 1139 1441 1203 vadit
1486 1158 1648 1220 parS,
1677 1137 1836 1220 quod
1885 1138 2326 1219 respondeatur
2372 1137 2482 1215 εἰς,
2535 1139 2689 1221 quod
2743 1135 2916 1201 nobis
2965 1154 3110 1218 gra-

405 1227 527 1302 vat,
579 1227 631 1288 si
683 1245 791 1308 per
836 1226 1108 1291 Turchos
1141 1226 1237 1291 vel
1282 1228 1439 1291 alios
1486 1227 1766 1291 senciunt
1812 1228 2037 1291 damna
2083 1226 2296 1309 aliqua
2361 1227 2423 1288 in
2471 1225 2834 1290 introitibus
2912 1227 2975 1289 et
3026 1223 3116 1287 lo-

406 1314 495 1378 cis
543 1315 693 1390 suia,
743 1314 890 1395 quia
936 1332 1058 1378 nou
1101 1314 1299 1379 solum
1339 1334 1459 1393 eos,
1511 1334 1661 1397 quos
1706 1315 1934 1378 habere
1997 1317 2060 1378 et
2121 1315 2390 1379 tractare
2438 1315 2817 1378 intendimus
2866 1313 2926 1375 in
2977 1331 3113 1377 nos-

406 1405 533 1466 tros
575 1403 803 1466 amicos
874 1401 978 1466 sed
1062 1402 1371 1484 quoslibet
1438 1404 1808 1469 christianos
1879 1403 2181 1467 vellemus
2229 1405 2306 1466 ab
2369 1403 2653 1466 omnibus
2701 1400 3001 1465 molestiis
3051 1401 3116 1464 et

407 1489 794 1554 Turchorum
846 1490 1178 1555 insultibus
1223 1492 1602 1573 preservari;
1671 1496 1734 1555 et
1800 1495 2122 1573 propterea
2196 1492 2468 1555 volentes
2538 1491 2658 1554 sibi
2722 1491 2783 1553 in
2833 1489 2949 1563 his»,
2996 1507 3113 1570 que

402 1596 543 1641 cum
592 1578 818 1642 honore
867 1580 1075 1643 nostro
1125 1597 1466 1659 possumus
1516 1580 1916 1661 complacere,
1969 1597 2185 1644 sumus
2230 1579 2429 1660 parati
2481 1582 2748 1659 prestare
2792 1576 2881 1640 eis
2928 1577 3115 1639 duca-

405 1667 500 1729 tos
547 1667 863 1743 ducentOS,
913 1685 1066 1748 quos
1115 1669 1434 1749 requirunt
1481 1687 1515 1732 a
1564 1668 1739 1732 nobis
1787 1667 2179 1732 defalcaudos
2227 1668 2301 1730 de
2348 1685 2456 1730 sua
2503 1667 2678 1748 parte
2739 1663 3114 1729 introituum

406 1755 595 1817 castri
644 1753 832 1818 Lexii.
875 1754 954 1818 Et
1002 1754 1343 1820 scribemus
1388 1756 1596 1820 baiulo
1642 1759 1706 1820 et
1751 1757 2068 1838 capitaneo
2115 1756 2405 1820 Durachii
2455 1751 2758 1831 districte,
2809 1752 2968 1835 quod
3020 1756 3112 1816 te-

402 1843 551 1905 neat
596 1844 867 1919 modum,
920 1844 1080 1924 quod
1125 1843 1220 1906 sal
1268 1862 1384 1908 non
1434 1847 1712 1927 portetur
1758 1844 1880 1907 alio
1943 1864 2124 1926 quam
2196 1845 2270 1906 ad
2338 1843 2538 1925 ipsum
2609 1846 2968 1915 mercatum,
3047 1842 3118 1903 ut

408 1949 517 1993 nos
566 1932 630 1994 et
675 1931 794 2012 ipsi
848 1949 1298 2013 consequamur
1344 1934 1635 1996 maiorem
1687 1932 2064 2006 utilitatem;
2112 1931 2217 1994 sed
2251 1932 2623 2013 complacere
2671 1930 2786 1994 sibi
2825 1947 2941 1992 non
2980 1947 3118 2010 pos·

407 2036 625 2082 sumus
673 2018 747 2082 de
796 2019 1130 2083 medietate
1183 2021 1568 2093 introituum,
1614 2021 1754 2102 quia
1809 2020 2239 2100 cognoscimus
2310 2020 2640 2091 evidenter,
2712 2016 2872 2100 quod
2945 2019 3114 2080 esset

403 2124 545 2171 cum
593 2105 923 2171 manifesto
969 2107 1191 2172 damno
1239 2110 1431 2173 nostri
1479 2109 1842 2174 communis.
1895 2109 2118 2172 Verum
2170 2107 2310 2190 quia
2357 2107 2474 2189 ipsi
2521 2106 2756 2171 nobiles
2810 2107 3114 2169 venerunt

401 2195 519 2258 huc
561 2214 700 2260 cum
754 2214 974 2276 magna
1022 2215 1282 2276 expensa
1328 2200 1391 2260 et
1438 2216 1549 2261 non
1599 2197 1730 2261 sine
1777 2198 2094 2261 incomodo
2143 2215 2252 2261 suo
2312 2197 2376 2260 et
2437 2197 2809 2278 agendorum
2859 2212 3111 2258 suornm

400 2282 517 2345 sub
566 2303 672 2363 spe
720 2283 1041 2347 obtinendi
1090 2285 1319 2348 dictam
1370 2304 1543 2349 suam
1592 2284 2000 2350 intencionem
2053 2286 2122 2348 de
2173 2285 2496 2347 medietate
2567 2283 2929 2346 introituum
2979 2300 3115 2363 pre·

401 2371 701 2434 dictorum
750 2376 813 2434 et
860 2372 1194 2449 sanciendi,
1242 2374 1317 2436 de
1363 2375 1561 2455 gratia
1608 2374 1804 2437 nostri
1853 2373 2110 2437 dominii
2157 2373 2368 2436 donari
2418 2372 2533 2435 sibi
2593 2371 2858 2435 debeant
2906 2370 3112 2433 ducati

401 2457 850 2541 quinquaginta
897 2461 970 2524 de
1006 2462 1263 2542 pecunia
1314 2463 1505 2525 nostri
1555 2462 1920 2539 communia,
1968 2465 2037 2526 ut
2084 2461 2283 2545 magis
2331 2460 2584 2525 redeant
2627 2459 2943 2526 consolati.
3026 2458 3116 2521 De

399 2549 577 2629 parte
623 2548 729 2624 53,
781 2550 860 2612 de
910 2568 1025 2613 non
1074 2550 1135 2626 2,
1183 2568 1299 2613 non
1349 2550 1570 2614 sinceri
1620 2552 1675 2613 1.

488 2657 667 2716 Misti
714 2657 977 2718 XLIII.
1028 2662 1085 2736 4,
1131 2677 1174 2718 u
1219 2660 1373 2720 mlet.
1421 2661 1656 2721 arkivu.

624 2846 1283 2930 ccchxvm.
1340 2848 1547 2931 coa.
1602 2850 1830 2934 1394.
1883 2851 1990 2932 ao
2043 2852 2347 2953 nnnja,
2398 2873 2457 2932 u
2512 2851 2905 2932 metam.

403 2991 715 3066 Odyovara
760 3010 820 3050 se
861 2993 1284 3067 biskupskomu
1328 2996 1731 3054 namiestniku
1776 3015 1818 3054 u
1864 2996 2065 3069 Senju,
2115 2998 2196 3055 da
2241 2997 2394 3055 mlet.
2443 2996 2623 3054 vlada
2653 2997 2785 3055 nebi
2817 2996 3118 3068 dopustila

398 3082 560 3140 izvor
604 3081 815 3154 oruija
860 3082 917 3141 iz
961 3083 1237 3142 Mletaka
1279 3084 1379 3141 bez
1423 3085 1642 3156 ἐπρίατο
1689 3085 1918 3143 dotidnc
1966 3086 2124 3159 dade,
2175 3104 2215 3143 a
2254 3085 2416 3159 qlede
2466 3084 2669 3143 Zadra
2715 3085 2793 3142 da
2841 3101 2901 3143 se
2932 3085 3112 3143 Meet-

1308 3173 1448 3230 dani
1502 3190 1543 3231 u
1586 3173 1751 3231 nista
1794 3174 2030 3232 miesati
2069 3173 2222 3233 πεέε.

615 3269 802 3336 1394.
854 3272 1182 3336 indictione
1229 3273 1515 3345 secunda,
1578 3275 1674 3339 die
1743 3275 1968 3340 ultimo
2036 3277 2208 3340 iunii.
2259 3274 2456 3358 Capta
2503 3277 2564 3339 in
2614 3274 2890 3356 collegio.
2940 3272 3113 3352 Quod

404 3359 632 3424 nobilis
684 3360 778 3424 vir
819 3380 916 3424 ser
962 3362 1276 3426 Johannes
1324 3361 1593 3426 Storlato
1642 3364 1940 3428 rescribat
1984 3382 2021 3426 a
2068 3384 2130 3427 se
2178 3370 2242 3428 et
2289 3364 2653 3446 respondeat
2715 3364 2818 3427 isti
2867 3362 3111 3427 domiuo

398 3448 635 3527 Thome
688 3449 911 3513 vicario
958 3449 1200 3532 Segnie,
1248 3453 1349 3531 qui
1396 3450 1513 3514 sibi
1565 3452 1738 3515 misit
1780 3451 1938 3516 istas
1983 3454 2135 3516 duas
2179 3453 2391 3516 literas
2439 3452 2503 3515 in
2551 3452 2664 3515 hac
2709 3452 2922 3517 forma.

613 3536 877 3620 Egregie
925 3540 989 3601 et
1032 3534 1376 3602 honorande
1424 3540 1620 3603 amice
1668 3541 2008 3604 carissime.
2075 3541 2203 3623 Ego
2250 3542 2485 3604 noviter
2533 3541 2730 3621 recepi
2782 3542 2933 3604 duas
2970 3559 3103 3603 ves-

400 3627 530 3689 tras
579 3624 817 3698 literaS,
866 3644 1055 3690 unam
1102 3627 1311 3689 datam
1358 3627 1586 3709 Brigne
1633 3629 1730 3691 die
1779 3630 2281 3711 decimoseptimo
2354 3631 2581 3692 mensis
2657 3629 2830 3701 iunii,
2876 3628 2939 3692 in
2986 3647 3108 3709 qua

397 3713 752 3778 continetur
800 3713 1034 3778 factum
1083 3715 1273 3778 castri
1354 3715 1659 3796 Raspuch,
1708 3716 1966 3780 alteram
2024 3717 2119 3780 die
2168 3717 2381 3781 XVIII
2430 3718 2849 3781 continentem
2902 3719 3107 3795 partes

399 3803 572 3876 duaS,
618 3802 879 3882 primam
928 3801 1003 3864 de
1051 3802 1224 3866 dacio
1297 3802 1546 3866 illorum
1616 3823 1948 3878 armorum,
2021 3824 2135 3887 que
2198 3803 2521 3869 extrahere
2591 3806 2775 3870 debet
2853 3804 3102 3868 Marcus

400 3890 718 3967 Merzario,
768 3890 925 3973 quod
971 3891 1203 3954 datium
1244 3892 1575 3955 dominatio
1646 3892 1782 3956 vult
1847 3892 2001 3956 solvi
2068 3892 2308 3968 debere,
2376 3896 2439 3957 et
2510 3894 2772 3957 alteram
2822 3894 2894 3956 de
2940 3892 3102 3956 facto

396 3976 866 4041 Jadratinorum
915 3979 979 4043 et
1023 3980 1139 4043 cet.
1190 3976 1428 4056 Quibus
1474 3980 1828 4061 respondeo,
1874 3980 2030 4062 quod
2078 3980 2291 4045 habita
2340 4000 2522 4063 super
2571 3981 2698 4045 illis
2745 3979 2945 4043 literis
2989 3980 3105 4044 ali-

397 4083 516 4147 qua
562 4065 933 4147 cogitatione
987 4068 1048 4131 et
1094 4073 1397 4149 respectu,
1450 4068 1636 4132 michi
1680 4070 1880 4132 visum
1928 4068 2045 4132 fuit
2086 4088 2189 4148 pro
2241 4069 2480 4133 meliori
2529 4073 2591 4133 et
2637 4069 2728 4132 ita
2775 4067 3109 4132 deliberavi

399 4171 516 4217 non
562 4153 762 4217 facere
811 4153 1083 4236 aliquam
1127 4156 1521 4234 mentionem,
1584 4175 1692 4221 uec
1761 4157 1905 4220 dare
1977 4156 2249 4239 aliquam
2322 4158 2613 4221 noticiam
2683 4157 3109 4233 dominationi,

397 4242 545 4322 quia
594 4239 837 4305 videtur
883 4242 1073 4306 michi
1122 4261 1485 4325 cognoscere
1533 4245 1682 4308 satis
1730 4244 1911 4321 clare,
1963 4247 2115 4327 quod
2166 4244 2499 4310 dominatio
2551 4245 2824 4327 predicta
2873 4246 3108 4327 specia-

398 4328 544 4393 liter
588 4329 664 4394 de
711 4331 911 4411 prima
957 4331 1140 4395 litera
1184 4330 1508 4395 habuisset
1551 4331 1883 4397 maximam
1929 4333 2369 4410 turbationem,
2421 4336 2480 4397 et
2528 4333 2756 4397 iudicio
2806 4353 2940 4398 meo
2996 4334 3105 4398 ha-

400 4416 634 4482 buisset
676 4436 965 4501 magnam
1015 4437 1286 4483 causam.
1382 4420 1533 4483 Volo
1603 4423 1812 4484 tamen
1862 4421 2031 4485 vobis
2095 4421 2157 4484 in
2224 4426 2394 4501 parte
2465 4421 2774 4486 declarare
2839 4423 3106 4487 mentem

398 4510 669 4571 vestram
717 4505 792 4568 de
838 4507 978 4571 aliis
1011 4507 1249 4572 duabus
1285 4507 1567 4590 partibus
1594 4509 1859 4572 secunde
1892 4509 2090 4583 litere,
2124 4510 2268 4591 quia
2301 4510 2579 4575 habendo
2615 4508 3107 4574 informationem

399 4594 489 4657 uti
536 4594 809 4675 quotidie
855 4595 1049 4660 habeo
1097 4596 1170 4660 de
1217 4596 1399 4660 factis
1445 4596 1867 4674 Venetiarum,
1937 4598 2174 4662 videtur
2240 4599 2450 4672 michi,
2500 4599 2658 4681 quod
2722 4600 2836 4662 hoc
2906 4598 3108 4663 facere

398 4682 654 4766 possim.
703 4682 788 4747 Et
835 4684 1031 4764 primo
1078 4686 1152 4747 de
1199 4685 1398 4766 prima
1443 4686 1618 4767 parte
1671 4685 1847 4763 datii,
1897 4686 2066 4750 vobis
2124 4686 2279 4761 dico,
2331 4687 2488 4769 quod
2534 4687 2809 4752 debeatis
2857 4687 3109 4752 reddere

403 4788 509 4835 vos
557 4772 817 4851 certum,
869 4773 1029 4855 quod
1079 4772 1198 4837 ista
1244 4772 1575 4839 dominatio
1617 4773 1854 4839 sincere
1894 4776 1956 4839 et
1998 4775 2207 4840 tenere
2251 4773 2461 4860 diligit
2533 4774 2845 4842 dominam
2914 4776 3107 4845 comi-
