3620 5282
1020 376 1059 429 Ι
2978 372 3108 437 409

396 549 562 614 cedit
606 549 694 614 eis
741 549 1058 613 licentiam
1107 549 1484 614 conducendi
1532 550 1598 614 et
1642 547 1946 615 vendendi
1986 547 2149 614 dicta
2195 550 2375 623 vina3
2439 547 2904 632 respondeatur,
2955 549 3112 633 quod

392 638 596 720 placet
643 636 839 713 nobis,
891 638 955 700 et
1002 638 1089 701 sic
1137 637 1419 701 dedimus
1469 639 1530 700 in
1576 639 1883 702 mandatis
1955 639 2249 718 potestati
2321 639 2526 702 nostro
2588 638 2856 718 presenti
2906 640 2970 701 et
3017 637 3113 699 fua

391 726 570 797 turis,
619 725 781 806 quod
830 726 973 790 vina
1018 725 1285 789 forensia
1331 726 1406 789 de
1447 725 1690 805 Apulea
1736 744 1855 789 non
1901 727 2138 805 possint
2169 726 2425 790 conduci
2475 744 2586 788 nec
2633 724 2817 788 vendi
2861 726 2920 787 in
2965 726 3115 788 civi-

389 814 519 877 tate
567 813 865 893 Drivasti‚
914 812 1103 876 donec
1144 812 1396 876 durabit
1437 813 1649 875 vinum
1700 812 2193 878 Drivastinorum
2245 818 2308 874 et
2356 811 2612 876 aliorum
2690 813 2764 876 de
2814 813 3114 875 comitatu

389 900 688 975 Drivasti,
739 902 900 981 quod
951 900 1238 964 volumus
1287 901 1511 964 habere
1559 899 2002 964 condictionem
2086 903 2145 964 in
2213 900 2342 974 hoc,
2416 919 2598 982 quam
2671 900 2902 963 habent
2969 899 3113 962 vina

395 986 647 1061 civium,
697 986 939 1051 scilicet
983 987 1144 1069 quod
1196 986 1498 1051 introduci
1547 990 1611 1050 et
1655 988 1838 1050 vendi
1887 988 2098 1070 possit,
2152 1007 2259 1051 nec
2306 987 2736 1069 intelligentur
2784 987 2935 1052 talia
2973 988 3116 1051 vina

397 1094 529 1139 esse
572 1075 716 1138 vina
759 1074 1039 1151 forensia,
1091 1076 1162 1138 ut
1208 1076 1304 1138 est
1350 1076 1604 1138 iustum.

607 1161 700 1225 Ad
749 1163 1082 1243 septimum
1133 1162 1497 1243 capitulum,
1549 1181 1655 1243 per
1701 1166 1863 1243 quod
1935 1164 2070 1244 ipsa
2146 1161 2555 1227 communitas
2623 1163 2799 1244 petit,
2850 1181 2967 1225 non
3023 1180 3113 1223 as-

395 1248 582 1330 tringi
632 1249 706 1313 ad
760 1249 1116 1313 solvendam
1167 1250 1467 1313 decimam
1520 1251 1724 1312 nostro
1771 1249 2044 1314 dominio
2119 1251 2262 1324 vini,
2344 1248 2635 1312 frumenti
2686 1253 2750 1313 et
2796 1250 2912 1313 olei
2963 1267 3116 1330 quo—

398 1335 557 1400 libet
602 1355 759 1400 anno
810 1332 1236 1401 recolletorum
1289 1355 1396 1417 per
1441 1355 1573 1410 eos;
1621 1338 2085 1418 respondeatur,
2160 1339 2321 1418 quod
2393 1336 2636 1419 quando
2706 1356 2813 1401 nos
2851 1337 3113 1400 fecimus

393 1423 824 1505 provisionem,
872 1424 1033 1506 quod
1082 1426 1303 1488 darent
1346 1426 1557 1487 nostro
1605 1425 1878 1487 dominio
1925 1425 2225 1489 decimam
2291 1424 2606 1488 fructuum
2677 1425 3110 1506 predictorum.

393 1529 505 1575 nos
554 1512 857 1575 voluimus
901 1513 1127 1576 habere
1178 1511 1397 1576 bonam
1465 1511 1959 1576 informationem
2030 1513 2105 1575 de
2174 1512 2395 1586 modis,
2474 1512 2575 1594 qui
2625 1513 2687 1575 in
2731 1511 2840 1575 hoc
2887 1512 3117 1575 servati

393 1596 647 1662 fuerunt
694 1619 802 1680 per
847 1603 1265 1664 antecessores
1312 1599 1595 1662 dominos
1643 1618 1802 1675 suos,
1840 1604 1903 1664 et
1935 1602 2165 1676 habim,
2202 1601 2356 1681 quod
2399 1599 2593 1662 multo
2629 1599 2888 1663 maiores
2921 1618 3118 1680 quan-

395 1685 612 1749 titates
660 1687 747 1749 eis
794 1686 1249 1760 auferebantur,
1302 1686 1574 1750 volentes
1648 1705 1856 1750 secum
1929 1688 2196 1752 humane
2267 1688 2330 1750 et
2401 1686 2660 1768 benigne
2724 1687 3117 1768 pertransire,

395 1771 873 1838 deliberavimus
920 1795 1027 1857 per
1073 1777 1322 1839 modum
1376 1776 1741 1854 predictum,
1790 1774 1865 1837 de
1914 1795 2030 1857 quo
2077 1777 2319 1856 gravari
2370 1792 2484 1838 non
2541 1776 2783 1848 debent,
2856 1773 2998 1855 quia
3058 1772 3118 1835 in

393 1859 509 1924 hoc
551 1864 900 1925 tractantur
948 1863 1125 1927 valde
1170 1862 1384 1926 mitius
1432 1866 1494 1926 et
1543 1863 1867 1944 benignius
1940 1884 2047 1946 per
2117 1881 2247 1939 noe,
2319 1880 2504 1943 quam
2577 1863 2828 1926 tractati
2895 1860 3123 1924 fuerint

394 1948 775 2030 temporibus
826 1951 1155 2030 preteritis.

603 2037 700 2101 Ad
747 2046 1032 2103 octavum
1083 2040 1157 2103 de
1203 2036 1480 2101 faciendo
1527 2037 1605 2100 ad
1676 2057 1974 2118 expensas
2036 2042 2425 2121 episcopatus
2498 2036 2762 2116 reparari
2814 2054 2997 2099 unam
3048 2035 3122 2097 de

393 2122 680 2188 domibus
727 2127 1115 2206 episcopatus
1161 2144 1269 2206 pro
1316 2125 1699 2189 habitatione
1749 2127 1943 2189 nostri
1996 2130 2268 2203 rectoris,
2349 2128 2540 2189 donec
2611 2140 2717 2204 per
2785 2142 2886 2186 eos
2933 2123 3123 2185 fabri-

395 2211 639 2275 cabitur
685 2214 921 2288 domuS,
973 2232 1156 2294 quam
1208 2211 1406 2282 facere
1453 2211 1694 2276 deberit
1741 2232 1849 2294 pro
1914 2218 2122 2279 nostro
2193 2218 2431 2278 rectore
2503 2211 2808 2294 predicto;
2875 2229 3124 2291 respon-

395 2296 631 2374 deatur,
684 2302 838 2380 quod
888 2301 1096 2381 placet
1141 2300 1320 2364 nobis
1369 2302 1759 2365 committere
1805 2307 1868 2365 et·
1917 2305 2155 2366 tradere
2224 2304 2288 2366 in
2369 2299 2678 2364 mandatis
2746 2297 2865 2377 ipsi
2918 2301 3121 2360 nostro

395 2388 710 2466 potestati,
760 2389 919 2468 quod
967 2390 1163 2469 ipsam
1216 2390 1463 2451 domurn
1514 2391 1577 2451 et
1625 2390 1813 2452 etiam
1865 2390 2283 2471 episcopatum
2335 2393 2399 2452 et
2449 2389 2603 2452 alias
2669 2385 2886 2448 domus
2931 2385 3122 2465 ipsius

397 2475 666 2553 reparari
715 2474 902 2538 faciat
951 2478 1024 2539 de
1071 2476 1457 2577 introytibus
1505 2476 1918 2557 episcopatus
1970 2496 2120 2560 quos
2168 2480 2451 2558 procuret
2509 2475 2854 2555 recuperari
2902 2471 3120 2543 facere

397 2561 484 2625 ita
532 2562 692 2643 quod
740 2563 1020 2626 habitare
1071 2565 1130 2626 in
1179 2564 1329 2646 ipsis
1362 2564 1589 2644 possit;
1641 2565 2043 2628 nihilominus
2069 2570 2164 2629 est
2198 2567 2408 2628 nostra
2444 2561 2702 2627 intentio
2736 2565 2798 2622 et
2832 2562 2920 2624 sic
2956 2560 3121 2623 dicto

398 2651 687 2734 potestati
735 2653 1218 2728 committemuS,
1269 2652 1428 2732 quod
1480 2653 1686 2715 teneat
1735 2655 2004 2730 modum,
2055 2656 2214 2735 quod
2265 2672 2370 2735 per
2437 2670 2536 2715 eos
2601 2651 2848 2712 ematur
2895 2649 2991 2713 vel
3036 2647 3121 2710 fa-

404 2727 675 2801 bricetur
722 2757 844 2801 una
889 2738 1110 2802 domus
1158 2758 1267 2821 pro
1309 2739 1687 2803 habitatione
1735 2740 1950 2821 ipsius,
2001 2741 2161 2804 sicut
2227 2740 2485 2842 ebligati
2558 2741 2720 2814 suut,
2764 2737 2905 2819 quia
2953 2736 3119 2798 sicut

402 2824 627 2888 viderit
674 2827 949 2905 potestas
998 2830 1205 2890 noster
1246 2845 1365 2890 non
1416 2832 1622 2906 posset
1697 2846 1942 2909 semper
2010 2831 2174 2891 stare
2223 2830 2282 2891 in
2351 2826 2638 2890 domibus
2709 2826 3122 2905 episcopatuS‚

398 2930 508 2976 nec
557 2916 720 2975 esset
764 2913 1111 2986 honestum,
1163 2914 1322 2997 quod
1372 2915 1735 2978 adveniente
1782 2915 2065 2997 episcopo
2107 2916 2247 2980 illas
2299 2916 2642 2994 occuparet.

607 2999 704 3063 Ad
753 3020 982 3065 nonum
1031 3005 1094 3065 et
1140 3003 1450 3078 ultimum,
1504 3002 1660 3083 quod
1712 3004 2037 3084 presbiteri
2084 3006 2150 3067 et
2193 3002 2402 3067 clerici
2473 3019 2589 3063 non
2675 3001 3010 3081 graventur
3062 2997 3124 3060 in

399 3086 681 3150 faciendo
731 3090 1043 3153 custodias
1092 3094 1155 3153 et
1200 3090 1357 3153 alias
1403 3089 1711 3171 angarias,
1764 3090 1929 3154 sicut
1984 3090 2223 3154 faciunt
2269 3089 2608 3164 seculares3
2659 3085 3120 3167 respondeatur,

400 3174 563 3256 quod
615 3174 915 3240 vellemus
964 3177 1117 3240 bene
1159 3196 1337 3258 posse
1386 3176 1506 3240 sibi
1555 3178 1955 3257 complacere,
2018 3178 2068 3240 si
2132 3179 2261 3242 fieri
2315 3179 2545 3258 posset,
2616 3176 2747 3238 sine
2794 3171 3126 3255 preiudicio

407 3264 604 3326 tocius
655 3267 814 3326 terre
892 3269 954 3327 et
1009 3283 1134 3339 suo,
1181 3283 1321 3328 nam
1375 3265 1525 3327 bene
1576 3265 1802 3336 vident,
1861 3264 2023 3345 quod
2071 3284 2185 3328 non
2241 3264 2608 3328 facientibus
2652 3263 2740 3325 eis
2787 3261 3122 3335 custodias,

402 3349 566 3414 sicut
606 3369 849 3431 semper
897 3350 1094 3415 facere
1142 3353 1309 3415 soliti
1358 3357 1522 3428 sunt,
1574 3354 1739 3415 terra
1786 3371 1903 3415 non
1952 3354 2110 3416 foret
2180 3353 2329 3415 bene
2399 3352 2723 3420 custoiita,
2797 3347 2956 3429 quod
3009 3365 3125 3410 non

398 3441 561 3501 esset
606 3437 736 3501 sine
785 3439 970 3503 dubio
1019 3441 1345 3521 presertim
1393 3443 1670 3520 tempore
1717 3442 2009 3521 presenti,
2060 3443 2121 3501 et
2153 3445 2476 3521 propterea
2508 3436 2713 3520 placet
2746 3435 2937 3504 nobis,
2963 3433 3123 3534 quod

396 3525 513 3606 ipsi
563 3525 794 3590 faciant
841 3529 904 3589 et
950 3527 1297 3602 observent,
1348 3528 1512 3589 sicut
1562 3527 1839 3590 fecerunt
1879 3527 2218 3608 hucusque,
2283 3545 2423 3589 uam
2492 3523 2985 3589 custodientibus
3035 3521 3123 3583 eis

397 3613 737 3686 civitatem,
787 3614 1146 3678 custodiunt
1194 3634 1258 3678 se
1312 3619 1375 3678 et
1425 3616 1584 3678 bona
1632 3603 1762 3692 ssia,
1817 3615 1919 3678 ubi
1971 3615 2022 3677 si
2073 3615 2257 3678 aliter
2301 3615 2494 3689 fieret,
2566 3611 2960 3675 subiacerent
3026 3629 3126 3688 pe-

396 3700 591 3763 riculo
634 3700 927 3765 evidenti.

482 3809 662 3869 Misti
712 3808 950 3871 XLIV.
998 3814 1101 3886 10,
1148 3829 1189 3869 u
1235 3812 1389 3872 mlet.
1441 3812 1675 3868 arkivu.

771 4035 1111 4144 DLYII.
1167 4035 1372 4118 God.
1429 4036 1644 4119 1397.
1698 4036 1799 4118 22
1853 4036 2175 4136 srpnja,
2235 4057 2294 4115 u
2350 4031 2746 4114 Mletcih.

396 4196 677 4269 Dopusea
721 4217 783 4259 se
827 4201 1148 4259 nac'elniku
1194 4199 1420 4270 Draco,
1470 4200 1550 4256 da
1596 4199 1810 4257 odvede
1857 4193 2057 4257 sobom
2103 4197 2378 4269 Ιὶεόηἰῖεα,
2431 4200 2484 4252 te
2529 4212 2630 4251 mu
2675 4210 2738 4251 sc
2788 4191 3014 4256 n-alaie,
3050 4189 3129 4245 da

1187 4305 1271 4345 na
1317 4288 1594 4346 drackom
1643 4292 1777 4360 tryu
1825 4286 2072 4358 sayradi
2119 4285 2332 4341 bunar.

612 4405 801 4468 1397.
848 4406 944 4469 die
994 4406 1180 4470 XXII
1227 4406 1382 4469 iulii.
1439 4405 1813 4470 consiliarii.
1863 4403 2090 4484 Capta:
2140 4404 2297 4483 quod
2351 4421 2455 4484 pro
2498 4401 2750 4463 comodo
2819 4396 3123 4461 universi-

401 4492 549 4556 tatis
598 4498 803 4558 nostre
852 4495 1147 4558 Durachii
1194 4494 1570 4557 concedatur
1619 4492 1809 4556 nobili
1862 4491 1992 4553 viro
2040 4509 2139 4552 ser
2189 4490 2373 4554 Petro
2425 4486 2716 4551 Michaeli
2781 4486 2943 4548 ituro
3014 4484 3118 4580 ba-

398 4578 524 4642 iulo
572 4583 637 4643 et
677 4582 996 4661 capitaneo
1038 4581 1353 4658 Durachii,
1406 4580 1564 4662 quod
1613 4580 1806 4660 possit
1830 4577 2053 4640 ducere
2095 4595 2301 4640 secum
2341 4595 2530 4640 unum
2569 4573 2875 4637 medicum
2915 4570 3126 4650 physi-

396 4682 555 4739 cum,
605 4667 801 4732 dando
850 4669 969 4732 sibi
1014 4687 1123 4750 pro
1175 4687 1285 4733 suo
1334 4668 1560 4732 salario
1608 4684 1794 4730 unam
1869 4682 2096 4750 pagam
2168 4663 2717 4749 stipendiariorum
2773 4662 3123 4725 nostrorum

396 4752 632 4817 deinde.
