3620 5282
2979 322 3107 406 2⁷⁷

378 494 524 561 illas
570 514 713 560 cum
760 514 885 561 una
929 497 1142 562 nostra
1187 497 1414 563 barcha
1460 501 1701 563 armata
1746 517 1906 562 unus
1954 501 2162 563 noster
2207 497 2470 562 nuncius
2517 496 2826 562 sufficiens
2874 500 2937 564 et
2980 498 3113 564 dis-

378 585 582 648 cretus
629 601 771 648 cum
818 584 940 649 ista
984 586 1417 651 commissione
1479 590 1542 650 et
1602 587 1717 651 sub
1763 586 1885 650 isto
1931 587 2131 650 colore
2203 585 2267 649 et
2310 584 2556 649 cautela
2594 584 2902 664 videlicet,
2951 587 3113 670 quod

378 671 585 735 dictus
618 673 831 735 noster
876 673 1135 737 nuncius
1182 675 1386 752 vadat,
1432 675 1497 739 et
1542 691 1607 737 se
1652 674 1970 756 presentet
2017 692 2161 737 cum
2209 673 2437 737 nostris
2484 672 2685 737 literis
2724 672 3111 739 credulitatis

381 776 584 822 coram
635 758 1043 841 regiminibus
1093 759 1373 839 Sibinici,
1423 761 1645 843 quibus
1694 760 1860 825 sacta
1907 759 2285 826 salutatione
2317 758 2632 824 amicabili
2684 762 2747 822 et
2801 760 3111 826 oblatione

379 863 519 909 cum
568 845 698 909 illis
746 845 1012 911 utilibus
1082 849 1147 911 et
1214 847 1649 913 amicabilibus
1708 848 1932 926 verbiS,
1997 865 2114 929 que
2177 866 2285 912 sne
2345 847 2650 929 sapientie
2707 846 3099 925 videbuntur,

377 931 579 997 dicere
625 933 865 1012 debeat,
911 935 1070 1016 quod
1119 936 1283 1000 sicut
1328 935 1418 1000 eis
1463 934 1831 1017 scripsimus
1878 936 2119 999 noviter
2164 934 2243 998 ad
2290 933 2667 998 audientiam
2701 935 2975 1000 nostram
2998 954 3109 1018 per

379 1018 692 1102 querelam
763 1021 1114 1103 aliquorum
1172 1027 1514 1088 nostrorum
1579 1023 1805 1087 civium
1895 1024 1991 1086 est
2050 1021 2403 1096 deductum,
2473 1021 2632 1103 quod
2684 1021 2975 1086 euntibus
3020 1022 3111 1088 eis

381 1124 524 1171 cum
571 1125 695 1173 una
742 1125 854 1171 sua
902 1107 1133 1173 barcha
1175 1111 1238 1174 et
1278 1129 1417 1175 cum
1467 1111 1695 1174 nostris
1741 1109 1944 1174 literis
1984 1128 2090 1190 per
2135 1107 2515 1174 Dalmatiam
2561 1126 2704 1173 cum
2747 1110 2934 1174 certis
2978 1110 3109 1174 suis

382 1194 891 1274 mercationibus,
940 1197 1283 1261 raminibus
1329 1201 1393 1262 et
1433 1196 1575 1261 aliis
1624 1196 1800 1261 bonis
1843 1215 2077 1275 eorum,
2126 1197 2215 1260 eis
2247 1213 2354 1277 per
2384 1194 2620 1277 aliquos
2656 1194 2938 1261 subditos
2963 1213 3109 1261 suos

380 1282 442 1345 in
488 1282 699 1364 aequis
747 1282 875 1347 suis
922 1285 1178 1366 accepta
1223 1283 1342 1350 fuit
1410 1284 1641 1349 barche
1710 1303 1853 1349 cnm
1924 1283 2212 1349 omnibus
2280 1282 2762 1348 mercationibus
2825 1285 2891 1346 et
2934 1283 3112 1348 bonis

381 1387 613 1447 eorum,
661 1370 725 1433 et
771 1371 914 1434 nudi
964 1371 1026 1434 in
1073 1371 1345 1436 maxima
1392 1372 1644 1437 miseria
1681 1371 1971 1444 relaxati,
2018 1371 2094 1435 de
2141 1386 2261 1453 quo
2310 1369 2659 1434 certissime
2730 1369 2941 1435 mirati
2990 1370 3114 1435 fui-

376 1475 516 1520 mus
563 1458 627 1520 et
666 1455 987 1531 miramur,
1032 1458 1421 1524 considerata
1452 1460 1731 1536 caritate,
1758 1477 1944 1541 quam
1977 1457 2287 1541 gessimus
2313 1457 2377 1521 et
2408 1456 2683 1539 gerimus
2716 1458 2794 1521 ad
2823 1474 3101 1523 commu-

376 1543 639 1608 nitatem
686 1560 861 1609 suam
910 1546 975 1610 et
997 1545 1372 1629 generaliter
1396 1548 1471 1612 ad
1496 1565 1708 1611 omnes
1740 1545 2217 1612 communitates
2257 1543 2578 1609 Dalmacie
2626 1547 2692 1609 et
2736 1544 2813 1608 ad
2860 1562 3110 1609 conser-

378 1631 691 1694 vationem
742 1650 976 1709 eorum,
1024 1637 1089 1698 et
1134 1652 1318 1716 quam
1367 1634 1631 1699 dulciter
1679 1636 1743 1698 et
1791 1633 2060 1698 fraterne
2106 1633 2200 1697 sui
2250 1631 2647 1695 tranctantur
2692 1648 2730 1696 a
2777 1631 3005 1696 nostris
3047 1630 3112 1696 in

378 1716 669 1783 omnibus
715 1719 890 1801 aquis
952 1723 1017 1785 et
1063 1721 1213 1785 locis
1260 1722 1509 1799 nostris,
1558 1740 1698 1785 nam
1742 1720 2009 1785 firmiter
2052 1718 2437 1796 tenebamuS,
2485 1716 2646 1800 quod
2706 1718 2769 1781 in
2816 1719 3000 1782 terris
3046 1719 3114 1782 et

375 1805 772 1870 districtibus
836 1806 964 1871 suis
1026 1808 1218 1872 nostri
1293 1811 1669 1874 mercatores
1730 1811 1794 1874 et
1841 1810 2005 1872 cives
2051 1826 2193 1872 cum
2241 1806 2504 1885 barchiS,
2576 1804 2860 1888 navigiiS,
2906 1806 3111 1887 bonis,

378 1895 443 1957 et
487 1893 980 1959 mercationibus
1026 1897 1154 1959 suis
1188 1897 1437 1977 possent
1468 1899 1630 1961 stare
1663 1900 1729 1962 et
1774 1895 1905 1960 sine
1952 1895 2240 1961 molestia
2287 1894 2600 1974 navigare,
2648 1892 2739 1957 ita
2784 1890 2947 1974 quod
2986 1909 3105 1957 non

384 1979 930 2046 damnificarentur
973 1981 1053 2045 ab
1100 1984 1207 2062 eia,
1255 1984 1361 2049 sed
1411 1982 1621 2066 pocius
1690 1982 2178 2061 defenderentur,
2242 1982 2295 2045 si
2343 1999 2589 2046 necesse
2634 1978 2811 2045 foret.
2875 1980 3109 2044 Verum

378 2069 522 2151 quia
565 2086 683 2133 non
728 2068 1109 2142 dubitamus,
1153 2071 1312 2153 quod
1358 2070 1634 2153 predicta
1694 2070 1988 2136 violentia
2057 2071 2121 2134 et
2183 2069 2422 2133 novitas
2484 2066 2650 2132 facta
2716 2067 2838 2132 fuit
2900 2069 3107 2149 preter

373 2156 815 2221 conscientiam
885 2159 947 2221 et
1025 2157 1411 2223 voluntatem
1488 2177 1687 2235 suam,
1766 2158 1832 2222 et
1891 2158 2049 2241 quod
2112 2157 2201 2222 eis
2293 2153 2612 2238 displicuit
2671 2155 2735 2218 et
2819 2153 3110 2236 displicet
3151 2221 3162 2232 ‚

378 2260 498 2306 non
541 2243 750 2308 minus
797 2262 980 2327 quam
1031 2245 1223 2323 nobis,
1272 2264 1558 2328 rogamus
1605 2245 2084 2311 benivelentiam
2149 2261 2347 2321 suam,
2417 2246 2568 2326 quot
2614 2240 2854 2323 placeat
2899 2243 3110 2306 tenere

380 2330 573 2395 talem
621 2330 893 2409 modum,
943 2331 1102 2414 quod
1148 2332 1377 2398 damna
1422 2333 1846 2411 emendentur,
1912 2334 1976 2397 et
2028 2332 2190 2414 quod
2252 2330 2520 2395 satisfiat
2578 2327 2805 2394 nostris
2866 2327 3106 2393 civibus

379 2434 452 2480 ea
499 2418 716 2498 passis,
765 2417 1099 2502 taliterque
1146 2420 1219 2485 de
1266 2425 1469 2485 cetero
1514 2420 1835 2503 providere
1895 2421 1961 2485 et
2029 2418 2316 2501 regulare
2381 2416 2663 2482 subditos
2723 2433 2887 2494 snOS‚
2951 2414 3112 2498 quod

378 2504 596 2582 nostri,
643 2505 709 2568 in
757 2504 888 2570 illis
932 2506 1214 2589 partibus
1261 2509 1713 2586 conversanteS‚
1749 2525 1867 2572 non
1902 2505 2380 2572 damnificantur
2411 2505 2489 2571 ab
2529 2504 2639 2582 eie,
2672 2520 2784 2568 nec
2815 2502 3111 2568 similiter

376 2588 503 2655 alia
551 2592 815 2676 navigia,
864 2611 980 2677 que
1029 2594 1312 2661 venirent
1355 2596 1430 2661 ad
1476 2595 1792 2662 civitatem
1847 2599 2122 2661 nostram
2169 2594 2234 2659 et
2272 2593 2346 2658 de
2378 2610 2450 2658 ea
2478 2591 2755 2657 redirent
2784 2590 2862 2656 ad
2895 2590 3111 2675 partes

376 2697 539 2757 suaS‚
584 2682 657 2744 ut
702 2681 856 2745 alias
903 2681 991 2747 eis
1034 2683 1155 2747 dici
1203 2682 1484 2761 fecimus,
1531 2684 2053 2767 quemadmodum
2119 2681 2474 2747 constanter
2531 2678 2814 2762 dispositi
2872 2697 3109 2755 sumuS,

379 2766 537 2848 quod
584 2768 680 2832 sui
731 2768 902 2833 nullo
950 2770 1130 2835 modo
1173 2772 1651 2836 damnificentur
1695 2788 1733 2836 a
1778 2770 2028 2849 nostris,
2082 2787 2224 2851 ymo
2283 2768 2632 2832 tractentur
2690 2765 2755 2831 in
2822 2765 3110 2831 omnibus

377 2852 532 2919 locis
580 2855 811 2921 nosrris
859 2854 1150 2936 fraterne,
1189 2857 1469 2942 benigne·
1501 2860 1565 2923 et
1612 2877 1844 2941 secure,
1893 2859 1958 2923 et
2004 2859 2075 2922 ut
2119 2854 2354 2939 proprii
2402 2854 2603 2920 nostri
2651 2854 2815 2919 cives
2873 2853 2937 2917 et
2981 2870 3113 2917 me·

375 2941 516 3020 lina,
565 2943 896 3009 si‘melius
941 2944 1072 3010 fieri
1124 2947 1364 3027 poterit.

582 3030 664 3093 Et
703 3032 910 3096 circha
957 3033 1359 3098 obtinendam
1407 3032 1598 3097 istam
1645 3034 1922 3098 nostram
1971 3030 2386 3097 intencionem
2434 3028 2658 3094 debeat
2702 3027 2909 3092 noster
2954 3045 3111 3091 nun-

371 3115 502 3179 cius
549 3134 693 3181 cum
741 3117 852 3182 illa
898 3119 1225 3185 honestate
1273 3121 1337 3185 et
1378 3119 1553 3185 desto
1604 3121 1803 3197 modo,
1840 3139 1961 3204 qne
2003 3138 2112 3184 sne
2155 3117 2458 3201 sapientie
2520 3113 2848 3191 videbitur,
2903 3113 3104 3178 facere

377 3219 556 3282 posse
603 3222 785 3268 snum
833 3205 923 3270 ita
968 3208 1131 3290 quod
1178 3208 1409 3272 damna
1457 3206 1735 3289 predicta
1781 3208 2213 3272 emendentur.
2262 3205 2346 3269 Et
2391 3222 2532 3270 cum
2574 3221 2665 3281 eo,
2698 3200 2860 3285 quod
2892 3198 3113 3266 fecerit

376 3293 440 3353 et
486 3290 793 3370 habuerit,
841 3297 1257 3377 prosequatur
1306 3295 1472 3360 viam
1517 3312 1691 3359 suam
1758 3295 1836 3359 ad
1901 3297 2105 3377 partes
2150 3292 2455 3376 Tragurii,
2504 3291 2575 3355 ut
2618 3288 2876 3356 inferius
2922 3287 3118 3353 conti-

378 3378 581 3443 netur.
630 3376 749 3443 Sed
798 3378 1248 3447 nichilominus
1298 3384 1350 3447 si
1398 3401 1470 3447 eo
1518 3384 1814 3463 tempore,
1863 3399 1984 3465 quo
2035 3380 2231 3447 stabit
2275 3381 2339 3444 in
2387 3377 2693 3456 Sibinico,
2725 3395 2834 3459 per
2878 3374 3118 3459 aliquos

379 3464 557 3529 fieret
604 3466 840 3531 mentio
890 3469 966 3532 de
1016 3469 1523 3551 oppressionibus
1568 3469 1699 3534 suis
1760 3473 1824 3535 et
1884 3469 1960 3534 de
2020 3488 2132 3534 sua
2194 3467 2582 3543 necessitate,
2631 3463 2904 3541 dicendo,
2952 3460 3117 3545 quod

377 3553 475 3615 est
519 3551 609 3617 eis
659 3554 1101 3632 necessarium,
1151 3559 1222 3621 ut
1268 3557 1631 3640 provideant
1676 3557 2122 3623 conservationi
2168 3574 2296 3632 sue,
2333 3557 2397 3618 et
2432 3571 2619 3637 quare
2663 3569 2787 3618 non
2831 3550 3120 3635 ponimus

374 3638 449 3702 ad
494 3640 611 3705 hoc
655 3643 933 3707 mentem
980 3645 1256 3708 nostram
1307 3664 1448 3710 cum
1497 3644 1707 3727 aliqua
1750 3644 1876 3710 alia
1913 3643 2154 3709 similia
2194 3641 2382 3708 verba
2427 3640 2770 3724 spectantia
2800 3637 2876 3704 ad
2911 3637 3117 3701 inten-

375 3727 607 3792 tionem
658 3729 958 3807 nostram‚
1022 3733 1273 3813 propter
1335 3750 1520 3814 quam
1586 3731 2010 3814 principaliter
2071 3749 2212 3795 eum
2276 3727 2608 3806 mittimus,
2678 3728 2845 3805 tunc,
2905 3724 3114 3789 noster

374 3816 634 3880 nuncius
695 3816 1016 3899 predictus
1065 3820 1265 3883 dicere
1311 3819 1440 3884 illis
1488 3819 1725 3883 talibus
1773 3819 2014 3896 debeat,
2065 3817 2226 3900 quod
2273 3815 2353 3881 ad
2399 3816 2514 3880 hoc
2575 3814 2813 3879 nullam
2861 3828 3114 3892 respon-

380 3901 615 3967 sionem
666 3905 814 3970 dare
860 3907 1089 3987 posset,
1138 3906 1285 3989 quia
1330 3906 1523 3971 nichil
1568 3906 1756 3971 habet
1804 3906 1868 3970 in
1913 3904 2226 3970 mandatis
2272 3922 2310 3968 a
2352 3903 2552 3981 nobiS,
2597 3902 2809 3965 tamen
2865 3899 3110 3963 tantum

377 3986 497 4052 eis·
544 3989 743 4057 dicere
815 3998 879 4058 et
952 4012 1228 4060 asserere
1287 3995 1488 4074 potest
1546 3993 1622 4058 de
1683 3993 2026 4059 intentione
2085 3994 2150 4057 et
2209 3989 2611 4074 dispositione
2671 3986 2901 4062 nostra,
2950 3983 3111 4067 quod

375 4078 585 4142 nostra
632 4079 971 4146 dominatio
1046 4083 1144 4146 est
1189 4084 1431 4147 tantum
1480 4081 1633 4146 bene
1709 4082 1774 4146 et
1850 4081 2117 4146 humane
2194 4076 2496 4161 disposita
2567 4091 2782 4141 versus
2857 4089 2962 4137 eos
3046 4071 3111 4135 et

379 4164 573 4228 totam
649 4168 1033 4234 Dalmatiam
1105 4187 1176 4233 ac
1243 4187 1418 4234 suam
1489 4167 2044 4247 conservationem,
2093 4168 2392 4252 quantum
2439 4181 2572 4229 esse
2625 4162 2835 4244 posset
2896 4176 3110 4258 versus

378 4251 654 4331 proprios
701 4253 867 4321 cives
913 4274 1074 4335 suos,
1125 4257 1270 4340 quia
1313 4256 1402 4321 sic
1450 4274 1554 4320 eos
1603 4256 1964 4340 reputamus
2005 4259 2070 4319 et
2116 4254 2403 4336 reputare
2449 4249 3000 4349 dispositis-umus
3043 4264 3108 4309 ιιι

379 4338 626 4404 casibus
672 4343 1186 4427 quibuscumque,
1236 4344 1401 4408 sicut
1445 4345 1610 4409 clare
1656 4343 1939 4408 viderent
1977 4360 2085 4425 pro
2132 4341 2351 4405 effectu
2397 4355 2669 4421 operum,
2718 4354 2772 4400 sl
2803 4354 2868 4400 ιιι
2898 4334 3107 4434 aliquo

382 4442 492 4491 nos
539 4429 945 4512 requirerent.
994 4431 1453 4497 Nichilominus
1501 4430 1705 4495 dictus
1754 4430 2008 4495 nuntius
2048 4447 2190 4494 cum
2238 4428 2350 4493 illa
2393 4424 2701 4491 industria
2731 4424 2797 4487 et
2825 4441 2934 4505 per
2965 4421 3108 4521 illos

379 4511 669 4582 honestos
710 4519 942 4599 modoS,
987 4539 1102 4604 que
1147 4539 1257 4585 sue
1305 4519 1605 4603 sapientie
1654 4518 2047 4596 videbuntur,
2095 4512 2496 4583 monstrando
2541 4530 2786 4596 semper
2830 4527 2869 4575 a
2901 4528 2981 4610 ‚⁸9
3014 4508 3110 4573 dl-

380 4618 516 4667 cere
563 4606 628 4667 et
673 4606 895 4685 facere,
941 4608 1230 4690 procuret
1276 4606 1526 4673 trahere
1573 4608 1638 4671 et
1681 4606 1912 4671 sentire
1958 4604 2034 4671 de
2074 4623 2183 4670 sua
2228 4600 2569 4667 intentione
2594 4603 2659 4664 et
2691 4597 3105 4697 dispositiope,

380 4688 443 4751 et
487 4689 540 4753 si
590 4694 737 4757 sunt
778 4692 843 4758 in
891 4714 1012 4762 una
1059 4695 1344 4780 opinione
1390 4695 1488 4761 vel
1534 4693 1841 4778 pluribuS,
1913 4694 1976 4758 et
2045 4693 2110 4756 in
2152 4689 2399 4774 quibus,
2445 4689 2510 4754 et
2553 4687 2857 4770 quomodo
2904 4704 2970 4751 se
3014 4702 3111 4748 m-
