3620 5282
3016 336 3140 400 311

414 514 593 579 nobis
642 513 1129 595 supplicaverint
1167 513 1488 591 instanter,
1557 514 1860 595 quatenus
1926 531 2136 577 eorum
2199 511 2496 575 fidelitate
2561 511 2820 592 pensata
2866 511 2929 575 et
2974 513 3134 594 quod

413 603 695 685 dispositi
747 603 894 664 sunt
937 601 1000 665 in
1048 603 1363 682 posterum
1407 600 1743 682 predictam
1794 600 2062 665 insulam
2114 600 2185 663 de
2236 600 2392 662 bono
2436 599 2497 661 in
2546 597 2768 662 melius
2800 616 3141 680 augumen-

412 692 547 754 tare
595 692 659 754 et
705 689 1056 765 meliorare,
1105 688 1334 752 eisdem
1385 689 1615 752 dictam
1662 688 1928 753 insulam
1980 705 2121 750 cum
2181 685 2329 751 locis
2391 688 2455 749 et
2503 685 2741 750 iuribus
2791 686 2908 749 sibi
2953 687 3146 769 perti-

413 778 722 855 nentibus,
774 777 938 840 sicut
986 795 1151 840 nunc
1198 779 1410 839 tenent
1457 794 1647 857 usque
1696 775 1772 839 ad
1819 775 2159 839 terminum
2205 773 2416 838 XXIV
2462 791 2757 837 annorum
2808 792 2950 838 cum
2998 792 3139 838 con-

412 865 653 929 dicione
700 863 1031 928 renovandi
1075 865 1310 927 cartam
1371 865 1446 927 ad
1512 862 1787 926 affictum
1849 861 2182 926 concedere
2246 861 2677 941 dignaremur:
2747 860 2921 924 vadit
2983 880 3142 943 parS,

414 952 785 1036 participato
844 951 1100 1015 consilio
1161 970 1303 1015 cum
1367 950 1699 1014 comitibus
1747 953 1812 1013 et
1858 948 2225 1014 consiliariis
2292 947 2515 1026 Jadre,
2566 947 2671 1030 qui
2723 948 2980 1012 fuerunt
3026 967 3135 1030 per

415 1045 713 1121 tempora,
764 1039 865 1122 qui
915 1039 991 1102 de
1032 1056 1258 1122 magna
1321 1037 1620 1102 fidelitate
1687 1039 1753 1100 et
1814 1036 2114 1101 laudabili
2174 1036 2603 1117 dispositione,
2677 1053 2862 1118 quam
2934 1054 3143 1100 eorum

414 1128 836 1211 progenitores
884 1129 947 1191 et
994 1126 1113 1208 ipsi
1162 1128 1459 1190 hactenus
1508 1126 1858 1189 habuerunt
1918 1126 1981 1188 et
2035 1124 2267 1188 habent
2311 1124 2386 1188 ad
2440 1124 2676 1187 statum
2739 1125 2802 1187 et
2847 1122 3143 1187 honorem

411 1217 712 1293 nostrum,
763 1233 866 1279 eos
916 1213 1437 1290 recommendant,
1487 1213 1858 1276 concedatur
1904 1212 2136 1276 eisdem
2186 1211 2357 1275 dicta
2404 1211 2604 1275 insula
2652 1229 2792 1275 cum
2830 1212 3143 1292 pertinen-

413 1304 522 1367 ciis
570 1303 696 1367 suis
745 1302 821 1366 ad
870 1301 1093 1385 viginti
1143 1320 1354 1379 annos,
1404 1300 1781 1365 solventibus
1842 1300 1929 1363 eis
1980 1318 2090 1383 pro
2156 1299 2370 1362 affictu
2432 1299 2754 1363 annuatim
2816 1298 3007 1363 libras
3055 1296 3143 1361 VI

412 1393 658 1454 centum
707 1409 1053 1473 parvorum,
1104 1389 1406 1453 vineando
1449 1391 1511 1452 et
1559 1387 1939 1451 meliorando
1999 1406 2154 1464 eam,
2202 1390 2389 1469 prout
2435 1386 2720 1449 offerunt.

498 1481 677 1541 Misti
728 1480 859 1539 XX
868 1480 1012 1540 VII.
1064 1482 1164 1550 59,
1209 1498 1252 1538 u
1294 1480 1509 1538 arkivu
1554 1479 1916 1537 mletackom.

698 1666 1162 1751 CCCCLIX
1241 1668 1448 1752 (iod.
1504 1667 1732 1751 1356.
1789 1666 1893 1749 26
1949 1663 2309 1767 venece,
2362 1687 2421 1746 u
2477 1664 2881 1746 Budimu.

428 1796 763 1871 Uyarehrv.
825 1798 987 1869 kralj
1042 1796 1328 1868 Ljudevit
1397 1796 1593 1868 izdcv'e
1642 1794 2013 1953 promae-{nien
2072 1810 2146 1854 za
2206 1792 2486 1852 mletaeke
2554 1791 2869 1864 poscanike
2936 1792 3137 1864 njemu

1610 1900 1803 1955 upra-v
1855 1899 1973 1940 ene.

626 2004 991 2086 Exemplum
1040 2003 1391 2068 licterarum
1440 2002 1671 2066 domini
1720 2000 1886 2083 regis
1943 1998 2264 2082 Hungarie
2326 1998 2700 2063 affidacionis
2756 1997 3143 2063 ambaxiato-

414 2111 551 2155 rum
601 2097 951 2155 nostrorum
1002 2091 1444 2155 mittendorum
1495 2090 1570 2154 ad
1620 2089 1845 2171 ipsum,
1890 2107 2043 2170 quas
2089 2088 2338 2153 licteras
2394 2086 2608 2151 aduxit
2655 2104 2862 2150 secum
2909 2086 3141 2149 Paulus

411 2180 487 2243 de
534 2180 847 2243 Bernardo
894 2180 1169 2243 notarius
1216 2179 1401 2243 curie.
1474 2178 1598 2241 Nos
1646 2176 1988 2240 Lodovicus
2035 2175 2133 2240 dei
2179 2175 2383 2257 gratia
2427 2194 2529 2238 rex
2576 2172 2913 2255 Hungarie,
2964 2173 3139 2237 vobis

413 2267 628 2331 inclito
678 2266 938 2349 principi
985 2267 1232 2330 domino
1279 2265 1550 2331 Johanni
1597 2264 1939 2329 Gradonico
1986 2264 2390 2327 veneciarum
2439 2262 2579 2326 duci
2650 2280 2761 2326 nec
2806 2278 2926 2325 non
2974 2279 3143 2325 com-

410 2354 580 2419 muni
643 2355 918 2418 civitatis
984 2354 1259 2418 eiusdem
1325 2353 1750 2436 promittimus
1820 2352 2003 2416 verbo
2066 2350 2235 2433 regio
2290 2351 2524 2432 absque
2588 2349 2753 2414 omni
2817 2348 2958 2413 dolo
3004 2348 3140 2412 sine

412 2442 646 2519 fraude,
696 2442 855 2524 quod
902 2442 1432 2524 quocienscunque
1478 2443 1542 2505 et
1588 2441 2068 2523 quandocunque
2134 2438 2307 2502 vobis
2371 2437 2706 2520 placuerit,
2774 2439 3012 2500 vestros
3060 2436 3140 2499 ad

413 2547 525 2593 nos
572 2531 1002 2594 ambaxatores
1042 2549 1147 2594 seu
1196 2530 1451 2594 nuncios
1499 2529 1824 2604 destinare,
1875 2526 2164 2590 libertate
2213 2525 2486 2607 plenaria
2524 2544 2632 2607 per
2678 2542 2893 2589 omnes
2942 2527 3141 2587 terras

411 2620 658 2683 nostras
707 2620 771 2682 et
816 2618 1063 2683 tenutas
1111 2617 1297 2682 iidem
1345 2620 1477 2681 tam
1527 2616 1588 2680 in
1637 2614 1934 2681 veniendo
1979 2633 2159 2697 quarn
2210 2614 2274 2678 in
2328 2612 2665 2678 recedendo
2711 2613 3038 2695 pociantur
3079 2611 3144 2675 et

415 2706 713 2783 fruantur,
764 2705 939 2770 nulla
985 2723 1390 2788 personarum
1438 2707 1547 2769 aut
1591 2723 1794 2767 rerum
1846 2702 2175 2767 formidine
2220 2701 2534 2780 habituri,
2590 2700 2980 2785 presencium
3027 2699 3140 2763 sub

418 2796 627 2857 nostre
672 2793 1019 2858 maiestatis
1069 2794 1427 2857 testimonio
1474 2792 1851 2857 litterarum.
1924 2791 2153 2854 Datum
2203 2788 2374 2853 Bude
2422 2789 2652 2852 mensis
2701 2786 2995 2851 februarii
3042 2786 3142 2851 die

409 2879 1072 3032 XXCVoolrtmemorialium
1130 2972 1192 3030 V.
1245 2973 1345 3042 55,
1393 2990 1436 3030 u
1480 2970 1823 3029 mletackom
1872 2968 2104 3026 arkivu.

757 3158 1194 3244 occonx.
1266 3138 1475 3244 eoa.
1531 3158 1757 3242 1356.
1812 3161 1854 3239 1
1910 3157 2250 3258 omna,
2307 3090 2372 3237 η’
2422 3155 2827 3237 nummu.

590 3287 762 3346 Nova
794 3289 1167 3361 provodniea
1210 3289 1538 3362 uffan-mv.
1586 3286 1789 3358 kralja
1833 3285 2159 3358 Ljudevita
2202 3301 2277 3344 aa
2322 3284 2599 3344 mletacke
2632 3283 2967 3356 poslanike.

626 3405 818 3471 Aliud
869 3407 1215 3490 exemplum
1264 3407 1531 3471 aliarum
1582 3406 1936 3471 litterarum
1970 3405 2246 3469 eiusdem
2279 3404 2517 3469 domini
2554 3403 2717 3487 regis
2764 3423 2947 3487 super
2976 3403 3140 3468 facto

427 3494 718 3573 predicto.
770 3495 1116 3560 Ludovicus
1178 3495 1277 3558 dei
1325 3496 1527 3578 gratia
1573 3513 1677 3558 rex
1724 3493 2015 3576 Ungarie.
2085 3491 2435 3570 NoveritiS,
2503 3493 2662 3575 quod
2715 3491 3004 3574 providur
3050 3493 3142 3555 vir

423 3582 656 3646 Paulus
702 3583 777 3647 de
819 3582 1132 3648 Bernardo
1180 3582 1456 3647 notarius
1507 3584 1710 3646 vester
1756 3582 2029 3645 nostram
2092 3581 2339 3645 veniens
2401 3580 2480 3644 ad
2526 3579 2899 3663 presentiam
2966 3579 3140 3642 nobis

421 3669 534 3733 sub
577 3670 955 3735 credentiam
1002 3671 1352 3734 litterarum
1399 3673 1743 3734 vestrarum
1792 3669 2178 3745 resservavit,
2227 3669 2388 3751 quod
2434 3686 2542 3732 vos
2575 3669 3003 3732 ambaxatores
3037 3686 3141 3729 ve-

420 3758 577 3821 stros
623 3758 701 3821 ad
750 3777 859 3822 nos
907 3759 969 3821 in
1013 3759 1237 3823 vestris
1301 3757 1715 3842 legationibus
1778 3755 2204 3820 transmittere
2269 3756 2465 3820 modis
2512 3755 2797 3820 omnibus
2860 3751 3139 3816 intende-

418 3846 589 3910 retis,
652 3844 856 3924 Quare
919 3864 1061 3909 cum
1120 3864 1229 3909 nos
1291 3847 1452 3910 circa
1516 3844 1786 3909 medium
1850 3843 2321 3926 quadragesime
2377 3845 2438 3907 in
2500 3842 2806 3925 Zagrabia
2852 3840 3139 3905 vellimus

419 3951 551 3996 esse
597 3934 1004 4015 personaliter
1051 3933 1395 4010 constituti,
1444 3937 1681 3997 vestros
1728 3952 1797 3995 ex
1844 3934 1992 3996 tunc
2037 3932 2283 3996 nuntios
2330 3931 2405 3996 ad
2449 3948 2559 3994 nos
2604 3948 2813 3994 secure
2860 3927 3139 4011 poteritis

417 4019 745 4085 destinare.
795 4022 1030 4086 Datum
1078 4022 1254 4086 Bude
1299 4021 1501 4104 primo
1558 4020 1657 4084 die
1705 4020 1934 4084 mensis
1978 4017 2211 4084 martii.

509 4110 1073 4172 Commemorialiam
1134 4112 1195 4172 V.
1247 4115 1348 4181 55,
1395 4129 1437 4170 u
1482 4112 1697 4170 arkivu
1741 4111 2101 4170 mletackom.

701 4299 1194 4383 CCCCLXI.
1269 4299 1475 4383 (iod.
1533 4299 1760 4383 1356.
1814 4297 1909 4380 13
1963 4298 2308 4399 causta,
2362 4319 2422 4378 ιι
2475 4293 2869 4378 Mletcih.

416 4425 751 4500 Republika
796 4426 952 4487 trabi
994 4428 1251 4500 mniem'e
1296 4427 1507 4485 rabske
1539 4426 1738 4485 obdine
1784 4444 1816 4485 ο
1862 4426 2196 4485 ustanovah
2226 4425 2301 4483 od
2330 4423 2711 4497 audies-njeya
2751 4423 2937 4481 kneza
2962 4419 3138 4494 pred-

1255 4514 1481 4573 lobenih
1525 4531 1609 4572 na
1652 4515 1840 4573 korist
1885 4529 2072 4587 onoya
2111 4515 2301 4572 otoka.
2651 4525 2654 4528 ·

636 4635 823 4700 1356.
875 4636 1206 4700 indictione
1254 4634 1362 4713 IX,
1411 4635 1507 4699 die
1553 4631 1711 4698 XIII
1757 4635 1995 4709 marcii,
2044 4636 2265 4714 capta:
2314 4650 2458 4695 cum
2504 4615 2730 4694 nobilis
2775 4629 2868 4693 vir
2900 4646 2997 4692 ser
3027 4627 3140 4692 Ja-

418 4723 610 4788 cobus
674 4722 965 4789 Cornario
1029 4741 1236 4788 comes
1296 4724 1506 4786 noster
1566 4721 1866 4786 Arbensis
1930 4719 2271 4803 porrexerit
2335 4717 2577 4800 aliquas
2640 4715 3014 4799 provisiones
3075 4713 3138 4775 in
