3620 5282
557 360 691 425 410
2585 366 2632 421 0

771 536 1094 621 Sapientes
1142 536 1405 603 consilii.
1447 536 1675 619 Capta:
1731 534 1896 620 quod
1945 556 2053 620 pro
2101 537 2356 602 comodo
2417 537 2483 600 et
2550 536 2823 601 sanitate
2871 536 3205 600 rectorum
3260 533 3337 598 et

563 625 837 690 fidelium
890 629 1097 689 nostre
1144 625 1417 690 civitatis
1466 626 1759 690 Durachii
1812 626 2246 691 committatur
2312 623 2505 687 nobili
2572 625 2703 687 viro
2769 642 2870 687 ser
2937 623 3129 687 Petro
3189 622 3335 686 Mi-

562 713 737 777 chael
787 716 946 778 ituro
984 713 1189 778 baiulo
1236 717 1301 776 et
1346 714 1664 793 capitaneo
1716 714 2029 789 Durachii.
2080 714 2238 794 quod
2289 716 2486 793 possit
2534 713 2599 774 et
2647 711 2875 775 debeat
2918 710 3129 775 facere
3172 710 3326 775 ficri

562 818 750 865 unam
799 799 1134 864 cisternam
1186 804 1250 865 in
1299 801 1501 881 platea
1552 801 1647 864 vel
1690 803 1747 864 in
1800 800 1922 865 alio
1974 801 2106 866 loco
2153 801 2216 863 in
2263 799 2429 864 dicta
2479 804 2665 875 terra,
2713 800 2818 863 ubi
2892 798 3121 863 melius
3181 798 3321 862 sibi

560 886 888 964 videbitur,
939 889 1238 968 possendo
1287 891 1633 970 expendere
1684 889 1756 953 de
1805 888 2065 970 pecunia
2140 888 2333 951 nostri
2396 886 2745 951 communis
2792 885 3016 951 deinde
3098 904 3324 968 usque

558 992 868 1038 summam
918 979 1165 1040 centum
1214 979 1652 1059 iperperorum.

645 1082 824 1141 Misti
875 1082 1116 1145 XLIV.
1171 1085 1269 1152 13,
1316 1102 1357 1141 u
1405 1085 1559 1145 mlet.
1615 1085 1848 1142 arkivu.

833 1288 1223 1369 DLVIII.
1280 1290 1485 1371 Gon.
1544 1290 1764 1373 1397.
1821 1290 1922 1373 23
1979 1289 2435 1390 listopatla,
2494 1312 2550 1371 u
2605 1289 2995 1370 Mleteih.

769 1426 966 1511 Super
1013 1429 1175 1494 facto
1223 1431 1409 1494 dandi
1457 1431 1531 1495 de
1579 1433 1872 1514 gentibus
1922 1431 2157 1495 venetis
2221 1430 2549 1513 magnifico
2604 1429 2871 1511 Georgio
2931 1427 3313 1494 Stracimiri

555 1516 617 1577 et
667 1515 797 1579 vice
844 1535 1017 1580 versa
1059 1518 1358 1599 scripturn
1409 1518 1622 1582 comiti
1672 1524 1733 1583 et
1765 1520 2091 1601 capitaneo
2125 1517 2370 1583 Scutari
2405 1517 2609 1582 Mafeo
2640 1517 2989 1582 Gradonico
3022 1515 3100 1579 de
3134 1535 3314 1590 ιιοιις

553 1602 651 1665 cui
700 1605 1035 1679 ordinatur,
1082 1605 1244 1689 quod
1294 1607 1678 1671 considerata
1748 1608 2095 1671 conditione
2163 1606 2408 1670 illarum
2472 1606 2743 1687 partium
2809 1624 2926 1668 non
2990 1604 3306 1668 licenciet

555 1691 659 1753 sed
707 1691 974 1755 retineat
1018 1711 1231 1757 omnes
1273 1695 1529 1769 militeS‚
1574 1713 1725 1775 quos
1773 1695 1981 1769 habet.
2029 1713 2134 1775 per
2178 1697 2376 1758 totum
2462 1712 2735 1757 mensem
2805 1692 3024 1774 aprilis
3081 1691 3306 1773 proxi·

558 1796 762 1851 mum;
813 1779 970 1860 quod
1021 1778 1211 1844 faciat
1256 1780 1385 1844 fieri
1434 1800 1617 1844 unam
1664 1783 1997 1845 cisternam
2068 1784 2128 1845 in
2187 1786 2391 1845 castro
2455 1779 2719 1857 scutati,
2780 1783 2843 1843 et
2883 1783 3059 1861 aptet
3106 1777 3302 1843 illam

558 1865 622 1928 in
672 1865 958 1929 Drivasto
1006 1872 1068 1930 et
1119 1869 1208 1931 sic
1256 1869 1441 1932 etiam
1494 1871 1741 1932 domum
1787 1869 2150 1933 munitionis
2197 1872 2261 1932 et
2307 1868 2431 1932 alia
2479 1866 2720 1932 edificia
2767 1870 2827 1931 in
2874 1871 3080 1932 castro
3132 1867 3300 1933 Scu-

555 1953 691 2016 tari.
742 1951 1114 2019 Concessum
1163 1955 1426 2020 Johanni
1468 1955 1735 2039 CapeIIO,
1786 1957 1893 2040 qui
1943 1958 2060 2021 fuit
2085 1976 2291 2021 comes
2324 1960 2387 2021 et
2420 1956 2778 2037 capitaneus
2820 1954 3089 2032 scutati,
3124 1954 3299 2037 quod

560 2044 877 2122 presentet
914 2061 1090 2105 suam
1140 2042 1498 2107 relationem
1552 2064 1743 2126 usque
1795 2065 1899 2126 per
1946 2048 2148 2109 totum
2197 2044 2594 2109 novembrem
2642 2043 3010 2124 proximum.

641 2148 821 2207 Misia·
870 2146 1108 2211 XLIV.
1157 2153 1262 2221 22,
1308 2172 1348 2211 u
1393 2153 1547 2212 mlet.
1599 2155 1834 2213 arkivu.

878 2355 1187 2437 Dux.
1246 2332 1466 2439 eod.
1510 2359 1728 2442 1397.
1785 2360 1886 2442 23
1942 2358 2399 2461 ustopaun⁹
2454 2382 2513 2441 u
2569 2359 2960 2441 motem.

764 2496 1130 2561 Conceditur
1184 2500 1512 2564 Francisco
1561 2503 1631 2564 de
1683 2502 1994 2565 Bernardo
2041 2501 2116 2564 de
2165 2501 2505 2583 Hungaria‚
2542 2500 2701 2582 quod
2737 2500 2932 2582 possit
2964 2501 3288 2564 extrahere

559 2582 644 2646 54
694 2584 898 2666 pecias
946 2587 1133 2666 panni
1177 2585 1481 2653 florentini
1530 2592 1769 2670 emptas
1820 2609 1925 2672 per
1997 2591 2328 2654 transitum
2409 2589 2691 2654 Veneciis
2749 2605 2906 2653 anno
2983 2589 3284 2669 preterito

553 2669 684 2733 sine
730 2672 936 2754 aliqua
985 2693 1137 2737 nova
1184 2676 1509 2752 salutione‚
1559 2697 1749 2758 quum
1802 2679 1926 2741 iam
1976 2680 2126 2742 tunc
2152 2678 2407 2742 solverit
2480 2679 2685 2742 omnia
2755 2676 2921 2740 datia
2976 2676 3283 2740 ordinata.

642 2778 822 2837 Misti
873 2778 1034 2839 XLI
1051 2781 1113 2840 V.
1160 2783 1265 2852 23,
1313 2802 1353 2842 u
1399 2785 1554 2845 mlet.
1605 2787 1840 2844 arkivu.

891 2989 1152 3070 DLX.
1211 2990 1418 3074 God.
1474 2992 1694 3075 1397.
1751 2993 1859 3076 30
1919 2993 2373 3094 listopada,
2429 3015 2485 3074 u
2540 2989 2932 3073 Mletcih.

553 3131 785 3203 De’ynut
830 3135 1105 3193 nadelnik
1147 3154 1185 3194 a
1228 3139 1559 3208 postue-{jen
1608 3139 1878 3195 kastelan
1926 3156 1966 3195 u
2037 3137 2350 3206 Drivastu,
2416 3141 2469 3196 tc
2516 3141 2584 3210 je
2644 3139 2781 3209 ovqj
2819 3135 2977 3209 qrad
3020 3135 3280 3207 stavljen

551 3220 917 3291 neposredno
971 3224 1093 3294 pod
1148 3225 1302 3282 vlast
1367 3226 2170 3386 skadarskoquzzbzcgssika.
2239 3225 2515 3286 Naredbe
2574 3225 2758 3284 ιὲὄιιόε
2817 3240 2879 3282 se
2912 3230 3195 3295 prometa
3239 3239 3282 3279 u

769 3427 951 3491 1397.
1000 3429 1100 3493 die
1149 3431 1494 3512 penultimo
1539 3432 1825 3498 octobris,
1879 3432 2267 3499 Provisiones
2314 3452 2413 3498 ser
2476 3432 2781 3498 Johannis
2836 3430 3095 3513 Capello
3165 3448 3283 3513 pro

552 3511 809 3578 Scutaro
855 3517 920 3579 et
969 3517 1277 3581 Drivasto.
1359 3517 1586 3600 Capta:
1665 3521 1812 3604 quia
1877 3521 2027 3585 utile
2094 3525 2158 3586 et
2216 3521 2629 3585 necessarium
2693 3521 2792 3584 est
2832 3518 3151 3601 providere
3199 3520 3280 3582 ad

548 3602 955 3668 scansandam
1006 3623 1335 3686 expensam
1389 3626 1678 3690 magnam
1726 3626 1911 3691 quam
1960 3601 2261 3672 habemus
2311 3608 2372 3670 in
2421 3607 2572 3670 locis
2623 3607 2850 3671 nostris
2913 3605 3164 3670 Scutari
3213 3608 3281 3669 et

556 3688 851 3768 Drivasti,
902 3692 971 3753 ut
1017 3695 1326 3773 possimus
1372 3693 1572 3760 facere
1618 3697 1690 3759 de
1738 3696 2098 3759 introitibus
2144 3694 2452 3757 dictorum
2500 3694 2775 3759 locorum
2821 3711 3119 3775 expensas
3171 3712 3281 3758 ne-

546 3777 863 3854 cessarias,
914 3782 977 3842 et
1022 3781 1185 3845 sicut
1232 3784 1444 3846 notum
1480 3786 1575 3846 est
1621 3784 1694 3846 de
1744 3786 1873 3847 loco
1922 3786 2128 3846 nostro
2168 3780 2442 3845 Drivasti
2491 3781 2726 3847 nnllam
2777 3783 3099 3863 sequimur
3152 3781 3278 3846 uti·

548 3863 810 3938 litatem,
858 3886 1002 3948 ymo
1064 3887 1357 3950 maguam
1419 3871 1726 3952 partimur
1790 3887 2123 3951 expensam
2189 3872 2252 3932 et
2313 3869 2670 3952 specialiter
2733 3871 2805 3933 de
2857 3871 3114 3946 rectore,
3167 3871 3276 3952 qui

547 3950 734 4014 habet
779 3953 1035 4017 ducatos
1086 3961 1395 4021 trecentos
1438 3959 1568 4022 auri
1620 3957 1681 4019 in
1727 3975 1904 4033 ann0‚
1955 3958 2018 4020 et
2065 3975 2182 4021 non
2218 3957 2317 4020 est
2350 3956 2754 4034 necessariuS,
2785 3975 2930 4041 ymo
2964 3959 3277 4022 existente

548 4043 777 4102 rectore
828 4040 884 4102 in
936 4042 1225 4109 Drivasto
1275 4047 1372 4108 est
1418 4063 1669 4109 causam
1719 4045 1968 4109 tenendi
2018 4045 2305 4108 continue
2353 4047 2737 4111 contractam
2805 4043 2982 4106 illam
3032 4044 3098 4108 in
3147 4044 3282 4108 dis·

545 4127 750 4190 cordia
798 4129 952 4193 inter
1001 4129 1360 4195 scutarium
1408 4136 1470 4196 et
1519 4133 1925 4208 Drivastinos,
1968 4135 2030 4193 et
2077 4132 2228 4196 utile
2276 4131 2362 4195 sit
2422 4133 2762 4214 providere,
2828 4130 2989 4214 quod
3053 4132 3275 4197 fideles

546 4215 736 4277 nostri
786 4215 978 4296 ipsius
1026 4223 1338 4283 contracte
1387 4220 1512 4282 siut
1562 4221 1716 4283 uniti
1767 4224 1828 4283 et
1871 4220 1946 4283 ad
1993 4218 2409 4284 obedientiam
2470 4221 2653 4285 unius
2718 4218 2910 4283 solius
2960 4221 3222 4284 rectoris
3274 4244 3292 4293 ς

547 4300 717 4364 vadit
763 4321 923 4382 pars.
973 4306 1131 4386 quod
1183 4310 1253 4369 de
1302 4310 1503 4371 cetero
1552 4326 1664 4370 non
1717 4308 1825 4371 fiat
1873 4306 2139 4387 amplius
2189 4310 2465 4388 potestas
2562 4307 2855 4383 Drivasti,
2906 4310 2972 4370 et
3017 4308 3274 4371 omnino

546 4393 882 4469 revocetur,
931 4398 994 4454 et
1039 4393 1173 4457 loeo
1221 4394 1372 4457 dicti
1423 4395 1748 4476 potestatis
1798 4394 1906 4458 flat
1953 4412 2109 4457 unus
2158 4395 2539 4459 castellanus
2588 4393 2859 4458 Drivasti
2928 4394 3277 4477 popularis.

544 4476 650 4558 qui
696 4477 924 4543 habeat
966 4481 1039 4544 de
1085 4482 1308 4545 salario
1357 4481 1417 4544 in
1470 4501 1679 4545 mense
1726 4485 1790 4545 et
1836 4481 2074 4546 ratione
2125 4482 2355 4546 mensis
2397 4481 2652 4548 ducatos
2696 4484 2833 4546 octo
2880 4483 3035 4554 auri,
3084 4484 3150 4547 et
3182 4484 3279 4546 te-

546 4581 689 4626 nere
736 4564 957 4631 debeat
1004 4568 1133 4632 suis
1181 4570 1465 4650 expensis
1516 4587 1702 4632 unum
1752 4568 2081 4645 famulum,
2133 4572 2240 4651 qui
2285 4570 2662 4634 castellanus
2707 4567 2836 4633 fieri
2886 4571 3112 4635 debeat
3161 4589 3269 4652 per

544 4649 878 4731 collegium
925 4656 1174 4731 domini,
1224 4656 1741 4732 consiliariorum,
1791 4658 2070 4737 capitum
2118 4661 2181 4719 et
2214 4657 2562 4739 sapientum
2597 4656 2834 4720 consilii
2865 4659 2930 4720 et
2961 4658 3272 4735 ordinum,

548 4736 612 4797 et
657 4737 1032 4805 conducatur
1079 4741 1230 4806 illuc
1275 4741 1354 4806 ad
1401 4760 1700 4827 expensas
1748 4743 1944 4807 nostri
1991 4745 2373 4823 communis,
2421 4742 2713 4808 videlicet
2752 4742 2963 4807 nabuli
3033 4745 3280 4828 navigi-
