3620 5282
2955 346 3136 413 ·281

420 524 703 591 eiusdem
751 524 1090 588 cultoribus
1136 523 1315 588 cedat
1360 523 1422 587 in
1472 524 1845 606 exemplum,
1918 524 2122 590 fructu
2194 525 2333 590 inde
2396 523 2656 590 collecto
2703 524 2941 590 nitatur
2989 525 3147 591 hila-

422 613 576 677 riter
619 611 899 676 homines
945 611 1184 676 firmius
1230 629 1620 694 perseverare
1668 610 2082 677 indissolubili
2129 631 2289 678 nexu
2336 612 2685 690 charitatis,
2734 616 2946 695 totque
2999 615 3146 678 viri-

423 699 541 763 bus
586 697 924 776 ardescere,
976 700 1268 781 precipue
1314 718 1458 765 suos
1504 698 1718 764 fideles
1767 701 2025 781 erigere,
2074 705 2147 765 ut
2206 701 2461 765 honeste
2530 700 2732 765 vivere
2778 718 2852 765 ac
2895 701 3146 782 pacifice

425 786 696 865 valeant,
761 787 1053 868 scrupula
1113 787 1179 851 et
1236 785 1578 851 discordias
1639 804 1677 851 a
1747 787 2077 867 regnicolis
2146 787 2676 870 qualitercumque
2745 788 2910 870 ipsos
2957 789 3148 854 disso-

428 872 666 938 ciantes
712 873 960 955 penitus
997 873 1263 951 abolere,
1313 892 1536 956 nempe
1583 872 1739 937 nihil
1786 873 2054 951 charius,
2092 874 2249 939 nihil
2296 874 2558 954 dulciuS,
2606 875 2764 940 nihil
2803 875 3146 951 honestiuS,

430 979 615 1043 quam
688 978 950 1043 regnum
1032 962 1298 1026 invicem
1372 961 1501 1044 regi
1550 961 1875 1043 pacificum
1928 962 2175 1027 intueri.
2223 961 2389 1027 Hinc
2434 963 2547 1038 est,
2599 962 2759 1046 quod
2805 962 3042 1027 nobiles
3088 963 3153 1026 et

426 1049 863 1129 circumspecti
930 1048 1048 1112 viri
1115 1067 1215 1112 ser
1260 1048 1483 1113 Petrus
1545 1047 1717 1124 Gori,
1797 1048 2131 1133 Dionysius
2198 1047 2399 1127 Helie,
2474 1049 2695 1114 Nicola
2769 1047 3018 1114 Srechie
3087 1053 3151 1114 et

422 1134 634 1199 Micha
677 1134 891 1213 Madii,
944 1135 1150 1200 nuncii
1199 1138 1264 1199 et
1307 1135 1789 1200 ambassiatores
1860 1135 2208 1201 fidelissimi
2281 1134 2491 1201 ndstre
2559 1137 2700 1201 aule
2763 1135 3151 1219 Spalatensis

423 1222 738 1287 maiestati
811 1226 1020 1287 nostre
1087 1221 1414 1287 humiliter
1482 1240 1592 1306 pro
1655 1225 1826 1305 parte
1893 1222 2638 1305 ipsorumcommunitatis
2721 1225 3147 1306 exposuerunt,

425 1310 583 1393 quod
630 1328 667 1374 a
716 1309 942 1373 multis
988 1309 1166 1374 aunis
1225 1310 1386 1375 citra
1449 1309 1778 1375 inimicitie
1848 1311 2141 1392 capitales
2200 1311 2642 1393 sanguinisque
2700 1310 3030 1378 effusiones
3086 1316 3151 1376 et

423 1397 623 1461 multa
667 1396 1000 1462 homicidia
1040 1397 1294 1461 fuerunt
1339 1398 1504 1462 iuter
1551 1398 1717 1480 ipsos
1762 1398 2007 1462 nostros
2051 1397 2446 1479 Spalatenses
2478 1399 2543 1463 et
2575 1395 2942 1463 Cliscienses
2974 1415 3152 1463 occa·

422 1482 594 1548 sione
654 1485 931 1566 ipsorum
989 1484 1181 1549 castri
1237 1484 1434 1549 nostri
1505 1484 1907 1549 confiniorum
1970 1488 2034 1549 et
2095 1486 2423 1563 metarum,
2474 1483 2895 1568 supplicantes
2940 1486 3149 1551 nostre

422 1571 759 1647 maiestati,
809 1579 878 1635 ut
923 1569 1327 1654 dignaremur
1374 1572 1447 1637 de
1498 1572 1706 1655 gratia
1752 1572 2006 1653 speciali
2054 1572 2371 1655 providere
2416 1573 2510 1637 ita
2554 1574 2620 1636 et
2663 1571 2892 1651 taliter,
2928 1573 2998 1638 ut
3030 1572 3149 1636 ini-

422 1658 660 1723 micitia
729 1658 890 1722 inter
958 1658 1123 1741 ipsos
1197 1658 1568 1724 castellanos
1637 1659 1882 1724 nostros
1953 1658 2177 1724 Cliscie
2251 1660 2315 1724 et
2381 1658 2578 1724 dictos
2641 1659 2890 1723 nostros
2936 1658 3150 1724 fideles

423 1742 820 1828 Spalatenses
868 1747 1114 1811 sedetur
1160 1747 1227 1810 et
1269 1748 1564 1824 cessetur,
1611 1746 1986 1830 pacificeque
2032 1746 2296 1811 invicem
2329 1748 2577 1822 vivant3
2619 1746 2908 1811 similiter
2938 1749 3152 1828 postu-

421 1833 708 1898 laverunt
757 1851 793 1898 a
841 1836 1055 1898 nostra
1105 1834 1452 1913 maiestate,
1500 1835 1662 1898 inter
1706 1836 1989 1899 nostrum
2014 1836 2294 1899 castrum
2327 1833 2615 1898 Almissii
2648 1835 2709 1898 et
2740 1834 2905 1916 ipsos
2938 1833 3150 1916 Spala-

422 1921 631 1985 tenses
679 1922 913 1986 metam
963 1922 1028 1985 et
1073 1922 1407 1987 confinium
1456 1921 1635 1986 modo
1683 1922 1755 1985 ut
1799 1939 1989 2004 supra
2036 1923 2388 1987 terminare.
2465 1922 2599 1986 Nos
2644 1938 2786 1986 vero
2832 1921 3150 2005 cupientes

426 2007 718 2073 scandala
762 2007 1117 2073 huiusmodi
1164 2008 1648 2091 inimicitiasque
1694 2010 1859 2073 inter
1904 2010 2071 2092 ipsos
2115 2010 2360 2074 nostros
2406 2007 2618 2073 fideles
2662 2007 2741 2072 ad
2789 2013 3149 2091 perpetuam

420 2113 633 2178 pacem
684 2096 931 2161 abolere
974 2097 1039 2159 et
1085 2096 1321 2173 sedare,
1370 2096 1647 2162 volentes
1694 2095 1906 2161 fideles
1951 2097 2188 2161 nostros
2238 2097 2635 2179 Spalatenses
2668 2096 2897 2160 nostris
2928 2096 3151 2179 gratiis

421 2183 545 2247 frui
593 2183 857 2259 abunde,
907 2183 1411 2266 premeditantes,
1459 2184 1590 2249 fore
1634 2183 1909 2266 ipsorum
1960 2184 2160 2249 iustas
2206 2184 2533 2267 petitiones
2579 2181 2852 2266 gratiose
2899 2182 3153 2249 admisi·

424 2288 566 2335 mus
612 2270 730 2335 boc
777 2272 978 2346 modo,
1018 2269 1325 2343 videlicet,
1371 2272 1529 2354 quod
1577 2270 1944 2352 incipientes
1975 2289 2013 2336 a
2043 2273 2256 2336 monte
2288 2271 2578 2337 Masaron
2612 2289 2824 2335 versus
2854 2271 3152 2335 orientem

422 2359 589 2421 recto
635 2356 891 2422 tramite
938 2356 1101 2422 sicut
1146 2357 1377 2424 labitur
1423 2358 1652 2423 flumen
1704 2356 1931 2423 Salona
1979 2377 2191 2425 versus
2238 2360 2619 2424 occidentem
2676 2357 2909 2422 dividat
2960 2360 3024 2422 et
3068 2356 3154 2422 sit

423 2448 591 2508 meta
636 2444 818 2526 atque
865 2444 1194 2510 confinium
1243 2446 1407 2511 inter
1453 2448 1731 2512 nostrum
1778 2447 2055 2511 castrum
2105 2445 2329 2512 Cliscie
2384 2447 2448 2510 et
2512 2447 2677 2528 ipsos
2732 2443 3149 2528 SpalatensoS,

421 2529 514 2595 ita
564 2531 724 2613 quod
773 2552 805 2596 e
851 2532 1017 2597 dicto
1064 2533 1318 2599 fiumine
1366 2553 1581 2599 versus
1626 2533 1953 2616 Spalatum
2026 2534 2113 2599 sit
2157 2532 2613 2616 Spalatensium
2674 2551 2816 2597 cum
2866 2531 3151 2598 omnibus

423 2616 787 2684 molendinis
832 2636 1046 2685 eorum
1095 2620 1556 2703 Spalatensium
1603 2621 1930 2687 consuetis.
1979 2617 2082 2687 Ab
2129 2621 2251 2687 alia
2298 2638 2440 2686 vero
2486 2619 2793 2705 partesit
2821 2619 3150 2686 confinium

421 2708 485 2771 et
528 2706 696 2771 meta
740 2707 901 2771 muri
949 2709 1187 2789 antiqui
1236 2709 1460 2775 Salone
1508 2712 1675 2774 recto
1744 2709 1999 2774 tramite
2068 2728 2282 2775 versus
2352 2711 2629 2773 montem
2699 2727 2749 2774 s.
2823 2707 3152 2773 Michaelis

422 2813 616 2876 usque
656 2794 729 2857 ad
773 2795 1129 2860 columnam
1177 2815 1389 2860 versus
1434 2797 1822 2879 Tragurium,
1871 2817 1989 2880 que
2035 2798 2133 2862 est
2178 2798 2346 2861 meta
2411 2796 2571 2860 inter
2646 2795 3044 2878 Spalatenses
3091 2796 3154 2859 et

421 2881 885 2964 Tragurienses.
933 2882 1025 2946 Ex
1067 2885 1242 2964 parte
1288 2902 1430 2948 vero
1473 2882 1763 2947 Almissii
1813 2884 1898 2948 sit
1942 2888 2112 2948 meta
2158 2888 2221 2949 et
2266 2884 2595 2949 confinium
2642 2881 2873 2948 flumen
2936 2881 3153 2948 Cetine

421 2971 588 3033 recto
635 2970 887 3034 tramite
934 2970 1101 3035 sicut
1142 2971 1375 3035 labitur
1421 2990 1629 3035 versus
1677 2989 1847 3034 mare
1895 2991 2090 3054 usque
2136 2971 2213 3037 ad
2259 2973 2564 3036 verticem
2612 2969 2863 3051 monti8‚
2912 2970 3018 3053 qui
3058 2970 3153 3034 di·

421 3057 583 3121 citur
631 3057 936 3121 Primorie
975 3076 1187 3122 versus
1232 3057 1551 3139 Spaletum
1599 3057 1763 3121 inter
1813 3060 2054 3122 nostros
2117 3059 2513 3142 Spalatenses
2571 3061 2636 3121 et
2680 3060 2957 3123 castrum
3011 3075 3154 3122 nos-

420 3146 593 3208 trum
639 3143 959 3209 Delmissii
1008 3163 1146 3209 cum
1211 3146 1496 3211 omnibus
1557 3145 1622 3209 et
1676 3143 1943 3228 singulis
2011 3146 2177 3210 inter
2240 3145 2410 3228 ipsos
2471 3146 2741 3210 confines
2799 3144 3152 3210 interclusis

424 3231 616 3309 villis,
661 3232 865 3309 terriS,
909 3231 1106 3314 aquiS,
1152 3234 1369 3316 pratis,
1418 3233 1795 3309 nemoribus,
1845 3234 2105 3315 pascuis,
2157 3235 2221 3297 et
2268 3251 2407 3297 cum
2443 3232 2733 3298 omnibus
2766 3233 2830 3296 et
2860 3231 3150 3317 singuliS,

422 3336 537 3400 que
585 3318 736 3382 dicti
786 3319 1051 3384 confines
1098 3319 1333 3384 habent
1378 3319 1542 3385 infra
1587 3338 1652 3384 se
1706 3337 1848 3383 cum
1918 3320 2209 3386 omuibus
2271 3320 2546 3402 ipsorum
2594 3320 2835 3385 iuribus
2888 3319 2953 3385 et
2996 3318 3154 3384 acti·

421 3404 640 3470 onibus
686 3405 930 3484 damuS,
966 3408 1358 3473 concedimus
1392 3412 1456 3472 et
1487 3408 1903 3473 confirmanus
1936 3406 2120 3473 dictis
2152 3408 2380 3474 nostris
2413 3406 2883 3490 Spalatensibus
2921 3407 3154 3489 absque

424 3492 691 3557 alicuius
737 3493 1222 3559 contradictione
1270 3495 1368 3560 vel
1417 3494 1865 3578 impedimento
1909 3494 1986 3558 de
2034 3497 2247 3562 nostra
2280 3496 2487 3577 gratia
2519 3495 2790 3578 speciali,
2824 3495 3152 3561 dummodo

423 3581 602 3645 nobis
644 3582 1037 3663 perseverent
1076 3581 1139 3645 in
1187 3582 1492 3649 fidelitate
1526 3583 1739 3647 nostre
1780 3583 2135 3664 maiestati3
2159 3581 2467 3666 premissa
2514 3582 2723 3666 itaque
2753 3582 3041 3666 deinceps
3086 3581 3154 3646 in

423 3669 607 3733 antea
651 3668 804 3733 dicti
851 3667 1047 3732 nostri
1092 3668 1308 3734 fideles
1357 3668 1755 3754 Spalatenses
1801 3670 2045 3752 possint
2093 3672 2157 3734 et
2201 3669 2451 3734 valeant
2496 3669 2617 3752 ipsi
2663 3671 2729 3735 et
2759 3671 2854 3735 sui
2900 3670 3151 3734 heredes

424 3756 488 3820 et
524 3774 907 3821 successores
955 3774 1029 3820 ex
1077 3774 1240 3821 nunc
1286 3757 1349 3823 in
1396 3760 1578 3823 antea
1623 3758 1685 3822 in
1731 3760 2101 3840 perpetuum
2149 3758 2440 3841 gaudere,
2487 3756 2818 3839 possidere,
2865 3755 3152 3821 usufruc-

425 3842 625 3920 tuare,
695 3842 970 3907 alienare
1039 3843 1201 3908 inter
1272 3863 1338 3910 se
1401 3845 1519 3926 ipsi
1591 3845 1755 3909 cives
1813 3844 2008 3909 nostri
2056 3848 2121 3909 et
2164 3843 2584 3909 omnimodam
2627 3845 2905 3928 ipsorum
2952 3842 3151 3908 facere

426 3930 808 4013 voluntatem
857 3931 1152 4014 tanquam
1202 3934 1274 3997 de
1320 3931 1504 3997 rebus
1551 3933 1682 3996 suis
1728 3932 2018 4015 propriiS,
2062 3933 2125 3996 et
2168 3933 2282 3997 hoc
2326 3949 2433 4014 pro
2474 3932 2688 3996 multis
2733 3929 2933 4014 gratis
2963 3929 3152 3995 bene-

428 4017 585 4082 ficiis
624 4018 802 4083 nobis
846 4019 912 4083 et
957 4019 1184 4083 nostris
1231 4020 1724 4085 antecessoribus
1769 4037 1877 4101 per
1920 4020 2086 4102 ipsos
2120 4019 2514 4103 Spalatenses
2548 4018 2827 4095 collatis—3
2874 4015 3151 4082 volentes

425 4104 697 4188 insuper,
764 4106 922 4188 quod
973 4106 1304 4188 privilegia
1365 4125 1403 4171 a
1473 4107 1683 4172 nostra
1742 4107 2067 4172 maiestate
2128 4107 2461 4189 impetrata
2519 4124 2627 4187 per
2674 4104 3041 4171 Cliscienses
3087 4104 3152 4169 et

426 4190 777 4257 Pollizanos
824 4193 1019 4258 tacita
1063 4194 1329 4259 veritate
1376 4196 1437 4257 et
1484 4195 1782 4277 suggesta
1829 4192 2127 4275 falsitate,
2160 4212 2277 4277 que
2310 4195 2520 4275 posset
2551 4192 2912 4275 perturbare
2982 4188 3152 4256 dicta

424 4277 687 4344 confinia
732 4281 1200 4363 quomodolibet
1262 4281 1549 4346 volumus
1596 4280 1945 4346 omnimoda
1990 4299 2064 4347 ea
2110 4300 2321 4347 cavere
2366 4280 2697 4353 firmitat03
2774 4281 2842 4343 et
2887 4278 2965 4343 ad
3010 4298 3150 4343 exe-

324 4424 331 4429 „
424 4366 734 4431 cntionem
783 4367 1059 4433 omnium
1110 4367 1530 4451 predictorum
1577 4367 2033 4433 committimus
2082 4368 2415 4451 magnifico
2459 4368 2525 4432 et
2582 4367 2818 4449 potenti
2865 4366 2995 4431 viro
3044 4368 3151 4430 do-

422 4449 589 4517 mino
629 4453 927 4536 Triphoni
979 4458 1188 4519 nostre
1234 4454 1375 4520 aule
1422 4453 1937 4537 prothovestiario
1982 4474 2095 4520 nec
2141 4475 2261 4521 non
2291 4453 2559 4537 providis
2592 4458 2654 4517 et
2686 4452 2967 4518 discretis
3001 4454 3149 4519 viris

422 4538 721 4606 Michaeli
769 4542 842 4606 de
890 4543 1166 4624 Ragusio
1215 4543 1411 4608 electo
1458 4542 1741 4624 episcopo
1781 4541 2121 4620 Tniuiensi,
2187 4542 2401 4608 comiti
2462 4539 2681 4606 Stanoi
2726 4538 3042 4605 Jelascich
3087 4541 3152 4603 et

426 4626 648 4692 Vladoi
695 4627 985 4710 logofeto,
1037 4631 1266 4695 nostris
1308 4629 1595 4694 fidelibus
1644 4630 1709 4693 et
1746 4627 1993 4693 dilectis
2041 4630 2105 4694 et
2172 4628 2414 4695 nunciis
2460 4626 2523 4693 iu
2571 4625 2688 4692 hac
2733 4628 2907 4710 parte
2952 4626 3153 4709 speci·

428 4712 634 4780 alibus
682 4733 790 4796 per
839 4716 1036 4781 dictos
1087 4716 1480 4799 Spalatenses
1523 4717 1738 4781 nostra
1802 4717 2173 4781 auctoritate
2233 4716 2546 4783 mediante
2592 4731 2816 4797 ponere
2860 4712 2924 4776 et
2966 4711 3151 4776 indu-
