3620 5282
2998 294 3127 360 333

416 490 566 554 quas
617 469 835 536 civitas
882 475 1048 536 esset
1094 493 1163 536 ex
1210 475 1338 539 toto
1384 474 1648 547 deserta,
1696 479 1805 537 aut
1852 474 2045 538 alium
2096 474 2179 538 ibi
2226 476 2496 555 poneret,
2533 493 2637 554 per
2665 473 2917 536 modum
2950 473 3112 556 quod

418 578 535 622 non
583 561 749 623 esset
810 562 1199 642 sperandum,
1267 563 1420 643 quod
1477 563 1744 643 amplius
1819 563 2142 645 imperium
2215 581 2394 625 suum
2460 562 2685 625 rediret
2733 564 2793 623 in
2836 564 3120 625 manibus

418 650 549 711 suis
601 666 709 712 uec
754 650 944 712 etiam
992 649 1499 717 christianorum:
1549 654 1613 713 et
1660 653 1981 732 propterea
2027 651 2355 713 suademus
2402 650 2712 732 imperiali
2762 650 3123 713 excellentie

421 755 528 799 sue
579 754 719 799 cum
770 738 1038 801 maxima
1086 740 1342 802 caritate
1396 741 1459 801 et
1505 738 1638 812 fide,
1685 741 1842 821 quod
1893 740 2134 819 penitus
2168 739 2453 802 extrahat
2497 739 2612 801 hoc
2645 739 2715 800 de
2753 743 2955 800 mente
2990 756 3121 814 sua,

419 826 482 887 et
527 824 681 907 quod
730 843 794 888 se
842 825 1123 907 disponat
1167 829 1242 890 ad
1309 827 1787 890 conservandum
1838 847 1903 890 se
1951 831 2012 890 et
2057 830 2292 890 statum
2339 846 2517 890 suum
2566 831 2629 889 et
2673 826 2751 888 ad
2801 845 3125 890 remanen-

421 913 567 976 dum
613 912 676 975 in
716 912 861 977 sede
911 933 1040 992 sua,
1091 916 1389 997 sperando
1438 916 1498 977 in
1548 916 1756 982 divina
1816 916 2166 991 clementia,
2238 914 2394 998 quod
2458 914 2839 977 illuminabit
2908 914 3122 977 taliter

417 1002 657 1064 mentes
704 1003 766 1064 et
812 1002 997 1065 corda
1044 1003 1485 1066 catholicorum
1534 1021 1750 1085 regum
1821 1005 1884 1067 et
1952 1003 2315 1085 principum,
2397 1003 2555 1085 quod
2626 1002 3000 1066 unanimiter
3049 1005 3111 1065 et

419 1091 700 1169 potenter
745 1109 809 1153 se
854 1090 1181 1172 disponent
1226 1092 1301 1155 ad
1351 1091 1790 1173 providendum
1841 1090 2287 1156 conservationi
2336 1109 2441 1154 sue
2504 1095 2566 1155 et
2612 1091 2707 1154 sui
2754 1089 2991 1171 imperii
3041 1108 3112 1153 ac

420 1177 686 1240 nominis
733 1178 1082 1254 christiani3
1131 1183 1193 1242 et
1239 1198 1375 1242 cum
1421 1179 1541 1243 hiis
1589 1182 1652 1243 et
1698 1179 1839 1243 aliis
1885 1179 2196 1244 similibus
2245 1178 2447 1242 verbis
2483 1179 2705 1243 debeat
2739 1180 2868 1259 ipse
2905 1180 3121 1241 noster

420 1265 795 1330 vicebaiulus
856 1267 1113 1330 suadere
1178 1267 1425 1331 domino
1487 1267 1846 1350 imperatori
1907 1268 2197 1350 predict0‚
2260 1268 2419 1349 quod
2469 1285 2587 1330 non
2636 1286 2701 1330 se
2748 1269 2993 1348 separet
3040 1267 3116 1329 ab

421 1354 678 1434 imperio
729 1372 856 1431 suc,
907 1357 1009 1418 sed
1050 1355 1207 1437 quod
1256 1360 1569 1419 remaneat
1614 1358 1679 1420 et
1723 1374 1787 1420 se
1834 1360 2171 1431 conservet,
2223 1358 2293 1419 nt
2339 1354 2487 1419 fecit
2530 1355 2860 1436 hucusque.
2951 1355 3035 1417 Et
3064 1355 3116 1418 si

421 1442 767 1505 remanebit
811 1461 949 1506 cum
995 1443 1093 1507 his
1136 1444 1334 1507 verbis
1382 1447 1726 1520 contentus
1774 1444 1863 1507 ita
1909 1446 2067 1526 quod
2114 1462 2229 1507 non
2275 1442 2463 1507 faciat
2507 1442 2693 1507 aliam
2741 1445 3114 1506 mentionem

420 1528 495 1592 de
538 1530 795 1593 volendo
836 1530 1028 1595 levari
1075 1550 1255 1613 super
1283 1532 1506 1596 nostris
1532 1532 1727 1615 galeis
1762 1533 1860 1596 vel
1891 1532 2032 1596 aliis
2068 1533 2288 1596 nostris
2322 1530 2602 1613 navigii8‚
2638 1530 2790 1594 bene
2826 1532 3070 1612 quidem
3101 1553 3116 1604 ;

421 1616 476 1680 si
557 1637 699 1682 vero
743 1617 859 1699 ipsi
910 1618 1113 1684 baiulo
1154 1620 1482 1701 replicaret
1526 1621 1775 1692 factum,
1826 1625 1887 1684 et
1931 1624 2170 1702 peteret
2200 1619 2643 1701 responsivam‚
2688 1621 2835 1683 tunc
2869 1619 2987 1683 sibi
3023 1619 3115 1683 di-

420 1724 556 1768 cere
601 1705 840 1785 debeat‚
890 1709 1049 1790 quod
1099 1708 1388 1774 maiestas
1433 1726 1544 1772 sua
1590 1709 1809 1773 reddat
1841 1728 1904 1771 se
1945 1711 2198 1782 certam,
2234 1710 2390 1790 quod
2423 1707 2750 1788 imperium
2785 1709 2848 1771 et
2880 1710 3115 1773 statum

423 1811 604 1856 suum
654 1812 802 1875 puro
850 1796 915 1859 et
959 1796 1195 1860 sincero
1243 1797 1419 1860 corde
1466 1797 1805 1878 diligimuS,
1858 1799 1920 1860 et
1967 1800 2288 1879 propterea
2333 1795 2609 1859 videntes
2667 1794 2856 1860 dubia
2900 1802 2967 1860 et
3015 1815 3114 1877 pe-

422 1879 634 1958 ricula,
683 1901 800 1965 que
849 1883 1269 1948 verisimiliter
1316 1887 1609 1949 eventura
1655 1885 1855 1949 forent
1901 1886 1973 1948 de
2020 1885 2365 1949 levamento
2412 1888 2477 1948 et
2523 1887 2694 1947 motu
2768 1903 2893 1961 suc,
2945 1885 3113 1950 nullo

420 1969 601 2033 modo
670 1971 787 2034 sibi
857 1973 968 2037 hoc
1038 1975 1399 2054 persuadere
1466 1975 1864 2044 auderemus,·
1941 1973 2335 2038 nihilominus
2384 1973 2624 2054 quando
2667 1973 2957 2036 maiestas
3003 1992 3117 2038 sua

418 2056 791 2123 deliberaret
832 2079 897 2124 se
941 2060 1165 2139 levare,
1215 2062 1276 2125 et
1322 2080 1460 2126 cum
1504 2062 1726 2126 nostris
1774 2061 1970 2143 galeis
2019 2061 2112 2126 vel
2155 2061 2295 2125 aliis
2342 2061 2568 2125 nostris
2614 2060 2878 2143 navigiis
2913 2063 3115 2126 venire

418 2145 496 2208 ad
544 2146 864 2212 civitatem
911 2151 1182 2213 nostram
1224 2149 1640 2224 Venetiarum‚
1687 2149 1907 2213 reddat
1946 2169 2009 2213 se
2041 2150 2471 2230 certissimam,
2504 2148 2667 2231 quod
2700 2149 2898 2231 ipsam
2936 2168 3113 2215 suam

416 2235 806 2311 maiestatem
858 2238 922 2301 et
964 2237 1337 2306 comitivam
1369 2256 1542 2302 suam
1590 2237 1938 2302 videremus
2001 2239 2065 2301 et
2131 2240 2540 2319 reciperemus
2601 2257 2740 2302 cum
2783 2238 2893 2301 illa
2944 2259 3114 2303 reve·-

417 2323 636 2401 rentia,
687 2324 947 2388 caritate
990 2329 1053 2390 et
1094 2325 1523 2403 benivolentia,
1571 2344 1686 2408 que
1734 2327 1980 2390 deceret
2025 2344 2203 2390 suam
2251 2325 2632 2390 excelletiam
2695 2328 2760 2390 et
2821 2326 3112 2391 honorem

415 2413 715 2488 nostrum,
763 2416 825 2477 et
865 2413 1229 2478 haberemus
1276 2416 1479 2495 ipsum
1527 2417 1589 2479 et
1636 2415 1793 2480 bona
1840 2432 1950 2478 sua
1996 2414 2269 2495 quelibet
2313 2433 2383 2478 ac
2429 2425 2534 2479 sne
2603 2416 2888 2479 comitive
2936 2417 3112 2481 salva

415 2501 478 2562 et
524 2518 738 2564 secura
783 2501 860 2565 ab
909 2502 1073 2566 omni
1120 2502 1401 2566 molestia
1445 2505 1508 2567 et
1554 2503 1842 2579 novitate,
1892 2503 2403 2583 quemadmodum
2452 2503 2782 2567 haberetur
2825 2504 2889 2567 in
2932 2503 3112 2568 domo

414 2605 527 2652 sua
574 2589 832 2671 propria,
882 2593 944 2655 et
984 2591 1499 2674 quemadmodum
1543 2592 1768 2656 habere
1837 2591 2129 2656 debemus
2197 2590 2548 2656 carissimos
2615 2594 2678 2656 et
2723 2592 3108 2658 honorabiles

412 2677 639 2742 amicos
685 2678 877 2743 nostri
927 2682 1290 2745 communis.

619 2767 702 2831 Et
748 2767 906 2831 ultra
946 2769 1059 2832 hoc
1106 2767 1418 2851 providere
1464 2767 1685 2833 debeat
1731 2767 1847 2849 ipsi
1894 2767 2143 2832 domino
2202 2767 2577 2850 imperatori,
2642 2769 2804 2851 quod
2874 2771 3109 2837 scribat

412 2852 652 2918 domino
697 2873 870 2938 pape,
920 2857 1163 2921 domino
1210 2856 1570 2938 imperatori
1610 2860 1672 2919 et
1716 2855 1857 2920 aliis
1905 2856 2152 2938 regibus
2198 2860 2263 2920 et
2308 2856 2686 2939 principibus
2737 2860 2946 2922 mundi
2981 2863 3103 2924 ter-

410 2942 647 3007 minum
697 2948 759 3007 et
804 2944 1201 3022 conditiones,
1251 2945 1314 3008 in
1362 2946 1587 3027 quibus
1630 2963 1695 3008 se
1735 2945 2053 3025 reperiunt
2099 2948 2308 3026 partes
2356 2946 2427 3008 de
2473 2945 2614 3009 inde
2661 2946 2724 3009 et
2770 2964 2952 3010 suum
2986 2948 3105 3012 im-

410 3031 645 3111 perium
695 3050 831 3096 cum
884 3034 1005 3096 isto
1052 3033 1293 3097 domiuo
1339 3033 1740 3110 Turchorum‚
1785 3035 1857 3096 ut
1895 3034 2096 3115 magis
2146 3051 2355 3097 curam
2405 3031 2673 3097 habeant
2719 3033 2984 3099 faciendi
3033 3036 3108 3101 de

409 3119 859 3198 provisionibus
907 3122 1167 3185 utilibus
1213 3140 1321 3203 pro
1369 3119 1826 3186 conservatione
1877 3121 2178 3185 catholice
2225 3121 2368 3185 fidei
2414 3125 2478 3185 et
2535 3140 2647 3186 sua
2695 3125 2758 3185 et
2802 3124 3105 3205 depressi-

409 3222 522 3269 one
570 3208 908 3271 infidelium
955 3211 1393 3292 predictorum,
1436 3229 1584 3291 quas
1636 3207 1880 3273 litteras
1939 3210 2251 3273 offerimus
2322 3227 2427 3272 nos
2480 3209 2773 3274 missuros
2838 3212 3108 3276 dominis

410 3298 473 3356 et
521 3295 895 3379 principibus
941 3298 1285 3362 antedictis,

616 3383 699 3447 Et
743 3404 813 3448 ex
862 3405 1020 3449 nunc
1067 3387 1429 3450 comittatur
1476 3386 1640 3450 dicto
1685 3387 2019 3449 vicebaiulo
2067 3390 2128 3449 et
2174 3386 2562 3461 consiliariiS,
2641 3388 2797 3469 quod
2853 3388 3104 3453 adveni-

406 3470 546 3534 ente
595 3490 738 3536 casu
787 3474 1079 3555 predict0‚
1128 3475 1287 3556 quod
1327 3474 1511 3549 absit,
1560 3474 1783 3538 debeat
1830 3475 1975 3538 dare
2025 3477 2081 3537 in
2135 3475 2441 3537 mandatis
2489 3477 2713 3538 nostris
2763 3476 2957 3557 galeis
3007 3480 3100 3542 vel

405 3557 542 3622 aliis
592 3561 820 3624 nostris
868 3561 1147 3643 navigiis,
1197 3581 1379 3644 super
1424 3562 1643 3644 quibus
1693 3565 1822 3645 ipse
1869 3564 2154 3626 dominus
2201 3563 2533 3643 imperator
2579 3563 2905 3639 levaretur,
2947 3569 3104 3648 qnod

400 3644 602 3727 ipsum
644 3651 706 3713 et
752 3650 1112 3713 comitivam
1181 3668 1356 3714 suam
1419 3650 1754 3715 conducere
1818 3651 2080 3715 debeant
2145 3650 2453 3727 Venetiae,
2515 3653 2862 3716 honorando
2927 3674 3100 3718 suam

400 3735 790 3800 maiestatem
838 3740 900 3801 et
946 3757 1124 3801 suum
1191 3739 1517 3819 imperium
1588 3740 1922 3803 secundum
1993 3740 2147 3821 quod
2220 3738 2428 3802 honori
2491 3742 2837 3804 maiestatis
2883 3761 2991 3805 sue
3040 3747 3102 3807 et

398 3826 604 3888 nostro
652 3825 919 3889 viderint
967 3825 1311 3903 convenire,
1361 3845 1477 3890 non
1531 3829 1921 3891 conducendo
1969 3847 2109 3890 eum
2158 3829 2229 3889 ad
2284 3828 2552 3910 aliquam
2604 3829 2794 3891 aliam
2837 3834 3094 3911 partem,

396 3927 579 3990 quam
625 3913 698 3977 ad
745 3914 1061 3978 civitatem
1112 3916 1383 3978 nostram
1436 3915 1850 3993 Venetiarum‚
1898 3915 2288 3999 salvo-quam
2318 3915 2394 3978 ad
2429 3915 2695 3980 insulam
2731 3918 3099 3996 StaliminiS‚

395 3997 446 4061 si
496 3999 643 4064 illuc
678 4000 767 4065 ire
813 4002 1022 4067 vellet.

598 4107 695 4170 Ad
743 4108 1072 4172 secundam
1123 4127 1261 4172 vero
1309 4114 1548 4191 partem
1589 4113 1660 4173 de
1696 4110 1862 4174 facto
1913 4110 2108 4172 insule
2159 4109 2529 4182 Staliminis,
2578 4114 3082 4192 quemdominus

392 4193 721 4276 imperator
768 4196 959 4260 vellet
1005 4196 1178 4260 nobis
1226 4199 1503 4274 vendere,
1557 4199 1935 4263 rescribatur
1983 4197 2144 4260 dicto
2194 4205 2397 4262 nostro
2448 4199 2790 4264 vicebaiulo
2838 4205 2900 4265 et
2941 4221 3084 4265 cou-

388 4281 658 4360 siliariis‚
709 4285 865 4367 quod
915 4285 1185 4367 placeret
1231 4286 1427 4361 nobiS‚
1477 4287 1634 4368 quod
1684 4289 1754 4350 de
1802 4287 1964 4350 dicto
2007 4285 2166 4349 facto
2217 4285 2654 4351 non‘facerent
2688 4290 3082 4359 mentionem,

387 4370 559 4433 salvo
607 4373 658 4434 si
705 4373 986 4437 dominus
1038 4373 1367 4455 imperator
1409 4375 1720 4454 predictus
1788 4394 1893 4438 nos
1957 4374 2296 4455 requireret
2361 4378 2852 4456 responsionem
2928 4385 2989 4442 et
3036 4379 3088 4442 si

387 4459 723 4538 requireret
767 4462 1240 4543 responsionem,
1293 4465 1439 4526 tunc
1472 4482 1612 4526 cum
1655 4463 1781 4526 illis
1817 4463 2037 4533 verbis,
2074 4480 2190 4543 que
2225 4481 2330 4525 sue
2362 4464 2662 4544 sapientie
2699 4465 3094 4541 videbuntur,

387 4543 610 4609 debeat
654 4547 857 4612 dicere
905 4550 1035 4631 ipso
1083 4549 1332 4613 domino
1379 4550 1761 4630 imperatori,
1810 4550 1969 4632 quod
2020 4569 2127 4630 pro
2173 4550 2443 4631 presenti
2491 4552 2826 4616 dominatio
2877 4556 3082 4617 nostra

386 4649 505 4695 non
546 4638 642 4697 est
684 4636 747 4698 in
794 4639 1056 4702 termino
1099 4638 1382 4720 possendi
1443 4641 1756 4703 attendere
1827 4641 1901 4701 ad
1981 4638 2093 4702 hoc
2151 4636 2402 4715 factum,
2453 4641 2516 4702 et
2557 4639 2711 4719 quod
2761 4643 3079 4722 propterea

387 4718 673 4802 dignetur
716 4723 942 4788 habere
989 4744 1098 4790 nos
1146 4728 1488 4790 excusatos,
