3620 5282
2981 334 3107 401 311

388 516 652 591 clericis,
703 513 1096 580 monasteriis
1143 515 1205 578 et
1253 511 1550 588 ecclesiiS,
1599 512 1727 576 sint
1770 510 1970 578 libere
2031 517 2095 576 et
2153 510 2409 576 francho
2464 513 2542 577 ab
2588 508 2876 576 omnibus
2925 507 3111 574 datiis

319 621 325 626 ·
391 607 455 669 et
500 604 786 689 gabelliS‚
834 622 953 667 non
1000 601 1402 683 intelligendo
1451 601 1511 663 iu
1562 600 1676 663 hac
1722 600 2111 664 concessione
2155 600 2430 663 redditus
2479 601 2544 663 et
2589 600 2919 682 proventus
2983 615 3116 662 mo-

389 693 820 764 nasteriorum,
867 690 1267 755 ecclesiarum
1311 692 1375 754 et
1418 689 1719 751 dictorum
1767 686 2034 752 fratrum
2082 689 2145 751 et
2167 687 2533 751 clericorum
2570 705 2643 751 ac
2676 688 2865 751 etiam
2900 684 3117 764 salem,

388 800 568 863 quem
617 779 826 861 aliquo
874 777 1052 843 modo
1099 778 1487 860 perciperent
1531 777 1659 839 tam
1710 775 1783 839 de
1831 775 2188 839 elemosinis
2252 793 2437 858 quam
2487 793 2595 857 pro
2659 775 2904 839 redditu
2952 773 3118 857 ipso-

389 887 526 931 rum
575 867 1091 932 monasteriorum
1141 869 1206 929 et
1252 864 1651 928 ecclesiarum
1685 881 1763 926 ac
1802 862 2076 945 ipsorum
2125 864 2273 926 met.

600 954 793 1037 Super
838 957 1056 1037 quarto
1097 953 1390 1035 capitum,
1440 970 1544 1033 per
1611 949 1770 1032 quod
1846 952 2086 1033 petunt,
2148 949 2307 1033 quod
2380 949 2682 1032 magister
2747 948 2987 1012 iuratus
3035 946 3120 1011 sit

391 1046 545 1108 civis
595 1042 910 1116 Durachii,
953 1044 1019 1105 et
1065 1042 1285 1105 debeat
1331 1039 1477 1122 eligi
1528 1057 1633 1120 per
1679 1037 1846 1101 cives
1893 1035 2199 1103 Durachii
2243 1039 2315 1100 de
2348 1037 2604 1102 scientia
2645 1035 2952 1119 capitanei
2986 1035 3118 1100 sive

390 1131 586 1196 baiuli
631 1131 964 1195 secuudum
1010 1130 1326 1211 antiquam
1376 1144 1588 1190 eorum
1636 1125 2182 1201 consuetudinem
2229 1126 2396 1190 vadit
2439 1143 2598 1206 pars,
2648 1124 2804 1207 quod
2850 1123 2963 1186 hec
3008 1141 3116 1205 pe·
3210 1143 3236 1174 ι

393 1219 540 1283 ticio
587 1217 956 1283 reformetur
1000 1216 1060 1280 in
1111 1215 1274 1279 bunc
1321 1213 1595 1291 modum,
1647 1212 1951 1288 videlicet,
1993 1212 2150 1296 quod
2195 1211 2548 1277 Anthonius
2594 1212 2666 1274 de
2702 1209 3110 1292 Petropizolis

391 1309 476 1371 sit
522 1308 826 1388 magister
871 1306 1110 1369 iuratus
1151 1302 1490 1367 secundum
1540 1301 1808 1385 gratiam
1859 1301 1978 1364 sibi
2022 1300 2402 1382 factamper
2446 1298 2922 1364 dominationem
2975 1315 3119 1361 nos-

395 1396 578 1459 tram.
628 1398 691 1457 et
736 1393 897 1457 alter
944 1392 1243 1475 magister
1295 1389 1533 1453 iuratus
1611 1389 1755 1471 eligi
1828 1387 2051 1450 debeat
2120 1406 2227 1470 per
2295 1387 2655 1462 Duracinos,
2726 1385 3114 1462 declarand0,

264 1529 285 1550 .
394 1484 555 1565 quod
605 1481 731 1555 ille,
775 1481 880 1561 qui
926 1479 1117 1543 fuerit
1162 1478 1417 1552 electus,
1468 1478 1550 1540 sit
1595 1478 1749 1541 civis
1800 1475 2117 1552 Durachii,
2183 1475 2287 1558 qui
2335 1474 2582 1558 placeat
2628 1475 2873 1551 rectori,
2922 1476 2987 1537 et
3031 1474 3118 1537 sit·

391 1569 795 1634 confirmatus
842 1585 951 1649 per
996 1566 1231 1630 dictum
1285 1571 1605 1640 rectorem,
1677 1566 1741 1628 et
1788 1582 1906 1627 non
1957 1563 2152 1644 possit
2211 1567 2376 1626 stare
2423 1561 2485 1626 in
2533 1561 2698 1625 dicto
2744 1560 2946 1625 officio
2994 1560 3117 1625 uisi

394 1676 503 1740 per
548 1673 740 1720 unum
791 1672 1039 1730 annum,
1088 1655 1151 1717 et
1196 1653 1358 1735 quod
1406 1652 1533 1729 ille,
1584 1650 1687 1734 qui
1733 1650 1924 1715 fuerit
1970 1669 2089 1714 uno
2147 1669 2323 1725 anno,
2381 1667 2501 1716 non
2573 1648 2772 1732 possit
2818 1666 2954 1713 esse
2995 1648 3116 1714 alio

389 1761 569 1821 anno,
616 1744 689 1806 ut
734 1743 946 1805 omnes
990 1741 1364 1823 participent
1408 1739 1484 1805 de
1530 1740 1696 1804 dicto
1745 1738 2061 1803 beneficio.

598 1828 792 1911 Super
837 1829 1054 1912 quinto
1102 1828 1389 1911 capitulo,
1440 1848 1546 1908 per
1592 1827 1752 1911 quod
1803 1829 2039 1907 petunt,
2083 1825 2246 1908 quod
2293 1823 2501 1890 nullus
2549 1824 2703 1889 civis
2749 1824 2909 1889 dicte
2963 1823 3119 1889 civi-

388 1919 537 1982 tatis
583 1918 870 1982 teneatur
909 1917 987 1983 ad
1035 1917 1375 1982 custodiam
1439 1915 1636 1998 ipsius
1696 1915 1992 1989 civitatis,
2061 1916 2250 1978 donec
2311 1913 2499 1978 fuerit
2559 1916 2732 1977 extra
2792 1931 2950 1986 eam,
3006 1928 3118 1976 nec

389 2005 588 2071 solvat
655 2005 983 2089 guardiam
1031 2005 1366 2070 secundum
1446 2015 1665 2069 eorum
1720 2003 2037 2086 antiquam
2102 2002 2646 2077 consuetudinem;
2717 2001 2892 2065 vadit
2949 2017 3114 2083 pars,

387 2095 546 2178 quod
595 2093 832 2158 dictum
880 2094 1223 2176 capitulum
1271 2093 1453 2156 dictis
1504 2091 1844 2156 Duracenis
1890 2089 2287 2154 confirmetur
2333 2090 2395 2153 in
2430 2090 2590 2154 hunc
2635 2090 2902 2165 modum,
2947 2087 3120 2152 vide-

388 2181 560 2256 licet,
610 2182 767 2264 quod
816 2180 1031 2246 illi-ex
1079 2181 1393 2263 predictis,
1442 2180 1547 2263 qui
1594 2179 1778 2243 ibunt
1836 2179 1911 2242 ad
1975 2177 2219 2262 aliquod
2267 2178 2560 2259 viagium,
2611 2195 2730 2241 nou
2787 2179 3117 2241 teneantur

386 2267 589 2334 facere
637 2268 963 2352 guardiam
1011 2287 1122 2334 nec
1167 2269 1406 2333 solvere
1453 2285 1563 2350 pro
1633 2267 1932 2332 custodiis
1980 2265 2232 2349 aliquid,
2281 2269 2537 2349 excepto
2582 2282 2769 2349 quam
2834 2265 2900 2329 in
2967 2280 3118 2330 casu

388 2357 706 2422 novitatis.

596 2443 792 2526 Super
837 2445 1011 2508 sexto
1056 2443 1347 2526 capitulo,
1397 2462 1506 2525 per
1573 2441 1733 2525 quod
1802 2441 2045 2526 petunt,
2108 2440 2270 2526 quod
2332 2440 2542 2505 nullus
2606 2439 2864 2506 forensis
2910 2440 3116 2523 preter

382 2533 649 2596 Venetos
700 2533 894 2612 possit
939 2533 1197 2596 vendere
1245 2532 1342 2596 vel
1390 2550 1591 2596 emere
1635 2532 1751 2594 nisi
1801 2550 1838 2594 a
1882 2530 2122 2594 civibus
2168 2529 2500 2604 Durachii;
2549 2528 2724 2594 vadit
2756 2547 2917 2610 pars,
2953 2527 3115 2610 quod

384 2622 497 2686 hec
540 2618 760 2703 petitio
807 2620 868 2684 in
917 2620 1078 2685 hunc
1125 2619 1377 2685 modum
1428 2618 1815 2696 reformetur,
1865 2619 2026 2701 quod
2074 2617 2279 2683 nullus
2321 2616 2580 2683 forensis
2614 2619 2819 2700 preter
2845 2615 3114 2681 Venetos

384 2709 449 2773 et
494 2726 704 2772 omnes
751 2712 814 2771 et
860 2708 1133 2791 singulos
1181 2708 1460 2773 subditos
1510 2708 1706 2771 nostri
1752 2705 2011 2770 dominii
2064 2708 2255 2787 possit
2293 2707 2557 2771 vendere
2605 2706 2703 2770 vel
2748 2721 2951 2770 emere
2998 2704 3114 2768 ali-

387 2796 535 2879 quid
575 2796 696 2860 nisi
743 2813 780 2859 a
828 2796 1069 2860 civibus
1116 2795 1463 2870 Duracinis,
1496 2793 1871 2861 habentibus
1915 2794 2068 2875 ipsis
2103 2794 2446 2867 DuraciniS,
2501 2788 2758 2857 Venetis
2801 2794 2865 2857 et
2912 2789 3116 2855 omni-

385 2884 501 2948 bus
546 2882 817 2949 subditis
866 2884 1063 2948 nostri
1112 2882 1371 2948 dominii
1419 2881 1577 2947 hanc
1623 2882 2077 2964 prerogativam
2126 2900 2235 2963 per
2283 2900 2466 2945 unam
2515 2882 2678 2946 diem
2745 2879 3113 2958 noturalem,

389 2990 510 3055 qua
558 2971 966 3036 mercationes
1014 2971 1243 3035 fuerint
1291 2971 1492 3035 delate
1539 2970 1617 3033 ad
1666 2971 1984 3034 civitatem
2032 2972 2308 3034 nostram
2356 2968 2674 3033 Durachii.
2736 2966 2961 3049 Elapso
3006 2985 3115 3031 au·
3188 2976 3193 2982 “

389 3063 518 3123 tem
568 3057 675 3122 illo
723 3060 821 3122 die
872 3058 1134 3123 naturali
1181 3077 1395 3122 omnes
1442 3057 1570 3121 sint
1615 3075 1686 3121 eo
1731 3059 1923 3132 statu,
1974 3074 2094 3139 quo
2136 3062 2282 3121 sunt
2329 3056 2407 3119 ad
2456 3075 2731 3139 presens,
2781 3073 2899 3119 non
2933 3054 3114 3118 intel·

394 3147 644 3230 ligendo
691 3146 1130 3212 nichilominus
1178 3147 1238 3210 iu
1284 3145 1399 3209 hac
1468 3145 1764 3209 strictura
1819 3144 2111 3209 victualia
2179 3163 2289 3227 pro
2349 3144 2553 3210 vivere
2613 3146 2678 3209 et
2736 3143 3116 3207 nutrimento

392 3235 713 3299 hominum
764 3236 827 3297 et
873 3234 1259 3309 animalium,
1308 3235 1378 3297 ut
1422 3233 1653 3297 iustum
1701 3234 1817 3297 est.

602 3320 800 3402 Super
845 3318 991 3392 VII,
1037 3321 1331 3404 capitulo,
1381 3340 1488 3403 per
1529 3320 1684 3403 quod
1734 3321 1973 3402 petunt,
2020 3320 2179 3402 qnod
2225 3337 2364 3383 cum
2415 3321 2479 3384 in
2525 3318 2808 3402 partibus
2875 3317 3117 3400 Apulee

389 3428 498 3492 per
544 3409 823 3474 dominos
870 3412 1137 3474 rectores
1185 3411 1248 3473 et
1294 3409 1708 3492 gabellatores
1748 3406 1988 3490 Apulee
2035 3408 2459 3488 astringentur
2498 3408 2853 3472 solvendum
2895 3423 3118 3489 granos

387 3499 665 3580 trigenta
701 3498 829 3561 tres
877 3514 986 3579 pro
1034 3496 1309 3579 qualibet
1356 3497 1535 3560 uncia
1584 3495 1810 3559 valoris
1859 3496 2305 3560 mercationum
2354 3513 2627 3572 suarum,
2677 3496 2741 3559 ct
2785 3494 2874 3559 sie
2920 3494 3119 3560 conti-

389 3603 509 3649 nuo
555 3583 677 3649 fuit
710 3586 801 3649 eis
845 3586 1263 3660 observatum,
1310 3589 1377 3648 et
1442 3584 1619 3647 modo
1689 3587 2015 3667 postquam
2074 3584 2418 3646 dominium
2492 3583 2766 3648 civitatis
2821 3580 3116 3647 Durachii

384 3674 667 3754 pervenit
712 3672 788 3737 ad
837 3689 1061 3736 manus
1106 3675 1353 3737 nostras
1402 3690 1509 3754 per
1554 3671 1838 3735 consules
1883 3673 2127 3735 nostros
2174 3669 2427 3734 iliarum
2475 3671 2746 3754 partium
2810 3673 3117 3752 coguntur

384 3763 707 3844 tamquam
755 3760 958 3825 veneti
1007 3762 1072 3823 et
1116 3759 1349 3824 subditi
1396 3759 1592 3824 nostri
1638 3758 1714 3822 ad
1776 3759 2138 3823 solvendum
2211 3759 2465 3823 ducatos
2511 3760 2773 3841 quatuor
2809 3776 2919 3840 pro
2967 3775 3118 3841 quo-

391 3847 548 3911 libet
592 3848 1013 3913 centenarium
1062 3847 1399 3911 salmornm
1446 3864 1554 3928 pro
1600 3846 1857 3910 ecclesia
1905 3850 2112 3910 nostra
2157 3847 2355 3910 sancti
2401 3845 2618 3924 Marci,
2688 3849 2752 3910 et
2796 3846 2872 3909 de
2918 3847 3119 3928 prima

387 3934 711 4012 solutione,
761 3954 947 4019 quam
996 3935 1226 3999 fatiunt
1268 3938 1567 4016 tanquam
1613 3932 1941 4011 Duraceni,
1992 3933 2225 3997 minine
2273 3939 2530 4016 possunt
2575 3951 2642 3997 se
2690 3934 2872 4011 tueri,
2906 3936 2971 3997 et
2995 3948 3117 3997 non

389 4022 474 4086 sit
518 4021 761 4086 licitum
809 4041 921 4087 nec
965 4022 1310 4096 honestum,
1361 4021 1521 4103 quod
1585 4021 1705 4085 duo
1768 4036 1954 4085 onera
2022 4018 2424 4103 supportent;
2479 4021 2649 4086 vadit
2719 4039 2877 4103 parS,
2954 4020 3115 4102 quod

387 4109 532 4174 dicti
581 4109 922 4175 Durachini
968 4110 1097 4175 sint
1141 4109 1411 4174 absoluti
1458 4126 1496 4173 a
1538 4108 1849 4173 solutione
1894 4108 2264 4173 ducatorum
2310 4111 2591 4191 quatuor,
2657 4126 2805 4190 quos
2865 4108 3119 4172 solvunt

387 4197 743 4263 consulibus
788 4198 1015 4263 nostris
1064 4216 1171 4280 pro
1219 4196 1478 4261 ecclesia
1523 4200 1737 4261 nostra
1784 4194 1986 4260 sancti
2035 4195 2253 4275 Marci,
2304 4198 2369 4260 et
2398 4196 2510 4260 hoc
2549 4196 2625 4260 ad
2655 4196 3112 4278 beneplacitum

387 4284 583 4348 nostri
627 4285 905 4350 dominii.
996 4285 1079 4349 Et
1123 4285 1214 4349 sic
1256 4285 1564 4349 scribatur
1606 4286 1843 4348 nostris
1889 4284 2247 4348 consulibus
2295 4282 2537 4348 deinde.

594 4388 706 4454 Ser
750 4390 1004 4455 Marcus
1052 4390 1419 4454 Mauroceno
1466 4393 1529 4452 et
1574 4408 1672 4453 ser
1720 4389 2088 4452 Benedictus
2156 4388 2425 4472 Capello.
2497 4387 2695 4472 Super
2741 4391 2960 4453 octavo
3006 4408 3109 4454 ca-

387 4476 603 4560 pitulo,
652 4496 763 4559 per
804 4479 963 4560 quod
997 4479 1397 4560 conquerunt,
1445 4478 1605 4558 quod
1653 4476 1941 4540 dominus
1986 4476 2295 4559 Georgius
2343 4477 2541 4542 Tobia
2571 4477 2879 4561 quondam
2911 4476 3112 4541 domi-

382 4584 500 4629 nus
548 4583 693 4629 suus
740 4569 1016 4647 tempore
1064 4564 1192 4629 vite
1238 4583 1350 4628 sue
1397 4563 1696 4629 alienavit
1740 4563 2015 4628 indebite
2077 4564 2317 4646 aliquas
2381 4565 2793 4648 possessiones
2854 4566 2920 4627 et
2979 4564 3120 4628 loca

385 4651 697 4734 aliquibus
744 4651 1224 4729 Albanensibus,
1272 4652 1471 4716 dando
1517 4653 1583 4716 et
1630 4650 1959 4716 alienando
2004 4652 2171 4716 dicta
2215 4652 2350 4716 loca
2395 4672 2539 4717 cum
2585 4651 2942 4717 hominibus
2993 4651 3118 4715 exi-

386 4739 696 4804 stentibus
766 4757 951 4821 super
1025 4739 1137 4819 eie,
1214 4741 1280 4804 et
1348 4739 1540 4803 etiam
1609 4739 1812 4803 dando
1880 4739 1954 4803 de
2000 4739 2183 4803 dictis
2230 4738 2605 4819 hominibus,
2662 4742 2913 4821 propter
2957 4734 3116 4819 quod

3247 4866 3328 4917 if
