3620 5282
3023 378 3109 443 93

399 557 552 639 quod
599 557 932 633 ordinetur,
983 555 1141 639 quod
1188 555 1384 638 galea,
1433 574 1548 637 que
1596 555 1691 620 est
1736 555 1796 618 in
1843 555 2123 638 partibus
2157 554 2357 632 Istrie,
2406 554 2786 638 quamcicius
2834 572 2965 618 esse
2997 572 3108 637 po-

400 647 522 709 test
567 647 750 711 vadat
796 646 870 708 ad
907 646 1295 728 capitaneum
1340 644 1483 707 culfi
1530 645 1603 708 ad
1652 644 1858 726 partes
1907 643 2258 718 Sclavenie3
2316 645 2379 706 et
2428 643 2747 708 mandetur
2793 641 2958 707 dicto
3006 662 3108 708 ca-

399 734 662 815 pitaneo,
711 735 868 814 quod
915 753 1024 816 per
1071 734 1383 797 aconcium
1436 731 1532 796 vel
1578 730 1867 814 proiectis
1920 733 2144 795 texeris
2204 732 2366 795 inter
2412 732 2559 795 duos
2606 750 2793 812 supra
2838 730 3103 797 comites

397 824 653 898 nostros,
705 822 926 885 mittat
972 840 1158 884 unum
1208 840 1275 883 ex
1323 820 1411 883 eis
1459 818 1535 882 ad
1583 822 1787 902 partes
1835 818 2044 882 Sicilie
2109 839 2245 882 cum
2298 819 2536 883 duabus
2584 820 2655 882 de
2717 818 2912 902 galeis
2959 820 3105 884 sub-

401 909 707 974 tilioribus
759 910 921 985 culfi,
970 909 1264 973 armando
1313 913 1376 972 et
1422 906 1736 972 surniendo
1784 907 1951 989 ipsas
1999 907 2074 971 ad
2119 907 2387 990 plenum,
2438 909 2489 970 si
2538 926 2654 971 non
2703 910 2907 971 essent
2955 906 3105 973 bene

3207 651 3268 705 *ss

401 996 643 1076 sumite,
693 997 768 1060 de
816 997 1105 1080 gentibus
1152 998 1410 1061 aliarum
1458 996 1776 1079 galearum
1824 994 1920 1060 vel
1966 995 2040 1059 de
2086 997 2371 1078 gentibus
2420 995 2772 1070 Sclavenie,
2822 994 2899 1059 ad
2945 995 3110 1060 acci·
3191 997 3244 1037 V

394 1084 682 1167 piendum
732 1087 796 1149 et
840 1085 1167 1149 levandum
1216 1084 1446 1148 dictam
1496 1084 1840 1166 pecuniam,
1889 1102 2026 1147 cum
2082 1103 2203 1165 qua
2248 1084 2504 1165 pecunia
2549 1085 2612 1148 et
2655 1083 2850 1166 galeis
2896 1083 3107 1148 redeat
3167 1149 3202 1201 ,

392 1173 598 1237 dictus
642 1173 1094 1255 supracomitus
1121 1192 1301 1255 quam
1331 1174 1521 1236 cicius
1569 1191 1701 1236 esse
1750 1173 1955 1253 potest
1999 1171 2073 1234 ad
2106 1174 2310 1254 partes
2355 1170 2691 1248 Sclavonie,
2741 1152 3202 1236 notificando

392 1263 605 1326 statim
654 1261 927 1326 dominio
973 1261 1047 1326 de
1095 1263 1359 1325 adventu
1412 1278 1555 1334 suo;
1606 1262 1670 1324 et
1717 1261 2149 1324 committatur
2184 1279 2283 1323 ser
2328 1261 2538 1324 Marco
2585 1259 2946 1333 ContarenO,
2996 1260 3102 1341 qui

391 1349 702 1431 hucusque
748 1351 944 1433 gessit
991 1351 1183 1414 vicem
1234 1349 1537 1430 capitanei
1583 1348 1745 1423 culfi,
1794 1349 1954 1430 quod
2002 1348 2178 1411 redat
2223 1348 2298 1411 ad
2346 1349 2619 1429 regimen
2654 1367 2832 1413 suum
2868 1347 3102 1425 Chersi,

393 1442 454 1500 et
505 1437 667 1501 alter
714 1439 1170 1519 supracomitus
1217 1457 1356 1500 cum
1403 1435 1597 1521 galeis
1644 1436 2024 1500 restantibus
2072 1435 2258 1499 faciat
2302 1438 2740 1516 capitanariam
2768 1485 2784 1514 ,
2853 1439 2917 1499 et
2977 1439 3103 1500 stet

394 1525 470 1587 ad
521 1526 867 1590 custodiam
916 1525 1259 1589 ordinatam
1312 1526 1369 1588 in
1419 1524 1698 1607 partibus
1762 1523 2114 1601 Sclavonie,
2178 1524 2481 1597 visitando
2544 1525 2709 1606 ipsas
2771 1527 2976 1606 partes
3038 1528 3106 1588 et
3163 1532 3214 1569 V

394 1617 592 1677 terras
644 1618 886 1677 nostras
936 1633 973 1678 a
1019 1613 1291 1695 Spalleto
1338 1614 1401 1677 et
1446 1613 1580 1677 inde
1603 1612 1777 1689 citra,
1828 1615 1892 1674 et
1936 1612 2330 1676 discurrendo
2354 1612 2713 1695 quandoque
2746 1631 2882 1675 cum
2917 1612 3102 1676 dictis

392 1701 587 1783 galeis
635 1702 732 1766 vel
778 1705 955 1784 parte
1002 1721 1210 1765 earum
1275 1721 1466 1783 usque
1532 1701 1781 1777 Polam,
1846 1702 2007 1764 sicut
2066 1718 2175 1782 pro
2237 1702 2463 1763 honore
2528 1705 2592 1764 et
2646 1701 3102 1764 conservatione

388 1793 689 1854 terrarum
755 1792 1106 1854 nostrarum
1163 1789 1388 1853 viderit
1450 1789 1747 1870 expedire.
1810 1789 1877 1853 In
1926 1788 2125 1853 reditu
2173 1807 2313 1852 vero
2360 1788 2615 1852 alterius
2678 1789 3097 1869 supracomiti,

384 1877 616 1941 faciant
660 1878 782 1959 ipsi
827 1879 1011 1943 ambo
1057 1877 1499 1960 capitanariam
1548 1877 1625 1940 ad
1672 1879 2019 1950 zornatam3
2068 1880 2131 1938 et
2176 1878 2227 1939 si
2276 1895 2371 1939 ser
2419 1877 2639 1939 Petrus
2689 1876 2953 1940 Michael
2997 1896 3102 1941 vo-

385 1964 567 2029 luerit
612 1967 817 2029 venire
865 1984 1045 2047 super
1091 1966 1273 2030 dictis
1320 1966 1534 2045 galeis,
1582 1966 1819 2029 levetur
1865 1966 1928 2028 et
1974 1964 2346 2029 conducatur
2393 1963 2471 2027 ad
2516 1966 2726 2045 partes
2760 1962 3096 2042 Sclavonie,

386 2072 498 2117 non
545 2053 911 2117 facientibus
963 2053 1148 2118 dictis
1196 2054 1389 2135 galeis
1435 2054 1520 2116 ibi
1568 2058 1892 2135 propterea
1939 2071 2174 2116 moram
2224 2053 2437 2116 ullam.
2521 2052 2603 2115 Et
2649 2051 2953 2116 scribatur
2996 2072 3097 2116 ca-

382 2142 627 2222 pitaneo
673 2142 836 2215 culfi,
881 2143 1041 2224 quod
1087 2143 1313 2205 habeat
1357 2142 1421 2204 et
1464 2141 1674 2205 haberi
1719 2141 1907 2204 faciat
1968 2143 2026 2204 in
2093 2139 2312 2203 stricta
2378 2138 2689 2205 credentia
2734 2140 2807 2203 de
2858 2141 3093 2217 itinere,

383 2230 731 2310 quodsunt
776 2230 1010 2293 facture
1056 2229 1219 2293 dicte
1267 2230 1439 2311 galee
1486 2230 1548 2292 in
1592 2229 1888 2293 Siciliam.

460 2320 660 2390 Misce
709 2320 950 2379 XXIV.
997 2323 1099 2390 89,
1144 2339 1188 2378 u
1235 2323 1448 2379 arkieu
1486 2321 1844 2379 mlctaclcom.

758 2492 1042 2574 CXLI.
1098 2493 1304 2575 God.
1360 2494 1585 2575 1348.
1640 2493 1732 2574 31
1789 2493 2114 2594 srana,
2170 2516 2228 2575 ιι
2284 2491 2673 2574 Mletcih.

828 2620 1085 2680 Razm'm
1133 2622 1402 2680 odborom
1454 2621 1710 2696 odyadja
1746 2638 1807 2680 sc
1853 2623 1958 2680 reli:
2001 2622 2243 2694 wje‘loeova
2272 2622 2648 2694 poslovanja.

592 2723 779 2787 1348.
826 2723 925 2788 die
973 2724 1194 2789 ultimo
1241 2723 1397 2803 iulii,
1462 2728 1678 2808 capta:
1743 2725 1902 2808 quod
1976 2724 2277 2789 terminus
2337 2724 2721 2807 sapientum.
2787 2726 2889 2806 qui
2953 2727 3097 2790 suut

388 2829 569 2902 super
614 2811 1063 2894 provisionibus
1110 2799 1400 2889 civitatis,
1452 2816 1514 2877 et
1560 2813 1748 2876 etiam
1798 2813 2167 2895 sapientum,
2217 2814 2320 2894 qui
2363 2814 2509 2876 sunt
2555 2832 2658 2894 pro
2701 2812 2880 2876 factis
2929 2814 3093 2895 regis

385 2894 699 2998 Hungalie
747 2905 809 2965 et
854 2920 965 2965 nec
1012 2919 1131 2964 non
1174 2903 1501 2984 sapientes,
1548 2902 1648 2983 qui
1697 2904 1842 2964 suut
1886 2921 1994 2984 pro
2026 2901 2208 2965 factis
2241 2901 2436 2964 Lesne
2483 2902 2544 2963 et
2591 2900 2938 2964 litterarum
2972 2904 3093 2966 Ro-

382 2989 603 3064 manie,
651 2990 716 3051 et
765 2989 1137 3069 generaliter
1184 2991 1485 3053 terminus
1527 2989 1798 3053 omnium
1848 2991 2215 3071 sapientum,
2259 2989 2363 3071 qui
2401 2987 2722 3070 expiraret,
2772 2990 3089 3072 elongetur

380 3094 485 3156 per
530 3037 728 3139 totum
777 3096 1050 3141 mensem
1091 3079 1336 3159 augusti
1382 3078 1730 3159 proximum
1768 3077 1832 3141 in
1880 3078 2093 3143 eodem
2140 3081 2330 3142 statu.

463 3167 639 3226 Misit
690 3167 929 3228 XXIV.
981 3170 1081 3236 89,
1120 3187 1161 3227 u
1206 3169 1545 3228 mletadkom
1590 3171 1821 3228 arkivu.

715 3322 1052 3405 CXLII.
1107 3323 1312 3406 God.
1369 3324 1596 3407 1348.
1649 3325 1691 3405 1
1748 3324 2192 3424 kolovoza,
2249 3346 2308 3405 u
2364 3323 2751 3407 Mletcih.

383 3445 752 3521 Ζαῖῑζίιιῦεπο,
800 3449 877 3506 da
923 3466 985 3507 sc
1029 3467 1104 3509 za
1147 3451 1300 3508 sada
1343 3451 1533 3523 sklopi
1571 3453 1848 3525 primirjc
1892 3469 1921 3508 s
1969 3452 2290 3525 uqaraehrv.
2341 3452 2622 3525 kraIJ'em,
2671 3452 2746 3511 od
2789 3453 3082 3519 kraljevih

477 3538 797 3609 poslanilca
831 3539 1192 3610 ponudjeno,
1240 3543 1292 3596 te
1341 3541 1419 3596 da
1464 3557 1524 3598 sc
1564 3557 1673 3598 ono
1710 3544 1992 3614 protegync
2035 3542 2056 3598 i
2104 3559 2185 3599 na
2231 3540 2494 3613 kliskoya
2540 3542 2726 3599 kncza
2772 3541 2977 3599 Paula.

590 3639 777 3704 1348.
825 3639 920 3703 die
967 3643 1162 3722 primo
1209 3641 1476 3724 augusti,
1527 3645 1741 3725 capta:
1791 3642 1952 3744 quod
1984 3644 2411 3707 ainbaxatoies
2437 3643 2667 3707 domini
2714 3644 2878 3726 regis
2903 3644 3079 3706 Hun-

381 3726 543 3807 garie
590 3727 819 3791 fuerint
862 3727 1043 3793 hodie
1081 3747 1287 3792 coram
1327 3730 1633 3807 domini0,
1685 3733 1747 3795 et
1805 3732 1976 3812 prius
2039 3731 2247 3813 aliqua
2306 3750 2582 3795 rac1ocui
2573 3735 2674 3794 ita
2728 3732 2871 3795 hinc
2919 3732 3076 3805 inde,

382 3814 646 3880 finaliter
692 3816 922 3893 dicant,
972 3816 1045 3879 de
1088 3817 1365 3882 faciendo
1412 3819 1700 3901 treuguas
1761 3817 1923 3882 inter
1982 3818 2297 3883 dominum
2363 3838 2570 3902 regem
2617 3820 2681 3882 et
2725 3838 2834 3884 nos
2895 3839 3083 3900 usque

380 3901 456 3964 ad
501 3903 959 3986 quinquenium,
1009 3903 1175 4005 quia.
1199 3906 1446 3970 interim
1497 3909 1860 3971 concedente
1905 3907 2152 3970 domino
2199 3907 2427 3988 poterit
2467 3909 2763 3989 perpetua
2807 3925 2924 3989 pax
2956 3909 3086 3970 tra-

381 3994 568 4056 ctari:
618 3993 789 4056 vadit
834 4011 996 4075 pars,
1045 3995 1115 4057 ut
1160 3993 1221 4057 in
1263 3993 1383 4058 hiis
1430 3993 1613 4059 factis
1663 3994 1897 4077 procedi
1942 3996 2138 4077 possit
2177 3998 2240 4058 et
2284 3994 2415 4059 fieri
2448 3994 2528 4070 id,
2578 3996 2736 4077 quod
2780 3996 2864 4058 sit
2895 3995 3084 4059 honor

376 4079 580 4143 noster
625 4083 689 4144 et
734 4081 1113 4152 conservatio
1158 4083 1359 4146 status
1409 4083 1635 4159 nostri,
1684 4082 1844 4164 quod
1908 4084 2336 4147 committatur
2398 4082 2781 4165 sapientibus
2842 4082 2920 4145 ad
2972 4083 3083 4147 hec

375 4166 702 4248 deputatur,
751 4168 912 4251 quod
975 4189 1108 4234 esse
1154 4170 1418 4234 debeant
1476 4189 1615 4234 cum
1668 4171 1925 4253 prefatis
1988 4171 2521 4244 ambaxatoribuS,
2586 4170 2923 4235 inducendo
2978 4190 3079 4235 eos

376 4274 483 4337 per
529 4258 953 4321 convenientia
998 4257 1201 4334 verba,
1254 4259 1414 4340 quod
1460 4260 1712 4359 treugue
1754 4260 1908 4323 fiant
1950 4261 2023 4323 ad
2072 4260 2456 4340 quammaius
2503 4261 2749 4340 tempus
2797 4258 2926 4323 fieri
2974 4279 3081 4341 po-

377 4342 527 4407 terit
571 4362 608 4407 a
651 4345 916 4427 quinque
963 4345 1138 4410 annis
1186 4364 1403 4428 super3
1475 4349 1539 4411 et
1582 4348 1634 4410 si
1681 4368 1715 4411 a
1755 4347 1921 4412 dicto
1968 4352 2244 4429 tempore
2305 4366 2490 4430 supra
2535 4347 3075 4422 contentabuntur,

374 4431 520 4495 tunc
566 4432 866 4510 dominus,
915 4433 1268 4511 consiliarii,
1324 4434 1528 4515 capita
1570 4436 1632 4498 et
1678 4435 1988 4517 sapientes
2055 4455 2159 4516 per
2222 4436 2518 4500 maiorem
2581 4438 2820 4519 partem
2866 4454 3077 4499 eorum

377 4518 642 4584 habeant
686 4520 1040 4586 libertatem
1091 4522 1377 4586 firmandi
1423 4523 1621 4586 dictas
1667 4526 1956 4606 treuguas
2003 4541 2040 4586 a
2087 4523 2251 4587 dicto
2299 4541 2484 4604 supra
2530 4523 2857 4605 quamplus
2904 4525 3079 4604 pote-

370 4611 533 4684 runt,
581 4609 1040 4674 remanentibus
1087 4610 1370 4692 partibus
1419 4611 1481 4674 in
1526 4611 1692 4674 statu
1738 4612 2028 4693 presenti,
2079 4615 2142 4674 et
2187 4611 2537 4674 tenentibus
2584 4611 2787 4693 quiete
2834 4612 2897 4673 et
2947 4610 3076 4673 sine

375 4694 655 4760 molestia
701 4715 790 4773 ea,
840 4716 955 4781 que
1002 4697 1461 4780 presentialiter
1504 4700 1749 4775 tenent;
1817 4698 2176 4762 includendo
2244 4699 2302 4761 in
2363 4698 2452 4762 eis
2514 4716 2725 4762 omnes
2771 4701 2967 4761 terras
3010 4699 3073 4758 et

374 4777 503 4848 loca
546 4802 619 4848 ac
664 4784 879 4852 fideles
926 4787 990 4851 et
1036 4785 1316 4851 subditos
1337 4787 1582 4851 nostros
1628 4789 1691 4851 et
1734 4749 2028 4851 ⁹comitem
2057 4786 2320 4850 Paulum
2358 4785 2432 4850 de
2466 4784 2690 4850 Clissia
2735 4781 3072 4859 cumlocis,

3152 1956 3200 1995 ..l
