3620 5282
3027 380 3114 445 43

381 556 611 621 nostris
659 556 1098 622 mercatoribus
1146 560 1208 619 ot
1266 556 1548 621 fidelibus
1594 556 1686 621 vel
1751 555 2013 640 navigiis
2075 575 2307 632 eorum,
2375 557 2438 619 et
2500 576 2534 622 a
2597 556 2793 641 galeis
2860 555 3110 635 nostriS,

383 664 536 726 quas
579 648 861 709 tenemus
909 645 969 708 in
1020 645 1175 709 mari
1219 664 1360 709 cum
1404 645 1596 709 tantis
1644 647 1706 709 et
1751 646 1844 708 tot
1885 645 2166 727 expensis
2214 645 2415 708 solum
2459 663 2566 727 pro
2614 645 2949 709 securitate
3000 662 3114 709 no-

382 738 673 807 strorum,
749 732 1090 814 reciperent
1150 734 1441 797 damnum
1509 734 1606 797 vel
1676 732 2042 808 molestiam
2106 733 2265 814 quod
2328 751 2397 795 ex
2464 752 2624 798 nunc
2687 731 2799 796 deo
2861 734 2926 796 et
2999 731 3113 795 toti

385 822 608 885 mundo
654 820 1033 885 intendimus
1093 840 1228 885 esse
1299 821 1590 897 excusati,
1645 823 1707 885 et
1749 820 1911 902 quod
1957 820 2271 898 damnum,
2334 820 2494 901 quod
2553 820 2913 903 receperint,
2996 821 3116 883 erit

385 928 586 973 suum.
633 909 741 972 54.
795 945 872 954 —
921 907 994 971 de
1038 925 1155 973 non
1204 910 1244 972 2
1296 946 1372 954 --
1423 927 1537 971 non
1588 908 1812 973 sinceri
1862 927 1915 972 o.

598 996 780 1075 Nota,
829 996 991 1077 quod
1053 995 1217 1061 facta
1277 995 1665 1079 responsione
1742 995 2044 1060 dictorum
2126 995 2538 1078 capitulorum
2601 1016 2707 1078 per
2771 996 3111 1073 dominum,

387 1082 528 1165 quia
574 1086 999 1150 ambaxatores
1065 1084 1313 1168 Ragusii
1377 1103 1494 1149 non
1556 1083 1803 1150 fuerunt
1866 1083 2137 1148 contenti
2199 1084 2529 1149 restituere
2589 1084 2804 1149 ablata
2849 1085 2924 1147 de
2970 1102 3113 1148 con-

387 1172 543 1236 dura
616 1174 786 1237 iuxta
853 1172 1113 1236 formam
1179 1172 1364 1254 primi
1429 1171 1719 1255 capituli:
1783 1170 1904 1235 fuit
1965 1170 2053 1235 eis
2107 1173 2457 1255 assignatus
2505 1172 2809 1237 terminus
2855 1172 3113 1236 duorum

391 1260 691 1324 mensium
744 1261 913 1324 iuxta
960 1260 1222 1324 formam
1273 1260 1422 1324 dicti
1471 1260 1730 1341 capituli
1777 1260 1840 1323 et
1885 1258 2081 1341 partis
2129 1263 2326 1342 capte.

601 1347 919 1431 Sapientes
968 1347 1440 1430 Hungarorum:
1491 1346 1836 1430 Stephanus
1886 1347 2176 1429 Belegno‚
2232 1347 2501 1412 Jacobus
2554 1347 2877 1430 Delphino,
2934 1346 3117 1411 Nico-

393 1435 529 1501 laus
570 1436 908 1501 Tervisano
957 1438 1019 1500 et
1063 1435 1358 1500 Nicolans
1405 1435 1780 1502 Justiniano.

601 1524 832 1605 Capta:
881 1523 1040 1606 quod
1089 1542 1272 1606 super
1319 1525 1543 1588 ultimo
1591 1527 1654 1586 et
1700 1523 1886 1588 tertio
1937 1522 2209 1606 capitulo
2267 1523 2615 1588 continente
2677 1522 2753 1587 de
2799 1521 3115 1588 Arismolo

389 1611 747 1689 calderario,
823 1613 1040 1676 veneto
1111 1614 1318 1676 nostro
1374 1614 1512 1687 etc.,
1582 1611 2044 1694 respondeatur,
2094 1611 2253 1694 quod
2301 1611 2511 1675 habito
2558 1613 2880 1694 respectu,
2949 1609 3114 1692 qnod

392 1701 504 1781 ipsi
549 1700 625 1764 de
675 1700 944 1782 Ragusio
994 1700 1154 1764 inter
1199 1700 1351 1764 alias
1398 1698 1682 1765 nationes
1731 1699 1942 1762 mundi
1991 1703 2138 1764 sunt
2184 1699 2497 1763 informati
2549 1699 2619 1763 de
2658 1698 3005 1764 condicione
3053 1699 3117 1762 et

390 1787 709 1851 ordinibus
757 1790 917 1851 terre
965 1791 1190 1863 nostre,
1266 1792 1326 1851 et
1374 1789 1525 1852 bene
1573 1788 1733 1852 sicut
1778 1787 1988 1864 etiam,
2054 1786 2318 1869 qualiter
2366 1788 2527 1869 ipsos
2583 1805 2825 1869 semper
2886 1787 3117 1849 tracta-

394 1875 592 1939 vimus
633 1874 895 1939 dulciter
943 1877 1007 1939 et
1055 1876 1316 1957 benigne
1364 1876 1478 1940 sub
1529 1875 1732 1940 favore
1779 1877 1841 1937 et
1884 1875 2089 1955 gratia
2150 1878 2379 1953 nostra,
2447 1895 2561 1940 non
2627 1874 2938 1938 modicum
3010 1874 3119 1938 ad-

391 1962 603 2027 mirari
649 1962 928 2045 cogimur
975 1965 1045 2026 de
1096 1963 1210 2028 tali
1257 1963 1656 2046 requisicione
1704 1980 1938 2027 eorum.
1989 1962 2152 2028 Nam
2202 1963 2354 2028 bene
2401 1963 2623 2039 sciunt,
2694 1962 2849 2045 quod
2898 1960 3115 2025 Veneti

393 2052 607 2129 nostri,
655 2051 756 2134 qui
806 2070 914 2133 per
961 2050 1222 2115 formam
1272 2055 1622 2116 nostrorum
1669 2050 1953 2115 ordinum
1997 2056 2256 2133 possunt
2318 2053 2629 2133 navigare,
2694 2051 2917 2115 debent
2985 2069 3116 2113 esse

391 2140 547 2204 salvi
594 2141 656 2202 et
699 2138 921 2216 securi,
972 2141 1036 2202 et
1080 2140 1331 2204 tractari
1378 2140 1601 2221 ubique
1650 2139 1822 2202 velut
1868 2140 2061 2203 nostri
2110 2138 2330 2204 Veneti
2395 2138 2630 2202 oriundi
2701 2140 2762 2202 in
2808 2136 3115 2214 VeneciiS,

391 2227 535 2310 qnia
609 2226 727 2309 ipsi
797 2245 935 2290 vere
990 2226 1108 2291 dici
1170 2229 1448 2308 possunt,
1515 2231 1577 2291 et
1639 2227 1728 2290 sic
1790 2228 2150 2309 reputamus
2197 2246 2298 2291 eos
2347 2245 2485 2291 caro
2534 2226 2608 2288 de
2657 2245 2837 2290 carne
2885 2226 3117 2302 nostra,

392 2334 501 2379 nec
546 2313 667 2378 fuit
714 2313 901 2379 etiam
950 2333 1148 2397 neque
1196 2314 1517 2378 audiemus
1563 2314 1679 2379 dici
1730 2333 1837 2396 per
1883 2314 2139 2397 aliquos,
2195 2314 2352 2396 quod
2398 2334 2499 2396 per
2565 2314 2725 2378 ullos
2789 2312 3115 2396 principeS,

392 2422 566 2485 reges
608 2401 708 2466 vel
755 2403 1012 2466 barones
1060 2402 1278 2467 mundi
1321 2403 1497 2466 nobis
1539 2403 1705 2468 facta
1751 2402 1938 2465 fuerit
1984 2403 2131 2467 talis
2181 2402 2273 2466 vel
2322 2401 2546 2465 similis
2607 2401 2926 2484 requisitio
2990 2400 3118 2463 ullo

391 2492 587 2554 modo.
639 2491 715 2553 Et
757 2493 1080 2573 propterea
1128 2491 1413 2563 dicimus,
1463 2493 1621 2573 quod
1670 2490 1907 2554 dictum
1955 2490 2339 2555 Arismolum
2388 2492 2453 2553 et
2498 2489 2655 2552 alios
2712 2488 2949 2552 similes
2998 2488 3118 2551 Ve-

390 2583 559 2643 netos
601 2582 864 2655 nostros,
913 2578 1016 2661 qui
1062 2578 1358 2663 navigant
1403 2582 1465 2641 et
1512 2580 1771 2662 possunt
1820 2579 2132 2663 navigare,
2183 2579 2563 2643 intendimus
2605 2577 2832 2660 ubique
2903 2595 3121 2640 manu-

391 2670 597 2732 tenere
645 2671 707 2731 et
753 2666 1123 2745 deffendere,
1171 2669 1333 2731 sicut
1381 2668 1566 2732 etiam
1617 2685 1859 2748 semper
1897 2667 2303 2732 tractavimus
2336 2672 2396 2730 et
2428 2667 2906 2732 deffensavimns
2956 2666 3119 2746 ipsos

387 2756 464 2820 de
512 2755 806 2838 Ragnsio.
873 2755 957 2818 Et
1017 2755 1066 2818 si
1133 2754 1277 2837 quid
1342 2756 1580 2819 sinistri
1641 2755 1873 2818 factum
1937 2757 2094 2820 soret
2154 2756 2242 2820 eis
2292 2756 2386 2818 vel
2450 2756 2626 2819 fieret
2674 2755 2733 2818 in
2782 2755 3116 2835 posterum,
3200 2763 3207 2770 ·

389 2864 508 2909 non
556 2861 874 2925 possemus
922 2861 1026 2906 eos
1073 2843 1414 2924 relinquere
1463 2842 1589 2907 ullo
1638 2845 1836 2906 modo.

474 2935 653 2993 Misia·
704 2933 898 2992 XXX
939 2935 1043 3009 26,
1095 2952 1137 2992 u
1183 2935 1337 2993 ποῖοι.
1386 2935 1623 2994 arkivu.

699 3123 1136 3204 LXXVII.
1191 3122 1399 3205 God.
1455 3122 1673 3206 1361.
1730 3122 1778 3204 5
1836 3121 2263 3225 prosinca,
2319 3144 2377 3202 ιι
2432 3121 2826 3203 Mletcih.

774 3250 1066 3309 Mletdani
1107 3250 1456 3324 posriecltv'u
1501 3252 1617 3309 mir
1661 3251 1858 3323 medju
1906 3250 2290 3310 Dubrovcam’
2333 3251 2355 3307 i
2401 3249 2720 3308 Kotorani.

598 3369 826 3451 Capta:
900 3368 1059 3447 Quia
1127 3389 1391 3454 magnus
1452 3371 1645 3435 honor
1705 3371 1874 3435 esset
1935 3370 2130 3445 nobiS,
2192 3369 2396 3434 silicet
2456 3367 2632 3432 nobis
2704 3367 3121 3433 mediantibus

388 3461 599 3541 posset
645 3456 899 3521 tractari
948 3458 1338 3523 concordium
1389 3462 1453 3522 et
1498 3477 1612 3541 pax
1661 3458 1825 3523 inter
1870 3457 2233 3541 Bagusinos
2262 3465 2325 3521 et
2372 3456 2697 3521 Catarinos
2756 3458 2829 3521 de
2895 3475 3123 3538 guerra

390 3546 692 3611 existente
740 3545 900 3608 inter
946 3562 1070 3624 eos,
1112 3547 1177 3609 et
1237 3545 1399 3609 sicut
1460 3546 1681 3611 sent-iri
1739 3548 1948 3628 potest
2008 3547 2117 3611 hoc
2183 3547 2350 3610 esset
2398 3545 2824 3628 gratissimum
2876 3544 3121 3627 utrique

389 3633 698 3716 partium3
751 3631 920 3697 vadit
968 3649 1128 3714 parS,
1179 3634 1335 3715 quod
1385 3634 1674 3699 mittatur
1725 3653 1881 3697 unns
1930 3632 2154 3698 nobilis
2201 3633 2518 3716 eligendus
2565 3632 2627 3695 in
2684 3632 2802 3696 isto
2862 3631 3121 3696 consilio

387 3723 463 3785 ad
527 3721 726 3785 dictas
787 3722 1015 3803 parteS,
1073 3720 1175 3802 qui
1239 3739 1346 3802 pro
1407 3724 1584 3802 parto
1646 3723 1840 3785 nostri
1908 3721 2135 3785 faciens
2181 3723 2571 3785 ambaxatam
2621 3720 2869 3802 utrique
2933 3719 3118 3800 parti,

388 3811 677 3890 procuret
723 3812 786 3872 et
830 3809 1017 3872 saciat
1065 3807 1357 3890 quidquid
1424 3809 1563 3873 boni
1614 3810 1860 3890 poterit,
1928 3813 1995 3872 ut
2056 3810 2297 3889 possint
2359 3808 2565 3873 venire
2624 3808 2696 3870 ad
2762 3805 3122 3871 reconcilia-

390 3899 620 3960 tionem
672 3895 732 3960 in
778 3915 1028 3978 pacem3
1063 3898 1126 3959 et
1171 3897 1335 3960 sacto
1377 3916 1486 3979 per
1528 3916 1665 3960 eum
1701 3897 1996 3978 quidquid
2038 3897 2169 3960 fieri
2210 3896 2436 3978 poterit
2466 3913 2606 3959 cum
2643 3894 2868 3958 honore
2913 3897 3121 3957 nostro

388 3983 447 4047 in
495 3983 664 4048 facto
713 3984 1003 4066 predicto,
1057 3984 1344 4048 venetias
1381 3985 1749 4050 revertatur.
1797 3985 1877 4048 Et
1926 3985 2123 4067 possit
2164 3984 2503 4066 expendere
2567 3982 2768 4047 dictus
2831 3981 3108 4045 ambaxa·

383 4077 482 4134 tor
525 4071 690 4136 ultra
723 4073 949 4136 nabnla
983 4073 1394 4153 navigiorum,
1429 4093 1546 4155 que
1583 4073 1905 4136 solvantur
1937 4092 2044 4154 per
2089 4090 2430 4146 commune,
2460 4069 2715 4133 ducatos
2748 4069 2842 4133 III
2890 4069 2951 4133 in
2998 4068 3117 4144 die,

388 4163 453 4223 et
500 4159 864 4242 respondeat
909 4159 1007 4225 die
1053 4178 1175 4242 qua
1222 4158 1484 4241 eligetur
1531 4159 1625 4224 vel
1673 4159 1891 4223 altera.

1333 4247 1449 4311 Die
1497 4249 1537 4312 6
1584 4248 1931 4312 decembris
1980 4247 2168 4311 1361.

595 4333 825 4415 Capta:
874 4335 1028 4400 Cum
1078 4353 1222 4418 pars
1269 4335 1395 4398 heri
1447 4337 1628 4418 capta
1674 4336 1749 4399 de
1798 4334 2067 4400 mitendo
2114 4354 2303 4398 unum
2353 4333 2817 4400 ambaxatorem
2873 4334 2949 4397 ad
2998 4334 3121 4397 Ra-

383 4441 606 4505 guseos
654 4426 715 4485 et
765 4423 1088 4489 Catarinos
1148 4442 1261 4486 non
1327 4424 1657 4498 contineat,
1721 4424 1877 4505 quod
1941 4425 1991 4486 si
2055 4422 2356 4504 expediet,
2421 4422 2618 4504 possit
2677 4423 2765 4485 ire
2826 4420 2948 4486 alio
3010 4440 3121 4503 pro

383 4510 701 4575 tractando
750 4510 1075 4576 concordio
1123 4512 1286 4576 inter
1333 4529 1460 4588 eos,
1509 4513 1573 4575 et
1615 4511 1879 4582 dicatur,
1929 4512 2088 4592 quod
2137 4513 2236 4574 est
2280 4509 2528 4589 quidam
2577 4526 2786 4573 comes
2823 4507 3120 4592 Voyscla·

381 4616 492 4661 vus
539 4601 601 4660 et
647 4597 838 4681 aliqui
888 4597 1015 4675 alii,
1064 4599 1139 4663 ad
1172 4616 1324 4680 qnos
1363 4603 1528 4663 esset
1569 4599 2018 4663 neccessarium
2071 4598 2155 4661 ire
2204 4618 2311 4679 pro
2363 4599 2516 4660 bono
2565 4598 2685 4662 fine
2731 4596 2881 4660 dicti
2936 4595 3118 4669 sacti;

379 4685 550 4750 vadit
594 4704 755 4768 pai-8,
804 4687 963 4769 quod
1008 4686 1442 4750 committatur
1495 4686 1658 4750 dicto
1709 4684 2116 4760 ambaxatori,
2167 4686 2325 4767 quod
2379 4688 2506 4749 tam
2573 4686 2651 4748 ad
2720 4685 2955 4748 dictum
3019 4701 3119 4745 co-

381 4772 595 4837 mitem
642 4791 827 4855 quam
878 4774 957 4838 ad
1005 4773 1164 4838 alias
1210 4792 1500 4856 personas
1544 4773 1628 4838 ibi
1676 4773 2156 4837 circumstantes
2206 4773 2295 4837 ire
2342 4773 2561 4855 possit,
2610 4773 2771 4837 sicut
2804 4789 2911 4853 pro
2960 4770 3115 4833 bono
