3620 5282
2936 301 3064 367 369

344 498 566 581 quibus
615 495 1061 578 possessionem
1108 495 1380 560 locorum
1428 496 1926 578 supradictorum
1974 496 2319 578 assignabit
2367 496 2464 560 vel
2491 495 2678 560 faciet
2727 497 3054 580 assignari,

350 588 420 648 ut
464 587 747 666 superius
796 586 1027 648 dictum
1074 589 1189 648 est.
1245 583 1455 647 Voluit
1502 586 1689 649 etiam
1757 586 1891 665 ipse
1957 586 2387 648 serenissimus
2436 585 2720 648 dominus
2770 586 3054 649 dominus

348 675 468 736 dux
517 677 579 736 et
626 692 804 736 suum
857 672 1195 736 dominium
1249 673 1323 735 ad
1378 675 1671 735 maiorem
1721 673 2088 737 firmitatem
2150 674 2424 736 omnium
2476 674 2893 754 predictorum
2945 673 3060 738 hoc

347 762 826 825 instrumentum
875 780 985 824 sua
1030 761 1198 822 bulla
1247 761 1539 841 plumbea.
1586 762 1973 825 communiri.
2033 798 2108 807 —
2157 762 2382 824 Actum
2441 762 2712 824 Venetiis
2761 761 2823 825 in
2858 760 3059 824 ducali

346 849 574 931 palatio
622 851 1011 930 presentibus
1061 848 1189 911 viro
1239 848 1428 911 nobili
1480 869 1580 912 ser
1629 851 1910 931 Philippo
1958 850 2031 911 de
2081 849 2312 913 Molino
2351 850 2652 929 quondam
2688 849 2918 912 domini
2952 848 3062 914 Jo-

346 939 567 1001 hannis
615 956 684 1001 ac
732 938 1000 1020 providis
1052 937 1198 999 viris
1246 956 1345 1000 ser
1390 935 1674 1001 Johanne
1721 940 1792 1000 de
1839 937 2084 1011 Otterlo,
2135 957 2231 1000 ser
2269 938 2574 1001 Bernardo
2621 957 2720 1000 ser
2754 937 3060 1001 Dominici

353 1035 414 1087 et
461 1045 558 1088 ser
608 1027 936 1090 Laurentio
987 1025 1273 1098 Marcelo,
1324 1027 1582 1088 notariis
1632 1026 1893 1089 ducatus
1969 1026 2390 1091 venetiarum.
2465 1027 2729 1088 testibus
2801 1026 2875 1088 ad
2928 1045 3063 1107 pre-

348 1115 539 1177 missa
590 1115 818 1178 vocatis
868 1112 1218 1196 specialiter
1266 1124 1328 1176 et.
1380 1114 1632 1195 rogatis
1684 1121 1746 1177 et
1792 1115 1953 1178 aliis,
1999 1114 2129 1196 Ego
2186 1113 2582 1197 Guillielmus
2631 1117 2703 1176 de
2757 1111 3063 1177 Vicentiis

348 1209 410 1264 et
458 1207 576 1265 cet.

445 1310 1014 1370 Commemorialium
1066 1311 1180 1370 IX.
1236 1315 1335 1389 12,
1384 1331 1423 1370 u
1468 1313 1628 1373 mlet.
1679 1313 1915 1370 arkivu.

741 1501 1001 1582 va.
1059 1501 1264 1584 God.
1319 1503 1549 1585 1396.
1605 1502 1712 1583 20
1757 1501 2131 1602 traana‚
2188 1522 2247 1581 u
2301 1498 2689 1581 Mletcih.

359 1646 643 1717 Napumk
706 1648 1091 1718 providarum
1155 1649 1469 1725 poslnnim,
1533 1649 1613 1706 cla
1652 1650 1844 1720 prime
1895 1647 2106 1719 posied
2153 1646 2391 1705 Skadra
2435 1646 2458 1702 i
2502 1646 2716 1719 druyih
2762 1646 2971 1703 miesta
3016 1664 3058 1703 u

352 1731 645 1805 Albamji,
712 1736 1091 1807 poklonjemh
1152 1739 1226 1795 od
1297 1737 1545 1812 Gjoryja
1615 1737 1946 1796 Sracimira
1995 1736 2328 1810 yospodara
2407 1736 2678 1808 zetskoya
2753 1735 3057 1805 mletaekoj

1555 1826 1870 1897 republilsi.

576 1924 761 1986 1396.
813 1926 1143 1989 indictione
1190 1930 1433 2008 quarta,
1497 1928 1595 1990 die
1661 1928 1962 2010 vigesimo
2032 1924 2269 2007 (ιρι-1113.
2337 1924 2659 2006 Sapientes
2720 1923 2962 1987 consilii
3004 1927 3067 1987 et

362 2009 674 2092 sapientes
721 2014 1020 2077 ordinum.
1072 2014 1268 2096 Capta
1314 2017 1468 2097 quod
1521 2015 1633 2078 fiat
1693 2014 2047 2080 commissio
2112 2012 2419 2077 nobilibus
2487 2013 2634 2075 viris
2681 2031 2780 2075 ser
2825 2012 3060 2077 Jacobo
3147 2049 3152 2054 ·

358 2099 700 2165 Gradonico
735 2102 942 2178 militi,
995 2122 1092 2165 ser
1135 2103 1403 2168 ‚Iohanni
1454 2102 1706 2185 Capello
1754 2107 1817 2167 et
1864 2123 1962 2166 ser
2007 2101 2274 2168 Johanni
2320 2101 2394 2163 de
2441 2098 2652 2164 Canali
2704 2101 2887 2164 ituris
2923 2119 3061 2163 nos·-

356 2190 470 2250 tris
520 2191 933 2269 provisoribus
982 2193 1056 2254 ad
1106 2195 1315 2273 partes
1365 2192 1609 2256 Scutari
1658 2192 1716 2254 in
1769 2194 1889 2255 ista
1937 2190 2155 2268 forma,
2203 2189 2525 2253 videlic-et:

568 2277 694 2340 Nos
737 2277 1085 2341 Anthonius
1135 2280 1397 2343 Venerio
1435 2282 1527 2343 dei
1580 2281 1785 2363 gratia
1840 2280 1963 2343 dux
2039 2279 2438 2343 Venetiarum
2488 2281 2552 2340 et
2599 2279 2714 2340 cet.
2793 2275 3066 2339 comitti·

359 2383 497 2427 mus
547 2367 717 2428 vobis
767 2367 1073 2430 nobilibus
1121 2368 1269 2432 viris
1316 2367 1548 2433 Jacobo
1595 2368 1936 2433 Gradonico
1985 2367 2190 2440 militi,
2240 2365 2505 2431 Johanni
2555 2363 2808 2444 Capello
2850 2367 2915 2427 et
2957 2364 3064 2428 Jo-

360 2452 548 2514 hanni
599 2453 674 2517 de
722 2452 957 2529 Canali,
1008 2456 1253 2520 dilectis
1300 2458 1537 2521 civibus
1583 2463 1645 2520 et
1693 2457 1976 2520 fidelibus
2026 2456 2274 2532 nostrai,
2322 2455 2482 2536 quod
2535 2454 2625 2516 ire
2673 2452 2951 2516 debeatis
2987 2453 3063 2517 de

360 2542 567 2603 nostro
616 2544 903 2606 mandato
954 2546 1141 2607 nostri
1195 2547 1533 2624 provisores
1580 2548 1654 2608 ad
1704 2555 1911 2627 partes
1960 2542 2223 2618 Scutari,
2272 2542 2468 2605 eundo
2516 2561 2652 2604 cum
2705 2542 2829 2603 ista
2861 2542 3062 2622 galea,

358 2646 540 2710 super
586 2650 768 2712 quam
819 2632 1141 2697 ascendere
1190 2633 1453 2698 facimus
1522 2635 1901 2715 capitaneum
1964 2635 2242 2697 nostrum
2305 2630 2530 2712 riperie
2600 2629 2873 2693 Marchie
2922 2650 3064 2694 cum

359 2737 568 2781 zurma
615 2739 743 2796 sua,
794 2741 971 2800 quem
1025 2723 1308 2786 volumus
1356 2742 1490 2786 esse
1536 2724 1610 2787 ad
1664 2727 1934 2787 vestram
2005 2721 2481 2793 obhedientiam,
2531 2718 2725 2782 donec
2788 2718 2906 2782 erit
2954 2737 3057 2783 vo-

363 2805 619 2879 biscum,
671 2814 733 2869 et
780 2828 917 2872 cum
972 2811 1185 2874 maiori
1235 2813 1487 2874 comodo
1537 2814 1624 2874 ire
1671 2812 1939 2892 possitiS,
2013 2816 2075 2874 et
2141 2812 2211 2872 ut
2274 2811 2462 2871 etiam
2510 2807 2862 2882 ballistarii,
2911 2826 3062 2888 quos

363 2895 673 2958 vobiscum
728 2896 1055 2973 mittimuS,
1107 2917 1283 2962 arma
1332 2899 1667 2963 bombarde
1714 2905 1775 2963 et
1823 2900 1945 2963 alia
1986 2900 2212 2973 omnia,
2260 2916 2373 2978 que
2417 2895 2587 2959 vobis
2636 2896 2765 2958 dari
2803 2895 3063 2958 fecimus

360 3001 469 3063 pro
520 2984 852 3047 munitione
900 2988 964 3047 et
1009 2988 1338 3051 securitate
1388 2988 1679 3063 locorum,
1727 3008 1844 3070 que
1891 2987 2118 3050 habere
2166 2986 2458 3047 debemus
2505 3006 2544 3045 a
2590 2984 2917 3066 magnifico
2951 2983 3064 3047 do-

362 3071 526 3133 mino
575 3070 837 3155 Georgio
882 3072 1266 3152 Stracimeri,
1318 3076 1560 3140 facilius
1609 3081 1670 3139 et
1718 3077 2032 3139 comodius
2079 3073 2516 3137 conducantur.
2581 3071 2663 3134 Et
2711 3074 2806 3134 est
2853 3076 3063 3135 nostra

361 3158 648 3238 intenci0,
699 3163 855 3243 quod
904 3162 1147 3226 faciatis
1198 3182 1302 3227 vos
1351 3164 1603 3228 conduci
1653 3183 1792 3228 cum
1839 3165 2004 3227 dicta
2049 3163 2229 3245 galea
2275 3163 2349 3223 ad
2398 3162 2623 3235 locum,
2662 3160 2820 3222 unde
2857 3159 3063 3243 magis

363 3249 614 3311 comode
679 3251 935 3331 possitis
1001 3251 1365 3316 descendere
1432 3255 1496 3316 et
1564 3255 1650 3315 ire
1695 3252 1773 3314 ad
1820 3251 2239 3333 accipiendum
2290 3268 2427 3312 cum
2478 3249 2660 3311 dictis
2709 3247 3066 3311 ballistariis

363 3337 644 3400 tenutam
695 3341 759 3401 et
807 3340 1252 3420 possessionem
1303 3341 1571 3405 civitatis
1649 3339 1891 3404 Scutari
1969 3344 2033 3403 et
2080 3339 2336 3402 aliorum
2387 3338 2675 3413 locorum,
2726 3354 2844 3417 que
2888 3337 3062 3399 nobis

364 3425 507 3486 dare
557 3427 737 3488 debet
782 3427 911 3507 ipse
960 3429 1242 3492 dominus
1290 3428 1592 3512 Georgius
1640 3432 1845 3511 vigore
1890 3433 2204 3510 pactorum
2256 3428 2705 3489 contractorum
2757 3425 2917 3489 inter
2958 3444 3066 3488 nos

362 3515 426 3576 et
473 3532 635 3587 eum,
686 3534 941 3595 quorum
992 3515 1162 3580 vobis
1204 3517 1337 3581 dari
1386 3516 1642 3581 fecimus
1691 3517 1926 3599 copiam
1975 3535 2083 3598 pro
2134 3519 2335 3578 vestra
2385 3515 2831 3578 informatione.
2887 3513 3059 3576 Feci-

363 3620 501 3665 mus
549 3604 735 3665 etiam
784 3605 957 3667 vobis
1002 3604 1130 3668 fieri
1178 3606 1565 3670 sindacatum
1611 3608 1683 3670 ad
1733 3609 1976 3688 plenum
2027 3606 2089 3668 in
2135 3622 2425 3684 personas
2489 3605 2722 3665 vestras
2785 3602 2858 3663 ad
2910 3619 3047 3682 pos—

360 3690 618 3753 sendum
664 3693 935 3773 accipere
978 3694 1182 3756 nostro
1229 3695 1471 3758 nomine
1519 3694 1744 3775 dictam
1795 3696 2092 3763 tenutam,
2127 3698 2188 3752 et
2223 3690 2561 3756 faciendum
2599 3689 3057 3772 quietationem.

361 3775 501 3839 Sied
551 3779 693 3861 quia
740 3781 913 3843 nobis
960 3780 1203 3845 videtur
1252 3784 1682 3859 necessarium,
1750 3782 1910 3865 quod
1977 3780 2115 3844 sitis
2184 3779 2260 3843 ad
2306 3778 2674 3861 presentiam
2721 3778 2914 3859 ipsius
2962 3779 3068 3841 do-

359 3866 486 3928 mni
535 3866 807 3948 Georgii,
860 3872 927 3931 ut
972 3871 1185 3933 sciatis
1234 3877 1298 3935 et
1345 3873 1634 3935 habeatis
1671 3870 1920 3935 modum
1971 3874 2037 3932 et
2081 3870 2379 3939 ordinem,
2427 3886 2606 3948 quem
2644 3884 2889 3928 servare
2926 3867 3065 3930 vult

362 3955 425 4023 et
469 3972 583 4034 que
632 3958 836 4019 tenere
885 3958 1073 4020 etiam
1122 3977 1228 4022 vos
1291 3959 1553 4039 habetis,
1603 3959 1861 4024 fecimus
1911 3958 2081 4021 vobis
2127 3956 2258 4020 fieri
2309 3955 2519 4018 literas
2550 3953 2959 4030 credulitatis,
2997 3961 3065 4018 ut

361 4042 608 4122 possitis
654 4061 1006 4126 comparere
1055 4048 1127 4109 ad
1178 4050 1549 4128 presentiam
1591 4066 1784 4121 suain,
1829 4052 1891 4110 et
1937 4047 2100 4110 facta
2145 4044 2559 4107 amicabiliter
2590 4043 2966 4105 salutatione
3001 4044 3065 4107 et

363 4130 672 4194 oblatione
720 4135 1014 4214 generali,
1065 4139 1127 4198 et
1174 4137 1457 4200 retractis
1507 4136 1631 4199 illis
1680 4136 1882 4199 verbis
1929 4133 2155 4198 amoris
2202 4135 2266 4197 et
2310 4133 2677 4205 dilectionis,
2713 4150 2829 4213 que
2861 4133 3063 4194 vestre

362 4220 661 4301 sapientie
709 4222 1101 4297 videbuntur,
1142 4226 1475 4306 requiratis
1525 4227 1725 4307 ipsum
1771 4223 1848 4286 de
1894 4222 2311 4304 assignatione
2345 4221 2610 4284 locorum
2653 4218 3062 4300 predictorum

364 4307 429 4369 et
475 4308 548 4370 de
596 4309 1000 4375 ratificatione
1047 4312 1443 4378 instrumenti
1489 4317 1830 4395 pactorum,
1900 4312 2044 4393 quia
2113 4310 2470 4373 sindacatus
2516 4308 2698 4370 datus
2746 4308 2876 4371 suis
2925 4327 3062 4372 am·

361 4393 808 4547 bfflssiatoribus
857 4416 975 4462 non
1026 4405 1161 4464 erat
1205 4401 1267 4465 in
1314 4402 1495 4483 plena
1539 4401 1757 4477 forma,
1805 4399 2144 4463 secundum
2194 4398 2354 4479 quod
2407 4400 2464 4459 in
2517 4397 2713 4476 pactis
2763 4395 3058 4477 predictis

362 4484 418 4546 vi
465 4485 648 4549 ebitis
698 4488 1012 4550 contineri.
1060 4489 1140 4552 Et
1186 4491 1497 4554 avisamus
1546 4508 1670 4566 vos,
1721 4488 1880 4571 quod
1929 4488 1991 4550 in
2040 4489 2315 4557 introitu.
2358 4504 2536 4567 quem
2598 4482 2864 4556 facietis.
2924 4504 3062 4567 pro-

358 4571 616 4637 videatis
664 4581 963 4657 quantum
1010 4579 1286 4658 poteritis
1334 4597 1370 4640 a
1418 4582 1589 4661 parte
1638 4582 1862 4655 vestra,
1914 4575 2071 4658 quod
2117 4575 2359 4638 intretis
2407 4572 2755 4647 honorifice,
2803 4575 2867 4635 et
2896 4573 3057 4654 quod

354 4662 507 4725 fiant
556 4665 660 4727 ille
709 4667 1155 4744 solemnitateS,
1205 4686 1322 4749 que
1371 4668 1551 4730 solite
1599 4669 1743 4730 sunt
1804 4669 1867 4729 et
1927 4667 2067 4745 apte
2144 4661 2276 4727 fieri
2309 4698 2316 4709 ·
2349 4662 2636 4744 poterunt
2683 4679 2790 4742 pro
2839 4660 3062 4724 honore

350 4754 574 4815 nostris
621 4757 994 4832 communie,
1038 4759 1102 4819 et
1146 4757 1438 4820 similiter
1486 4755 1644 4837 quod
1684 4755 2056 4836 provideatis
2091 4751 2210 4815 deli
2245 4750 2569 4814 centiando
2616 4750 2844 4829 quanto
2889 4768 3062 4831 pres-

426 4874 604 4924 spon.
652 4878 734 4925 nr.
2742 4854 2827 4918 24
