3620 5282
464 364 591 431 428

468 543 799 622 videbitur,
851 546 1037 619 etiam
1090 546 1142 609 si
1190 565 1341 627 opus
1391 545 1511 610 erit
1559 546 1760 611 facere
1807 547 2081 629 aliquam
2147 564 2473 628 expensam
2546 565 2654 629 pro
2725 545 3052 628 predictis,
3105 566 3233 629 que

469 632 665 711 possit
704 633 833 696 fieri
885 636 948 697 et
994 633 1251 714 expendi
1296 635 1463 697 sicut
1508 635 1840 710 videbitur,
1891 636 2034 717 quia
2077 635 2287 698 omnia
2335 635 2485 698 fient
2560 652 2700 698 cum
2753 652 2941 718 quam
2993 634 3224 699 maiori

469 719 701 783 honore
746 722 812 783 et
853 721 1073 783 minori
1124 721 1441 801 gravitate
1488 722 1620 786 fieri
1672 724 1903 805 poterit
1947 740 2054 803 pro
2105 726 2313 786 nostro
2362 723 2697 787 communi.

488 860 491 863 -
553 827 733 885 Misti
788 824 980 885 XLV.
1029 830 1130 898 61,
1176 847 1217 886 u
1262 829 1418 888 mlet.
1469 831 1704 890 arkivu.

833 1014 1205 1096 DXCIV.
1263 1014 1470 1097 God.
1530 1019 1755 1100 1401.
1810 1019 1863 1100 8
1915 1019 2289 1121 travnja‚
2342 1041 2401 1100 u
2455 1018 2849 1102 Mlctcih.

677 1157 1257 1222 Ambasciatoribus
1292 1161 1533 1224 comitis
1565 1161 1829 1243 Segniae
1871 1161 2312 1243 quaerentibus
2361 1164 2576 1225 mutuo
2608 1180 2641 1225 a
2685 1164 2904 1225 veneto
2938 1160 3214 1225 dominio

490 1246 697 1307 10000
743 1250 877 1307 duc.
929 1265 1035 1328 pro
1087 1247 1229 1310 dote
1276 1266 1421 1311 suae
1455 1251 1680 1313 sororis
1728 1249 1853 1312 iam
1901 1249 2143 1311 cuidam
2196 1250 2428 1313 Polono
2477 1251 2862 1331 coniugatae,
2912 1251 3017 1331 qui
3070 1267 3209 1314 eam

473 1333 720 1411 propter
766 1333 961 1396 offitia
1009 1336 1171 1416 regis
1221 1334 1579 1418 Hungariae
1628 1336 1703 1399 ad
1750 1356 1818 1403 se
1857 1337 2133 1418 accipere
2179 1337 2463 1413 intendit,
2513 1354 2620 1418 pro
2671 1355 2792 1419 qua
2841 1356 3025 1402 suma
3071 1337 3210 1402 vult

464 1420 518 1481 ei
567 1423 713 1483 dare
756 1419 819 1483 in
868 1420 1090 1503 pignus
1142 1423 1449 1504 introytus
1495 1441 1640 1487 suos
1689 1423 1993 1505 speciales
2042 1427 2107 1488 et
2176 1423 2458 1506 segniae,
2527 1426 2782 1489 senatus
2853 1424 3208 1506 respondet,

464 1509 620 1587 quod
670 1510 919 1589 propter
965 1509 1269 1591 plurimas
1316 1528 1529 1575 causas
1576 1512 1703 1574 suis
1754 1511 2155 1592 petitionibus
2203 1512 2562 1577 satisfacere
2610 1531 2727 1575 non
2762 1512 2980 1596 possit.

551 1618 730 1676 Misti
782 1617 901 1677 XL
919 1618 981 1679 V.
1034 1616 1135 1696 69,
1170 1638 1210 1678 u
1242 1620 1395 1680 mlet.
1432 1621 1669 1680 arkivu.

832 1825 1161 1906 DXCV.
1216 1824 1421 1908 (iod.
1478 1827 1700 1909 1401.
1759 1826 1861 1908 10
1914 1827 2287 1927 travnja‚
2340 1848 2399 1907 u
2453 1824 2846 1908 Mletcih.

671 1967 1011 2048 Episcopus
1059 1965 1507 2049 Frisingensis,
1576 1970 1784 2031 orator
1829 1966 2129 2031 Gulielmi
2175 1968 2352 2032 ducis
2397 1966 2688 2032 Austriae
2759 1970 3044 2051 proponit
3093 1971 3199 2033 de-

465 2073 601 2130 nuo,
650 2058 809 2136 qnod
857 2074 1003 2118 suus
1052 2055 1341 2118 dominus
1389 2054 1654 2119 libenter
1700 2076 1763 2119 se
1814 2055 2260 2119 intromitteret
2311 2056 2426 2134 „ad
2496 2058 2831 2137 aptandum
2905 2055 3199 2120 differen-

464 2143 609 2218 tiaS,
660 2161 775 2224 que
824 2145 970 2206 sunt
1019 2144 1177 2206 inter
1225 2147 1550 2224 cognatum
1600 2163 1783 2207 suurn
1834 2145 2152 2206 domiuum
2201 2162 2410 2222 regem
2458 2143 2813 2208 Ladislaum
2855 2147 2920 2207 et
2996 2154 3192 2217 nos“;

466 2228 574 2292 sed
620 2229 969 2311 respublica
1011 2229 1065 2292 ei
1114 2230 1458 2311 respondet,
1508 2232 1668 2313 quod
1716 2232 1852 2313 ipsa
1899 2231 2133 2295 nullam
2178 2229 2587 2295 differentiam
2620 2231 2850 2295 habeat
2879 2249 3022 2295 cum
3054 2232 3189 2313 ipso

462 2335 626 2397 rege.

548 2424 705 2486 Secr.
758 2424 929 2485 Cous.
976 2426 1121 2500 Roy.
1173 2422 1215 2482 Ι.
1270 2429 1328 2494 4,
1373 2444 1413 2484 u
1461 2427 1615 2486 mlet.
1666 2428 1901 2487 arkivu.

802 2631 1172 2715 DXOVI.
1229 2632 1436 2716 God.
1497 2633 1722 2716 1401.
1775 2634 1874 2717 23
1926 2636 2293 2737 travnja‚
2349 2658 2408 2716 u
2463 2633 2857 2718 Mlctcih.

673 2772 1084 2837 Commissum
1137 2776 1471 2857 capetanco
1520 2775 1748 2856 culphi,
1800 2776 1980 2858 quod,
2030 2777 2401 2840 transeundo
2466 2776 2865 2858 Tragurium,
2925 2780 3190 2857 quaerat

466 2860 922 2924 restitutionem
976 2863 1265 2943 pecuniae
1314 2863 1429 2945 ipsi
1480 2863 1911 2927 communitati
1988 2864 2368 2940 comodatae,
2450 2865 2546 2932 vel
2606 2863 2713 2927 det
2774 2862 3048 2941 ordineS,
3121 2866 3193 2928 ut

463 2948 598 3029 ipsa
648 2950 903 3029 pecunia
953 2968 1138 3031 quam
1188 2950 1374 3014 citius
1423 2951 1813 3028 restituatur,
1865 2951 2080 3016 deinde
2127 2953 2405 3014 transeat
2458 2952 2519 3015 in
2568 2951 2899 3033 Apuleam.

547 3056 727 3115 Misti
783 3057 981 3116 XLV.
1044 3060 1145 3130 73,
1204 3076 1246 3115 u
1306 3059 1460 3120 mlet.
1518 3060 1754 3117 arkivu.

823 3264 1240 3346 DXCVlI.
1299 3266 1505 3348 God.
1560 3266 1789 3347 1401.
1848 3267 1945 3347 14
1999 3266 2309 3368 lipnja,
2370 3290 2422 3349 u
2482 3266 2869 3349 Mletcili.
2978 3281 2986 3288 “

461 3405 800 3479 liepublika
845 3409 993 3482 §alja
1039 3427 1216 3483 svoqa
1262 3411 1499 3481 taJ‘nika
1545 3428 1583 3466 u
1630 3410 2003 3478 Dubroum'lc,
2051 3412 2204 3470 nelca
2240 3412 2619 3483 prosvieduje
2643 3411 2784 3485 sboy
2808 3411 3188 3471 Mletcanina

459 3495 796 3554 Benedilrta
842 3498 1204 3572 Kontarina‚
1248 3499 1422 3556 Romu
1468 3498 1613 3555 knez
1660 3497 1911 3570 Sljepan
1954 3500 2156 3571 ροόἰηί
2229 3516 2434 3572 mnoyo
2482 3498 2670 3557 §leuda
2734 3517 2817 3556 na
2862 3500 3036 3557 krivu
3084 3499 3186 3557 ob·

1077 3585 1253 3644 luiba
1291 3586 1639 3658 podnesenu
1686 3587 1761 3644 od
1810 3587 2059 3660 njelcoya
2104 3587 2591 3645 Dubrovdanina.
2700 3642 2724 3652 ,

676 3704 860 3768 1401.
920 3704 1015 3766 14.
1066 3705 1236 3769 iunii.
1286 3705 1515 3786 Capta:
1565 3707 1720 3786 quod
1767 3725 1874 3786 pro
1923 3705 2107 3769 factis
2157 3705 2382 3770 nobilis
2420 3705 2535 3770 viri
2571 3723 2669 3769 ser
2703 3704 2982 3768 Benediti
3019 3702 3191 3768 Con-

459 3794 667 3855 tareno
715 3797 963 3873 propter
1014 3792 1343 3857 novitatem
1396 3796 1461 3856 et
1508 3793 1800 3856 damnum
1852 3792 2098 3856 illatum
2146 3794 2263 3855 sibi
2312 3812 2417 3874 per
2465 3793 2752 3855 comitem
2801 3790 3188 3872 Stephanum

457 3880 586 3943 sive
633 3881 1083 3943 cominitissam
1136 3883 1195 3942 in
1247 3881 1617 3945 Novabarda
1662 3881 1905 3944 defectu
1954 3882 2272 3945 cuiusdam
2323 3880 2647 3962 Ragusini,
2699 3880 2982 3943 mittatur
3031 3898 3196 3944 unus

464 3968 722 4031 nuntius
773 3970 978 4030 noster
1030 3969 1369 4049 Ragusium
1418 3988 1556 4031 cum
1610 3969 2008 4050 infrascripta
2056 3969 2501 4032 commissione.

680 4056 848 4119 Vade
900 4058 972 4119 ad
1025 4056 1397 4134 presentiam
1447 4055 1771 4138 regiminis
1822 4056 2104 4137 Ragusii,
2181 4056 2277 4120 cui
2361 4056 2731 4137 presentatis
2798 4055 2996 4119 literis
3045 4072 3194 4119 nos-

459 4143 573 4206 tris
620 4143 852 4206 amoris
898 4144 960 4206 et
1001 4142 1381 4218 dilectionis,
1436 4145 1655 4207 debeas
1705 4162 2021 4225 exponere,
2070 4145 2229 4225 quod
2277 4163 2386 4225 per
2434 4142 2747 4226 querelam
2794 4141 3021 4205 nobilis
3071 4142 3195 4206 viri

456 4248 553 4292 ser
600 4230 924 4294 Benedicti
1005 4228 1352 4294 Contareno
1405 4231 1615 4295 dilecti
1665 4232 1819 4294 civis
1869 4231 2062 4295 nostri
2105 4232 2413 4295 sensimus
2448 4250 2588 4295 cum
2624 4249 2736 4295 non
2787 4228 3028 4293 modica
3060 4229 3196 4294 dis-

455 4315 759 4399 plicentia
809 4320 873 4381 et
925 4317 1296 4394 turbatione,
1348 4320 1411 4382 et
1457 4319 1643 4382 etiam
1693 4319 2047 4382 audivimus
2093 4319 2333 4401 aliquas
2390 4319 2606 4382 literas
2668 4317 2968 4380 facientes
3012 4318 3197 4382 nobis

457 4405 701 4487 plenam
751 4405 933 4469 fidem
982 4405 1057 4470 de
1104 4407 1238 4483 hoc,
1290 4405 1451 4487 quod
1499 4410 1748 4488 propter
1796 4426 1914 4470 non
1966 4424 2174 4470 veram
2244 4405 2734 4470 informationem
2802 4405 3015 4469 datam
3086 4425 3199 4487 per

456 4495 781 4573 quemdam
832 4494 1238 4557 mercatorem
1289 4494 1647 4576 ragusinum
1699 4497 1942 4557 nomine
2020 4493 2335 4556 Marinum
2409 4492 2786 4556 Zinzalunoli
2835 4494 2899 4556 et
2945 4491 3193 4556 defectu

455 4585 520 4641 et
566 4579 747 4662 culpa
794 4581 946 4644 dicti
990 4580 1354 4646 mercatoris
1402 4599 1608 4647 comes
1680 4580 2036 4663 Stephanus
2103 4579 2242 4644 sive
2307 4580 2620 4644 comitissa
2686 4580 2748 4643 in
2815 4578 3195 4643 Novabarda

460 4667 696 4730 fecerat
742 4667 1077 4732 intromitti
1129 4671 1193 4732 et
1240 4668 1380 4750 poni
1429 4670 1493 4732 in
1540 4670 1817 4733 castrum
1862 4687 2052 4732 unum
2100 4665 2309 4731 civem
2356 4671 2629 4731 nostrum
2689 4667 2986 4732 factorem
3036 4667 3194 4731 dicti

467 4752 693 4817 nobilis
742 4753 854 4819 viri
904 4774 1003 4818 ser
1049 4756 1370 4821 Benedicti
1418 4755 1778 4835 Contareno,
1827 4758 1894 4821 et
1937 4753 2290 4822 intromitti
2336 4755 2518 4820 etiam
2563 4754 2774 4819 domos
2843 4758 2907 4819 et
2975 4771 3198 4820 omnes
