3620 5282
546 380 672 445 100

532 553 612 619 ad
659 552 802 617 illas
852 551 1057 634 partes
1101 569 1243 614 cum
1290 551 1602 632 potestate
1648 549 1926 631 quietare
1974 551 2038 614 et
2084 548 2282 614 facere
2327 548 2513 613 finem
2589 549 2655 611 et
2713 546 3115 611 securitatem
3180 564 3279 610 re-

532 639 951 716 stitutoribus‚
999 637 1279 703 habendo
1323 656 1510 704 unam
1556 640 1620 704 et
1664 637 1990 702 dimidiam
2042 655 2148 719 pro
2195 637 2548 701 centenario
2595 635 2671 699 de
2720 635 2903 699 rebus
2940 634 3275 699 restitutis

617 766 797 824 Misit·
845 763 1160 824 XXXIII
1200 767 1343 835 150,
1402 782 1443 823 u
1487 764 1640 824 mlct.
1688 765 1925 825 arkivu.

802 1004 1348 1087 chxxm.
1404 974 1606 1086 cod.
1666 1002 1880 1085 1372.
1935 1001 2035 1085 23
2090 1002 2434 1104 orma,
2488 1022 2548 1082 u
2603 998 2993 1082 Mletoih.

746 1160 958 1244 Capta,
1010 1165 1168 1246 quod
1230 1162 1540 1227 scribatur
1586 1162 1910 1244 capitaneo
1957 1160 2121 1238 culfi,
2184 1160 2258 1224 ut
2317 1162 2502 1224 vadat
2546 1157 2947 1240 Dyrachium‚
3009 1158 3073 1220 et
3133 1174 3276 1238 pro-

537 1254 713 1315 curet
760 1249 985 1315 habere
1033 1251 1401 1333 solutionem
1452 1249 1764 1331 pecuniae,
1814 1249 2019 1314 silicet
2066 1249 2429 1311 ducatorum
2460 1245 2711 1322 LXXV,
2762 1262 2913 1328 quos
2948 1262 3048 1308 ser
3078 1244 3276 1308 Fran-

536 1338 739 1402 ciscus
786 1339 962 1402 Zorzi
1032 1339 1381 1415 „mutuavit
1438 1336 1684 1401 cuidam
1748 1337 2100 1417 capitaneo,
2164 1336 2266 1417 qui
2341 1334 2510 1398 vonit
2572 1333 2951 1416 Dyrachium
3020 1331 3270 1397 nomine

538 1423 772 1489 domini
819 1426 1032 1503 duche‚
1082 1428 1148 1489 et
1190 1426 1494 1490 librarum
1541 1424 1752 1488 XVIII
1800 1423 1979 1488 solid.
2029 1422 2178 1487 XIV
2222 1439 2578 1504 grossorum
2613 1437 2721 1503 pro
2747 1424 2909 1484 resto
2942 1419 3273 1483 solutionis

537 1513 703 1577 certe
749 1512 1118 1594 quantitatis
1167 1512 1463 1578 frumenti
1510 1514 1571 1575 et
1615 1510 1787 1574 milei
1833 1530 1931 1575 ser
1974 1509 2214 1593 Aloysii
2250 1506 2543 1573 Cornario
2589 1507 2824 1590 accepti
2859 1505 2940 1572 ad
2972 1507 3276 1590 Briegum

535 1618 648 1752 ger
713 1597 912 1665 dictos
979 1601 1055 1666 (16
1103 1601 1408 1685 Dyrachio
1480 1600 1552 1663 (16
1621 1599 1885 1681 quodam
1953 1598 2200 1681 navigio
2249 1594 2575 1678 Gasparini
2621 1594 2917 1660 Doncello
2986 1594 3276 1658 veniente

593 1687 887 1753 enetias.“

623 1812 803 1873 Misti
853 1813 1151 1873 XXXIV
1190 1815 1252 1884 2,
1298 1831 1340 1872 u
1385 1813 1541 1873 mlet.
1588 1814 1822 1872 arkivu.

830 2054 1351 2137 CLXXXIV.
1404 2053 1610 2136 God.
1666 2053 1883 2136 1372.
1933 2052 2034 2136 23
2088 2051 2428 2152 OZqua,
2482 2073 2541 2132 u
2596 2049 2981 2133 Mletcih.

748 2208 1162 2276 Commissum
1211 2213 1526 2293 capitaneo
1574 2209 1805 2293 culphi‚
1858 2209 2018 2292 quod
2069 2212 2252 2274 vadat
2296 2209 2372 2273 ad
2420 2209 2630 2291 partes
2677 2204 2908 2279 Catari,
2959 2208 3023 2270 et
3064 2225 3129 2271 se
3177 2205 3275 2270 in·

537 2298 763 2364 formet
829 2317 865 2363 a
925 2300 1164 2364 civibus
1227 2298 1482 2363 Venetis
1540 2300 1614 2361 de
1673 2299 1916 2362 damnis
1980 2298 2130 2377 ipsis
2193 2297 2389 2361 illatis
2460 2315 2569 2378 per
2608 2295 2824 2358 barcas
2871 2295 3002 2358 sive
3050 2294 3272 2359 scabas

535 2388 811 2451 armat-as
859 2387 1022 2450 circa
1068 2384 1383 2463 catarum,
1425 2387 1489 2450 et
1534 2387 1872 2450 secundum
1918 2383 2415 2448 informationem
2468 2385 2760 2464 procuret
2803 2381 3029 2446 habere
3061 2400 3273 2445 emen·

534 2472 701 2550 dam,
751 2477 815 2537 et
860 2473 1101 2538 ordinet
1147 2474 1295 2549 illis,
1345 2474 1455 2556 qui
1499 2473 1727 2537 damna
1773 2471 2015 2537 faciunt
2063 2491 2167 2553 per
2229 2490 2418 2549 mare,
2485 2471 2643 2553 quod
2702 2468 2779 2534 de
2839 2471 3047 2534 cetero
3122 2468 3273 2533 talia

535 2559 734 2625 facere
782 2578 901 2625 non
948 2563 1338 2641 presumant3
1388 2562 1452 2623 et
1497 2561 1548 2624 si
1598 2579 1716 2625 uon
1759 2560 1989 2641 poterit
2016 2559 2294 2624 obtinere
2334 2557 2843 2635 satisfactionem,
2888 2557 3271 2621 intromittat

537 2651 602 2712 ot
660 2646 1018 2712 damnificet
1081 2648 1239 2712 bona
1298 2649 1363 2712 et
1422 2649 1643 2712 havere
1706 2646 1974 2725 illorum,
2049 2648 2111 2711 in
2158 2665 2415 2729 quorum
2464 2646 2617 2712 locis
2665 2645 2813 2710 11166
2860 2645 3128 2710 barchae
3173 2663 3274 2708 ar-

539 2737 742 2800 matae
787 2734 1048 2813 fuerint3
1101 2737 1166 2800 et
1211 2735 1265 2800 si
1313 2736 1375 2799 in
1422 2736 1522 2801 via
1569 2736 1875 2801 invenerit
1920 2735 2158 2799 similes
2207 2736 2482 2815 barchas‚
2528 2753 2631 2799 eas
2674 2732 2903 2815 capiat.

621 2860 802 2921 Misti
851 2860 1150 2921 XXXIV
1189 2863 1252 2938 2,
1299 2878 1343 2921 u
1386 2862 1539 2923 mlet.
1590 2863 1828 2922 arkivu.

850 3098 1313 3184 CLXXXV.
1371 3101 1573 3185 God.
1628 3101 1845 3185 1372.
1900 3102 2003 3186 23
2058 3102 2401 3203 ozujka⁹
2452 3122 2512 3182 u
2563 3098 2953 3182 Mlctcih.

748 3240 901 3308 Cum
967 3241 1122 3306 alias
1167 3241 1325 3307 Jura
1384 3244 1457 3308 de
1518 3242 1777 3307 Balscae
1844 3243 2128 3306 dominus
2177 3240 2510 3318 Avalonae‚
2576 3239 2828 3304 Budvae
2885 3238 2951 3303 et
3005 3238 3268 3303 aliorum

538 3328 810 3394 locorum
861 3327 1103 3393 miserit
1137 3330 1660 3394 ambasciatorem
1704 3330 1997 3394 Venetias
2055 3347 2164 3411 pro
2227 3327 2642 3393 confirmando
2701 3329 2873 3391 certa
2944 3328 3141 3407 pacta,
3206 3326 3270 3388 in

539 3415 760 3497 quibus
807 3416 968 3478 inter
1013 3415 1136 3488 alia
1181 3418 1630 3496 continebatur,
1697 3418 1857 3498 quod
1922 3415 2118 3497 primo
2189 3414 2479 3479 satisfieri
2543 3414 2798 3480 debeiet
2863 3413 3100 3478 civibus
3151 3411 3269 3476 Vc-

539 3500 700 3565 netis
747 3503 822 3566 de
867 3503 1150 3567 omnibus
1197 3501 1425 3568 debitis
1471 3508 1535 3570 et
1578 3504 1821 3568 damnis
1866 3504 2020 3586 ipsis
2088 3503 2301 3580 illatis,
2365 3503 2520 3584 quod
2588 3501 2842 3565 minime
2903 3497 3101 3565 facere
3162 3517 3272 3563 cu-

538 3589 720 3665 ravit,
769 3587 895 3653 imo
943 3588 1158 3653 intulit
1185 3609 1353 3656 nova
1389 3591 1639 3666 damna,
1689 3593 1825 3656 ideo
1873 3590 2168 3656 scribitur
2225 3589 2545 3672 capitaneo
2610 3588 2842 3670 culphi‚
2905 3588 3065 3670 quod
3132 3605 3271 3667 pro·

537 3680 712 3740 curet
756 3676 985 3740 habere
1033 3676 1401 3742 solutionem
1452 3680 1523 3743 de
1565 3680 1870 3753 omnibuS‚
1942 3679 2218 3759 alioquin
2282 3678 2563 3759 assignet
2632 3678 2966 3740 terminum
3032 3674 3272 3739 civibus

538 3763 793 3828 Venetis
841 3763 904 3828 in
950 3762 1078 3830 illis
1119 3765 1399 3844 partibus
1442 3765 1963 3842 conversantibu3‚
2014 3765 2180 3829 intra
2224 3783 2408 3846 quem
2453 3765 2719 3828 debeant
2789 3781 2930 3827 cum
2989 3760 3269 3844 personis

537 3852 602 3915 et
666 3851 841 3916 bonis
896 3852 1023 3916 suis
1085 3852 1158 3916 (16
1219 3853 1400 3917 dictis
1464 3852 1615 3918 locis
1680 3854 1981 3929 recedere,
2046 3854 2111 3917 et
2170 3856 2319 3916 tunc
2365 3851 2815 3916 intrommittat
2859 3851 3017 3915 bona
3060 3849 3269 3914 omnia

535 3937 729 4022 ipsius
774 3938 970 4004 Jurae
1017 3941 1082 4003 et
1127 3937 1514 4005 subditorum
1562 3959 1835 4019 suorum,
1885 3940 2256 4021 ubicumque
2303 3941 2598 4021 poterunt
2643 3937 2925 4002 inveniri.

621 4062 803 4123 Misce
847 4060 1143 4123 XXXIV
1183 4065 1243 4134 2,
1289 4081 1332 4123 u
1375 4065 1532 4126 mlet.
1580 4065 1817 4124 arkivu.

835 4300 1338 4385 CLXXXVI.
1397 4303 2019 4388 (16(1.1372.12
2073 4307 2444 4407 travnja,
2503 4327 2558 4387 u
2612 4303 2969 4386 Padovi.

746 4440 1252 4507 Ambasciatores
1294 4443 1460 4526 regis
1505 4443 1846 4527 Hungarie‚
1906 4444 2256 4509 Florentiae
2303 4446 2362 4508 et
2423 4444 2706 4508 Pisarum
2770 4442 3072 4507 denotant
3128 4441 3270 4506 duci

538 4523 961 4605 Venetiarum,
1023 4528 1185 4610 quod
1241 4532 1529 4595 dominus
1591 4532 1838 4596 Paduae
1902 4533 2110 4596 omnia
2177 4531 2251 4596 ad
2313 4532 2645 4614 pristinum
2691 4532 2927 4596 statum
2972 4529 3270 4604 restituit,

541 4612 606 4674 et
648 4614 810 4694 quod
851 4617 946 4677 est
986 4616 1063 4678 ad
1110 4634 1324 4697 pacem
1371 4621 1437 4682 et
1480 4619 1873 4684 concordiam
1920 4621 2256 4702 dispositus
2304 4622 2369 4683 et
2405 4623 2679 4703 paratus.

633 4730 1202 4799 Commemorialium
1260 4743 1388 4803 VII
1434 4745 1580 4814 150,
1626 4763 1670 4804 u
1712 4746 1871 4806 mlet.
1919 4746 2154 4807 arkivu.
