3620 5282
3106 352 3150 417 3

413 520 774 585 constitutis
818 521 884 585 et
927 519 1337 586 existentibus
1379 522 1649 587 salutem
1696 521 1761 587 et
1798 521 2090 605 gratiam.
2139 519 2473 599 Noveritis‚
2522 523 2688 604 quod
2745 540 2854 588 nos
2903 523 3134 590 honore

412 607 743 672 comitatus
801 608 963 672 dicte
1009 608 1210 672 insule
1269 627 1306 674 a
1342 610 1568 674 comite
1617 610 1929 687 moderno,
1978 628 2087 691 per
2130 608 2479 674 Johannem
2512 608 2743 675 banum
2772 612 3133 691 constituto,

413 694 783 772 aufferendo‚
836 694 930 758 illi
978 715 1160 778 quem
1206 696 1621 762 communitas
1669 696 1940 761 civitatis
1987 697 2273 779 ragusino
2320 696 2596 779 elegerit,
2661 696 2947 762 duximus
2990 715 3137 762 con·

414 781 749 847 ferendum.
797 780 1185 865 Quapropter
1232 783 1521 848 fidelitati
1569 785 1771 849 vestre
1819 783 2082 848 firmiter
2130 782 2518 865 precipiendo
2566 786 2949 864 mandamuS‚
2989 803 3141 867 qua-

413 871 595 934 tenus
660 870 970 935 hominem
1029 871 1195 935 dicte
1258 872 1530 936 civitatis
1594 891 1702 953 per
1750 871 2042 937 comitem
2089 871 2255 953 ipius
2296 871 2500 935 insule
2546 872 2814 937 electum
2872 872 3136 955 benigne

415 957 687 1039 recipere
734 959 799 1022 et
839 958 1036 1021 eidem
1099 958 1375 1022 debitam
1441 959 1847 1024 reverentiam
1903 960 1968 1023 et
2027 958 2439 1023 obedientiam
2489 959 2554 1023 in
2611 958 2899 1024 omnibus
2945 958 3137 1024 licitis

414 1044 692 1109 debeatis
742 1044 1017 1119 exibere;
1068 1063 1243 1109 secus
1293 1046 1602 1110 ullatenus
1650 1047 1848 1111 facere
1896 1046 2174 1111 audeatis
2222 1048 2433 1110 nostra
2481 1064 2588 1128 pro
2634 1048 2838 1130 gratia
2879 1048 2942 1111 et
2983 1047 3138 1112 dile-

414 1132 634 1197 ctione.
662 1132 895 1197 Datum
944 1132 1005 1195 iu
1056 1133 1390 1215 Vissegrad
1436 1134 1705 1198 secunda
1751 1134 1851 1197 die
1886 1132 2028 1197 festi
2061 1136 2268 1199 sancte
2307 1133 2653 1217 Trinitatis,
2702 1151 2862 1200 anno
2906 1133 3142 1199 domini

418 1218 545 1283 ΜΡ
590 1217 799 1284 CCC.⁰
843 1220 995 1284 Lmo
1041 1221 1277 1285 octav0.

504 1310 788 1369 lavor-nik
831 1327 915 1369 na
956 1311 1182 1384 papiru
1228 1329 1271 1369 u
1316 1311 1542 1370 beekom
1591 1311 1808 1371 arkivu
1853 1311 2052 1385 medin
2094 1310 2535 1371 dubrovackimi
2578 1311 2873 1371 listinami

847 1497 1085 1579 VIII.
1139 1497 1347 1580 God.
1401 1498 1626 1582 1358.
1679 1499 1779 1580 14
1833 1498 2143 1602 lipnjza
2195 1520 2255 1581 u
2308 1498 2699 1580 Mletclh.

629 1639 1077 1716 Deliberatum,
1128 1638 1286 1722 quod
1343 1638 1785 1721 respondeatur
1845 1640 1921 1703 ad
1983 1640 2314 1721 petitiones
2376 1638 2847 1704 ambasciatoris
2893 1638 3137 1721 despoti

416 1724 694 1791 Avalone
750 1728 1176 1810 „regratiando
1225 1726 1281 1791 ei
1328 1727 1403 1791 de
1450 1727 1762 1792 oblatione
1808 1727 2039 1792 domini
2084 1724 2326 1808 despoti
2372 1728 2436 1791 et
2476 1728 2608 1791 eins
2661 1725 2833 1805 ligni,
2879 1725 3137 1791 dicendo

415 1816 490 1894 ei,
540 1813 697 1898 quod
745 1832 963 1879 sumus
1009 1814 1299 1891 contenti,
1339 1815 1498 1898 quod
1543 1814 1781 1878 dictum
1813 1815 2052 1897 lignum
2088 1814 2287 1897 possit
2314 1814 2519 1878 tenere
2551 1815 2867 1878 armatum
2898 1817 2962 1879 et
2995 1832 3137 1879 cum

411 1921 483 1967 eo
531 1902 695 1967 exire
741 1920 849 1984 pro
887 1901 1375 1983 dampnificando
1419 1901 1722 1966 cursarios
1769 1902 2097 1966 cecilianos
2163 1903 2229 1967 et
2272 1900 2429 1966 alias
2489 1900 2685 1965 malas
2720 1903 2957 1984 gente8‚
3022 1919 3140 1983 que

414 1993 734 2055 uterentur
775 1989 1037 2071 piratica
1083 1989 1181 2054 vel
1226 2008 1368 2053 eum
1415 1992 1480 2053 et
1522 1989 1659 2053 loca
1708 1990 1840 2054 eius
1877 1988 2110 2053 vellent
2138 1989 2593 2069 dampnificare‚
2627 2006 2745 2053 non
2777 1987 3137 2053 offendendo

419 2077 667 2160 navigia
698 2076 796 2142 vel
836 2078 1051 2160 gentes
1098 2078 1362 2141 nostras,
1410 2075 1510 2140 Ad
1542 2074 1776 2141 factum
1815 2094 1955 2141 vero
2001 2094 2312 2142 armorum
2359 2075 2819 2159 complaceatur
2865 2076 2941 2155 ei,
2975 2073 3141 2140 sicut

457 2164 634 2243 etit.„

415 2184 454 2247 p
500 2253 682 2314 msa·
735 2253 866 2313 xx
877 2253 1043 2313 V111
1089 2250 1195 2332 56,
1241 2271 1284 2312 u
1320 2254 1477 2313 mzet.
1521 2254 1737 2313 arla-ivn

891 2443 1046 2524 lx.
1102 2440 1313 2524 sou.
1367 2441 1594 2526 1358.
1648 2444 1746 2523 18
1800 2441 2117 2544 npnja,
2170 2464 2232 2525 u
2285 2442 2685 2525 metam.

417 2584 737 2662 Odrcdjuje
780 2602 860 2657 se,
906 2585 987 2647 da
1028 2584 1186 2647 υἰεόε
1231 2587 1307 2647 od
1353 2589 1437 2646 40
1497 2586 1761 2733 dokznca
1792 2589 1990 2734 ἔναυ·
2036 2584 2233 2647 ιὶὄιιόιι
2276 2601 2340 2646 se
2382 2584 2602 2646 Alviia
2630 2583 2919 2646 Mickwla
2946 2582 3138 2646 knew

1652 2690 1791 2734 vars
1861 2692 1943 2749 ya

628 2812 795 2878 1358
844 2813 945 2878 die
989 2813 1205 2878 XVIII
1275 2814 1449 2891 iunii,
1497 2816 1710 2895 capta:
1760 2813 1923 2896 quod
1969 2814 2177 2895 aliqua
2224 2813 2388 2877 facta
2437 2831 2537 2876 ser
2584 2808 2816 2875 Aloisii
2862 2806 3136 2873 Michael

411 2902 564 2967 olim
613 2901 939 2983 potestatis
986 2903 1184 2966 Lesue
1226 2903 1290 2966 et
1335 2901 1555 2965 notarii
1603 2900 1718 2977 sui,
1784 2919 1902 2982 que
1963 2899 2209 2965 fuerunt
2273 2899 2522 2981 incepta
2567 2899 2631 2962 in
2682 2896 2806 2961 isto
2853 2894 3134 2973 consilio,

409 2992 475 3054 et
519 3006 639 3053 non
685 2990 943 3070 possunt
989 2988 1128 3053 duci
1178 2986 1253 3053 ad
1300 2988 1466 3056 aliud
1516 2987 1846 3052 consilium
1893 2988 2023 3050 sine
2071 2986 2390 3050 voluntate
2445 2983 2628 3049 huius
2675 2983 2938 3061 consilii,
2984 3001 3127 3065 pos-

408 3076 536 3141 sint
574 3093 685 3158 pro
734 3073 956 3138 maiori
1002 3076 1382 3158 expeditione
1417 3076 1556 3139 duci
1604 3075 1682 3138 ad
1729 3073 2056 3138 consilium
2103 3072 2233 3147 XL,
2277 3074 2340 3136 et
2387 3071 2563 3149 illud,
2612 3071 2773 3154 quod
2865 3068 2955 3133 ibi
2999 3070 3126 3149 fiet,

409 3163 639 3229 habeat
685 3161 1067 3238 firmitatem,
1117 3162 1283 3228 sicut
1325 3165 1375 3227 si
1427 3164 1663 3228 factum
1712 3164 1878 3226 esset
1902 3162 1965 3225 in
1991 3163 2111 3225 isto
2151 3160 2531 3241 consilio;et
2572 3159 2624 3222 si
2651 3156 2983 3223 consilium
3008 3159 3134 3222 etc.

495 3253 678 3313 Misti
727 3250 1034 3311 XXVIII
1080 3253 1180 3322 59,
1227 3269 1269 3311 u
1316 3254 1468 3314 mlet.
1519 3255 1758 3313 arkivu.

901 3439 1009 3521 X.
1064 3439 1271 3522 God.
1327 3439 1551 3524 1358.
1607 3439 1709 3523 29
1765 3440 2078 3542 Imma,
2131 3459 2193 3520 u
2246 3436 2638 3519 Mleteih.

417 3572 678 3633 Inabran
727 3567 926 3643 odbor,
973 3566 1055 3625 da
1097 3565 1333 3625 razvidi
1365 3583 1567 3639 prava
1616 3562 1808 3625 [vana
1858 3564 2124 3641 Georyio,
2164 3564 2264 3635 koj
2308 3561 2501 3621 uslied
2544 3560 2703 3620 mira
2746 3575 2779 3619 s
2822 3558 3131 3635 uqarskim

989 3653 1241 3726 kraljem
1284 3654 1480 3728 izyubi
1525 3655 1695 3727 svoju
1756 3650 2080 3712 kneievinu
2126 3649 2545 3710 korcuzansku.

631 3796 794 3861 1358
880 3791 1215 3860 indictione
1274 3790 1388 3867 XI,
1435 3788 1536 3853 die
1574 3788 1916 3871 penultimo
1941 3787 2113 3864 iunii,
2162 3789 2371 3868 capta:
2419 3802 2562 3868 cum
2610 3781 2836 3847 nobilis
2886 3781 2981 3847 vir
3022 3780 3136 3849 Jo-

414 3888 647 3951 hannes
699 3882 962 3966 Georgio
1007 3881 1157 3946 olim
1206 3895 1410 3943 comes
1473 3875 1729 3941 Curzole
1791 3875 2134 3958 comparuit
2179 3890 2385 3938 coram
2432 3869 2700 3936 dominio
2747 3869 3125 3952 supplicans,

410 3976 729 4058 quatenus,
778 3989 920 4036 cum
972 3970 1101 4051 ipse
1147 3967 1233 4030 sit
1293 3966 1574 4048 privatus
1636 3964 1936 4029 comitatu
2003 3963 2067 4027 et
2128 3959 2401 4025 utilitate
2453 3975 2525 4022 ac
2571 3955 2802 4020 honore
2865 3973 2975 4020 suo
3022 3973 3131 4037 pro

411 4080 561 4144 pace
609 4059 774 4124 facta
813 4076 954 4122 cum
1000 4053 1249 4119 domino
1293 4071 1436 4136 rege
1475 4051 1815 4133 Hungarie‚
1849 4052 1913 4112 et
1943 4067 2062 4113 non
2110 4047 2196 4111 sit
2227 4045 2611 4121 convenienS‚
2651 4044 2723 4107 ut
2756 4041 2936 4142 illud,
2973 4040 3136 4141 quod

409 4167 519 4231 pro
566 4147 838 4212 utilitate
890 4143 1148 4226 publica
1195 4141 1431 4204 factum
1479 4141 1594 4213 est,
1643 4138 1872 4202 debeat
1917 4137 1980 4200 in
2022 4135 2216 4218 ipsius
2262 4134 2559 4198 damnum
2606 4131 2672 4194 et
2717 4126 3128 4228 preludicium

412 4234 767 4304 redundare,
814 4231 1211 4314 dignaremur
1257 4227 1456 4291 eidem
1502 4223 1741 4307 aliquos
1785 4225 2026 4288 nostros
2074 4221 2312 4285 nobiles
2364 4219 2682 4300 deputare,
2729 4235 2835 4299 qui
2880 4215 3138 4313 audlant

410 4325 474 4387 et
520 4320 871 4387 examinent
916 4317 1060 4400 jura
1121 4332 1251 4392 sua,
1316 4316 1379 4378 et
1437 4312 1664 4377 satiant
1725 4329 1835 4375 seu
1895 4307 2239 4385 consulant,
2302 4308 2457 4390 quod
2506 4305 2593 4369 sit
2639 4303 2912 4402 iustum:
2962 4298 3137 4401 vad-rt

414 4428 592 4493 pare,
642 4425 783 4472 cum
832 4405 1063 4470 nemini
1109 4403 1194 4468 sit
1237 4399 1594 4483 deneganda
1639 4397 1900 4477 iustitia,
1949 4395 2108 4479 quod
2151 4395 2468 4477 eligantur
2511 4391 2583 4490 in·
2623 4407 2840 4454 malon
2872 4387 3128 4486 consilio

409 4497 681 4580 quinque
743 4494 1048 4575 sapientes
1110 4508 1215 4572 per
1274 4488 1659 4562 electionem,
1708 4485 1815 4569 qui
1862 4486 2118 4549 audiant
2168 4483 2382 4564 ipsum
2426 4478 2737 4548 comitem,
2782 4478 2846 4539 et
2893 4491 3130 4575 exami-

413 4585 565 4647 nent
610 4581 746 4645 iura
792 4597 922 4657 sua,
972 4582 1035 4642 et
1080 4576 1230 4640 dent
1276 4575 1449 4640 nobis
1496 4592 1677 4638 suum
1725 4570 2049 4637 consilium
2097 4571 2160 4633 in
2205 4567 2473 4650 scriptiS‚
2519 4581 2661 4628 cum
2721 4579 2839 4644 quo
2900 4578 3133 4625 erimus

411 4671 530 4749 hic,
580 4673 643 4732 et
688 4669 814 4745 fiet,
858 4667 1021 4731 sicut
1066 4663 1408 4739 videbitur3
1457 4662 1521 4724 et
1566 4659 1801 4742 possint
1846 4675 2069 4740 ponere
2094 4658 2330 4739 partem
2365 4656 2493 4718 tres
2529 4667 2761 4795 eorum,
2805 4647 2952 4712 etsi
2998 4649 3127 4711 tres
