3620 5282
461 384 594 450 360

461 559 687 625 minus.
735 560 818 625 Et
863 559 916 624 si
964 577 1001 624 a
1048 556 1501 640 complemento
1545 554 1769 620 ultime
1815 554 2135 620 electionis
2182 554 2539 621 defficerent
2581 555 2661 619 ad
2709 555 3049 640 predictum
3076 578 3194 624 nu-

471 667 715 713 merum
758 649 809 713 L
834 649 1097 729 quatuor
1143 645 1241 711 vel
1278 644 1421 709 inde
1467 642 1648 721 infra,
1698 644 1761 708 et
1798 643 2109 721 similiter,
2158 642 2468 725 completo
2495 662 2778 723 numero,
2816 644 3012 728 aliqui
3057 646 3193 713 def-

459 734 734 814 ficerent‚
798 735 952 798 fiant
1013 753 1122 817 per
1169 733 1260 797 IV
1304 750 1526 796 manus
1589 729 1966 796 eleccionum
2013 731 2074 796 in
2120 730 2342 796 maiori
2388 730 2666 796 consilio.
2736 733 2819 798 Et
2863 733 3047 799 duret
3093 736 3187 800 di-

461 824 632 888 ctum
700 822 1027 888 consilium
1090 839 1198 903 per
1262 821 1389 884 tres
1447 837 1724 896 menseS,
1792 819 1858 883 et
1924 837 2034 902 per
2079 818 2195 884 XV
2256 819 2384 883 dies
2452 821 2599 884 ante
2668 820 3187 904 complementum

459 910 609 976 dicti
658 908 899 975 consilii
945 907 1230 975 veniatur
1263 909 1341 972 ad
1379 906 1547 972 istud
1585 905 1932 985 consilium,
1981 908 2044 972 et
2074 906 2202 986 fiet,
2244 907 2406 973 sicut
2428 906 2758 974 videbitur.
2795 908 2956 989 161;
3007 913 3184 993 capta

461 997 537 1063 de
581 1017 704 1063 non
749 996 913 1074 2793
963 1015 1082 1062 non
1129 995 1352 1061 sinceri
1397 995 1504 1059 42.

548 1087 761 1148 Maius
807 1084 1153 1148 Consilium.
1183 1086 1433 1147 Novella
1481 1086 1581 1156 55,
1627 1103 1671 1145 u
1714 1085 1933 1144 arkivu
1966 1084 2326 1146 mletadkom.

651 1277 1179 1359 DXXXVII.
1258 1276 1464 1359 God.
1521 1275 1738 1360 1357.
1797 1278 1897 1360 16
1952 1277 2450 1377 studcnoga,
2504 1299 2567 1359 ιι
2618 1276 3007 1361 Mlctcih.

477 1403 896 1477 Ustanovb'eno
942 1403 1092 1463 deba
1110 1450 1125 1480 ‚
1173 1403 1334 1463 kada
1392 1420 1456 1462 sc
1512 1419 1682 1462 mora
1738 1403 1999 1462 molbeno
2059 1404 2213 1463 viede
2274 1404 2546 1477 sakupiti
2589 1421 2634 1464 u
2665 1405 2849 1479 poslu
2909 1408 3049 1466 rata
3065 1423 3084 1477 ,·
3133 1409 3188 1466 tc

1024 1491 1271 1562 rieseno,
1320 1491 1401 1550 da
1446 1507 1509 1551 se
1551 1493 1749 1565 zaJ'am
1795 1490 1962 1551 adini
2004 1508 2079 1552 za
2122 1492 2364 1552 nabavu
2405 1492 2621 1566 vojske.

679 1611 867 1678 1357.
915 1610 1252 1677 indictione
1299 1610 1410 1689 XI,
1459 1611 1557 1676 die
1603 1610 1754 1676 XVI
1802 1612 2181 1692 novembris,
2231 1612 2451 1696 capta:
2509 1613 2667 1695 quod
2712 1612 3040 1679 consilium
3084 1633 3184 1681 ro-

466 1701 752 1786 gatorum
796 1699 994 1782 possit
1044 1698 1245 1765 vocari
1294 1700 1508 1764 diebus
1553 1698 1719 1777 lune,
1769 1698 2036 1765 mercuri
2085 1701 2148 1765 et
2199 1700 2439 1766 veneris
2486 1699 2563 1765 de
2608 1718 2793 1767 mane
2845 1720 2954 1785 pro
3000 1701 3185 1768 factis

461 1788 644 1854 huius
685 1806 924 1872 guerre,
969 1788 1206 1872 quando
1251 1785 1408 1851 foret
1454 1785 1799 1870 expedienS,
1847 1806 1968 1853 non
2006 1787 2399 1854 obstantibus
2444 1788 2756 1873 aliquibus
2809 1789 3080 1856 consiliis
3121 1790 3184 1855 in

458 1877 836 1942 contrarium
883 1874 1297 1959 loquentibus,

652 1962 907 2047 Capta:
954 1963 1111 2046 quod
1157 1962 1266 2027 fiat
1326 1961 1752 2046 imprestitum
1819 1963 1893 2027 de
1956 1981 2078 2028 una
2137 1981 2250 2048 pro
2298 1962 2345 2029 C
2392 1965 2465 2030 de
2532 1963 2663 2029 illis
2725 1963 2927 2030 tribus
2981 1964 3186 2049 pridie

464 2051 784 2129 consultiS,
824 2069 940 2134 que
985 2069 1106 2115 non
1153 2050 1352 2133 possit
1399 2050 1658 2133 expendi
1704 2051 1768 2113 in
1814 2050 1955 2129 alio,
2023 2070 2209 2136 quam
2273 2053 2335 2116 in
2396 2051 2654 2117 soldatis
2702 2053 3059 2135 equestibus
3121 2055 3186 2119 et

465 2139 856 2223 pedestribus
903 2138 1201 2204 ordinatis
1248 2136 1461 2221 accipi,
1511 2139 1576 2203 et
1614 2137 1719 2221 qui
1767 2138 2216 2204 ordinabuntur
2260 2141 2394 2204 tam
2442 2140 2508 2204 in
2557 2141 2932 2219 Tervisana,
2999 2159 3185 2223 quam

360 2264 389 2288 c
459 2228 523 2291 in
569 2226 759 2291 Istria
804 2226 870 2290 et
913 2223 1271 2303 Sclavonia‚
1335 2228 1399 2290 et
1460 2244 1571 2309 pro
1634 2225 1938 2291 condictis
2000 2245 2210 2292 eorum
2275 2229 2340 2291 et
2399 2227 2752 2293 executione
2805 2228 3005 2311 partis
3051 2228 3184 2293 heri

460 2318 638 2398 capte
681 2313 745 2377 in
791 2313 1045 2379 consilio
1086 2315 1464 2397 rogatorum.
1531 2313 1617 2378 Et
1662 2314 1715 2378 si
1761 2313 1838 2379 de
1884 2313 2025 2379 aliis
2088 2315 2358 2380 denariis
2428 2316 2775 2381 communis
2834 2316 3183 2399 expensatis

460 2401 725 2468 fuissent
762 2401 860 2465 vel
907 2401 1394 2484 expenderentur
1450 2400 1513 2465 in
1574 2402 1894 2483 posterum
1958 2420 2065 2483 pro
2129 2402 2488 2468 executione
2557 2403 2750 2486 partis
2794 2404 2930 2468 heri
2983 2405 3182 2486 capte,

459 2490 832 2554 restituatur
891 2489 966 2555 de
1020 2490 1140 2554 ista
1191 2491 1220 2550 l
1272 2507 1382 2572 pro
1430 2487 1496 2554 C.
1563 2487 1760 2573 Capta
1807 2490 1872 2554 in
1912 2489 2043 2570 XL,
2109 2493 2174 2555 et
2232 2490 2482 2557 fuerunt
2542 2508 2666 2556 nou
2730 2491 3057 2571 sincerii),
3106 2490 3183 2556 de

457 2595 579 2644 non
622 2577 687 2658 5,
735 2577 808 2641 de
856 2578 1030 2660 parte
1076 2576 1179 2640 25.
2551 2626 2556 2629 Ἴ

541 2669 757 2728 Maius
799 2669 1125 2729 consilium.
1172 2670 1421 2730 Novella
1468 2670 1568 2739 56,
1612 2686 1656 2728 u
1698 2670 2043 2731 mletackom
2088 2671 2322 2730 arkivu.

655 2858 1205 2940 DXXXVlll.
1287 2859 1494 2947 God.
1549 2860 1766 2945 1357.
1822 2860 1929 2944 20
1982 2862 2414 2963 prosinca,
2466 2882 2529 2942 ιι
2578 2859 2972 2943 Mlctcih.

759 2985 991 3045 Naeuio
1035 3002 1097 3045 se
1129 2986 1460 3059 poszaniku
1505 2986 1910 3060 aamemzjm
1950 3005 1994 3046 u
2037 2987 2191 3058 ιω,
2236 2988 2392 3048 nerea
2433 3004 2497 3047 se
2540 2987 2679 3047 roua·
2722 2989 2899 3047 maci.

676 3105 861 3170 1357.
904 3105 998 3170 die
1043 3105 1164 3170 XX
1203 3105 1568 3183 decembris,
1638 3108 1854 3189 capta:
1928 3125 2071 3172 cum
2138 3105 2363 3172 nobilis
2425 3107 2520 3173 vir
2580 3127 2680 3173 ser
2731 3107 3182 3174 Constantinus

457 3192 645 3267 Nani,
694 3192 1042 3258 destinatus
1090 3194 1474 3258 ambaxiator
1520 3195 1806 3277 Veglam,
1847 3197 2023 3260 tanto
2068 3197 2343 3278 tempore
2389 3195 2477 3261 ibi
2507 3194 2716 3274 fuerit,
2765 3197 2930 3280 quod
2960 3196 3182 3263 amodo

459 3279 776 3345 debuisset
820 3281 1005 3345 finem
1053 3281 1419 3364 imposuisse
1464 3282 1767 3365 negociis:
1840 3284 2009 3348 vadit
2072 3301 2247 3366 parS,
2299 3283 2461 3367 quod
2504 3283 2810 3350 scribatur
2855 3284 2950 3362 ei,
3016 3283 3182 3367 quod

458 3367 723 3451 receptis
768 3368 1157 3450 presentibus
1203 3368 1493 3434 Venetias
1554 3370 1765 3435 redeat
1829 3388 1968 3434 cum
2033 3370 2217 3451 plena
2278 3369 2712 3437 informatione
2774 3370 3174 3457 agendorum,

459 3473 570 3539 pro
617 3455 839 3537 quibus
885 3455 1019 3520 ivit.
1067 3457 1150 3520 Et
1195 3456 1249 3520 si
1295 3457 1453 3523 forte
1500 3458 1711 3541 aliqua
1756 3457 2133 3541 expedienda
2179 3461 2527 3540 restarent,
2592 3458 2796 3543 possit
2858 3461 3025 3526 stare
3070 3478 3181 3543 per

455 3544 592 3609 octo
639 3543 768 3608 dies
815 3562 852 3609 a
896 3543 1245 3626 receptione
1299 3546 1703 3629 presentium.

538 3634 720 3694 Misti
769 3634 1089 3694 XXVIII.
1135 3637 1240 3707 23,
1285 3654 1329 3695 u
1367 3638 1584 3696 arkivu
1625 3638 1985 3698 mletackom.

1018 3825 1511 3907 DXXXIX.
1585 3825 1788 3908 God.
1846 3827 2062 3927 1357,
2112 3851 2175 3910 u
2226 3827 2618 3912 Mletcih.

610 3950 906 4012 Mleteam‘
948 3954 1105 4026 leupo
1149 3952 1356 4025 vojsku
1391 3953 1561 4025 proti
1603 3955 1923 4028 uyarskom
1966 3955 2172 4025 kraliu
2215 3957 2240 4014 i
2283 3956 2572 4031 nicqovim
2615 3958 3004 4019 saveznikom.

657 4072 847 4137 Pacta
892 4073 1161 4138 tractata
1206 4091 1314 4155 per
1353 4072 1670 4138 dominum
1700 4074 2074 4160 Raynerium
2113 4077 2190 4143 de
2221 4077 2431 4143 Musto
2475 4080 2850 4163 potestatem
2875 4077 3174 4145 Mothone

450 4159 515 4223 et
558 4162 831 4225 correcta
877 4179 985 4242 per
1031 4160 1350 4226 dominum
1392 4162 1799 4228 Benedictum
1848 4162 2050 4248 Aymo
2099 4167 2161 4229 et
2207 4165 2529 4231 dominum
2575 4165 2931 4232 Bertutium
2956 4165 3172 4232 Ziura-

453 4265 599 4310 num
653 4249 855 4331 capita
899 4247 1143 4312 consilii
1191 4250 1559 4331 sapientum,
1611 4250 1783 4315 iuxta
1829 4270 1947 4333 que
1992 4254 2299 4336 assumpti
2349 4253 2594 4319 fuerunt
2638 4256 2713 4319 ad
2748 4254 3056 4337 stipendia
3107 4256 3172 4320 et

448 4333 700 4397 servitia
746 4335 1184 4400 dominationis
1230 4335 1482 4418 quidam
1538 4337 1884 4404 Collenzius
1946 4358 2090 4403 cum
2156 4342 2351 4423 postis
2397 4341 2662 4425 triginta
2708 4344 2827 4407 etc.
2895 4345 2977 4403 In
3037 4346 3172 4405 istis

443 4423 639 4494 pactis
681 4424 929 4498 leyitur:
996 4423 1326 4489 Antedicte
1395 4427 1613 4508 gentes
1661 4426 1724 4489 et
1769 4425 2033 4509 quilibet
2094 4428 2376 4510 gentium
2446 4428 2801 4495 huiusmodi
2847 4432 3169 4495 teneantur

449 4507 514 4571 et
562 4505 823 4573 debeant
866 4512 1214 4593 guerrizare
1258 4530 1468 4595 regem
1515 4513 1853 4597 Hungarie,
1903 4516 2333 4581 committatus
2381 4516 2602 4597 Pisiui,
2667 4517 3169 4583 Patriarchatum

444 4592 971 4677 Aquilegiensem,
1020 4597 1329 4683 Angelum
1377 4600 1451 4665 de
1500 4600 1728 4686 Stayn,
1791 4600 2106 4685 Angelum
2159 4602 2236 4668 de
2285 4603 2572 4669 Postoine
2597 4654 2612 4684 ,
2673 4622 2886 4671 omnes
2948 4602 3169 4670 Carsos

444 4698 517 4745 ac
562 4698 775 4747 omnes
821 4685 884 4749 et
928 4684 1206 4769 singulos
1250 4705 1561 4770 sequaces,
1620 4689 1950 4773 complices
1996 4691 2060 4755 et
2105 4689 2472 4759 adherentes
2521 4691 2686 4776 regis
2730 4692 3056 4778 Hungarie
3102 4691 3166 4757 in
