3620 5282
548 314 678 379 442

552 491 737 557 Istrie
784 490 860 554 ad
909 490 1353 572 expectandum
1403 492 1469 555 et
1513 492 1907 557 inveniedum
1956 493 2194 558 dictum
2241 493 2631 576 capitaneum
2679 488 2915 574 culphy
2961 492 3030 554 et
3085 489 3310 554 dictas

549 578 704 643 alias
751 577 901 641 duas
946 578 1177 659 galeas,
1224 578 1451 660 quibus
1501 581 1566 643 et
1611 579 1870 644 cuilibet
1913 598 2119 644 eorum
2166 599 2275 663 per
2322 582 2567 644 nostras
2612 578 2861 643 litteras
2890 577 3299 661 triplicatae,

548 684 733 728 unam
784 664 1218 728 dimittendam
1269 665 1326 728 in
1372 665 1681 737 Parentio,
1730 668 1995 730 alteram
2047 668 2107 730 in
2155 666 2325 743 Pola,
2403 666 2663 731 terciam
2741 664 3125 730 reservanda
3175 684 3298 746 per

548 755 873 833 patronum
920 751 1163 827 barche,
1209 751 1515 816 scribatur
1557 755 1620 817 et
1665 753 2042 835 percipiatur
2071 772 2378 836 expresse,
2426 754 2590 836 quod
2637 753 2902 817 debeant
2935 752 3291 815 observare

551 841 615 902 et
652 837 987 919 adimplere
1032 838 1197 902 hunc
1241 840 1537 915 ordinem,
1592 840 1882 904 videlicet
1927 838 2087 922 quod
2120 858 2219 903 ser
2258 842 2481 905 Petrus
2526 841 2887 905 Lauredano
2934 857 3080 903 cum
3128 857 3279 903 om-

548 925 728 989 nibus
775 925 903 988 suis
935 924 1285 989 hominibus
1332 925 1406 989 de
1453 926 1605 1008 pede
1651 930 1714 989 et
1751 929 1899 997 tota.
1932 946 2143 991 zurma
2191 947 2301 992 sue
2345 928 2522 1009 galee
2567 928 2817 1007 excepto
2862 926 3169 1002 scribano,
3203 927 3286 989 ut

547 1014 748 1094 possit
794 1013 999 1077 venire
1041 1013 1114 1076 ad
1162 1012 1645 1094 dessignandum
1696 1015 2101 1078 mercationes
2144 1016 2205 1078 in
2269 1016 2582 1086 Venetias,
2642 1012 2867 1077 debeat
2930 1012 3278 1077 ascendere

549 1117 732 1179 super
784 1100 960 1181 galea
1007 1098 1223 1162 subtili
1265 1119 1365 1164 ser
1413 1100 1652 1165 Nicolai
1701 1100 1970 1182 capello,
2020 1103 2127 1183 qui
2174 1119 2274 1165 ser
2320 1101 2615 1166 Nicolaus
2659 1098 2909 1182 Capello
2954 1118 3100 1164 cum
3133 1100 3279 1163 suis

547 1185 900 1250 hominibus
948 1185 1022 1249 de
1068 1186 1222 1268 pede
1267 1189 1332 1251 et
1393 1205 1604 1250 zurma
1665 1189 1889 1252 debeat
1951 1187 2280 1253 ascendere
2341 1207 2524 1270 super
2583 1187 2762 1271 galea
2823 1205 3044 1269 grassa
3112 1185 3279 1250 dicti

549 1270 661 1335 Ser
706 1273 875 1336 Petri
922 1273 1303 1350 Lauredano,
1351 1275 1415 1338 et
1450 1275 1563 1338 hoc
1604 1274 1769 1340 facto
1818 1276 2174 1356 capitaneus
2205 1274 2433 1360 culphy
2477 1293 2619 1338 cum
2668 1274 2848 1357 galea
2878 1273 3100 1339 subtili
3137 1273 3272 1336 sibi

551 1360 883 1423 commissa
929 1364 993 1424 et
1039 1379 1177 1425 cum
1228 1362 1393 1425 dicto
1444 1359 1554 1425 Ser
1599 1362 1786 1426 Petro
1834 1362 2194 1427 Lauredano
2239 1379 2379 1425 cum
2427 1380 2540 1426 sua
2583 1361 2765 1442 galea
2810 1360 3028 1425 subtili
3073 1358 3276 1424 debe-

549 1448 661 1509 ant
706 1447 878 1511 nullo
924 1448 1101 1512 modo
1147 1447 1459 1513 discedere
1507 1450 1580 1512 de
1649 1448 1932 1530 partibus
1987 1450 2191 1526 lstrie,
2241 1449 2346 1511 sed
2395 1459 2713 1531 expectare
2761 1449 3040 1512 nostrum
3086 1464 3275 1510 man-

552 1534 783 1610 datum,
829 1534 986 1615 quod
1031 1535 1148 1599 sibi
1197 1537 1272 1598 de
1317 1535 1488 1599 brevi
1538 1534 1881 1613 mittemus,
1931 1554 2029 1599 ser
2077 1535 2370 1600 Nicolaus
2417 1532 2672 1618 Capello
2722 1551 2860 1598 vero
2906 1552 3045 1598 cum
3094 1533 3271 1598 dicta

549 1620 726 1702 galea
773 1637 988 1702 grossa
1032 1622 1240 1684 veniat
1288 1621 1603 1686 Venecias.
1654 1622 1890 1686 Verum
1934 1624 2134 1704 possit
2194 1626 2255 1686 et
2325 1622 2544 1687 debeat
2604 1622 2965 1702 capitaneus
3019 1619 3264 1705 culphy

550 1726 659 1789 pro
706 1709 982 1788 ponendo
1030 1727 1096 1771 se
1143 1709 1205 1772 in
1252 1709 1480 1786 ordine,
1557 1711 1622 1772 et
1697 1709 1991 1773 similiter
2060 1710 2302 1792 galeam
2377 1710 2801 1773 Lauredanam
2849 1709 3128 1790 accipere
3177 1710 3254 1770 de

554 1793 918 1858 ballistariis
968 1797 1030 1858 et
1075 1795 1427 1859 hominibus
1474 1814 1511 1858 a
1558 1814 1727 1860 remo
1776 1794 1887 1860 Ser
1934 1796 2176 1861 Nicolai
2223 1795 2495 1876 capello,
2545 1795 2887 1877 incipiendo
2950 1796 3029 1858 ab
3098 1793 3255 1869 iuis,

550 1883 654 1963 qui
733 1881 940 1945 volent
1007 1882 1353 1946 voluntarie
1429 1900 1762 1958 remanere,
1841 1886 1905 1947 et
1981 1902 2099 1947 non
2172 1882 2531 1963 accipiendo
2607 1881 2905 1946 comitum
2982 1899 3096 1945 nec
3157 1899 3263 1961 pa·

554 1975 801 2032 tronum
878 1987 990 2032 nec
1068 1969 1335 2052 aliquem
1414 1989 1485 2033 ex
1559 1971 1888 2034 naucleriis
1962 1970 2112 2035 dicti
2187 1988 2286 2034 ser
2360 1970 2624 2045 Nicolai,
2706 1973 2774 2032 ut
2850 1966 3017 2032 dicta
3079 1968 3262 2049 galea

550 2072 765 2137 grossa
812 2073 929 2117 non
979 2059 1293 2121 remaneat
1337 2056 1645 2121 disulcita.
1709 2057 1793 2121 Et
1839 2058 2205 2121 comittatur
2240 2057 2405 2121 dicto
2451 2058 2768 2139 capitaneo
2812 2054 3064 2137 culphy,
3097 2055 3262 2137 quod

552 2142 826 2222 predicta
870 2142 1061 2206 faciat
1107 2163 1290 2225 quam
1336 2144 1606 2224 prestius
1653 2143 1902 2224 poterit,
1946 2150 2012 2207 et
2057 2162 2167 2206 nos
2212 2144 2503 2207 informet
2550 2161 2656 2224 per
2699 2160 2846 2206 suas
2893 2141 3141 2206 litteras
3185 2140 3264 2203 de

556 2228 843 2293 omnibus
890 2230 1081 2306 noviS,
1130 2249 1247 2311 que
1294 2232 1557 2294 senserit
1602 2232 1661 2294 in
1712 2231 2014 2311 partibuS,
2066 2232 2128 2295 in
2176 2230 2401 2314 quibus
2449 2231 2525 2294 de
2574 2230 2844 2311 proxime
2881 2227 3023 2303 fuit,
3071 2232 3136 2290 et
3181 2228 3258 2291 de

555 2316 842 2380 omnibus
889 2315 1029 2380 aliis
1076 2316 1196 2380 sibi
1246 2318 1632 2393 necessariiS,
1678 2322 1740 2381 et
1778 2337 1896 2399 que
1943 2317 2060 2380 sibi
2110 2317 2496 2381 videbuntur.
2564 2317 2652 2380 De
2697 2318 2876 2397 parte
2919 2314 3030 2390 48,

764 2402 876 2466 Ser
921 2403 1293 2467 Benedictus
1327 2405 1410 2469 Su
1422 2404 1700 2483 perancio
1729 2410 2103 2486 procurator,
2140 2423 2237 2467 ser
2269 2403 2618 2468 Leonardus
2653 2403 2907 2479 Bembo,
2939 2420 3040 2464 ser
3073 2401 3264 2465 Bam-

555 2488 766 2552 bertus
814 2486 1089 2567 Quirino,
1138 2509 1238 2553 ser
1282 2491 1505 2555 Justus
1552 2489 1976 2555 Contaremus.
2025 2490 2257 2572 Capta:
2303 2491 2450 2573 quia
2496 2492 2619 2554 ista
2664 2489 2934 2570 negotia,
2959 2506 3080 2571 que
3127 2505 3267 2569 pro·

553 2575 752 2657 posita
792 2577 937 2639 sunt
982 2578 1053 2641 de
1089 2578 1280 2654 ,sactis
1326 2578 1535 2654 Jadre,
1586 2582 1731 2643 sunt
1777 2582 1950 2641 tante
1999 2577 2399 2659 importantia
2445 2578 2635 2644 statui
2686 2580 2915 2652 nostre,
2963 2576 3267 2658 quantum

554 2682 693 2727 esse
744 2665 1015 2742 possunt,
1067 2668 1320 2747 propter
1366 2667 1525 2747 quod
1574 2668 1672 2729 est
1712 2666 2032 2730 habendus
2082 2666 2276 2729 bonus
2324 2668 2636 2746 respectus
2682 2665 2748 2728 et
2817 2663 2986 2730 bona
3024 2662 3257 2726 delibe-

555 2750 714 2813 ratio
762 2751 890 2814 tam
939 2752 1368 2833 principaliter
1412 2754 1490 2816 ad
1537 2755 1670 2832 ipsa
1716 2753 1972 2834 negocia
2018 2770 2202 2833 quam
2275 2753 2348 2814 ad
2426 2753 2632 2815 omnia
2701 2749 2833 2823 illa,
2882 2767 2999 2831 que
3047 2751 3267 2813 darent

555 2837 941 2918 principium,
994 2841 1241 2919 propter
1286 2841 1444 2921 quod
1492 2858 1813 2920 possemus
1860 2841 2095 2903 intrare
2143 2858 2211 2902 ex
2259 2842 2480 2919 arupto
2517 2840 2580 2902 in
2611 2838 2796 2901 dictis
2827 2836 3050 2910 factis;
3102 2835 3273 2899 vadit

555 2941 717 3004 pars,
767 2924 927 3004 quod
977 2926 1107 2988 tam
1154 2928 1360 3006 partes
1424 2926 1816 3008 principales,
1884 2943 2072 3007 quam
2123 2925 2245 2990 ista
2313 2942 2455 3006 pars
2517 2923 2883 2988 retentionis
2951 2925 3269 3004 galearum

557 3015 905 3074 nostrarum
945 3015 1135 3088 extra,
1185 3031 1302 3094 que
1348 3013 1455 3077 dat
1500 3013 1868 3094 principium
1934 3013 2087 3095 ipsis
2151 3010 2444 3092 negociis,
2504 3011 2703 3074 differi
2768 3009 3034 3073 debeant
3083 3027 3275 3090 usque

557 3098 718 3160 diem
768 3099 1101 3162 crastinam
1155 3103 1294 3180 post
1336 3118 1584 3174 nonam,
1637 3107 1705 3163 ut
1735 3117 1948 3162 omnes
1982 3100 2228 3172 possint
2254 3099 2478 3163 habere
2511 3098 2736 3162 bonum
2774 3098 3272 3178 pensamentum,

556 3187 617 3246 et
664 3184 815 3246 tunc
862 3185 1142 3248 venietur
1191 3187 1327 3262 huc,
1376 3187 1440 3250 et
1479 3205 1659 3266 super
1708 3184 2002 3266 predictis
2041 3189 2104 3248 et
2152 3184 2314 3261 aliis,
2364 3204 2482 3265 que
2526 3183 2915 3265 apparerent,
2989 3182 3277 3262 provide·

557 3271 742 3342 bitur,
770 3270 931 3334 sicut
979 3272 1194 3335 utilius
1240 3273 1579 3353 apparebit.
1632 3273 1725 3336 De
1768 3275 1944 3354 parte
1994 3273 2111 3346 753
2160 3272 2235 3334 de
2283 3290 2399 3334 non
2450 3273 2523 3345 2;
2572 3288 2695 3334 non
2741 3269 2966 3333 sinceri
3010 3268 3077 3330 5.

642 3375 882 3438 Secreta
931 3378 1102 3438 Cons.
1148 3381 1295 3454 Roy.
1350 3376 1402 3439 I.
1452 3384 1553 3457 40,
1600 3398 1642 3438 u
1686 3381 1843 3440 mlet.
1891 3381 2126 3438 arkivu.

940 3565 1233 3647 DCIX.
1290 3566 1489 3648 God.
1547 3567 1766 3649 1401.
1824 3568 1878 3649 6
1926 3567 2354 3667 prosince,
2404 3587 2464 3645 u
2518 3564 2902 3647 lissetclh.

562 3706 744 3778 Tajni
791 3707 1066 3781 doyovori
1108 3725 1138 3766 s
1174 3710 1419 3780 njekimi
1467 3708 1741 3767 Zadrani
1789 3727 1822 3766 o
1870 3714 2002 3776 tom,
2051 3709 2138 3765 da
2167 3707 2374 3766 Zadar
2412 3707 2624 3779 prodje
2669 3723 2711 3763 u
2754 3705 3050 3763 mletadku
3094 3703 3275 3763 vlasae.

776 3808 959 3871 1401.
1008 3808 1342 3872 indictione
1388 3810 1647 3888 decima,
1679 3810 1777 3872 die
1819 3810 1904 3872 VI
1937 3808 2304 3872 decembris.
2351 3808 2461 3873 Ser
2496 3805 2870 3871 Benedictus
2903 3803 3276 3886 Superantio

558 3896 941 3975 procurator,
990 3914 1089 3958 ser
1138 3895 1406 3959 Karolus
1454 3896 1625 3960 Geno
1674 3899 2047 3978 procurator,
2101 3915 2202 3959 ser
2247 3895 2599 3958 Leonardus
2633 3892 2886 3968 Bembo,
2921 3910 3021 3954 ser
3051 3890 3277 3954 Justus

562 3981 928 4061 ContarenO,
979 3981 1287 4062 sapientes
1333 3983 1595 4046 consilii.
1644 3983 1879 4063 Capta:
1929 3984 2075 4065 quia
2118 4002 2215 4045 res
2253 3983 2377 4046 ista
2407 3980 2722 4062 proposita
2752 3978 2928 4042 nobis
2960 3995 3070 4061 per
3119 3976 3280 4040 hunc

558 4067 873 4132 valentem
923 4068 1121 4131 virum
1170 4069 1418 4132 fidelem
1468 4073 1743 4133 nostrum
1794 4088 1902 4132 suo
1951 4068 2194 4133 nomine
2263 4070 2329 4131 et
2388 4068 2635 4131 nomine
2700 4064 2964 4130 aliorum
3017 4068 3278 4146 quatuor

561 4153 861 4218 nobilium
911 4154 1310 4218 Jadrensium
1357 4155 1742 4226 habentium,
1790 4157 1862 4219 ut
1907 4156 2076 4231 dicit,
2128 4173 2418 4237 magnam
2462 4152 2781 4234 sequelam
2816 4150 3134 4226 aliorum,
3183 4150 3280 4212 est

560 4260 658 4304 res
704 4243 947 4305 tantum
998 4242 1191 4305 ardua
1237 4243 1303 4305 et
1346 4244 1689 4323 ponderosa
1736 4242 1932 4306 statui
1980 4245 2206 4314 nostro,
2250 4243 2554 4322 quantum
2603 4256 2812 4321 pauce,
2861 4255 2979 4320 que
3024 4235 3279 4318 proponi

562 4328 912 4409 potuissent
959 4327 1152 4401 nobis,
1203 4330 1452 4409 propter
1498 4347 1681 4410 quam
1715 4347 1964 4391 causam
2001 4326 2452 4410 procedendum
2488 4326 2588 4389 est
2620 4326 2680 4388 in
2723 4342 2795 4388 ea
2830 4342 2976 4387 cum
3008 4322 3274 4387 solemni

560 4416 623 4477 et
672 4417 915 4478 matura
961 4414 1420 4491 deliberatione,
1471 4416 1914 4479 considerando
1961 4414 2116 4478 bene
2166 4413 2557 4495 principium,
2631 4411 2909 4475 medium
2956 4412 3020 4474 et
3064 4411 3278 4484 finem,

558 4519 709 4581 quos
756 4504 960 4582 posset
1001 4501 1247 4574 habere,
1297 4503 1366 4565 ut
1406 4521 1518 4583 per
1566 4520 1684 4565 non
1734 4502 1956 4565 bonam
2005 4501 2414 4583 provisionem
2456 4501 2570 4561 aut
2617 4497 3122 4562 deliberationem
3156 4513 3274 4558 non

559 4587 983 4666 perveniretur
1030 4590 1108 4651 ad
1153 4588 1428 4651 infinitos
1474 4608 1727 4664 errores,
1775 4587 1965 4651 dubia
2011 4591 2076 4652 et
2113 4585 2409 4670 pericula,
2437 4602 2589 4666 quos
2616 4586 2681 4648 et
2710 4601 2827 4665 que
2857 4583 3114 4664 possent
3144 4585 3271 4644 tra-

562 4672 707 4737 here
754 4676 897 4755 post
942 4693 1039 4750 se;
1090 4674 1262 4739 vadit
1305 4693 1469 4756 pars,
1518 4675 1679 4758 quod
1729 4674 1846 4758 ipsi
1892 4677 2098 4740 nostro
2171 4672 2338 4739 fideli
2417 4673 2526 4738 fiat
2605 4670 2922 4754 responsio
3002 4669 3069 4733 in
3113 4668 3276 4732 hunc
