3620 5282
2920 352 3045 416 397

317 519 552 584 minum
602 537 812 602 regem
860 519 1139 601 deponet.
1188 518 1252 583 Si
1304 538 1442 582 vero
1498 538 1618 582 non
1667 518 2002 602 deponeret
2051 541 2212 596 eum,
2286 521 2429 605 quia
2501 525 2630 605 ipse
2678 523 3053 589 deliberaret

320 608 529 671 venire
577 607 890 679 VenetiaS‚
941 605 1247 683 volumus,
1299 606 1455 687 quod
1504 606 1563 669 in
1613 610 1731 671 isto
1773 628 1917 672 casu
1968 609 2294 690 premittat
2369 610 2545 674 nobis
2615 630 2734 675 una
2802 614 2874 674 de
2925 617 3052 675 suis

326 694 521 777 galeis
570 713 710 758 cum
764 695 947 777 plena
996 693 1428 757 informatione
1475 696 1773 767 omnium,
1824 716 1943 776 que.
1991 697 2263 770 habebit,
2313 701 2375 759 et
2440 699 2648 762 veniat
2716 699 3053 764 differendo

322 783 387 845 et
432 782 828 846 bistantando
875 786 1141 859 tantum,
1191 781 1351 864 quod
1400 781 1619 845 saltem
1667 802 1773 864 per
1820 802 2004 847 unam
2055 785 2238 862 diem,
2284 787 2613 867 antequam
2666 788 2864 872 possit
2924 808 3055 851 esse

325 869 628 945 VenetiiS,
702 888 810 933 nos
881 872 1294 950 receperimus
1366 870 1607 951 galeam
1687 872 2049 952 predictam,
2099 877 2170 935 ut
2217 874 2525 953 possimus
2568 876 2884 955 providere
2934 875 3052 951 his,

322 975 438 1038 que
485 959 611 1020 sint
658 958 990 1021 secundum
1040 957 1331 1021 honorem
1381 977 1559 1021 suurn
1612 961 1674 1021 et
1739 964 2042 1022 nostrum.
2119 960 2210 1024 De
2277 962 2451 1041 parte
2529 962 2630 1033 83,
2695 961 2771 1024 de
2821 981 2938 1025 non
2991 965 3051 1040 3,

322 1062 436 1107 non
486 1045 710 1109 sinceri
765 1049 817 1108 l.

414 1153 597 1211 Misti
642 1149 900 1213 XLIII.
954 1150 1101 1226 165,
1150 1170 1192 1211 u
1237 1153 1392 1213 mlet.
1445 1155 1676 1212 arkivu.

655 1340 1083 1422 DXLVII.
1139 1340 1342 1423 God.
1404 1342 1626 1425 1397.
1679 1344 1767 1423 11
1817 1341 2167 1443 siaonia,
2226 1366 2283 1424 u
2333 1344 2725 1427 Mletcih.

326 1464 629 1541 Savietujc
674 1484 735 1524 se
771 1469 1149 1539 poslam'lcom
1171 1468 1563 1541 francezkoya
1589 1470 1791 1541 kralja
1838 1471 2168 1540 ivelikasa,
2205 1472 2357 1529 nelca
2377 1473 2603 1543 predju
2635 1491 2675 1530 u
2710 1473 3054 1545 Dalmactju

327 1555 365 1611 k
396 1556 726 1627 aqam-hm.
776 1557 997 1627 kralju,
1063 1557 1163 1628 koj
1222 1556 1283 1614 ῥα
1315 1557 1417 1627 jih
1461 1558 1718 1629 najboIJ'e
1763 1558 2095 1614 obaviestiti
2141 1575 2173 1615 o
2215 1559 2560 1629 fmncezkih
2618 1561 3055 1634 zarobbem'cih‚

415 1643 721 1701 nazazecih
761 1659 823 1701 se
870 1661 910 1700 u
980 1643 1183 1716 Srbaji.
1261 1643 1582 1717 Odredjuje
1627 1662 1688 1702 se
1734 1645 2091 1716 oborufianje
2149 1647 2341 1719 yalija
2388 1664 2460 1704 za
2504 1648 2735 1706 obranu
2779 1667 2964 1710 mora.

543 1760 733 1824 1396.
790 1762 886 1825 die
933 1762 1251 1826 undecimo
1297 1761 1580 1827 ianuarii.
1634 1763 1959 1844 Sapientes
2006 1764 2251 1828 consilii
2303 1773 2367 1829 et
2413 1767 2721 1847 sapientes
2748 1768 3053 1832 ordinum.

332 1847 564 1931 Capta:
612 1851 753 1930 quia
806 1849 910 1912 isti
961 1849 1205 1925 Gallici,
1256 1852 1359 1931 qui
1411 1851 1531 1913 huc
1607 1855 1907 1914 venerunt
1985 1870 2092 1932 pro
2164 1858 2338 1933 parte
2385 1854 2767 1918 serenissimi
2816 1856 3048 1919 domini

330 1939 495 2018 regis
545 1938 818 2012 Francia,
867 1937 1095 2001 domini
1139 1937 1312 2001 ducis
1358 1938 1708 2020 Burgondie
1734 1943 1806 2002 ret
1838 1940 2097 2002 aliorum
2137 1941 2517 2004 dominorum
2554 1943 2831 2020 Francie,
2874 1943 3052 2007 nobis

335 2022 395 2088 in
444 2025 660 2088 effectu
709 2024 1013 2102 dixerunt,
1064 2026 1220 2106 quod
1276 2026 1386 2107 ipsi
1437 2027 1664 2090 babent
1713 2027 1773 2088 in
1827 2028 2134 2091 mandatis
2206 2047 2240 2091 a
2287 2029 2553 2092 dominis
2601 2030 2728 2092 suis
2781 2048 2900 2094 non
2950 2034 3052 2093 de-

333 2112 513 2175 bendi
588 2113 943 2193 repatriare,
1017 2114 1135 2175 nisi
1212 2115 1455 2175 videant
1503 2114 1776 2195 captivos
1841 2133 2000 2188 suOS,
2050 2117 2112 2179 et
2161 2117 2444 2179 videntur
2495 2118 2652 2180 velle
2700 2119 2967 2199 incipere
3016 2138 3052 2182 a

332 2198 575 2263 domino
623 2200 846 2263 comite
894 2200 1276 2264 Nivernense
1336 2201 1460 2263 filio
1509 2204 1652 2265 dicti
1719 2202 1947 2265 domini
1984 2205 2153 2265 ducis
2186 2204 2555 2286 But-gondie,
2610 2209 2673 2268 et
2704 2206 3051 2269 successive

332 2290 546 2369 postea
594 2287 751 2351 velle
795 2289 880 2350 ire
928 2287 1517 2369 Constantinopolim
1569 2293 1630 2352 et
1676 2289 1894 2352 deinde
1945 2291 2002 2352 in
2030 2289 2358 2353 'Purchiam
2394 2295 2466 2356 ad
2504 2293 2831 2355 videndum
2868 2293 3044 2368 alioS,

334 2375 439 2455 qui
488 2374 573 2437 ibi
622 2376 784 2448 sunt,
837 2375 1215 2456 requirentes
1264 2376 1583 2439 consilium
1619 2382 1900 2440 nostrum
1950 2382 2012 2438 et
2055 2383 2332 2441 nostrum
2383 2381 2680 2442 auxilinm
2726 2384 2787 2441 et
2836 2398 3045 2460 passa-

333 2462 505 2543 gium
555 2464 629 2525 ad
682 2464 976 2542 possendo
1026 2462 1283 2544 implere
1333 2464 1641 2544 predicta3
1716 2464 1893 2529 vadit
1940 2484 2098 2545 para,
2149 2466 2307 2547 quod
2360 2466 2803 2548 respondeatur
2850 2472 2913 2530 et
2956 2468 3052 2530 di-

334 2551 511 2613 catur
553 2549 801 2624 eisdem,
852 2550 1010 2632 quod
1062 2551 1233 2613 novit
1277 2550 1426 2613 dens
1454 2551 1822 2633 passionem,
1856 2570 2038 2634 quam
2074 2554 2454 2633 portavimus
2492 2556 2563 2616 de
2622 2554 3051 2618 infelicissimo

337 2656 479 2701 casu
530 2640 894 2718 magnatum
945 2641 1007 2701 et
1039 2638 1342 2703 nobilium
1396 2638 1805 2719 predictorum
1857 2644 1987 2702 tam
2052 2641 2128 2703 ob
2196 2640 2778 2722 contemplationem
2854 2644 3052 2707 excel-

337 2725 820 2790 lentissimorum
870 2727 1212 2808 principum
1264 2727 1539 2802 Francie,
1589 2746 1772 2809 quam
1818 2744 1927 2808 pro
1978 2727 2130 2790 bono
2177 2728 2316 2792 fidei
2362 2732 2571 2792 sancte
2617 2730 2733 2810 dei,
2785 2732 2848 2792 et
2894 2731 3049 2794 reci-

338 2813 578 2894 piemus
627 2832 920 2896 magnam
969 2815 1465 2887 consolatione-in,
1514 2816 1753 2894 quando
1802 2814 2159 2890 sentiemus,
2210 2816 2376 2896 ipsos
2423 2816 2713 2879 liberatos
2746 2836 2910 2897 esse;
2945 2816 3052 2880 sed

338 2901 501 2964 sicut
546 2901 664 2964 sibi
707 2902 975 2964 diximus
1023 2907 1086 2965 et
1133 2903 1253 2965 dici
1303 2900 1580 2974 fecimuS,
1627 2901 1952 2964 consilium
2002 2903 2066 2964 et
2111 2920 2322 2983 parere
2371 2906 2646 2966 nostrum
2695 2907 2809 2982 est,
2883 2909 3053 2985 post-

338 3006 519 3069 quam
563 2988 995 3052 serenissimus
1043 2989 1329 3052 dominus
1381 3007 1482 3050 rex
1528 2987 1851 3070 Hungarie
1896 2990 1994 3051 est
2061 3007 2386 3053 mansurus
2464 2992 2525 3054 in
2572 2991 2854 3072 partibus
2903 2992 3054 3056 Dal-

344 3075 530 3139 matie
579 3076 787 3157 aliquo
835 3080 1128 3157 tempore,
1179 3080 1249 3139 ut
1295 3077 1614 3154 habemus,
1663 3079 1727 3139 et
1771 3076 2228 3140 rationabiliter
2258 3076 2443 3141 debet
2475 3078 2761 3141 habuisse
2795 3098 3051 3160 respon-

344 3180 480 3226 sum
531 3163 602 3225 de
650 3163 908 3239 nunciis,
958 3182 1111 3244 quos
1161 3165 1333 3227 misit
1376 3165 1437 3227 in
1485 3163 1770 3227 Bassiam
1821 3183 1928 3244 pro
1973 3164 2151 3227 factis
2184 3165 2414 3229 domini
2452 3166 2697 3229 comitis
2729 3167 3047 3245 antedicti,

341 3251 501 3330 quod
549 3250 778 3314 directe
826 3254 890 3314 et
937 3251 1357 3332 principaliter
1402 3253 1630 3316 vadant
1677 3252 1755 3314 ad
1797 3253 2172 3333 presentiam
2222 3271 2419 3329 suam,
2497 3256 2560 3317 et
2605 3253 2682 3316 ab
2729 3255 2862 3336 ipso
2910 3274 3052 3319 sen-

341 3337 510 3400 ciant
556 3338 782 3410 omnia,
831 3356 946 3419 que
1015 3337 1246 3401 fuerint
1313 3340 1722 3413 ethabuerit,
1795 3358 1868 3408 ao
1915 3360 1979 3402 se
2042 3338 2375 3404 informent
2421 3341 2495 3403 de
2546 3340 2664 3405 viis
2712 3349 2775 3405 et
2824 3343 3047 3420 modis,

341 3441 493 3505 quos
541 3424 602 3487 in
650 3424 777 3488 illis
830 3425 1105 3505 partibus
1155 3444 1396 3489 servare
1443 3428 1671 3491 babent
1719 3446 1825 3508 pro
1898 3425 2247 3492 visitatione
2314 3430 2700 3509 captivorum
2771 3448 3048 3505 suorum,

339 3510 446 3594 qui
495 3515 640 3574 sunt
686 3512 746 3575 in
796 3511 1035 3575 Rassia.
1083 3513 1165 3575 Et
1213 3515 1283 3577 ut
1327 3513 1443 3577 hoc
1490 3515 1688 3579 facere
1738 3515 1990 3595 possint,
2040 3515 2335 3579 faciemus
2382 3516 2499 3579 sibi
2566 3517 2694 3580 dari
2745 3537 2926 3581 unam
2976 3519 3052 3581 de

342 3601 570 3664 nostris
617 3599 832 3681 galeiS,
882 3618 997 3681 que
1040 3600 1205 3680 ipsos
1251 3602 1551 3664 conducet
1589 3605 1663 3664 ad
1710 3602 2029 3666 domiuum
2078 3622 2284 3685 regem
2336 3606 2697 3685 predictum,
2732 3608 2796 3667 et
2832 3607 3052 3669 comit-

341 3690 545 3751 temus
594 3690 864 3768 patrono,
914 3687 1071 3770 quod
1120 3705 1221 3750 eos
1264 3688 1546 3751 attendat
1594 3688 1655 3751 in
1700 3688 1852 3765 1000,
1902 3691 1963 3752 in
2012 3709 2129 3771 quo
2178 3691 2341 3772 ipsos
2389 3694 2649 3773 deponet
2680 3693 2916 3757 duobus
2950 3694 3048 3757 vel

341 3775 543 3838 tribus
592 3774 829 3850 diebuS,
875 3779 945 3838 ut
990 3777 1220 3855 postea,
1269 3775 1320 3836 si
1370 3775 1812 3851 deliberabunt,
1862 3778 2058 3857 possit
2097 3780 2259 3858 ipsos
2305 3782 2638 3843 conducere
2700 3780 3049 3862 Ragusium

344 3862 442 3926 vel
487 3864 561 3925 ad
608 3863 763 3927 alias
812 3863 1017 3944 partes
1064 3862 1231 3926 intra
1276 3862 1590 3944 culphnm,
1634 3866 1697 3925 et
1741 3863 1955 3927 deinde
2033 3868 2315 3945 prosequi
2395 3867 2555 3930 viam
2632 3885 2828 3943 suam,
2906 3871 3052 3950 quia

341 3950 490 4031 ipsis
538 3950 829 4032 depositis
877 3951 1198 4032 providere
1246 3951 1531 4029 poterunt
1575 3950 1649 4014 de
1694 3951 1889 4015 eundo
1938 3950 2015 4014 ad
2065 3957 2272 4035 partes
2305 3953 2524 4018 Rassie
2555 3955 2631 4018 ad
2665 3954 3050 4036 implendum

345 4056 436 4107 ea,
484 4058 600 4120 que
646 4039 878 4103 habent
926 4039 985 4101 in
1036 4037 1369 4101 mandatis.
1418 4038 1501 4100 Et
1546 4039 1690 4122 quia
1736 4039 1901 4103 dicta
1948 4039 2127 4122 galea
2190 4041 2390 4105 multo
2462 4045 2735 4124 ternpore
2783 4044 2842 4106 in
2895 4044 3050 4108 mari

343 4128 481 4201 fuit,
530 4127 620 4190 ita
660 4128 815 4210 quod
867 4145 984 4190 non
1033 4127 1243 4207 posset
1304 4125 1456 4189 bene
1503 4125 1673 4208 sequi
1723 4127 1994 4208 viagium
2045 4126 2625 4210 Constantinopoli-5,
2669 4131 3050 4212 providimus

342 4220 417 4281 de
465 4215 740 4279 faciendo
789 4214 1014 4278 armari
1064 4216 1128 4277 et
1172 4212 1437 4295 expediri
1484 4217 1692 4296 presto
1742 4232 1922 4278 unam
1993 4216 2180 4279 aliam
2228 4219 2498 4282 nostram
2547 4217 2813 4298 galeam,
2862 4237 3046 4299 quam

343 4304 661 4368 mittemus
706 4301 784 4365 ad
830 4300 1160 4365 levandum
1209 4308 1272 4365 et
1318 4301 1778 4366 conducendum
1827 4303 2071 4366 eosdem
2118 4306 2193 4367 ad
2230 4311 2432 4384 partes
2467 4303 3049 4387 Constantinopolis,

340 4393 413 4455 ut
458 4394 521 4454 in
568 4395 770 4453 totum
813 4390 1055 4471 possint
1100 4388 1314 4466 exequi
1358 4389 1654 4453 mandata
1720 4391 2109 4454 dominorum
2160 4408 2436 4455 suorum.
2504 4392 2587 4455 Et
2632 4412 2705 4456 ex
2759 4412 2921 4456 nunc
2966 4396 3051 4456 sit

341 4481 610 4559 captum,
658 4477 818 4560 quod
864 4477 1024 4541 facto
1070 4477 1310 4541 cambio
1353 4477 1426 4541 de
1472 4479 1708 4556 coprire
1754 4479 1927 4559 galee
1997 4478 2354 4554 Barbadice,
2428 4481 2492 4542 et
2557 4479 2760 4544 levato
2809 4480 3047 4544 biscoto

337 4583 449 4647 pro
494 4582 558 4628 se
605 4566 670 4627 et
713 4564 889 4645 galea
935 4562 1259 4637 Michaela,
1308 4583 1423 4645 que
1470 4567 1566 4627 est
1616 4565 1675 4627 in
1724 4564 2005 4645 partibus
2053 4566 2344 4640 Parentii,
2395 4570 2465 4630 ut
2510 4568 2706 4647 possit
2753 4569 2949 4630 redire
2986 4570 3047 4631 in

340 4651 589 4715 Cretam
638 4652 713 4713 ad
765 4650 1251 4727 disarmandum‚
1300 4654 1364 4713 et
1409 4650 1702 4716 similiter
1748 4651 1947 4734 posito
1996 4653 2192 4715 banco
2241 4654 2415 4736 galee
2462 4654 2695 4735 culphi,
2746 4654 3048 4718 solicitari

336 4741 542 4822 presto
590 4738 810 4802 debeat
851 4741 1308 4803 armamentum
1353 4738 1536 4803 istius
1584 4739 1758 4822 galee
1804 4758 1914 4821 pro
1956 4740 2153 4803 eundo
2197 4742 2277 4804 ad
2324 4741 2652 4809 levandum
2686 4742 2882 4806 dictos
2929 4760 3035 4805 no-
