3620 5282
3055 370 3174 435 137

658 548 814 610 ltem
861 565 1045 628 super
1090 565 1160 611 eo
1229 549 1386 630 quod
1443 565 1550 629 per
1595 548 1857 611 alteram
1921 547 2224 612 dictarum
2288 546 2560 630 partium
2622 545 2969 629 petebatur,
3017 548 3177 629 quod

457 635 705 715 pactum
756 635 1198 699 assessinorum
1226 637 1289 697 et
1333 638 1579 716 pactum
1633 637 2100 710 sententiarum,
2149 656 2264 718 que
2309 636 2468 699 inter
2514 634 2714 698 dictas
2762 636 2966 715 partes
3012 636 3178 716 vige·
3216 636 3225 651 ‘

449 722 619 799 bant,
672 722 1042 786 tollerentur
1088 724 1180 787 vel
1229 722 1531 805 equaliter
1577 725 1980 799 servarentur,
2029 725 2236 787 actum
2287 723 2407 786 fuit
2460 724 2524 785 et
2584 725 2952 784 conventum
3019 721 3180 785 inter

449 808 647 872 dictas
695 809 918 890 parteS,
967 810 1123 891 quod
1152 814 1333 892 pacta
1379 813 1442 873 et
1486 811 1922 874 conventiones
1970 830 2154 892 super
2202 811 2496 891 predictis
2534 809 2687 872 inita
2728 811 2791 871 et
2822 808 2987 871 facta
3019 808 3179 871 inter

451 897 649 960 dictas
697 900 903 978 partes
949 902 1093 961 ante
1151 897 1566 980 supradictam
1624 916 1833 980 pacem
1884 898 2102 962 ultimo
2149 897 2395 974 factam,
2447 898 2606 960 inter
2654 896 2899 959 easdem
2973 899 3182 976 partes

453 984 716 1048 debeant
762 986 1200 1049 inviolabiliter
1246 986 1587 1058 observare,
1633 985 1930 1049 custodiri
1970 989 2033 1048 et
2080 986 2416 1050 executioni
2466 983 2761 1047 mandari.

661 1073 817 1135 Item
878 1092 1061 1153 super
1122 1091 1193 1135 eo
1251 1075 1410 1154 quod
1462 1091 1566 1153 per
1628 1073 1890 1137 alteram
1955 1073 2259 1137 dictarum
2307 1073 2577 1155 partium
2623 1070 2970 1153 petebatur,
3019 1069 3179 1151 quod

456 1159 655 1223 coloni
706 1160 1079 1223 Venetorum
1131 1160 1484 1223 habitantes
1531 1161 1592 1223 in
1647 1160 1938 1225 districtu
1989 1162 2278 1225 Paduano
2330 1161 2682 1224 tenerentur
2728 1177 2912 1221 onera
2952 1161 3014 1221 et
3059 1157 3184 1220 fac-

456 1248 655 1311 tiones
698 1246 904 1310 subire
951 1247 1156 1311 sicunt
1200 1248 1435 1312 faciunt
1479 1247 1587 1311 alii
1635 1249 1832 1312 coloni
1881 1248 2110 1311 civium
2164 1248 2616 1323 paduanorum,
2682 1250 2891 1310 actum
2956 1245 3076 1308 fuit
3121 1250 3186 1307 et

459 1336 821 1398 conventum
876 1335 1035 1398 inter
1081 1335 1275 1398 dictas
1323 1339 1551 1418 partes,
1599 1335 1761 1417 quod
1810 1356 1993 1417 super
2041 1336 2151 1399 hoc
2196 1339 2517 1400 serventur
2576 1335 2757 1416 pacta
2805 1334 2960 1397 inita
3025 1333 3185 1395 inter

459 1424 657 1485 dictas
704 1426 908 1502 partes
956 1426 1098 1485 ante
1146 1424 1377 1486 dictam
1425 1443 1633 1504 pacem
1685 1443 1903 1488 novam
1952 1424 2232 1504 superius
2280 1424 2692 1506 designatam,
2743 1423 2806 1485 et
2852 1420 2956 1484 ubi
3006 1423 3186 1501 pacta

461 1509 814 1585 deficerent,
864 1514 1138 1574 servetur
1185 1511 1278 1574 ius
1325 1529 1669 1575 commune.

665 1597 824 1661 Item
873 1616 1056 1678 super
1103 1598 1500 1680 requisitione
1562 1617 1669 1679 per
1728 1598 1994 1661 alteram
2057 1598 2361 1660 dictarum
2430 1597 2700 1678 partium
2763 1594 2929 1659 facta
2990 1595 3186 1658 conti·

457 1686 636 1748 nente
685 1686 759 1748 de
804 1687 1084 1767 expensis
1132 1685 1308 1749 factis
1357 1705 1462 1767 per
1531 1685 1853 1749 dominum
1902 1687 2255 1749 Paduanum
2312 1686 2368 1747 in
2417 1683 2869 1749 constructione
2916 1686 3010 1751 ,et
3084 1683 3184 1745 de-

456 1772 771 1835 struxione
841 1774 1178 1837 castrorum
1249 1773 1611 1837 Portusnovi
1684 1774 1746 1836 et
1791 1772 1995 1837 Castri
2044 1772 2250 1848 Garri,
2323 1775 2531 1837 actum
2575 1771 2696 1834 fuit
2741 1771 2903 1835 inter
2977 1780 3187 1852 partes

461 1858 788 1939 predictae,
832 1861 988 1941 quod
1037 1860 1204 1924 dicta
1250 1860 1563 1925 occasione
1609 1862 1775 1925 dicto
1821 1861 2069 1925 domino
2097 1860 2387 1923 Paduano
2435 1860 2587 1924 nihil
2636 1858 2882 1923 restitui
2920 1856 3013 1922 vel
3054 1857 3186 1921 dari

460 1947 683 2011 debeat
728 1967 835 2027 per
881 1967 1202 2011 commune
1251 1949 1675 2013 Veneciarum.

670 2036 826 2098 Item
877 2055 1060 2117 super
1110 2036 1508 2117 requisitione
1555 2035 1812 2099 alterius
1838 2035 2108 2116 ipsarum
2151 2035 2420 2115 partium
2471 2035 2757 2115 loquente
2790 2034 2862 2096 de
2892 2032 3189 2113 pecuniiS,

460 2140 612 2202 quas
660 2122 882 2185 Veneti
920 2126 1251 2204 coegerunt
1286 2123 1604 2186 dominum
1639 2122 2004 2186 Paduanum
2038 2124 2179 2187 dare
2212 2123 2457 2185 domino
2489 2121 2766 2186 Marsilio
2816 2120 2945 2183 eius
2988 2120 3185 2198 fratri,

457 2211 667 2272 actum
718 2209 836 2273 fuit
882 2209 1043 2274 inter
1088 2211 1287 2274 dictas
1335 2216 1537 2291 partes
1565 2211 1917 2274 nominibus
1962 2211 2310 2287 antedictiS,
2361 2212 2541 2292 quod,
2592 2229 2659 2272 ex
2708 2228 2827 2289 quo
2877 2208 3040 2272 dicta
3083 2228 3185 2288 pe-

458 2295 638 2360 cunia
683 2318 792 2379 per
841 2299 1158 2362 dominum
1198 2300 1558 2363 Paduanum
1610 2298 1955 2378 predictum
2005 2299 2204 2363 soluta
2251 2297 2372 2361 fuit
2417 2297 2547 2362 eius
2574 2296 2772 2375 fratri,
2824 2316 2939 2360 non
2967 2295 3190 2360 debeat

461 2385 704 2448 restitui
752 2406 857 2467 pei·
901 2404 1227 2450 commime
1275 2387 1701 2450 veneciarum.

667 2473 828 2537 Item
880 2493 1177 2552 supereo
1224 2473 1383 2555 quod
1431 2492 1467 2536 a
1539 2475 1707 2537 dicto
1781 2474 2090 2536 communi
2169 2474 2573 2539 Veneciarum
2644 2474 3013 2554 petebantur
3083 2488 3190 2551 pro

464 2561 637 2639 parte
685 2562 912 2624 domini
957 2561 1268 2626 Francisci
1316 2561 1497 2625 Docti
1545 2561 1753 2625 ducati
1800 2565 2061 2644 quatuor
2110 2561 2283 2624 mille
2351 2562 2505 2638 auri,
2569 2567 2779 2625 actum
2849 2560 2969 2624 fuit
3033 2559 3192 2638 inter

460 2649 659 2712 dictas
702 2651 929 2730 parteS,
983 2650 1141 2732 quod
1191 2650 1239 2713 si
1290 2650 1630 2731 reperiatur
1701 2651 1796 2712 vel
1844 2651 2158 2731 appareat,
2232 2650 2389 2733 quod
2441 2654 2688 2732 propter
2738 2649 3047 2714 defectum
3091 2646 3194 2727 ju-

460 2735 636 2799 sticie
684 2738 831 2800 dicti
880 2737 1223 2801 communis
1270 2739 1680 2803 Veneciarum
1733 2757 1840 2801 seu
1886 2738 2019 2801 eius
2051 2736 2407 2801 officialium
2444 2738 2647 2800 dictus
2679 2736 2965 2800 dominus
2998 2737 3193 2798 Fran-

463 2821 664 2887 ciscus
713 2826 946 2888 Doctus
995 2825 1472 2907 dampnificatus
1520 2824 1725 2904 fuerit,
1776 2825 1936 2905 quod
1982 2824 2102 2888 sibi
2152 2824 2280 2888 fieri
2311 2825 2532 2888 debeat
2564 2825 2877 2890 restitutio
2911 2826 2975 2887 et
3007 2823 3194 2899 satis-

464 2909 648 2973 factio
696 2932 805 2995 per
848 2912 1084 2976 dictum
1134 2931 1524 2976 communem
1580 2913 2000 2991 veneciarum,
2051 2912 2100 2974 si
2154 2931 2292 2976 vero
2335 2913 2569 2975 dictum
2620 2931 2945 2975 commune
2996 2910 3193 2973 Vene-

463 2998 698 3060 ciarum
747 3019 852 3063 seu
902 3001 1034 3064 eius
1082 3000 1375 3065 officiales
1424 3001 1484 3064 in
1532 2999 1905 3063 exhibitione
1983 3000 2227 3063 iusticie
2297 2998 2633 3064 secuudum
2680 3018 2856 3063 usum
2924 3001 2988 3062 et
3050 3016 3193 3061 con-

464 3084 854 3150 suetudinem
916 3089 1078 3152 dicte
1132 3088 1408 3153 civitatis
1475 3089 1877 3152 veneciarum
1927 3106 2044 3151 non
2102 3087 2288 3151 fuerit
2344 3090 2404 3150 in
2453 3086 2714 3165 defectu,
2775 3087 2961 3151 nichil
3016 3085 3194 3149 resti-

467 3172 640 3236 tuere
688 3173 986 3239 teneatur.

675 3259 835 3324 Item
904 3281 1089 3343 super
1158 3282 1229 3326 eo
1299 3264 1457 3345 quod
1526 3282 1634 3345 per
1680 3263 1897 3327 ambas
1962 3263 2156 3326 dictas
2220 3264 2425 3345 partes
2494 3262 2864 3344 petebantur
2913 3280 3193 3341 expense,

466 3346 735 3427 dampna
782 3358 842 3411 et
886 3347 1181 3414 interesse
1230 3351 1409 3413 istius
1457 3355 1520 3412 et
1566 3351 1823 3414 alterins
1872 3370 2109 3432 guerre,
2160 3352 2366 3415 actum
2417 3351 2534 3412 fuit
2566 3349 2726 3412 inter
2761 3349 2953 3413 dictas
2988 3350 3194 3428 partes

466 3437 529 3498 et
565 3434 924 3500 solemnitor
970 3439 1359 3510 conventum,
1407 3439 1566 3519 quod
1615 3438 1776 3503 dicte
1810 3458 2088 3520 expense,
2136 3438 2404 3520 dampna
2457 3442 2520 3500 et
2568 3439 2866 3500 interesse
2908 3454 3197 3516 compen-

465 3525 681 3585 sentur
726 3524 867 3586 hinc
915 3523 1054 3588 inde
1102 3531 1166 3588 et
1209 3526 1454 3589 omnino
1501 3529 1824 3591 cassentur
1872 3532 1936 3591 et
1984 3525 2276 3590 tollantur
2323 3527 2386 3588 et
2424 3544 2532 3606 pro
2562 3524 2844 3599 cassatis,
2894 3523 3188 3597 remissis,

467 3609 718 3673 abolitis
760 3611 1008 3692 penitus
1056 3614 1412 3676 habeantur.

674 3700 834 3762 Item
882 3719 1065 3780 super
1112 3718 1180 3762 eo
1225 3702 1382 3782 quod
1449 3721 1553 3782 per
1614 3702 1875 3765 alteram
1940 3701 2245 3764 dictarum
2310 3701 2580 3782 partium
2644 3700 2989 3781 petebatur,
3038 3697 3195 3779 quod

470 3785 625 3850 bona
674 3786 924 3851 mobilia
970 3789 1224 3868 accepta
1273 3787 1366 3850 vel
1437 3790 1735 3870 occupata
1802 3808 1906 3869 per
1968 3789 2165 3851 dictas
2226 3791 2433 3868 partes
2498 3787 2591 3850 vel
2655 3787 3002 3868 sIugulares
3067 3804 3199 3865 per·

475 3892 654 3937 sonas
708 3876 974 3954 ipsarum
1027 3875 1297 3956 partium
1345 3876 1809 3939 remitterentur
1857 3882 1920 3940 et
1967 3877 2409 3957 quietarentur‚
2459 3879 2669 3939 actum
2720 3879 2784 3938 et
2828 3873 3197 3938 conventum

470 3961 588 4024 fuit
657 3962 818 4025 iuter
890 3963 1089 4027 dictas
1163 3965 1366 4044 partes
1437 3963 1788 4027 nominibus
1849 3962 2201 4037 antedictis,
2251 3963 2405 4044 quod
2472 3963 2678 4026 onmia
2738 3963 2896 4026 bona
2944 3960 3201 4023 mobilia

472 4050 653 4129 capta
724 4051 1000 4131 tempore
1067 4051 1368 4131 presentis
1439 4068 1659 4130 guerre
1719 4069 1827 4130 per
1895 4049 2240 4131 quamlibet
2310 4051 2583 4132 ipsarum
2653 4051 2925 4131 partium
2990 4047 3086 4111 vel
3139 4049 3198 4110 in

470 4135 660 4199 alium
709 4138 1014 4201 translata
1062 4139 1361 4219 quantum
1414 4138 1487 4198 ad
1536 4136 1734 4200 dictas
1781 4141 1989 4218 partes
2040 4138 2134 4203 vel
2194 4158 2408 4202 earum
2474 4138 2753 4201 subditos
2821 4138 3203 4218 pertinerent

471 4241 584 4287 non
633 4223 898 4288 debeant
936 4225 1076 4288 hinc
1125 4225 1264 4288 inde
1313 4223 1576 4287 restitui.
1629 4224 1692 4289 Si
1741 4243 1883 4288 vero
1928 4245 2044 4306 qne
2084 4226 2497 4307 reperirentur
2545 4244 2660 4289 non
2704 4228 2886 4306 capta
2934 4223 3029 4287 vel
3080 4242 3201 4286 non

471 4310 795 4387 translata,
841 4313 1252 4377 restituantur
1298 4313 1358 4375 in
1410 4313 1579 4375 statu
1627 4330 1745 4393 quo
1772 4313 2186 4394 reperirentur
2233 4317 2296 4377 et
2340 4315 2547 4378 essent
2590 4316 2863 4395 tempore
2899 4310 3201 4393 presentis

470 4398 671 4479 pacis:
721 4419 902 4481 super
948 4401 1173 4464 debitis
1222 4419 1360 4465 vero
1408 4400 1815 4482 singularium
1863 4419 2279 4480 personarum,
2348 4422 2463 4484 que
2520 4420 2629 4483 per
2690 4399 3043 4464 communia
3105 4399 3201 4462 vel

469 4487 919 4551 dominationes
964 4488 1266 4552 dictarum
1317 4488 1588 4571 partium
1636 4493 1818 4570 capta
1845 4505 1964 4551 non
1994 4491 2220 4565 essent,
2256 4488 2368 4552 fiat
2400 4488 2642 4552 iusticie
2676 4487 3198 4569 complementum

468 4574 532 4637 et
579 4575 811 4654 possint
873 4574 1161 4657 compelli
1209 4577 1284 4640 ad
1339 4575 1712 4640 solucionem
1762 4575 1922 4640 sicut
1969 4580 2257 4656 poterant
2305 4578 2447 4639 ante
2492 4581 2838 4657 presentem
2884 4594 3193 4657 guerram.

682 4661 836 4725 Item
888 4682 1068 4743 super
1113 4682 1180 4726 eo
1222 4666 1379 4745 quod
1429 4682 1535 4746 pro
1603 4666 1772 4745 parte
1828 4663 2200 4744 prefatorum
2264 4664 2731 4745 magnificorum
2808 4662 3194 4727 dominorum

467 4746 671 4813 Padue
718 4752 782 4813 et
825 4751 1286 4816 communitatis
1329 4751 1603 4816 eiusdem
1650 4750 1975 4834 petebatur
2025 4751 2142 4815 sibi
2193 4749 2285 4815 sal
2339 4751 2471 4815 dari
2535 4767 2645 4833 per
2704 4768 3027 4815 commune
3072 4750 3195 4812 Ve-
