3620 5282
557 350 690 417 464

555 526 861 610 potestate
925 525 990 588 et
1029 523 1455 607 jurisdictione
1505 522 1801 606 plenaria,
1850 525 1981 588 tam
2026 522 2106 588 ad
2139 522 2450 607 justitiam
2498 538 2680 607 quam
2720 525 2801 587 ad
2852 540 3163 608 guerram
3227 523 3297 586 et

555 615 631 680 ad
681 612 1087 696 dependentia
1134 614 1199 677 et
1242 611 1321 675 ad
1371 612 1756 695 emergentia
1797 613 2073 695 quelibet
2138 631 2211 676 ex
2278 613 2512 677 eisdem
2578 631 2775 695 usque
2845 615 2926 676 ad
2990 616 3292 677 nostrum

553 703 1010 784 beneplacitum
1059 700 1133 764 de
1181 705 1351 765 certa
1391 699 1593 765 nostri
1641 701 1899 765 scientia
1945 702 2157 766 tenore
2202 700 2588 783 presentium
2632 701 3014 765 fiducialiter
3060 750 3075 762 .
3128 749 3144 760 .
3199 749 3215 763 .
3269 750 3286 763 .

560 792 727 856 circa
771 792 876 854 tue
917 787 1207 853 fidelitati
1254 787 1480 853 harum
1529 788 1689 854 serie
1734 789 2125 871 percipimus,
2183 791 2253 854 ut
2297 790 2513 854 statim
2559 788 2825 871 receptis
2872 786 3287 872 presentibus

555 881 629 944 ad
695 878 861 942 dicta
906 896 1096 959 regna
1144 921 1756 941 ..........
1806 878 2215 958 personaliter
2262 877 2598 954 conferenS,
2645 895 2719 941 ac
2763 890 2918 941 onus
2963 876 3123 941 dicti
3175 877 3273 939 vi-

555 967 826 1031 cariatus
873 965 1054 1029 offitii
1102 963 1437 1048 prestantis
1464 966 1689 1031 nostro
1762 969 1826 1028 et
1895 967 2240 1031 nostrorum
2286 965 2586 1035 fidelium.
2610 983 2944 1047 regnorum
3020 964 3276 1047 predic·

552 1057 754 1118 torum
826 1053 1112 1116 hilariter
1180 1056 1242 1116 et
1309 1055 1663 1117 constanter
1733 1071 2072 1132 assumam,
2141 1055 2307 1118 circa
2371 1055 2897 1134 recuperationem
2945 1053 3264 1117 dictorum

540 1160 881 1225 =regnorum
957 1142 1306 1205 nostrorum
1352 1140 1690 1225 Hungarie,
1761 1141 2093 1221 Dalmatie,
2164 1140 2429 1219 Croatie,
2501 1141 2788 1208 Slavouie
2855 1144 2920 1207 et
2985 1141 3264 1206 aliorum

552 1248 883 1315 regnorum
959 1229 1372 1312 predictorum
1417 1247 1488 1293 ac
1534 1232 1603 1293 ut
1647 1229 1986 1312 predicitur
2031 1248 2401 1294 annexorum
2442 1229 2696 1293 studeas
2756 1230 3015 1294 solerter
3062 1229 3268 1293 inten-

552 1318 715 1396 dere,
767 1319 1126 1400 nostrosque
1202 1335 1531 1401 regnorum
1574 1316 1788 1382 fideles
1857 1319 1921 1381 et
1988 1317 2265 1382 subditos
2334 1322 2723 1401 equestantes
2784 1322 2961 1383 caute
3008 1335 3262 1382 conser-

553 1425 713 1483 vare,
758 1405 1035 1489 jusstitia
1079 1406 1241 1487 ipsos
1289 1404 1628 1489 gubernare
1672 1404 2025 1485 salubriter,
2098 1423 2313 1488 pacem
2373 1407 2463 1470 eis
2524 1406 2698 1484 dare,
2760 1409 3048 1489 potenter
3106 1424 3257 1469 con-

551 1494 795 1560 culcare
841 1494 1101 1559 rebelles
1148 1495 1218 1581 et,
1256 1493 1514 1573 emuloS,
1564 1499 1628 1558 et
1691 1494 1982 1558 reducere
2044 1496 2121 1558 ad
2167 1496 2368 1559 rectos
2414 1494 2700 1559 tramites
2755 1513 2826 1559 ac
2871 1494 3258 1559 obhedientie

552 1583 831 1661 semitas,
879 1581 940 1645 vi
985 1598 1325 1663 perversos,
1373 1600 1496 1665 qua
1524 1581 1723 1665 possis
1754 1600 1826 1647 ex
1857 1584 2036 1665 grato
2068 1582 2243 1647 nobis
2272 1581 2603 1666 gratiosior
2631 1579 2825 1659 effici3
2870 1584 3261 1663 perseverent

553 1670 751 1736 nostri
824 1669 1054 1747 fideleS,
1133 1669 1288 1734 illud
1362 1671 1653 1753 pertinet,
1724 1689 1845 1752 quo
1890 1670 2253 1752 ampliorem
2302 1670 2421 1735 tibi
2463 1670 2813 1735 dederimus
2857 1673 3254 1754 potestatem.

498 1802 509 1811 ι
550 1760 788 1824 Idcirco
834 1758 948 1823 tibi
996 1756 1237 1839 plenam
1285 1756 1503 1823 damus
1528 1758 1866 1837 licentiam,
1898 1760 1963 1823 et
1992 1756 2406 1827 omnimodam
2439 1758 2832 1824 concedimus
2864 1759 3254 1841 potestatem,

553 1850 715 1931 quod
759 1847 956 1929 possis
1001 1848 1063 1910 et
1109 1843 1316 1910 valeas
1361 1846 1493 1911 loco
1540 1848 1604 1910 et
1647 1845 1778 1911 vice
1826 1846 2018 1911 nostri
2060 1846 2123 1910 in
2169 1846 2354 1911 dictis
2385 1846 2593 1930 regnis
2654 1848 2881 1912 nostris
2911 1847 3253 1930 Hungarie,

553 1935 887 2013 Dalmatis,
936 1931 1200 2011 Croatie,
1250 1934 1531 2000 Slavonie
1577 1936 1640 1998 et
1685 1932 1944 2017 prefatis
1991 1933 2135 2000 aliis
2181 1935 2389 2019 regnis
2465 1937 2553 2000 eis
2598 1936 2867 2008 annexis,
2912 1935 3108 2000 altero
3153 1933 3252 1998 vel

552 2024 696 2089 aliis
744 2026 807 2088 et
857 2022 1136 2106 quolibet
1203 2025 1533 2088 eorundem
1598 2022 2122 2088 locumtenentem
2195 2024 2392 2101 tuum,
2461 2041 2533 2089 ac
2576 2024 2641 2088 in
2677 2023 2827 2093 aliis
2870 2023 3248 2099 civitatibus,

550 2113 734 2178 terris
801 2113 865 2175 et
929 2111 1081 2175 locis
1127 2127 1479 2193 regnorum*
1523 2110 1939 2191 predictorum
1984 2109 2393 2195 particulares
2439 2110 2793 2195 capitaneos
2837 2129 2948 2176 seu
2994 2112 3249 2176 comites

464 2234 465 2237 ¹
549 2202 648 2267 vel
696 2199 958 2265 vicarios
1002 2199 1112 2263 aut
1156 2198 1447 2263 offitiales
1495 2198 1649 2263 alios
1694 2216 2081 2283 quocumque
2127 2199 2427 2265 vocabulo
2473 2200 2942 2285 distinguendos
3000 2199 3078 2263 ad
3119 2200 3251 2282 jus-

549 2290 753 2354 titiam
801 2286 902 2353 vel
938 2286 1136 2352 solum
1172 2286 1252 2351 ad
1298 2305 1609 2370 guerram,
1644 2305 1755 2352 nec
1814 2305 1935 2352 non
1999 2286 2256 2371 bajulos,
2320 2287 2575 2365 iudices,
2625 2288 2979 2366 advocatoS,
3034 2305 3253 2371 procu-

549 2380 803 2459 ratoreS‚
863 2375 1211 2454 rationales,
1283 2373 1713 2453 thesaurariOS,
1783 2375 2057 2441 notarios
2126 2379 2189 2441 et
2227 2374 2406 2449 ,alios
2474 2374 2763 2442 offitiales
2826 2394 3242 2460 quoscunque,

549 2484 657 2549 pro
704 2468 775 2531 ut
821 2483 1025 2529 rerum
1074 2465 1136 2529 et
1179 2462 1557 2548 agendorum
1599 2464 1934 2528 necessitas
1983 2465 2190 2547 exiget
2233 2466 2297 2529 et
2341 2465 2631 2547 requiret.
2675 2463 2758 2531 Et
2786 2463 2853 2530 in
2883 2465 3112 2530 castris
3142 2484 3246 2528 seu

550 2553 860 2620 fortiliciis
906 2552 1210 2617 dictarum
1256 2552 1605 2626 civitatum,
1653 2554 1961 2616 terrarum
1996 2555 2059 2617 et
2104 2552 2376 2617 locorum
2446 2571 2779 2636 regnorum
2827 2554 3242 2636 predictorum

549 2643 915 2710 castellanos
949 2661 1070 2707 seu
1117 2640 1395 2706 custodes
1457 2637 1671 2705 fideles
1725 2639 1974 2724 quidem
2037 2637 2415 2707 sufficientes
2475 2641 2540 2706 et
2580 2643 2846 2722 idoneoS,
2916 2644 2992 2708 de
3032 2643 3251 2727 quibus

550 2732 636 2798 sit
682 2732 901 2797 merito
946 2727 1392 2809 confidendum,
1442 2747 1552 2811 pro
1600 2748 1669 2793 eo
1714 2732 2011 2812 tempore,
2060 2748 2177 2813 quo
2225 2730 2342 2795 tibi
2390 2728 2719 2809 videbitur,
2786 2746 2930 2798 cum
2974 2731 3241 2795 servien-

552 2823 720 2886 tibus
770 2819 972 2885 solitis
1019 2817 1116 2883 vel
1163 2818 1361 2897 aliter,
1408 2836 1517 2899 pro
1563 2818 1634 2880 ut
1680 2816 1796 2882 tibi
1844 2817 2123 2899 expedire
2170 2818 2499 2894 videbitur,
2569 2837 2640 2883 ac
2716 2837 2857 2883 cum
2924 2818 3128 2903 gagiis
3185 2819 3246 2882 et

554 2908 983 2975 emolumentis
1029 2907 1336 2976 consuetis
1382 2910 1444 2971 et
1489 2904 1710 2970 debitis
1755 2904 1848 2970 eis
1893 2906 1971 2970 ad
2016 2907 2289 2972 rationes
2333 2908 2668 2971 consuatas
2712 2909 2777 2971 et
2820 2905 3040 2972 solitas
3073 2924 3247 2988 super

557 2996 864 3064 consuetis
911 2997 1217 3060 dictorum
1264 3013 1587 3076 regnorum
1627 2994 1874 3077 juribus
1912 2994 2219 3080 solvendis
2267 2995 2544 3059 ordinare
2594 2997 2982 3060 et‘statuere.
3031 2994 3113 3059 Et
3158 2995 3249 3059 in-

558 3105 741 3169 super
785 3082 1064 3169 gabellas
1126 3086 1364 3147 nostras
1409 3081 1716 3166 trigesimi
1778 3085 1844 3147 et
1888 3082 2037 3146 salis
2082 3100 2193 3147 nec
2238 3100 2359 3147 non
2426 3083 2716 3149 minerias
2783 3084 2934 3161 auri,
2985 3082 3244 3167 argenti,

556 3174 800 3239 metalli
848 3174 912 3237 et
956 3173 1077 3237 eris
1124 3172 1541 3254 cujuscunque
1573 3161 1814 3254 'generis
1849 3169 2003 3234 fiunt
2035 3171 2273 3235 tributa
2304 3175 2367 3235 et
2405 3171 2563 3236 alias
2596 3189 2988 3254 quascunque
3034 3170 3249 3255 gabel-

562 3262 655 3328 las
698 3263 945 3326 nostras
992 3278 1064 3325 ac
1108 3260 1268 3342 jura,
1316 3258 1554 3323 reditus
1601 3262 1664 3323 et
1709 3264 2041 3340 proventus
2085 3258 2394 3324 dictorum
2474 3277 2800 3342 regnorum
2873 3261 2937 3324 et
2995 3260 3252 3324 cuilibet

563 3351 893 3416 eorundem
941 3367 1053 3430 pro
1097 3366 1166 3414 eo
1216 3351 1510 3429 ternpore,
1557 3364 1676 3429 quo
1721 3346 1840 3411 tibi
1884 3346 2212 3424 videbitur,
2259 3345 2539 3425 vendere,
2592 3349 2796 3414 locare
2841 3351 2905 3412 et
2948 3346 3028 3411 ad
3076 3350 3248 3411 exta-

557 3440 723 3504 leum
771 3437 1098 3503 concedere
1144 3435 1605 3518 quibuscunque
1650 3437 1927 3518 personis
1973 3435 2115 3503 illas
2160 3453 2365 3500 emere
2409 3435 2777 3514 volentibus,
2839 3433 2979 3518 plus
3011 3455 3080 3500 ex
3110 3435 3251 3500 inde

554 3526 972 3603 offerentibuS,
1021 3528 1084 3589 et
1130 3525 1192 3588 in
1240 3522 1480 3589 defectu
1524 3524 1886 3587 cunctarum
1934 3523 2213 3608 gabellas
2260 3525 2426 3606 ipsas
2471 3543 2615 3589 cum
2688 3523 2936 3607 juribus
2984 3525 3049 3589 et
3110 3543 3253 3606 per-

452 3625 457 3630 “
553 3615 833 3682 tinentiis
881 3612 1207 3678 earundem
1249 3612 1577 3677 concedere
1644 3610 1958 3693 aliquibus
2019 3612 2297 3695 personis
2365 3612 2600 3678 idoneis
2660 3611 3112 3677 sufficientibus
3181 3613 3246 3676 in

554 3704 929 3769 credentiam
976 3700 1406 3786 procurandas.
1450 3698 1535 3764 Et
1578 3700 1652 3764 de
1697 3698 1975 3782 pecunia,
2026 3719 2145 3783 que
2190 3700 2352 3765 iuste
2398 3701 2763 3782 perveniret,
2811 3704 2940 3765 tam
2988 3700 3106 3764 tibi
3136 3717 3243 3782 pro

553 3812 812 3878 persona
856 3794 965 3856 tua
1010 3790 1276 3855 retinere
1331 3789 1516 3871 gagia
1584 3790 2019 3870 competentia,
2090 3806 2277 3870 quam
2345 3790 2633 3853 mandare
2709 3788 2866 3853 solvi
2913 3788 3095 3871 gagia
3135 3801 3246 3853 seu

554 3882 860 3965 stipendia
900 3879 1188 3965 gentibus
1234 3875 1578 3960 armigeris,
1622 3895 1740 3959 que
1772 3878 2008 3961 justam
2055 3876 2463 3958 provisionem
2511 3881 2684 3943 tuam
2730 3878 2793 3942 in
2824 3877 3008 3941 dictis
3037 3879 3247 3959 regnis

554 3990 661 4055 pro
706 3969 956 4035 illorum
1002 3965 1462 4048 recuperatione
1498 3967 1561 4029 et
1604 3964 1862 4030 tuitione
1907 3966 2244 4030 necessarie
2313 3964 2583 4044 fuerunt,
2653 3967 2719 4029 et
2785 3965 2848 4030 in
2907 3963 3034 4029 illis
3081 3964 3248 4028 mili·

554 4060 839 4136 taverint,
902 4075 975 4121 ac
1021 4055 1218 4139 galeis
1261 4054 1490 4119 nostris
1537 4053 1600 4116 et
1645 4053 1786 4118 aliis
1833 4053 1997 4117 vasis
2071 4053 2426 4131 maritimis,
2496 4071 2648 4137 quas
2719 4054 2795 4119 ad
2840 4057 3048 4137 partes
3096 4052 3244 4117 Dal·

555 4148 745 4212 matie
794 4145 1098 4223 misimuS,
1146 4143 1211 4207 et
1255 4161 1369 4225 que
1415 4141 1479 4205 in
1524 4139 1652 4205 illis
1700 4140 1982 4222 partibus
2014 4143 2404 4206 armarentur
2433 4142 2531 4206 vel
2569 4140 2990 4207 ordinarentur
3019 4141 3244 4206 armari

557 4237 633 4301 ad
681 4236 953 4300 rationes
988 4230 1248 4316 'proinde
1296 4228 1410 4294 tibi
1458 4229 1640 4294 visas,
1689 4229 1771 4294 Et
1815 4228 2064 4294 demum
2110 4229 2184 4293 de
2229 4229 2342 4295 illa
2382 4228 2584 4295 facere
2613 4229 2903 4315 quicquid
2931 4229 3048 4294 tibi
3079 4229 3243 4296 vide-

554 4324 729 4389 bitur
776 4313 1159 4405 oportunum,
1209 4318 1527 4400 dictosque
1571 4317 1861 4384 offitiales
1906 4318 1985 4382 ab
2026 4316 2258 4396 offitiis,
2305 4337 2421 4400 que
2466 4317 2621 4400 ipsis
2664 4317 3001 4395 comiseris,
3077 4319 3130 4382 si
3181 4318 3242 4382 et

554 4413 833 4494 quotiens
880 4408 997 4474 tibi
1043 4405 1329 4491 expedire
1379 4404 1706 4485 videbitur,
1755 4423 2127 4484 ammovere,
2174 4408 2238 4470 et
2282 4407 2435 4471 alios
2479 4407 2613 4472 loco
2656 4406 2927 4490 ipsorum
2961 4407 3026 4471 in
3064 4405 3237 4471 dictis

553 4500 762 4566 offitiis
808 4514 1150 4581 surrogare,
1202 4495 1409 4577 eisque
1454 4496 1587 4558 tam
1632 4492 1707 4558 de
1753 4494 2136 4560 concessione
2183 4493 2601 4575 predictorum
2676 4492 3012 4559 offitiorum
3057 4512 3238 4576 quam

554 4588 631 4651 de
677 4586 976 4651 solutione
1023 4583 1367 4667 gagiorum,
1416 4600 1532 4664 que
1578 4581 1730 4664 ipsis
1774 4583 2099 4665 propterea
2142 4582 2456 4661 statueris,
2504 4585 2568 4648 et
2612 4582 2754 4648 aliis
2801 4584 2866 4647 in
2922 4580 3238 4664 premissis

554 4673 913 4737 necessariis
959 4671 1092 4735 fieri
1137 4671 1336 4734 facere
1378 4670 1444 4734 et
1485 4670 1813 4735 concedere
1857 4670 1973 4735 sub
2020 4672 2126 4736 tuo
2172 4669 2382 4752 sigillo
2430 4669 2527 4736 vel
2571 4671 2754 4737 aliter
2811 4673 2945 4736 tuas
2993 4671 3233 4737 litteras

556 4759 655 4829 vel
697 4758 971 4823 cautelas
1014 4758 1169 4823 alias
1212 4758 1615 4841 opportunas;
1656 4776 1767 4825 neo
1807 4777 1926 4823 non
1971 4757 2178 4824 omnia
2225 4760 2288 4823 et
2352 4756 2600 4842 singula
2653 4760 2718 4824 in
2784 4757 3105 4843 premissis
3166 4761 3230 4825 et

3505 4973 3524 5098 ᾖ*
