3620 5282
2973 367 3102 432 243

379 534 669 598 mandata
736 537 943 599 vestra
1010 536 1174 601 cirea
1235 536 1623 601 maiestatem
1687 539 1968 603 nostram
2014 537 2417 604 laudabiliter
2461 558 2526 604 se
2571 540 2809 620 habuit,
2852 560 2958 607 vos
3004 541 3100 606 in-

382 623 653 686 stantius
698 622 1114 705 deprecamur,
1158 627 1457 707 quatenus
1505 627 1762 690 eundem
1821 630 2029 691 nostro
2075 627 2306 693 intuitu
2366 627 2934 695 recommendatum
2995 629 3103 694 ha-

386 710 528 774 bere
570 711 931 793 dignemini.

590 799 751 864 Date
798 797 1019 883 Segnie
1067 798 1253 866 XXX
1302 801 1533 866 mensis
1574 801 1750 867 iunii.

1247 890 1446 955 Maria
1478 890 1572 954 dei
1618 891 1822 975 gratia
1867 891 2078 975 regina
2122 891 2463 975 Hungarie,
2510 894 2825 960 Dalmatio
2867 899 2982 960 eto.

589 992 647 1056 A
695 996 902 1077 tergo:
953 993 1356 1061 Serenissimo
1415 996 1673 1079 principi
1741 1000 1805 1062 et
1873 998 2118 1063 domino
2178 998 2426 1064 domino
2501 998 2772 1068 Antonio
2842 1001 3102 1068 Venerio

380 1077 477 1143 dei
507 1081 707 1162 gratia
751 1081 894 1147 duci
942 1084 1334 1149 Venetiarum
1382 1089 1495 1150 etc.
1542 1087 1740 1151 amico
1784 1088 1995 1152 nostro
2040 1086 2474 1153 sincerissimo.

472 1186 1047 1251 Commemorialium
1105 1193 1290 1255 VIII.
1342 1195 1487 1264 127,
1532 1212 1575 1253 u
1617 1195 1960 1255 mletad‘kom
2006 1196 2238 1255 arkivu.

568 1378 1156 1465 CCCXLVIII.
1212 1383 1414 1466 God.
1475 1384 1694 1467 1387.
1749 1383 1856 1466 30
1908 1384 2359 1486 kolovoza‚
2414 1410 2474 1470 u
2533 1387 2928 1471 Mletcih.

380 1523 716 1599 Republika
753 1543 815 1587 se
850 1528 957 1601 pri
999 1529 1146 1602 papi
1188 1529 1500 1602 zauzimb'c
1543 1546 1617 1590 za
1662 1530 1912 1604 njekoqa
1971 1527 2200 1605 Uyrina
2247 1528 2578 1611 (ὕφηνα),
2625 1532 2707 1592 da
2757 1533 3104 1592 nitrinskim

1307 1636 1611 1709 biskupom
1659 1637 1971 1696 imenovan
2017 1632 2188 1696 hudo.

595 1735 785 1800 1387.
811 1735 1146 1803 indictione
1171 1739 1247 1811 X,
1272 1740 1370 1804 die
1398 1739 1741 1822 penultimo
1787 1739 2058 1822 augusti,
2092 1740 2305 1821 capta:
2338 1759 2481 1805 cum
2513 1742 2591 1805 ad
2626 1740 3097 1824 requisitionem

381 1822 747 1888 amicablem
797 1827 1173 1891 serenissimi
1221 1828 1453 1892 domini
1500 1828 1664 1910 regis
1712 1829 1776 1891 et
1822 1827 2213 1891 serenissime
2256 1829 2498 1894 domine
2532 1830 2740 1914 regine
2775 1827 3100 1912 Hungarie

383 1912 746 1977 auctoritate
792 1912 976 1980 huius
1023 1915 1262 1979 consilii
1309 1916 1607 1998 scriptum
1655 1915 1843 1980 fuerit
1888 1916 2277 1980 sanctissimo
2336 1917 2583 1983 domino
2648 1937 2800 1999 pape
2862 1921 2927 1982 et
2991 1919 3100 1981 do-

377 2000 563 2064 minis
622 2001 1042 2069 cardinalibus
1107 2004 1169 2068 in
1232 2005 1506 2069 favorem
1569 2002 1888 2068 reverendi
1943 2004 2138 2086 patris
2193 2004 2773 2070 domini-Dimitrii
2819 2007 3096 2088 episcopi

377 2086 714 2153 Nitriensis
761 2110 924 2156 nunc
973 2092 1266 2174 postulati
1314 2094 1377 2157 in
1419 2093 1777 2174 episcopum
1816 2093 2334 2174 Vesprimensern,
2384 2097 2448 2157 et
2491 2095 2935 2170 ambaxatoreS,
2988 2094 3097 2177 qui

379 2195 572 2259 nuper
645 2180 944 2243 venerunt
1017 2181 1090 2243 de
1153 2180 1493 2262 Hungaria,
1543 2183 1756 2244 euntes
1802 2180 1881 2243 ad
1929 2198 2243 2245 romanam
2292 2182 2548 2257 curiam,
2612 2183 3094 2264 suplicaverunt,

378 2263 539 2346 quod
586 2265 892 2330 scribatur
939 2267 1231 2332 similiter
1277 2269 1525 2333 domino
1574 2287 1725 2351 pape
1772 2271 1835 2331 et
1882 2269 2300 2334 cardinalibus
2341 2270 2400 2333 in
2444 2270 2717 2335 favorem
2765 2270 3095 2336 reverendi

378 2354 570 2432 patris
611 2354 845 2418 domini
880 2402 892 2415 .
935 2403 947 2418 .
987 2405 1001 2419 .
1037 2355 1248 2420 fratris
1294 2358 1474 2421 unius
1523 2376 1594 2421 ex
1641 2357 1825 2421 dictis
1850 2357 2372 2433 ambaxatoribuS,
2403 2361 2473 2423 ut
2505 2359 2561 2422 ei
2595 2358 2995 2441 provideatur
3021 2358 3095 2422 de

377 2439 539 2504 dicto
586 2443 941 2525 episcopatu
988 2443 1291 2509 Nitriensi
1331 2447 1395 2509 in
1441 2464 1603 2523 casu,
1653 2463 1773 2526 quo
1806 2445 2009 2510 dictus
2035 2444 2322 2510 dominus
2356 2447 2689 2511 Dimitrius
2721 2446 3099 2511 trasferatur

375 2527 453 2591 ad
498 2530 822 2594 ecclesiam
874 2531 1406 2614 Vesprimensem3
1458 2534 1627 2598 vadit
1670 2553 1833 2616 pars,
1863 2534 2025 2617 quod
2059 2534 2387 2614 scribatur,
2415 2536 2485 2599 ut
2516 2539 2752 2622 petunt,
2781 2536 2846 2600 in
2877 2534 3097 2612 forma,

382 2633 497 2698 que
548 2618 863 2684 videbitur
909 2621 1203 2687 domini0.

466 2727 645 2786 Masta·
688 2728 828 2791 XL.
878 2732 980 2808 86,
1028 2749 1071 2790 u
1114 2732 1459 2791 mletackom
1505 2733 1740 2794 arkivu.

660 2917 1164 3003 CCCXLIX.
1223 2922 1426 3005 (3011.
1482 2922 1708 3005 1388.
1764 2922 1872 3006 30
1926 2919 2277 3024 εἱθόιψι,
2334 2945 2393 3005 u
2446 2922 2838 3006 Mleteih.

549 3067 688 3127 Ρίἑε
728 3084 790 3127 se
835 3069 1089 3127 konsulu
1134 3086 1175 3127 u
1222 3068 1431 3128 Dracu
1476 3087 1518 3127 u
1562 3070 1733 3141 postu
1778 3065 2002 3128 obranc
2047 3087 2235 3144 onoqa
2275 3070 2472 3144 qrada
2520 3070 2596 3129 od
2647 3070 2913 3130 Turaka.

592 3186 778 3253 1387.
814 3191 909 3254 die
935 3191 1278 3272 penultimo
1306 3190 1589 3256 ianuarii.
1619 3190 1937 3272 Sapientes
1965 3190 2266 3254 ordinum.
2311 3190 2543 3274 Capta:
2593 3189 2749 3273 quod
2781 3190 3094 3256 scribatur

379 3274 632 3356 provido
687 3277 816 3342 viro
873 3279 1188 3345 Anthonio
1252 3279 1326 3344 de
1401 3280 1560 3344 Pieri
1610 3279 1803 3342 Pizoli
1853 3278 2092 3343 consuli
2144 3278 2519 3344 Venetorum
2566 3280 2625 3342 in
2675 3279 2983 3343 Durachio
3029 3280 3092 3344 in

380 3363 499 3427 hac
544 3363 756 3443 forma,
807 3367 1127 3433 videlizet:
1177 3368 1471 3433 Anthoni.
1520 3368 1890 3450 Recepimus
1938 3366 2331 3450 quamplures
2365 3368 2605 3431 litteras
2639 3369 2776 3430 tuas
2808 3369 2870 3430 et
2906 3386 3098 3449 nuper

382 3454 669 3515 oretenus
705 3473 813 3536 per
859 3456 1244 3521 Leonardum
1296 3454 1673 3521 Chuorocoto
1720 3455 1887 3520 fideli
1937 3459 2145 3519 nostro
2194 3455 2526 3520 notificasti
2575 3457 2784 3519 nostro
2819 3455 3093 3521 dominio

386 3539 457 3601 de
505 3538 696 3606 debili
744 3545 808 3607 et
853 3545 1081 3610 misera
1128 3545 1473 3610 conditione
1522 3545 1791 3609 civitatis
1827 3544 2122 3608 Durachii
2162 3546 2224 3607 et
2256 3545 2499 3608 illorum
2532 3544 2806 3625 partium
2841 3545 3095 3625 propter

379 3625 654 3693 insultus
685 3630 1090 3697 Turchorum.
1125 3633 1552 3697 Intelleximus
1586 3633 1779 3696 etiam
1815 3631 2175 3714 plenissime
2201 3633 2429 3711 modoS,
2455 3650 2605 3714 quos
2631 3631 2833 3696 tenuit
2856 3633 3093 3696 amicus

382 3732 523 3780 cum
571 3719 977 3785 attinentibus
1025 3724 1152 3786 suis
1200 3725 1262 3786 et
1307 3722 1593 3786 similiter
1656 3739 1798 3785 cum
1861 3721 2001 3785 aliis
2063 3720 2346 3786 fidelibus
2407 3720 2634 3784 nostris
2693 3721 2767 3783 de
2812 3719 2971 3799 inde,
3015 3740 3091 3785 ne

378 3802 488 3867 illa
532 3806 754 3872 civitas
801 3812 1131 3875 sucumbat
1174 3829 1283 3874 nec
1325 3810 1640 3892 perveniat
1684 3810 1760 3873 ad
1814 3827 2034 3873 manus
2081 3808 2421 3872 Turcorum
2471 3826 2613 3872 cum
2661 3808 2839 3871 tanta
2881 3810 3096 3891 strage

380 3893 657 3958 omnium
707 3897 1124 3964 habitantium
1179 3899 1240 3962 in
1286 3899 1537 3963 civitate
1593 3897 1890 3980 predicta,
1958 3896 2032 3961 de
2092 3915 2208 3980 quo
2272 3897 2607 3979 plurimum
2672 3896 3092 3975 condolemuS,

380 3981 588 4046 tamen
641 3986 802 4049 modi
849 3987 1175 4064 observati,
1226 3988 1295 4050 ut
1338 3987 1618 4068 superius
1666 3988 2032 4063 continetur,
2068 3986 2429 4066 placuerunt
2475 3983 2650 4049 nobis
2686 3983 2878 4061 valde,
2918 3989 2981 4048 et
3018 4003 3092 4050 ex

382 4067 523 4135 inde
570 4074 899 4153 prudentia
944 4079 1150 4140 vestra
1194 4077 1291 4139 est
1337 4076 1558 4138 merito
1606 4074 2114 4139 commendanda.
2161 4074 2242 4137 Et
2271 4074 2577 4150 volumuS,
2618 4073 2776 4155 quod
2809 4072 3088 4137 debeatis
3205 4149 3220 4155 ᾗ

380 4157 615 4223 hortari
662 4161 1084 4229 efficacissime
1130 4164 1401 4228 amicum
1448 4163 1797 4245 predictum
1848 4163 1910 4227 et
1957 4180 2168 4227 omnes
2230 4181 2391 4238 suos,
2460 4165 2527 4225 ut
2576 4164 2965 4242 perseverent
3026 4164 3090 4226 et

383 4249 884 4317 constantissime
932 4254 1256 4318 attendant
1302 4252 1375 4317 ad
1427 4252 1953 4316 conservationem
2000 4250 2274 4315 civitatis
2327 4250 2614 4314 iamdicte
2663 4252 2726 4312 et
2773 4248 3089 4313 libertatis

382 4352 506 4413 sue,
557 4355 740 4419 quam
789 4359 1000 4405 omnes
1045 4340 1273 4405 debent
1321 4339 1648 4423 plusquam
1698 4340 1890 4405 vitam
1938 4340 2168 4419 optare,
2216 4341 2284 4401 ut
2332 4338 2468 4420 ipsa
2515 4338 2734 4401 civitas
2784 4356 2902 4401 non
2955 4357 3092 4418 per-

381 4423 592 4490 veniat
636 4426 714 4490 ad
760 4429 892 4493 tam
935 4429 1178 4512 iniquos
1226 4433 1290 4492 et
1335 4427 1608 4493 crudeles
1657 4447 1880 4492 manus
1926 4426 2332 4503 Turchorum,
2381 4425 2754 4490 notificando
2819 4426 2936 4489 tibi
2988 4444 3091 4507 pro

379 4515 489 4580 tua
537 4513 985 4596 informatione,
1035 4519 1193 4600 quod
1241 4516 1503 4581 facimus
1551 4534 1795 4581 armare
1833 4515 2046 4599 galeas
2094 4517 2337 4579 nostras
2387 4532 2492 4596 pro
2542 4514 2824 4578 custodia
2854 4512 3087 4596 culphi,

381 4624 537 4689 quas
583 4602 873 4669 fatiemus
919 4606 1081 4670 exire
1129 4624 1315 4687 quam
1363 4604 1625 4669 celerius
1671 4604 1804 4669 fieri
1851 4604 2083 4686 poterit
2128 4602 2512 4668 solummodo
2561 4603 2684 4666 ista
2748 4603 2821 4666 de
2879 4620 3087 4666 causa.

381 4693 465 4758 Et
509 4691 971 4758 committemus
1019 4694 1336 4776 capitaneo
1384 4695 1593 4757 nostro
1639 4692 1870 4775 culphi,
1924 4692 2083 4774 quod
2130 4691 2334 4756 veniat
2395 4691 2472 4754 ad
2536 4694 2740 4772 partes
2784 4689 2932 4754 illas
2980 4708 3089 4771 pro

380 4781 846 4846 conservatione
892 4784 956 4846 et
999 4781 1156 4847 bono
1200 4778 1364 4847 dicte
1404 4781 1676 4847 civitatis
1720 4800 1756 4846 a
1800 4782 1980 4847 tanto
2029 4782 2094 4844 et
2140 4778 2229 4844 sic
2276 4777 2622 4862 periculoso
2671 4777 2918 4842 vinculo
2965 4796 3095 4841 ser-

2682 4885 2717 4928 q:
