<?xml version="1.0" encoding="UTF-8"?>
<!DOCTYPE html PUBLIC "-//W3C//DTD XHTML 1.0 Transitional//EN"
    "http://www.w3.org/TR/xhtml1/DTD/xhtml1-transitional.dtd">
<html xmlns="http://www.w3.org/1999/xhtml" xml:lang="en" lang="en">
 <head>
  <title>
</title>
<meta http-equiv="Content-Type" content="text/html;charset=utf-8" />
  <meta name='ocr-system' content='tesseract 3.04.00' />
  <meta name='ocr-capabilities' content='ocr_page ocr_carea ocr_par ocr_line ocrx_word'/>
</head>
<body>
  <div class='ocr_page' id='page_1' title='image "./monumentaspecta02umjegoog_0398.png"; bbox 0 0 3620 5282; ppageno 0'>
   <div class='ocr_carea' id='block_1_1' title="bbox 510 358 642 425">
    <p class='ocr_par' dir='ltr' id='par_1_1' title="bbox 510 358 642 425">
     <span class='ocr_line' id='line_1_1' title="bbox 510 358 642 425; baseline -0.008 0"><span class='ocrx_word' id='word_1_1' title='bbox 510 358 642 425; x_wconf 85' lang='lat'>346</span> 
     </span>
    </p>
   </div>
   <div class='ocr_carea' id='block_1_2' title="bbox 511 528 3242 1135">
    <p class='ocr_par' dir='ltr' id='par_1_2' title="bbox 513 528 3239 794">
     <span class='ocr_line' id='line_1_2' title="bbox 724 528 3234 615; baseline -0.003 -14"><span class='ocrx_word' id='word_1_2' title='bbox 724 537 1047 615; x_wconf 74' lang='lat' dir='ltr'>DominuS,</span> <span class='ocrx_word' id='word_1_3' title='bbox 1099 555 1199 601; x_wconf 90' lang='lat' dir='ltr'>ser</span> <span class='ocrx_word' id='word_1_4' title='bbox 1239 536 1533 601; x_wconf 85' lang='lat' dir='ltr'>Nicolaus</span> <span class='ocrx_word' id='word_1_5' title='bbox 1575 534 1759 612; x_wconf 75' lang='lat' dir='ltr'>Nam,</span> <span class='ocrx_word' id='word_1_6' title='bbox 1808 554 1908 599; x_wconf 90' lang='lat' dir='ltr'>ser</span> <span class='ocrx_word' id='word_1_7' title='bbox 1952 533 2317 599; x_wconf 88' lang='lat' dir='ltr'>Franciscus</span> <span class='ocrx_word' id='word_1_8' title='bbox 2351 529 2602 609; x_wconf 92' lang='lat' dir='ltr'>Bembo,</span> <span class='ocrx_word' id='word_1_9' title='bbox 2651 547 2750 594; x_wconf 91' lang='lat' dir='ltr'>ser</span> <span class='ocrx_word' id='word_1_10' title='bbox 2784 530 3010 594; x_wconf 91' lang='lat' dir='ltr'>Petrus</span> <span class='ocrx_word' id='word_1_11' title='bbox 3033 528 3234 608; x_wconf 81' lang='lat' dir='ltr'>Erizo,</span> 
     </span>
     <span class='ocr_line' id='line_1_3' title="bbox 513 617 3239 706; baseline -0.004 -15"><span class='ocrx_word' id='word_1_12' title='bbox 513 625 868 691; x_wconf 88' lang='lat' dir='ltr'>consiliarii.</span> <span class='ocrx_word' id='word_1_13' title='bbox 918 624 1149 703; x_wconf 87' lang='lat' dir='ltr'>Prima,</span> <span class='ocrx_word' id='word_1_14' title='bbox 1199 624 1359 706; x_wconf 91' lang='lat' dir='ltr'>quod</span> <span class='ocrx_word' id='word_1_15' title='bbox 1408 643 1529 688; x_wconf 91' lang='lat' dir='ltr'>non</span> <span class='ocrx_word' id='word_1_16' title='bbox 1575 624 1799 687; x_wconf 86' lang='lat' dir='ltr'>debeat</span> <span class='ocrx_word' id='word_1_17' title='bbox 1842 622 2057 686; x_wconf 89' lang='lat' dir='ltr'>haberi</span> <span class='ocrx_word' id='word_1_18' title='bbox 2098 638 2207 704; x_wconf 88' lang='lat' dir='ltr'>pro</span> <span class='ocrx_word' id='word_1_19' title='bbox 2255 620 2562 696; x_wconf 83' lang='lat' dir='ltr'>excusat0,</span> <span class='ocrx_word' id='word_1_20' title='bbox 2611 617 2718 682; x_wconf 89' lang='lat' dir='ltr'>sed</span> <span class='ocrx_word' id='word_1_21' title='bbox 2766 617 2973 700; x_wconf 89' lang='lat' dir='ltr'>potius</span> <span class='ocrx_word' id='word_1_22' title='bbox 3015 617 3239 681; x_wconf 89' lang='lat' dir='ltr'>debeat</span> 
     </span>
     <span class='ocr_line' id='line_1_4' title="bbox 513 709 2084 794; baseline -0.004 -16"><span class='ocrx_word' id='word_1_23' title='bbox 513 715 752 780; x_wconf 89' lang='lat' dir='ltr'>solvere</span> <span class='ocrx_word' id='word_1_24' title='bbox 800 713 1025 777; x_wconf 86' lang='lat' dir='ltr'>dictam</span> <span class='ocrx_word' id='word_1_25' title='bbox 1074 731 1315 794; x_wconf 89' lang='lat' dir='ltr'>penam.</span> <span class='ocrx_word' id='word_1_26' title='bbox 1365 712 1469 789; x_wconf 82' lang='lat'>40,</span> <span class='ocrx_word' id='word_1_27' title='bbox 1517 710 1622 788; x_wconf 86' lang='lat'>46,</span> <span class='ocrx_word' id='word_1_28' title='bbox 1670 710 1775 788; x_wconf 91' lang='grc'>47,</span> <span class='ocrx_word' id='word_1_29' title='bbox 1823 709 1930 788; x_wconf 90' lang='grc'>47,</span> <span class='ocrx_word' id='word_1_30' title='bbox 1979 710 2084 773; x_wconf 88' lang='grc'>47.</span> 
     </span>
    </p>

    <p class='ocr_par' dir='ltr' id='par_1_3' title="bbox 511 792 3242 1059">
     <span class='ocr_line' id='line_1_5' title="bbox 724 792 3242 877; baseline -0.004 -12"><span class='ocrx_word' id='word_1_31' title='bbox 724 799 834 865; x_wconf 89' lang='lat' dir='ltr'>Ser</span> <span class='ocrx_word' id='word_1_32' title='bbox 881 799 1177 864; x_wconf 88' lang='lat' dir='ltr'>Nicolaus</span> <span class='ocrx_word' id='word_1_33' title='bbox 1219 799 1581 877; x_wconf 87' lang='lat' dir='ltr'>Barbadico,</span> <span class='ocrx_word' id='word_1_34' title='bbox 1631 817 1729 863; x_wconf 91' lang='lat' dir='ltr'>ser</span> <span class='ocrx_word' id='word_1_35' title='bbox 1775 797 2091 863; x_wconf 86' lang='lat' dir='ltr'>Johannes</span> <span class='ocrx_word' id='word_1_36' title='bbox 2139 797 2505 873; x_wconf 88' lang='lat' dir='ltr'>Fuscareno,</span> <span class='ocrx_word' id='word_1_37' title='bbox 2555 812 2654 857; x_wconf 88' lang='lat' dir='ltr'>ser</span> <span class='ocrx_word' id='word_1_38' title='bbox 2701 792 2949 856; x_wconf 85' lang='lat' dir='ltr'>Marcus</span> <span class='ocrx_word' id='word_1_39' title='bbox 2996 793 3070 856; x_wconf 90' lang='lat' dir='ltr'>de</span> <span class='ocrx_word' id='word_1_40' title='bbox 3100 792 3242 857; x_wconf 90' lang='lat' dir='ltr'>Pri·</span> 
     </span>
     <span class='ocr_line' id='line_1_6' title="bbox 516 879 3242 968; baseline -0.003 -16"><span class='ocrx_word' id='word_1_41' title='bbox 516 888 651 966; x_wconf 79' lang='lat' dir='ltr'>oliS,</span> <span class='ocrx_word' id='word_1_42' title='bbox 701 887 1057 953; x_wconf 89' lang='lat' dir='ltr'>consiliarii.</span> <span class='ocrx_word' id='word_1_43' title='bbox 1107 886 1402 966; x_wconf 87' lang='lat' dir='ltr'>Secunda,</span> <span class='ocrx_word' id='word_1_44' title='bbox 1452 886 1613 968; x_wconf 89' lang='lat' dir='ltr'>quod</span> <span class='ocrx_word' id='word_1_45' title='bbox 1661 885 1884 950; x_wconf 88' lang='lat' dir='ltr'>debeat</span> <span class='ocrx_word' id='word_1_46' title='bbox 1928 885 2141 950; x_wconf 84' lang='lat' dir='ltr'>haberi</span> <span class='ocrx_word' id='word_1_47' title='bbox 2188 901 2299 966; x_wconf 93' lang='lat' dir='ltr'>pro</span> <span class='ocrx_word' id='word_1_48' title='bbox 2336 882 2659 957; x_wconf 86' lang='lat' dir='ltr'>excusato,</span> <span class='ocrx_word' id='word_1_49' title='bbox 2721 879 2978 944; x_wconf 89' lang='lat' dir='ltr'>iurando</span> <span class='ocrx_word' id='word_1_50' title='bbox 3025 881 3095 944; x_wconf 90' lang='lat' dir='ltr'>ut</span> <span class='ocrx_word' id='word_1_51' title='bbox 3139 898 3242 944; x_wconf 91' lang='lat' dir='ltr'>su-</span> 
     </span>
     <span class='ocr_line' id='line_1_7' title="bbox 511 969 2664 1059; baseline -0.004 -19"><span class='ocrx_word' id='word_1_52' title='bbox 511 994 642 1059; x_wconf 87' lang='lat' dir='ltr'>pra.</span> <span class='ocrx_word' id='word_1_53' title='bbox 691 976 795 1050; x_wconf 90' lang='grc'>30,</span> <span class='ocrx_word' id='word_1_54' title='bbox 846 975 949 1049; x_wconf 92' lang='grc'>26,</span> <span class='ocrx_word' id='word_1_55' title='bbox 998 975 1102 1051; x_wconf 92' lang='grc'>25,</span> <span class='ocrx_word' id='word_1_56' title='bbox 1151 975 1256 1052; x_wconf 89' lang='grc'>25,</span> <span class='ocrx_word' id='word_1_57' title='bbox 1306 973 1410 1038; x_wconf 88' lang='grc'>25.</span> <span class='ocrx_word' id='word_1_58' title='bbox 1481 972 1622 1037; x_wconf 87' lang='lat' dir='ltr'>Non</span> <span class='ocrx_word' id='word_1_59' title='bbox 1669 972 1894 1037; x_wconf 82' lang='lat' dir='ltr'>sinceri</span> <span class='ocrx_word' id='word_1_60' title='bbox 1941 973 2044 1051; x_wconf 88' lang='grc'>24,</span> <span class='ocrx_word' id='word_1_61' title='bbox 2097 971 2200 1050; x_wconf 95' lang='grc'>22,</span> <span class='ocrx_word' id='word_1_62' title='bbox 2251 972 2357 1049; x_wconf 86' lang='grc'>22,</span> <span class='ocrx_word' id='word_1_63' title='bbox 2407 969 2510 1046; x_wconf 89' lang='grc'>22,</span> <span class='ocrx_word' id='word_1_64' title='bbox 2561 969 2664 1032; x_wconf 92' lang='grc'>22.</span> 
     </span>
    </p>

    <p class='ocr_par' dir='ltr' id='par_1_4' title="bbox 600 1064 2001 1135">
     <span class='ocr_line' id='line_1_8' title="bbox 600 1064 2001 1135; baseline -0.003 -10"><span class='ocrx_word' id='word_1_65' title='bbox 600 1066 780 1125; x_wconf 77' lang='lat' dir='ltr'>Misti</span> <span class='ocrx_word' id='word_1_66' title='bbox 829 1064 1150 1125; x_wconf 87' lang='lat' dir='ltr'><strong><em>XXVIII.</em></strong></span> <span class='ocrx_word' id='word_1_67' title='bbox 1199 1067 1256 1135; x_wconf 88' lang='lat'>6,</span> <span class='ocrx_word' id='word_1_68' title='bbox 1303 1083 1346 1123; x_wconf 80' lang='lat' dir='ltr'>u</span> <span class='ocrx_word' id='word_1_69' title='bbox 1385 1065 1602 1124; x_wconf 79' lang='lat' dir='ltr'>arkivu</span> <span class='ocrx_word' id='word_1_70' title='bbox 1642 1064 2001 1124; x_wconf 66' lang='lat' dir='ltr'>mletackom.</span> 
     </span>
    </p>
   </div>
   <div class='ocr_carea' id='block_1_3' title="bbox 925 1230 2867 1336">
    <p class='ocr_par' dir='ltr' id='par_1_5' title="bbox 925 1230 2867 1336">
     <span class='ocr_line' id='line_1_9' title="bbox 925 1230 2867 1336; baseline -0.003 -19"><span class='ocrx_word' id='word_1_71' title='bbox 925 1235 1232 1317; x_wconf 87' lang='lat' dir='ltr'><strong>DXVI.</strong></span> <span class='ocrx_word' id='word_1_72' title='bbox 1304 1236 1512 1319; x_wconf 66' lang='lat' dir='ltr'>(iod.</span> <span class='ocrx_word' id='word_1_73' title='bbox 1566 1234 1782 1319; x_wconf 80' lang='grc'>1357.</span> <span class='ocrx_word' id='word_1_74' title='bbox 1835 1234 1930 1316; x_wconf 94' lang='grc'>15</span> <span class='ocrx_word' id='word_1_75' title='bbox 1985 1235 2309 1336; x_wconf 81' lang='lat' dir='ltr'>srpnja,</span> <span class='ocrx_word' id='word_1_76' title='bbox 2362 1255 2423 1314; x_wconf 90' lang='lat' dir='ltr'>u</span> <span class='ocrx_word' id='word_1_77' title='bbox 2475 1230 2867 1313; x_wconf 81' lang='lat' dir='ltr'>Mletcih.</span> 
     </span>
    </p>
   </div>
   <div class='ocr_carea' id='block_1_4' title="bbox 517 1349 3257 2764">
    <p class='ocr_par' dir='ltr' id='par_1_6' title="bbox 517 1349 3257 2764">
     <span class='ocr_line' id='line_1_10' title="bbox 529 1349 3247 1438; baseline -0.003 -15"><span class='ocrx_word' id='word_1_78' title='bbox 529 1349 692 1437; x_wconf 62' lang='lat' dir='ltr'>Save</span> <span class='ocrx_word' id='word_1_79' title='bbox 731 1380 794 1422; x_wconf 85' lang='lat' dir='ltr'>se</span> <span class='ocrx_word' id='word_1_80' title='bbox 835 1363 1111 1436; x_wconf 64' lang='lat' dir='ltr'>biljeinik</span> <span class='ocrx_word' id='word_1_81' title='bbox 1150 1363 1488 1438; x_wconf 72' lang='lat' dir='ltr'>yospodaru</span> <span class='ocrx_word' id='word_1_82' title='bbox 1536 1362 2028 1436; x_wconf 75' lang='lat' dir='ltr'>padovanskomu</span> <span class='ocrx_word' id='word_1_83' title='bbox 2074 1378 2105 1420; x_wconf 83' lang='lat' dir='ltr'>s</span> <span class='ocrx_word' id='word_1_84' title='bbox 2142 1360 2417 1429; x_wconf 83' lang='lat' dir='ltr'>molbom,</span> <span class='ocrx_word' id='word_1_85' title='bbox 2483 1360 2637 1417; x_wconf 76' lang='lat' dir='ltr'>neka</span> <span class='ocrx_word' id='word_1_86' title='bbox 2703 1357 2957 1430; x_wconf 76' lang='lat' dir='ltr'>nepravi</span> <span class='ocrx_word' id='word_1_87' title='bbox 3016 1357 3247 1416; x_wconf 77' lang='lat' dir='ltr'>novosti</span> 
     </span>
     <span class='ocr_line' id='line_1_11' title="bbox 528 1446 3247 1530; baseline -0.003 -20"><span class='ocrx_word' id='word_1_88' title='bbox 528 1452 667 1510; x_wconf 81' lang='lat' dir='ltr'>radi</span> <span class='ocrx_word' id='word_1_89' title='bbox 709 1452 850 1511; x_wconf 66' lang='lat' dir='ltr'>§tete</span> <span class='ocrx_word' id='word_1_90' title='bbox 894 1452 1165 1524; x_wconf 60' lang='lat' dir='ltr'>uffinjene</span> <span class='ocrx_word' id='word_1_91' title='bbox 1225 1453 1474 1525; x_wconf 51' lang='grc' dir='ltr'>’φροντι</span> <span class='ocrx_word' id='word_1_92' title='bbox 1522 1451 1871 1525; x_wconf 78' lang='lat' dir='ltr'>podaniku,</span> <span class='ocrx_word' id='word_1_93' title='bbox 1931 1451 2099 1522; x_wconf 59' lang='lat' dir='ltr'>posto</span> <span class='ocrx_word' id='word_1_94' title='bbox 2137 1450 2214 1530; x_wconf 48' lang='lat' dir='ltr'>aje</span> <span class='ocrx_word' id='word_1_95' title='bbox 2257 1447 2568 1520; x_wconf 76' lang='lat' dir='ltr'>republika</span> <span class='ocrx_word' id='word_1_96' title='bbox 2609 1446 2944 1518; x_wconf 77' lang='lat' dir='ltr'>pripravna</span> <span class='ocrx_word' id='word_1_97' title='bbox 2977 1461 3061 1517; x_wconf 79' lang='lat' dir='ltr'>po</span> <span class='ocrx_word' id='word_1_98' title='bbox 3095 1462 3247 1518; x_wconf 79' lang='lat' dir='ltr'>pra-</span> 
     </span>
     <span class='ocr_line' id='line_1_12' title="bbox 1540 1537 3248 1598; baseline -0.006 -2"><span class='ocrx_word' id='word_1_99' title='bbox 1540 1541 1657 1598; x_wconf 66' lang='grc' dir='ltr'>υἱοί</span> <span class='ocrx_word' id='word_1_100' title='bbox 1695 1556 1727 1596; x_wconf 90' lang='grc' dir='ltr'><em>ο</em></span> <span class='ocrx_word' id='word_1_101' title='bbox 1772 1540 1963 1597; x_wconf 79' lang='lat' dir='ltr'>stvari</span> <span class='ocrx_word' id='word_1_102' title='bbox 2009 1537 2212 1596; x_wconf 77' lang='lat' dir='ltr'>suditi.</span> <span class='ocrx_word' id='word_1_103' title='bbox 3233 1540 3248 1543; x_wconf 23' lang='lat' dir='ltr'><em>f</em></span> 
     </span>
     <span class='ocr_line' id='line_1_13' title="bbox 736 1622 3249 1723; baseline -0.003 -20"><span class='ocrx_word' id='word_1_104' title='bbox 736 1639 921 1706; x_wconf 86' lang='grc'>1357.</span> <span class='ocrx_word' id='word_1_105' title='bbox 971 1640 1066 1705; x_wconf 91' lang='lat' dir='ltr'>die</span> <span class='ocrx_word' id='word_1_106' title='bbox 1112 1640 1232 1706; x_wconf 90' lang='lat' dir='ltr'>XV</span> <span class='ocrx_word' id='word_1_107' title='bbox 1265 1622 1421 1719; x_wconf 83' lang='lat' dir='ltr'>iulii,</span> <span class='ocrx_word' id='word_1_108' title='bbox 1457 1642 1671 1723; x_wconf 87' lang='lat' dir='ltr'>capta:</span> <span class='ocrx_word' id='word_1_109' title='bbox 1724 1641 1868 1722; x_wconf 88' lang='lat' dir='ltr'>quia</span> <span class='ocrx_word' id='word_1_110' title='bbox 1905 1638 2252 1704; x_wconf 82' lang='lat' dir='ltr'><strong>occassione</strong></span> <span class='ocrx_word' id='word_1_111' title='bbox 2297 1635 2615 1712; x_wconf 79' lang='lat' dir='ltr'>novitatiS,</span> <span class='ocrx_word' id='word_1_112' title='bbox 2663 1654 2780 1718; x_wconf 89' lang='lat' dir='ltr'>que</span> <span class='ocrx_word' id='word_1_113' title='bbox 2822 1633 3065 1699; x_wconf 88' lang='lat' dir='ltr'>videtur</span> <span class='ocrx_word' id='word_1_114' title='bbox 3092 1632 3249 1698; x_wconf 87' lang='lat' dir='ltr'>fueri</span> 
     </span>
     <span class='ocr_line' id='line_1_14' title="bbox 524 1721 3245 1811; baseline -0.003 -18"><span class='ocrx_word' id='word_1_115' title='bbox 524 1747 633 1811; x_wconf 92' lang='lat' dir='ltr'>per</span> <span class='ocrx_word' id='word_1_116' title='bbox 679 1728 996 1792; x_wconf 91' lang='lat' dir='ltr'>dominum</span> <span class='ocrx_word' id='word_1_117' title='bbox 1046 1727 1254 1794; x_wconf 87' lang='lat' dir='ltr'>Padue</span> <span class='ocrx_word' id='word_1_118' title='bbox 1301 1728 1683 1793; x_wconf 75' lang='lat' dir='ltr'><strong>nostratibus</strong></span> <span class='ocrx_word' id='word_1_119' title='bbox 1744 1730 1809 1791; x_wconf 92' lang='lat' dir='ltr'>et</span> <span class='ocrx_word' id='word_1_120' title='bbox 1871 1725 2327 1792; x_wconf 86' lang='lat' dir='ltr'>habitatoribus</span> <span class='ocrx_word' id='word_1_121' title='bbox 2389 1723 2519 1788; x_wconf 88' lang='lat' dir='ltr'>suis</span> <span class='ocrx_word' id='word_1_122' title='bbox 2579 1741 2689 1805; x_wconf 87' lang='lat' dir='ltr'>pro</span> <span class='ocrx_word' id='word_1_123' title='bbox 2737 1723 2960 1787; x_wconf 89' lang='lat' dir='ltr'>damno</span> <span class='ocrx_word' id='word_1_124' title='bbox 3006 1721 3245 1797; x_wconf 85' lang='lat' dir='ltr'>Gutici,</span> 
     </span>
     <span class='ocr_line' id='line_1_15' title="bbox 523 1808 3248 1896; baseline -0.003 -17"><span class='ocrx_word' id='word_1_125' title='bbox 523 1816 813 1880; x_wconf 88' lang='lat' dir='ltr'>mittatur</span> <span class='ocrx_word' id='word_1_126' title='bbox 857 1834 1012 1880; x_wconf 91' lang='lat' dir='ltr'>unus</span> <span class='ocrx_word' id='word_1_127' title='bbox 1059 1816 1135 1879; x_wconf 90' lang='lat' dir='ltr'>de</span> <span class='ocrx_word' id='word_1_128' title='bbox 1183 1815 1406 1880; x_wconf 89' lang='lat' dir='ltr'>nostris</span> <span class='ocrx_word' id='word_1_129' title='bbox 1432 1817 1690 1880; x_wconf 86' lang='lat' dir='ltr'>notariis</span> <span class='ocrx_word' id='word_1_130' title='bbox 1733 1816 2033 1893; x_wconf 84' lang='lat' dir='ltr'>Paduam,</span> <span class='ocrx_word' id='word_1_131' title='bbox 2080 1813 2206 1896; x_wconf 89' lang='lat' dir='ltr'>qui,</span> <span class='ocrx_word' id='word_1_132' title='bbox 2254 1810 2715 1894; x_wconf 89' lang='lat' dir='ltr'>recapitulando</span> <span class='ocrx_word' id='word_1_133' title='bbox 2746 1808 2994 1874; x_wconf 90' lang='lat' dir='ltr'>domino</span> <span class='ocrx_word' id='word_1_134' title='bbox 3042 1809 3248 1873; x_wconf 87' lang='lat' dir='ltr'>Padue</span> 
     </span>
     <span class='ocr_line' id='line_1_16' title="bbox 525 1897 3250 1986; baseline -0.003 -18"><span class='ocrx_word' id='word_1_135' title='bbox 525 1905 598 1968; x_wconf 90' lang='lat' dir='ltr'>de</span> <span class='ocrx_word' id='word_1_136' title='bbox 658 1903 937 1968; x_wconf 79' lang='lat' dir='ltr'>honestis</span> <span class='ocrx_word' id='word_1_137' title='bbox 996 1902 1494 1986; x_wconf 79' lang='lat' dir='ltr'>responsionibus</span> <span class='ocrx_word' id='word_1_138' title='bbox 1564 1903 1794 1986; x_wconf 87' lang='lat' dir='ltr'>pluries</span> <span class='ocrx_word' id='word_1_139' title='bbox 1843 1904 1907 1967; x_wconf 87' lang='lat' dir='ltr'>et</span> <span class='ocrx_word' id='word_1_140' title='bbox 1951 1920 2114 1966; x_wconf 90' lang='lat' dir='ltr'>nunc</span> <span class='ocrx_word' id='word_1_141' title='bbox 2159 1899 2379 1964; x_wconf 90' lang='lat' dir='ltr'>ultimo</span> <span class='ocrx_word' id='word_1_142' title='bbox 2428 1897 2608 1963; x_wconf 87' lang='lat' dir='ltr'>factis</span> <span class='ocrx_word' id='word_1_143' title='bbox 2657 1898 2711 1961; x_wconf 93' lang='lat' dir='ltr'>ei</span> <span class='ocrx_word' id='word_1_144' title='bbox 2760 1916 2865 1979; x_wconf 89' lang='lat' dir='ltr'>per</span> <span class='ocrx_word' id='word_1_145' title='bbox 2913 1914 3022 1961; x_wconf 92' lang='lat' dir='ltr'>nos</span> <span class='ocrx_word' id='word_1_146' title='bbox 3070 1914 3250 1977; x_wconf 89' lang='lat' dir='ltr'>super</span> 
     </span>
     <span class='ocr_line' id='line_1_17' title="bbox 523 1984 3252 2073; baseline -0.003 -18"><span class='ocrx_word' id='word_1_147' title='bbox 523 1990 689 2055; x_wconf 90' lang='lat' dir='ltr'>dicto</span> <span class='ocrx_word' id='word_1_148' title='bbox 736 1990 921 2069; x_wconf 86' lang='lat' dir='ltr'>facto,</span> <span class='ocrx_word' id='word_1_149' title='bbox 971 1991 1272 2069; x_wconf 88' lang='lat' dir='ltr'>ostendat,</span> <span class='ocrx_word' id='word_1_150' title='bbox 1323 1993 1480 2073; x_wconf 90' lang='lat' dir='ltr'>quod</span> <span class='ocrx_word' id='word_1_151' title='bbox 1546 1990 1848 2055; x_wconf 84' lang='lat' dir='ltr'><strong>miramur</strong></span> <span class='ocrx_word' id='word_1_152' title='bbox 1892 1992 1965 2055; x_wconf 93' lang='lat' dir='ltr'>de</span> <span class='ocrx_word' id='word_1_153' title='bbox 2027 1988 2303 2054; x_wconf 85' lang='lat' dir='ltr'>novitate</span> <span class='ocrx_word' id='word_1_154' title='bbox 2361 1984 2675 2070; x_wconf 87' lang='lat' dir='ltr'>predicta,</span> <span class='ocrx_word' id='word_1_155' title='bbox 2739 2003 2880 2049; x_wconf 91' lang='lat' dir='ltr'>cum</span> <span class='ocrx_word' id='word_1_156' title='bbox 2938 2002 3252 2067; x_wconf 90' lang='lat' dir='ltr'>nunquam</span> 
     </span>
     <span class='ocr_line' id='line_1_18' title="bbox 521 2071 3254 2154; baseline -0.003 -11"><span class='ocrx_word' id='word_1_157' title='bbox 521 2080 1006 2144; x_wconf 80' lang='lat' dir='ltr'>recusaverimus</span> <span class='ocrx_word' id='word_1_158' title='bbox 1061 2098 1168 2143; x_wconf 89' lang='lat' dir='ltr'>nec</span> <span class='ocrx_word' id='word_1_159' title='bbox 1230 2096 1510 2143; x_wconf 88' lang='lat' dir='ltr'>recusare</span> <span class='ocrx_word' id='word_1_160' title='bbox 1573 2077 1967 2142; x_wconf 80' lang='lat' dir='ltr'>intendamus</span> <span class='ocrx_word' id='word_1_161' title='bbox 2032 2077 2161 2154; x_wconf 79' lang='lat' dir='ltr'>iuS,</span> <span class='ocrx_word' id='word_1_162' title='bbox 2238 2076 2299 2140; x_wconf 92' lang='lat' dir='ltr'>et</span> <span class='ocrx_word' id='word_1_163' title='bbox 2347 2073 2635 2139; x_wconf 87' lang='lat' dir='ltr'>similiter</span> <span class='ocrx_word' id='word_1_164' title='bbox 2682 2071 3003 2138; x_wconf 83' lang='lat' dir='ltr'>credamus</span> <span class='ocrx_word' id='word_1_165' title='bbox 3030 2121 3046 2150; x_wconf 95' lang='lat'>,</span> <span class='ocrx_word' id='word_1_166' title='bbox 3093 2071 3254 2154; x_wconf 88' lang='lat' dir='ltr'>quod</span> 
     </span>
     <span class='ocr_line' id='line_1_19' title="bbox 521 2160 3254 2248; baseline -0.002 -19"><span class='ocrx_word' id='word_1_167' title='bbox 521 2165 654 2248; x_wconf 90' lang='lat' dir='ltr'>ipse</span> <span class='ocrx_word' id='word_1_168' title='bbox 700 2184 820 2230; x_wconf 91' lang='lat' dir='ltr'>non</span> <span class='ocrx_word' id='word_1_169' title='bbox 863 2167 1017 2232; x_wconf 86' lang='lat' dir='ltr'>velit</span> <span class='ocrx_word' id='word_1_170' title='bbox 1058 2184 1169 2230; x_wconf 90' lang='lat' dir='ltr'>nec</span> <span class='ocrx_word' id='word_1_171' title='bbox 1215 2166 1438 2230; x_wconf 87' lang='lat' dir='ltr'>debeat</span> <span class='ocrx_word' id='word_1_172' title='bbox 1481 2185 1789 2230; x_wconf 90' lang='lat' dir='ltr'>recusare.</span> <span class='ocrx_word' id='word_1_173' title='bbox 1863 2166 1943 2229; x_wconf 89' lang='lat' dir='ltr'>Et</span> <span class='ocrx_word' id='word_1_174' title='bbox 1989 2166 2314 2247; x_wconf 86' lang='lat' dir='ltr'>propterea</span> <span class='ocrx_word' id='word_1_175' title='bbox 2359 2164 2537 2244; x_wconf 88' lang='lat' dir='ltr'>roget</span> <span class='ocrx_word' id='word_1_176' title='bbox 2581 2160 2819 2243; x_wconf 90' lang='lat' dir='ltr'>ipsum,</span> <span class='ocrx_word' id='word_1_177' title='bbox 2868 2161 3170 2243; x_wconf 85' lang='lat' dir='ltr'>quatenus</span> <span class='ocrx_word' id='word_1_178' title='bbox 3218 2176 3254 2224; x_wconf 86' lang='lat' dir='ltr'>a</span> 
     </span>
     <span class='ocr_line' id='line_1_20' title="bbox 517 2245 3257 2337; baseline -0.002 -20"><span class='ocrx_word' id='word_1_179' title='bbox 517 2253 797 2337; x_wconf 88' lang='lat' dir='ltr'>predicta</span> <span class='ocrx_word' id='word_1_180' title='bbox 841 2254 941 2318; x_wconf 89' lang='lat' dir='ltr'>vel</span> <span class='ocrx_word' id='word_1_181' title='bbox 979 2254 1103 2319; x_wconf 87' lang='lat' dir='ltr'>alia</span> <span class='ocrx_word' id='word_1_182' title='bbox 1147 2253 1421 2318; x_wconf 88' lang='lat' dir='ltr'>novitate</span> <span class='ocrx_word' id='word_1_183' title='bbox 1471 2252 1785 2318; x_wconf 85' lang='lat' dir='ltr'>inferenda</span> <span class='ocrx_word' id='word_1_184' title='bbox 1847 2253 2074 2316; x_wconf 88' lang='lat' dir='ltr'>nostris</span> <span class='ocrx_word' id='word_1_185' title='bbox 2139 2252 2236 2316; x_wconf 92' lang='lat' dir='ltr'>vel</span> <span class='ocrx_word' id='word_1_186' title='bbox 2298 2249 2424 2314; x_wconf 89' lang='lat' dir='ltr'>suis</span> <span class='ocrx_word' id='word_1_187' title='bbox 2490 2247 2947 2313; x_wconf 88' lang='lat' dir='ltr'>habitatoribus</span> <span class='ocrx_word' id='word_1_188' title='bbox 3009 2245 3257 2330; x_wconf 87' lang='lat' dir='ltr'>placeat</span> 
     </span>
     <span class='ocr_line' id='line_1_21' title="bbox 519 2335 3254 2422; baseline -0.003 -16"><span class='ocrx_word' id='word_1_189' title='bbox 519 2341 826 2406; x_wconf 84' lang='lat' dir='ltr'>abstinere</span> <span class='ocrx_word' id='word_1_190' title='bbox 873 2343 936 2404; x_wconf 92' lang='lat' dir='ltr'>et</span> <span class='ocrx_word' id='word_1_191' title='bbox 982 2341 1181 2406; x_wconf 88' lang='lat' dir='ltr'>facere</span> <span class='ocrx_word' id='word_1_192' title='bbox 1228 2340 1546 2419; x_wconf 74' lang='lat' dir='ltr'>abstineri,</span> <span class='ocrx_word' id='word_1_193' title='bbox 1588 2344 1653 2405; x_wconf 93' lang='lat' dir='ltr'>et</span> <span class='ocrx_word' id='word_1_194' title='bbox 1696 2341 1747 2404; x_wconf 92' lang='lat' dir='ltr'>si</span> <span class='ocrx_word' id='word_1_195' title='bbox 1796 2360 1918 2422; x_wconf 85' lang='lat' dir='ltr'>qua</span> <span class='ocrx_word' id='word_1_196' title='bbox 1959 2337 2125 2403; x_wconf 85' lang='lat' dir='ltr'>facta</span> <span class='ocrx_word' id='word_1_197' title='bbox 2172 2339 2287 2416; x_wconf 88' lang='lat' dir='ltr'>est,</span> <span class='ocrx_word' id='word_1_198' title='bbox 2336 2336 2608 2402; x_wconf 86' lang='lat' dir='ltr'>revocari</span> <span class='ocrx_word' id='word_1_199' title='bbox 2655 2335 2883 2412; x_wconf 85' lang='lat' dir='ltr'>faciat,</span> <span class='ocrx_word' id='word_1_200' title='bbox 2946 2352 3086 2398; x_wconf 90' lang='lat' dir='ltr'>cum</span> <span class='ocrx_word' id='word_1_201' title='bbox 3134 2352 3254 2398; x_wconf 92' lang='lat' dir='ltr'>non</span> 
     </span>
     <span class='ocr_line' id='line_1_22' title="bbox 524 2421 3253 2509; baseline -0.003 -16"><span class='ocrx_word' id='word_1_202' title='bbox 524 2428 920 2493; x_wconf 85' lang='lat' dir='ltr'>intendamus</span> <span class='ocrx_word' id='word_1_203' title='bbox 969 2428 1084 2492; x_wconf 92' lang='lat' dir='ltr'>sibi</span> <span class='ocrx_word' id='word_1_204' title='bbox 1134 2429 1391 2492; x_wconf 89' lang='lat' dir='ltr'>deficere</span> <span class='ocrx_word' id='word_1_205' title='bbox 1440 2429 1503 2492; x_wconf 91' lang='lat' dir='ltr'>in</span> <span class='ocrx_word' id='word_1_206' title='bbox 1548 2446 1641 2506; x_wconf 88' lang='lat' dir='ltr'>eo,</span> <span class='ocrx_word' id='word_1_207' title='bbox 1712 2428 1871 2509; x_wconf 87' lang='lat' dir='ltr'>quod</span> <span class='ocrx_word' id='word_1_208' title='bbox 1919 2427 2017 2490; x_wconf 92' lang='lat' dir='ltr'>ius</span> <span class='ocrx_word' id='word_1_209' title='bbox 2063 2426 2347 2502; x_wconf 86' lang='lat' dir='ltr'>voluerit,</span> <span class='ocrx_word' id='word_1_210' title='bbox 2397 2425 2560 2488; x_wconf 86' lang='lat' dir='ltr'>sicut</span> <span class='ocrx_word' id='word_1_211' title='bbox 2602 2441 2846 2504; x_wconf 86' lang='lat' dir='ltr'>semper</span> <span class='ocrx_word' id='word_1_212' title='bbox 2891 2421 3253 2499; x_wconf 77' lang='lat' dir='ltr'>obtulimuS,</span> 
     </span>
     <span class='ocr_line' id='line_1_23' title="bbox 518 2509 3244 2600; baseline -0.003 -20"><span class='ocrx_word' id='word_1_213' title='bbox 518 2517 601 2580; x_wconf 87' lang='lat' dir='ltr'>Et</span> <span class='ocrx_word' id='word_1_214' title='bbox 637 2535 777 2580; x_wconf 88' lang='lat' dir='ltr'>cnm</span> <span class='ocrx_word' id='word_1_215' title='bbox 821 2533 915 2593; x_wconf 91' lang='lat' dir='ltr'>eo,</span> <span class='ocrx_word' id='word_1_216' title='bbox 962 2516 1124 2598; x_wconf 91' lang='lat' dir='ltr'>quod</span> <span class='ocrx_word' id='word_1_217' title='bbox 1168 2515 1475 2592; x_wconf 88' lang='lat' dir='ltr'>habuerit,</span> <span class='ocrx_word' id='word_1_218' title='bbox 1524 2517 1734 2580; x_wconf 85' lang='lat' dir='ltr'>redeat</span> <span class='ocrx_word' id='word_1_219' title='bbox 1782 2514 2099 2579; x_wconf 82' lang='lat' dir='ltr'>VeneciaS.</span> <span class='ocrx_word' id='word_1_220' title='bbox 2154 2512 2267 2600; x_wconf 77' lang='lat' dir='ltr'>(ln</span> <span class='ocrx_word' id='word_1_221' title='bbox 2312 2516 2621 2589; x_wconf 76' lang='lat' dir='ltr'>maryine).</span> <span class='ocrx_word' id='word_1_222' title='bbox 2656 2510 2871 2588; x_wconf 87' lang='lat' dir='ltr'>Vacat,</span> <span class='ocrx_word' id='word_1_223' title='bbox 2920 2510 3064 2593; x_wconf 87' lang='lat' dir='ltr'>quia</span> <span class='ocrx_word' id='word_1_224' title='bbox 3094 2509 3244 2573; x_wconf 87' lang='lat' dir='ltr'>alibi</span> 
     </span>
     <span class='ocr_line' id='line_1_24' title="bbox 520 2604 1531 2686; baseline -0.003 -17"><span class='ocrx_word' id='word_1_225' title='bbox 520 2604 755 2686; x_wconf 85' lang='lat' dir='ltr'>scripta</span> <span class='ocrx_word' id='word_1_226' title='bbox 799 2605 896 2669; x_wconf 91' lang='lat' dir='ltr'>est</span> <span class='ocrx_word' id='word_1_227' title='bbox 941 2604 1006 2668; x_wconf 92' lang='lat' dir='ltr'>in</span> <span class='ocrx_word' id='word_1_228' title='bbox 1052 2608 1200 2667; x_wconf 79' lang='lat' dir='ltr'>libro</span> <span class='ocrx_word' id='word_1_229' title='bbox 1244 2623 1469 2682; x_wconf 72' lang='lat' dir='ltr'>querre.</span> <span class='ocrx_word' id='word_1_230' title='bbox 1512 2604 1531 2639; x_wconf 91' lang='lat'><strong>¹</strong></span> 
     </span>
     <span class='ocr_line' id='line_1_25' title="bbox 599 2694 2015 2764; baseline -0.001 -11"><span class='ocrx_word' id='word_1_231' title='bbox 599 2694 793 2754; x_wconf 20' lang='lat' dir='ltr'>*misti</span> <span class='ocrx_word' id='word_1_232' title='bbox 842 2694 969 2753; x_wconf 88' lang='lat' dir='ltr'>XX</span> <span class='ocrx_word' id='word_1_233' title='bbox 983 2695 1163 2755; x_wconf 89' lang='lat' dir='ltr'><strong><em>VIII.</em></strong></span> <span class='ocrx_word' id='word_1_234' title='bbox 1213 2696 1272 2764; x_wconf 87' lang='grc'>8,</span> <span class='ocrx_word' id='word_1_235' title='bbox 1308 2713 1352 2753; x_wconf 82' lang='lat' dir='ltr'>u</span> <span class='ocrx_word' id='word_1_236' title='bbox 1396 2695 1736 2755; x_wconf 65' lang='lat' dir='ltr'>mletaekom</span> <span class='ocrx_word' id='word_1_237' title='bbox 1781 2695 2015 2754; x_wconf 82' lang='lat' dir='ltr'>arkivu.</span> 
     </span>
    </p>
   </div>
   <div class='ocr_carea' id='block_1_5' title="bbox 898 2861 2875 2966">
    <p class='ocr_par' dir='ltr' id='par_1_7' title="bbox 898 2861 2875 2966">
     <span class='ocr_line' id='line_1_26' title="bbox 898 2861 2875 2966; baseline -0.004 -17"><span class='ocrx_word' id='word_1_238' title='bbox 898 2868 1248 2949; x_wconf 79' lang='lat' dir='ltr'><strong>DXVII.</strong></span> <span class='ocrx_word' id='word_1_239' title='bbox 1329 2867 1512 2950; x_wconf 75' lang='lat' dir='ltr'>God</span> <span class='ocrx_word' id='word_1_240' title='bbox 1566 2867 1783 2951; x_wconf 80' lang='grc'>1357.</span> <span class='ocrx_word' id='word_1_241' title='bbox 1841 2867 1936 2949; x_wconf 81' lang='grc'>27</span> <span class='ocrx_word' id='word_1_242' title='bbox 1993 2865 2315 2966; x_wconf 61' lang='grc' dir='ltr'>εηιιιᾶει,</span> <span class='ocrx_word' id='word_1_243' title='bbox 2371 2887 2432 2946; x_wconf 86' lang='grc' dir='ltr'>ιι</span> <span class='ocrx_word' id='word_1_244' title='bbox 2484 2861 2875 2944; x_wconf 81' lang='lat' dir='ltr'>Jffletcih.</span> 
     </span>
    </p>
   </div>
   <div class='ocr_carea' id='block_1_6' title="bbox 519 2983 3256 3141">
    <p class='ocr_par' dir='ltr' id='par_1_8' title="bbox 519 2983 3256 3141">
     <span class='ocr_line' id='line_1_27' title="bbox 519 2983 3256 3068; baseline -0.002 -15"><span class='ocrx_word' id='word_1_245' title='bbox 519 2993 808 3068; x_wconf 69' lang='lat' dir='ltr'>Primb‘en</span> <span class='ocrx_word' id='word_1_246' title='bbox 832 2995 1098 3068; x_wconf 73' lang='lat' dir='ltr'>predloy,</span> <span class='ocrx_word' id='word_1_247' title='bbox 1143 2994 1222 3053; x_wconf 84' lang='lat' dir='ltr'>da</span> <span class='ocrx_word' id='word_1_248' title='bbox 1269 2994 1522 3053; x_wconf 63' lang='lat' dir='ltr'>drkavm&#39;</span> <span class='ocrx_word' id='word_1_249' title='bbox 1567 2995 1884 3066; x_wconf 73' lang='lat' dir='ltr'>odvjetnici</span> <span class='ocrx_word' id='word_1_250' title='bbox 1919 2983 2155 3067; x_wconf 75' lang='lat' dir='ltr'>povedu</span> <span class='ocrx_word' id='word_1_251' title='bbox 2190 2994 2425 3066; x_wconf 74' lang='lat' dir='ltr'>iztraqu</span> <span class='ocrx_word' id='word_1_252' title='bbox 2459 2992 2627 3063; x_wconf 76' lang='lat' dir='ltr'>proti</span> <span class='ocrx_word' id='word_1_253' title='bbox 2669 2991 2859 3049; x_wconf 75' lang='lat' dir='ltr'>knezu</span> <span class='ocrx_word' id='word_1_254' title='bbox 2902 2989 3256 3048; x_wconf 79' lang='lat' dir='ltr'>hvarskomu</span> 
     </span>
     <span class='ocr_line' id='line_1_28' title="bbox 1220 3079 3090 3141; baseline -0.004 -1"><span class='ocrx_word' id='word_1_255' title='bbox 1220 3082 1358 3140; x_wconf 83' lang='lat' dir='ltr'>radi</span> <span class='ocrx_word' id='word_1_256' title='bbox 1402 3081 1730 3141; x_wconf 67' lang='lat' dir='ltr'>smaknuca</span> <span class='ocrx_word' id='word_1_257' title='bbox 1775 3080 2006 3140; x_wconf 79' lang='lat' dir='ltr'>Marka</span> <span class='ocrx_word' id='word_1_258' title='bbox 2052 3082 2123 3139; x_wconf 81' lang='lat' dir='ltr'>de</span> <span class='ocrx_word' id='word_1_259' title='bbox 2169 3080 2231 3139; x_wconf 82' lang='lat' dir='ltr'>la</span> <span class='ocrx_word' id='word_1_260' title='bbox 2277 3079 2574 3138; x_wconf 80' lang='lat' dir='ltr'>Fontana.</span> <span class='ocrx_word' id='word_1_261' title='bbox 3085 3083 3090 3091; x_wconf 86' lang='lat'>&#39;</span> 
     </span>
    </p>
   </div>
   <div class='ocr_carea' id='block_1_7' title="bbox 520 3177 3257 3954">
    <p class='ocr_par' dir='ltr' id='par_1_9' title="bbox 520 3177 3257 3876">
     <span class='ocr_line' id='line_1_29' title="bbox 740 3177 3255 3264; baseline -0.002 -19"><span class='ocrx_word' id='word_1_262' title='bbox 740 3182 925 3246; x_wconf 88' lang='grc'>1357.</span> <span class='ocrx_word' id='word_1_263' title='bbox 964 3182 1297 3247; x_wconf 79' lang='lat' dir='ltr'>indictione</span> <span class='ocrx_word' id='word_1_264' title='bbox 1341 3183 1421 3260; x_wconf 88' lang='lat' dir='ltr'>X,</span> <span class='ocrx_word' id='word_1_265' title='bbox 1472 3183 1568 3247; x_wconf 85' lang='lat' dir='ltr'>die</span> <span class='ocrx_word' id='word_1_266' title='bbox 1615 3182 1694 3245; x_wconf 91' lang='grc'>27</span> <span class='ocrx_word' id='word_1_267' title='bbox 1748 3183 1903 3260; x_wconf 90' lang='lat' dir='ltr'>iulii,</span> <span class='ocrx_word' id='word_1_268' title='bbox 1951 3184 2170 3264; x_wconf 85' lang='lat' dir='ltr'>capta:</span> <span class='ocrx_word' id='word_1_269' title='bbox 2222 3181 2275 3245; x_wconf 91' lang='lat' dir='ltr'>si</span> <span class='ocrx_word' id='word_1_270' title='bbox 2323 3199 2432 3262; x_wconf 90' lang='lat' dir='ltr'>per</span> <span class='ocrx_word' id='word_1_271' title='bbox 2463 3197 2553 3254; x_wconf 82' lang='lat' dir='ltr'>ea,</span> <span class='ocrx_word' id='word_1_272' title='bbox 2607 3198 2726 3261; x_wconf 92' lang='lat' dir='ltr'>que</span> <span class='ocrx_word' id='word_1_273' title='bbox 2772 3179 2938 3243; x_wconf 78' lang='lat' dir='ltr'>dicta</span> <span class='ocrx_word' id='word_1_274' title='bbox 2985 3180 3049 3244; x_wconf 91' lang='lat' dir='ltr'>et</span> <span class='ocrx_word' id='word_1_275' title='bbox 3093 3177 3255 3243; x_wconf 87' lang='lat' dir='ltr'>lecta</span> 
     </span>
     <span class='ocr_line' id='line_1_30' title="bbox 522 3266 3244 3351; baseline -0.001 -19"><span class='ocrx_word' id='word_1_276' title='bbox 522 3270 692 3346; x_wconf 89' lang='lat' dir='ltr'>sunt,</span> <span class='ocrx_word' id='word_1_277' title='bbox 742 3269 986 3335; x_wconf 84' lang='lat' dir='ltr'>videtur</span> <span class='ocrx_word' id='word_1_278' title='bbox 1034 3269 1224 3346; x_wconf 75' lang='lat' dir='ltr'>vobiS,</span> <span class='ocrx_word' id='word_1_279' title='bbox 1274 3271 1432 3351; x_wconf 91' lang='lat' dir='ltr'>quod</span> <span class='ocrx_word' id='word_1_280' title='bbox 1479 3269 1654 3351; x_wconf 86' lang='lat' dir='ltr'>copia</span> <span class='ocrx_word' id='word_1_281' title='bbox 1700 3288 2024 3350; x_wconf 83' lang='lat' dir='ltr'>processus</span> <span class='ocrx_word' id='word_1_282' title='bbox 2072 3273 2134 3334; x_wconf 93' lang='lat' dir='ltr'>et</span> <span class='ocrx_word' id='word_1_283' title='bbox 2182 3270 2666 3350; x_wconf 86' lang='lat' dir='ltr'>scripturarum,</span> <span class='ocrx_word' id='word_1_284' title='bbox 2731 3285 2847 3348; x_wconf 88' lang='lat' dir='ltr'>que</span> <span class='ocrx_word' id='word_1_285' title='bbox 2892 3267 3039 3330; x_wconf 92' lang='lat' dir='ltr'>sunt</span> <span class='ocrx_word' id='word_1_286' title='bbox 3084 3266 3244 3347; x_wconf 89' lang='lat' dir='ltr'>apud</span> 
     </span>
     <span class='ocr_line' id='line_1_31' title="bbox 525 3352 3256 3438; baseline -0.001 -19"><span class='ocrx_word' id='word_1_287' title='bbox 525 3355 812 3420; x_wconf 92' lang='lat' dir='ltr'>dominos</span> <span class='ocrx_word' id='word_1_288' title='bbox 854 3356 929 3420; x_wconf 92' lang='lat' dir='ltr'>de</span> <span class='ocrx_word' id='word_1_289' title='bbox 981 3357 1156 3422; x_wconf 90' lang='lat' dir='ltr'>nocte</span> <span class='ocrx_word' id='word_1_290' title='bbox 1217 3374 1400 3438; x_wconf 89' lang='lat' dir='ltr'>super</span> <span class='ocrx_word' id='word_1_291' title='bbox 1467 3357 1798 3422; x_wconf 90' lang='lat' dir='ltr'>homicidio</span> <span class='ocrx_word' id='word_1_292' title='bbox 1862 3358 2123 3422; x_wconf 88' lang='lat' dir='ltr'>comisso</span> <span class='ocrx_word' id='word_1_293' title='bbox 2182 3358 2245 3419; x_wconf 92' lang='lat' dir='ltr'>in</span> <span class='ocrx_word' id='word_1_294' title='bbox 2306 3372 2629 3437; x_wconf 85' lang='lat' dir='ltr'>personam</span> <span class='ocrx_word' id='word_1_295' title='bbox 2693 3371 2791 3418; x_wconf 90' lang='lat' dir='ltr'>ser</span> <span class='ocrx_word' id='word_1_296' title='bbox 2831 3352 3024 3418; x_wconf 89' lang='lat' dir='ltr'>Marci</span> <span class='ocrx_word' id='word_1_297' title='bbox 3071 3352 3145 3417; x_wconf 87' lang='lat' dir='ltr'>de</span> <span class='ocrx_word' id='word_1_298' title='bbox 3193 3352 3256 3416; x_wconf 89' lang='lat' dir='ltr'>la</span> 
     </span>
     <span class='ocr_line' id='line_1_32' title="bbox 524 3440 3257 3528; baseline -0.001 -21"><span class='ocrx_word' id='word_1_299' title='bbox 524 3443 828 3521; x_wconf 85' lang='lat' dir='ltr'>Fontana,</span> <span class='ocrx_word' id='word_1_300' title='bbox 873 3443 950 3507; x_wconf 87' lang='lat' dir='ltr'>de</span> <span class='ocrx_word' id='word_1_301' title='bbox 993 3461 1111 3525; x_wconf 92' lang='lat' dir='ltr'>quo</span> <span class='ocrx_word' id='word_1_302' title='bbox 1159 3444 1511 3527; x_wconf 84' lang='lat' dir='ltr'>inculpatur</span> <span class='ocrx_word' id='word_1_303' title='bbox 1558 3463 1657 3508; x_wconf 88' lang='lat' dir='ltr'>ser</span> <span class='ocrx_word' id='word_1_304' title='bbox 1680 3443 1976 3528; x_wconf 86' lang='lat' dir='ltr'>Aloysius</span> <span class='ocrx_word' id='word_1_305' title='bbox 2019 3444 2309 3520; x_wconf 86' lang='lat' dir='ltr'>Michael,</span> <span class='ocrx_word' id='word_1_306' title='bbox 2358 3443 2538 3507; x_wconf 88' lang='lat' dir='ltr'>detur</span> <span class='ocrx_word' id='word_1_307' title='bbox 2585 3440 3055 3506; x_wconf 86' lang='lat' dir='ltr'>advocatoribus</span> <span class='ocrx_word' id='word_1_308' title='bbox 3087 3458 3257 3506; x_wconf 90' lang='lat' dir='ltr'>com-</span> 
     </span>
     <span class='ocr_line' id='line_1_33' title="bbox 525 3527 3255 3614; baseline -0.001 -21"><span class='ocrx_word' id='word_1_309' title='bbox 525 3530 752 3609; x_wconf 82' lang='lat' dir='ltr'>muniS,</span> <span class='ocrx_word' id='word_1_310' title='bbox 803 3532 965 3595; x_wconf 88' lang='lat' dir='ltr'>sicut</span> <span class='ocrx_word' id='word_1_311' title='bbox 1008 3534 1229 3614; x_wconf 88' lang='lat' dir='ltr'>petunt</span> <span class='ocrx_word' id='word_1_312' title='bbox 1275 3551 1383 3614; x_wconf 88' lang='lat' dir='ltr'>pro</span> <span class='ocrx_word' id='word_1_313' title='bbox 1422 3531 1616 3596; x_wconf 87' lang='lat' dir='ltr'>offitio</span> <span class='ocrx_word' id='word_1_314' title='bbox 1663 3551 1791 3610; x_wconf 88' lang='lat' dir='ltr'>suo,</span> <span class='ocrx_word' id='word_1_315' title='bbox 1860 3531 2022 3613; x_wconf 91' lang='lat' dir='ltr'>quod</span> <span class='ocrx_word' id='word_1_316' title='bbox 2081 3531 2412 3596; x_wconf 91' lang='lat' dir='ltr'>intendunt</span> <span class='ocrx_word' id='word_1_317' title='bbox 2471 3529 2671 3594; x_wconf 87' lang='lat' dir='ltr'>facere</span> <span class='ocrx_word' id='word_1_318' title='bbox 2721 3528 2934 3593; x_wconf 89' lang='lat' dir='ltr'>contra</span> <span class='ocrx_word' id='word_1_319' title='bbox 2979 3547 3079 3593; x_wconf 88' lang='lat' dir='ltr'>ser</span> <span class='ocrx_word' id='word_1_320' title='bbox 3123 3527 3255 3592; x_wconf 90' lang='lat' dir='ltr'>An-</span> 
     </span>
     <span class='ocr_line' id='line_1_34' title="bbox 528 3614 3255 3701; baseline -0.001 -19"><span class='ocrx_word' id='word_1_321' title='bbox 528 3619 741 3682; x_wconf 88' lang='lat' dir='ltr'>dream</span> <span class='ocrx_word' id='word_1_322' title='bbox 790 3617 1087 3684; x_wconf 87' lang='lat' dir='ltr'>Paradiso</span> <span class='ocrx_word' id='word_1_323' title='bbox 1134 3619 1283 3683; x_wconf 91' lang='lat' dir='ltr'>olim</span> <span class='ocrx_word' id='word_1_324' title='bbox 1330 3621 1699 3701; x_wconf 86' lang='lat' dir='ltr'>potestatem</span> <span class='ocrx_word' id='word_1_325' title='bbox 1749 3620 1983 3698; x_wconf 90' lang='lat' dir='ltr'>Lesne,</span> <span class='ocrx_word' id='word_1_326' title='bbox 2050 3637 2167 3700; x_wconf 91' lang='lat' dir='ltr'>que</span> <span class='ocrx_word' id='word_1_327' title='bbox 2214 3618 2386 3700; x_wconf 89' lang='lat' dir='ltr'>copia</span> <span class='ocrx_word' id='word_1_328' title='bbox 2438 3618 2656 3681; x_wconf 87' lang='lat' dir='ltr'>statim</span> <span class='ocrx_word' id='word_1_329' title='bbox 2705 3615 2947 3700; x_wconf 89' lang='lat' dir='ltr'>quando</span> <span class='ocrx_word' id='word_1_330' title='bbox 2995 3614 3255 3681; x_wconf 88' lang='lat' dir='ltr'>advoca-</span> 
     </span>
     <span class='ocr_line' id='line_1_35' title="bbox 522 3703 3248 3786; baseline -0.001 -15"><span class='ocrx_word' id='word_1_331' title='bbox 522 3707 689 3771; x_wconf 89' lang='lat' dir='ltr'>tores</span> <span class='ocrx_word' id='word_1_332' title='bbox 736 3705 993 3771; x_wconf 89' lang='lat' dir='ltr'>fecerint</span> <span class='ocrx_word' id='word_1_333' title='bbox 1053 3726 1232 3771; x_wconf 90' lang='lat' dir='ltr'>suum</span> <span class='ocrx_word' id='word_1_334' title='bbox 1279 3706 1589 3785; x_wconf 84' lang='lat' dir='ltr'>officium,</span> <span class='ocrx_word' id='word_1_335' title='bbox 1638 3708 2007 3770; x_wconf 87' lang='lat' dir='ltr'>restituatur</span> <span class='ocrx_word' id='word_1_336' title='bbox 2073 3705 2340 3770; x_wconf 90' lang='lat' dir='ltr'>dominis</span> <span class='ocrx_word' id='word_1_337' title='bbox 2388 3706 2460 3769; x_wconf 89' lang='lat' dir='ltr'>de</span> <span class='ocrx_word' id='word_1_338' title='bbox 2507 3705 2703 3768; x_wconf 91' lang='lat' dir='ltr'>nocte.</span> <span class='ocrx_word' id='word_1_339' title='bbox 2786 3704 3037 3781; x_wconf 85' lang='lat' dir='ltr'>Prima,</span> <span class='ocrx_word' id='word_1_340' title='bbox 3087 3703 3248 3786; x_wconf 91' lang='lat' dir='ltr'>quod</span> 
     </span>
     <span class='ocr_line' id='line_1_36' title="bbox 520 3791 2862 3876; baseline -0.001 -19"><span class='ocrx_word' id='word_1_341' title='bbox 520 3793 719 3872; x_wconf 89' lang='lat' dir='ltr'>detur,</span> <span class='ocrx_word' id='word_1_342' title='bbox 764 3794 829 3859; x_wconf 91' lang='lat' dir='ltr'>et</span> <span class='ocrx_word' id='word_1_343' title='bbox 872 3793 994 3858; x_wconf 87' lang='lat' dir='ltr'>fuit</span> <span class='ocrx_word' id='word_1_344' title='bbox 1040 3796 1223 3876; x_wconf 88' lang='lat' dir='ltr'>capta</span> <span class='ocrx_word' id='word_1_345' title='bbox 1275 3795 1429 3869; x_wconf 81' lang='lat'>196;</span> <span class='ocrx_word' id='word_1_346' title='bbox 1477 3794 1761 3872; x_wconf 87' lang='lat' dir='ltr'>secunda,</span> <span class='ocrx_word' id='word_1_347' title='bbox 1814 3793 1889 3858; x_wconf 89' lang='lat' dir='ltr'>de</span> <span class='ocrx_word' id='word_1_348' title='bbox 1938 3812 2052 3857; x_wconf 92' lang='lat' dir='ltr'>non</span> <span class='ocrx_word' id='word_1_349' title='bbox 2111 3793 2270 3868; x_wconf 74' lang='lat'>1203</span> <span class='ocrx_word' id='word_1_350' title='bbox 2321 3809 2438 3856; x_wconf 90' lang='lat' dir='ltr'>non</span> <span class='ocrx_word' id='word_1_351' title='bbox 2487 3792 2708 3857; x_wconf 89' lang='lat' dir='ltr'>sinceri</span> <span class='ocrx_word' id='word_1_352' title='bbox 2758 3791 2862 3855; x_wconf 89' lang='grc'>35.</span> 
     </span>
    </p>

    <p class='ocr_par' dir='ltr' id='par_1_10' title="bbox 606 3883 2384 3954">
     <span class='ocr_line' id='line_1_37' title="bbox 606 3883 2384 3954; baseline -0.004 -11"><span class='ocrx_word' id='word_1_353' title='bbox 606 3884 825 3944; x_wconf 72' lang='lat' dir='ltr'>Maius</span> <span class='ocrx_word' id='word_1_354' title='bbox 864 3885 1198 3945; x_wconf 78' lang='lat' dir='ltr'>consilium.</span> <span class='ocrx_word' id='word_1_355' title='bbox 1241 3886 1491 3945; x_wconf 83' lang='lat' dir='ltr'>Novella</span> <span class='ocrx_word' id='word_1_356' title='bbox 1539 3886 1639 3954; x_wconf 84' lang='lat'>53,</span> <span class='ocrx_word' id='word_1_357' title='bbox 1686 3902 1728 3944; x_wconf 84' lang='lat' dir='ltr'>u</span> <span class='ocrx_word' id='word_1_358' title='bbox 1768 3883 2106 3943; x_wconf 65' lang='lat' dir='ltr'>mletackom</span> <span class='ocrx_word' id='word_1_359' title='bbox 2155 3884 2384 3942; x_wconf 80' lang='lat' dir='ltr'>arkivu.</span> 
     </span>
    </p>
   </div>
   <div class='ocr_carea' id='block_1_8' title="bbox 531 4035 3249 4239">
    <p class='ocr_par' dir='ltr' id='par_1_11' title="bbox 531 4035 3249 4239">
     <span class='ocr_line' id='line_1_38' title="bbox 872 4035 3014 4139; baseline -0.002 -18"><span class='ocrx_word' id='word_1_360' title='bbox 872 4038 1270 4121; x_wconf 80' lang='lat' dir='ltr'>DXVIII.</span> <span class='ocrx_word' id='word_1_361' title='bbox 1342 4037 1549 4121; x_wconf 77' lang='lat' dir='ltr'>God.</span> <span class='ocrx_word' id='word_1_362' title='bbox 1605 4037 1823 4122; x_wconf 82' lang='grc'>1357.</span> <span class='ocrx_word' id='word_1_363' title='bbox 1875 4037 1979 4120; x_wconf 80' lang='grc'>29</span> <span class='ocrx_word' id='word_1_364' title='bbox 2035 4038 2361 4139; x_wconf 70' lang='lat' dir='ltr'>srpma,</span> <span class='ocrx_word' id='word_1_365' title='bbox 2416 4059 2477 4118; x_wconf 90' lang='lat' dir='ltr'>u</span> <span class='ocrx_word' id='word_1_366' title='bbox 2530 4035 2920 4118; x_wconf 83' lang='lat' dir='ltr'>Mletcih.</span> <span class='ocrx_word' id='word_1_367' title='bbox 3005 4073 3014 4080; x_wconf 64' lang='lat'>=</span> 
     </span>
     <span class='ocr_line' id='line_1_39' title="bbox 531 4163 3249 4239; baseline 0 -14"><span class='ocrx_word' id='word_1_368' title='bbox 531 4165 801 4239; x_wconf 68' lang='lat' dir='ltr'>Upucuy&#39;e</span> <span class='ocrx_word' id='word_1_369' title='bbox 846 4182 908 4224; x_wconf 82' lang='lat' dir='ltr'>se</span> <span class='ocrx_word' id='word_1_370' title='bbox 940 4165 1245 4238; x_wconf 81' lang='lat' dir='ltr'>pomorski</span> <span class='ocrx_word' id='word_1_371' title='bbox 1274 4166 1556 4238; x_wconf 77' lang='lat' dir='ltr'>kapetan,</span> <span class='ocrx_word' id='word_1_372' title='bbox 1601 4165 1754 4223; x_wconf 82' lang='lat' dir='ltr'>kako</span> <span class='ocrx_word' id='word_1_373' title='bbox 1800 4165 1882 4223; x_wconf 84' lang='lat' dir='ltr'>da</span> <span class='ocrx_word' id='word_1_374' title='bbox 1925 4165 2137 4223; x_wconf 82' lang='lat' dir='ltr'>ebrani</span> <span class='ocrx_word' id='word_1_375' title='bbox 2159 4163 2471 4223; x_wconf 74' lang='lat' dir='ltr'>Hrvatsku</span> <span class='ocrx_word' id='word_1_376' title='bbox 2501 4164 2525 4221; x_wconf 76' lang='lat' dir='ltr'>i</span> <span class='ocrx_word' id='word_1_377' title='bbox 2557 4180 2712 4222; x_wconf 87' lang='lat' dir='ltr'>more</span> <span class='ocrx_word' id='word_1_378' title='bbox 2743 4163 2819 4221; x_wconf 77' lang='lat' dir='ltr'>od</span> <span class='ocrx_word' id='word_1_379' title='bbox 2847 4163 3249 4237; x_wconf 54' lang='lat' dir='ltr'>nepriiateh‘a.</span> 
     </span>
    </p>
   </div>
   <div class='ocr_carea' id='block_1_9' title="bbox 520 4265 3251 4439">
    <p class='ocr_par' dir='ltr' id='par_1_12' title="bbox 520 4265 3251 4439">
     <span class='ocr_line' id='line_1_40' title="bbox 738 4265 3251 4348; baseline 0 -20"><span class='ocrx_word' id='word_1_380' title='bbox 738 4266 924 4332; x_wconf 87' lang='grc'>1357.</span> <span class='ocrx_word' id='word_1_381' title='bbox 973 4267 1073 4333; x_wconf 92' lang='lat' dir='ltr'>die</span> <span class='ocrx_word' id='word_1_382' title='bbox 1121 4266 1204 4330; x_wconf 90' lang='grc'>29</span> <span class='ocrx_word' id='word_1_383' title='bbox 1245 4268 1403 4331; x_wconf 89' lang='lat' dir='ltr'>iulii.</span> <span class='ocrx_word' id='word_1_384' title='bbox 1453 4267 1777 4346; x_wconf 87' lang='lat' dir='ltr'>Dominus,</span> <span class='ocrx_word' id='word_1_385' title='bbox 1828 4265 2166 4332; x_wconf 87' lang='lat' dir='ltr'>consiliarii</span> <span class='ocrx_word' id='word_1_386' title='bbox 2212 4266 2277 4329; x_wconf 93' lang='lat' dir='ltr'>et</span> <span class='ocrx_word' id='word_1_387' title='bbox 2322 4266 2564 4348; x_wconf 85' lang='lat' dir='ltr'>capita,</span> <span class='ocrx_word' id='word_1_388' title='bbox 2610 4267 2830 4347; x_wconf 86' lang='lat' dir='ltr'>capta:</span> <span class='ocrx_word' id='word_1_389' title='bbox 2879 4266 3041 4347; x_wconf 91' lang='lat' dir='ltr'>quod</span> <span class='ocrx_word' id='word_1_390' title='bbox 3075 4283 3251 4329; x_wconf 86' lang='lat' dir='ltr'>man-</span> 
     </span>
     <span class='ocr_line' id='line_1_41' title="bbox 520 4352 3247 4439; baseline -0 -21"><span class='ocrx_word' id='word_1_391' title='bbox 520 4353 703 4418; x_wconf 90' lang='lat' dir='ltr'>detur</span> <span class='ocrx_word' id='word_1_392' title='bbox 743 4354 1058 4436; x_wconf 88' lang='lat' dir='ltr'>capitaneo</span> <span class='ocrx_word' id='word_1_393' title='bbox 1104 4355 1378 4439; x_wconf 86' lang='lat' dir='ltr'>presenti</span> <span class='ocrx_word' id='word_1_394' title='bbox 1417 4355 1733 4438; x_wconf 86' lang='lat' dir='ltr'>galearum</span> <span class='ocrx_word' id='word_1_395' title='bbox 1781 4354 2102 4432; x_wconf 89' lang='lat' dir='ltr'>Romanie,</span> <span class='ocrx_word' id='word_1_396' title='bbox 2151 4354 2310 4436; x_wconf 88' lang='lat' dir='ltr'>quod</span> <span class='ocrx_word' id='word_1_397' title='bbox 2352 4353 2405 4417; x_wconf 92' lang='lat' dir='ltr'>si</span> <span class='ocrx_word' id='word_1_398' title='bbox 2452 4352 2812 4436; x_wconf 88' lang='lat' dir='ltr'>capitaneus</span> <span class='ocrx_word' id='word_1_399' title='bbox 2836 4352 3065 4437; x_wconf 85' lang='lat' dir='ltr'>culphy</span> <span class='ocrx_word' id='word_1_400' title='bbox 3091 4372 3247 4417; x_wconf 92' lang='lat' dir='ltr'>nun-</span> 
     </span>
    </p>
   </div>
   <div class='ocr_carea' id='block_1_10' title="bbox 394 4438 3246 4524">
    <p class='ocr_par' dir='ltr' id='par_1_13' title="bbox 394 4438 3246 4524">
     <span class='ocr_line' id='line_1_42' title="bbox 394 4438 3246 4524; baseline 0 -21"><span class='ocrx_word' id='word_1_401' title='bbox 394 4443 401 4452; x_wconf 89' lang='lat'><strong>&#39;</strong></span> <span class='ocrx_word' id='word_1_402' title='bbox 522 4440 670 4504; x_wconf 90' lang='lat' dir='ltr'>dum</span> <span class='ocrx_word' id='word_1_403' title='bbox 716 4441 1117 4524; x_wconf 87' lang='lat' dir='ltr'>applicuisset</span> <span class='ocrx_word' id='word_1_404' title='bbox 1161 4442 1227 4506; x_wconf 91' lang='lat' dir='ltr'>in</span> <span class='ocrx_word' id='word_1_405' title='bbox 1278 4441 1619 4519; x_wconf 87' lang='lat' dir='ltr'>Sclavonia‚</span> <span class='ocrx_word' id='word_1_406' title='bbox 1668 4442 1893 4507; x_wconf 86' lang='lat' dir='ltr'>debeat</span> <span class='ocrx_word' id='word_1_407' title='bbox 1940 4442 2261 4524; x_wconf 87' lang='lat' dir='ltr'>expectare</span> <span class='ocrx_word' id='word_1_408' title='bbox 2324 4442 2388 4504; x_wconf 90' lang='lat' dir='ltr'>et</span> <span class='ocrx_word' id='word_1_409' title='bbox 2432 4458 2498 4504; x_wconf 90' lang='lat' dir='ltr'>se</span> <span class='ocrx_word' id='word_1_410' title='bbox 2544 4439 2781 4504; x_wconf 91' lang='lat' dir='ltr'>nutrire</span> <span class='ocrx_word' id='word_1_411' title='bbox 2844 4438 3008 4504; x_wconf 89' lang='lat' dir='ltr'>inter</span> <span class='ocrx_word' id='word_1_412' title='bbox 3054 4458 3246 4522; x_wconf 90' lang='lat' dir='ltr'>aquas</span> 
     </span>
    </p>
   </div>
   <div class='ocr_carea' id='block_1_11' title="bbox 520 4525 3247 4700">
    <p class='ocr_par' dir='ltr' id='par_1_14' title="bbox 520 4525 3247 4700">
     <span class='ocr_line' id='line_1_43' title="bbox 521 4525 3247 4612; baseline 0 -21"><span class='ocrx_word' id='word_1_413' title='bbox 521 4525 713 4591; x_wconf 85' lang='lat' dir='ltr'>Jadre</span> <span class='ocrx_word' id='word_1_414' title='bbox 762 4528 827 4592; x_wconf 90' lang='lat' dir='ltr'>et</span> <span class='ocrx_word' id='word_1_415' title='bbox 873 4527 1161 4607; x_wconf 88' lang='lat' dir='ltr'>Sibenici,</span> <span class='ocrx_word' id='word_1_416' title='bbox 1207 4531 1395 4594; x_wconf 91' lang='lat' dir='ltr'>donec</span> <span class='ocrx_word' id='word_1_417' title='bbox 1436 4530 1672 4595; x_wconf 89' lang='lat' dir='ltr'>venerit</span> <span class='ocrx_word' id='word_1_418' title='bbox 1720 4531 2079 4612; x_wconf 86' lang='lat' dir='ltr'>capitaneus</span> <span class='ocrx_word' id='word_1_419' title='bbox 2127 4527 2511 4603; x_wconf 86' lang='lat' dir='ltr'>antedictus;</span> <span class='ocrx_word' id='word_1_420' title='bbox 2573 4526 2673 4592; x_wconf 90' lang='lat' dir='ltr'>cui</span> <span class='ocrx_word' id='word_1_421' title='bbox 2719 4526 3047 4609; x_wconf 85' lang='lat' dir='ltr'>capitaneo</span> <span class='ocrx_word' id='word_1_422' title='bbox 3090 4527 3247 4593; x_wconf 91' lang='lat' dir='ltr'>scri-</span> 
     </span>
     <span class='ocr_line' id='line_1_44' title="bbox 520 4614 3246 4700; baseline 0.001 -22"><span class='ocrx_word' id='word_1_423' title='bbox 520 4614 726 4687; x_wconf 85' lang='lat' dir='ltr'>batur,</span> <span class='ocrx_word' id='word_1_424' title='bbox 777 4616 956 4697; x_wconf 92' lang='lat' dir='ltr'>quod,</span> <span class='ocrx_word' id='word_1_425' title='bbox 1005 4617 1287 4700; x_wconf 78' lang='lat' dir='ltr'>veniente</span> <span class='ocrx_word' id='word_1_426' title='bbox 1335 4616 1488 4700; x_wconf 89' lang='lat' dir='ltr'>ipso,</span> <span class='ocrx_word' id='word_1_427' title='bbox 1539 4617 1645 4681; x_wconf 89' lang='lat' dir='ltr'>det</span> <span class='ocrx_word' id='word_1_428' title='bbox 1690 4617 2136 4699; x_wconf 85' lang='lat' dir='ltr'>expeditionem</span> <span class='ocrx_word' id='word_1_429' title='bbox 2187 4616 2339 4698; x_wconf 90' lang='lat' dir='ltr'>ipsis</span> <span class='ocrx_word' id='word_1_430' title='bbox 2384 4614 2582 4698; x_wconf 87' lang='lat' dir='ltr'>galeis</span> <span class='ocrx_word' id='word_1_431' title='bbox 2644 4614 2979 4693; x_wconf 86' lang='lat' dir='ltr'>Romanie,</span> <span class='ocrx_word' id='word_1_432' title='bbox 3049 4616 3246 4681; x_wconf 89' lang='lat' dir='ltr'>dando</span> 
     </span>
    </p>
   </div>
   <div class='ocr_carea' id='block_1_12' title="bbox 521 4721 941 4731">
    <p class='ocr_par' dir='ltr' id='par_1_15' title="bbox 521 4721 941 4731">
     <span class='ocr_line' id='line_1_45' title="bbox 521 4721 941 4731; baseline 0 0"><span class='ocrx_word' id='word_1_433' title='bbox 521 4721 941 4731; x_wconf 95' lang='lat' dir='ltr'> </span> 
     </span>
    </p>
   </div>
   <div class='ocr_carea' id='block_1_13' title="bbox 602 4742 1614 4823">
    <p class='ocr_par' dir='ltr' id='par_1_16' title="bbox 602 4742 1614 4823">
     <span class='ocr_line' id='line_1_46' title="bbox 602 4742 1614 4823; baseline 0 -16"><span class='ocrx_word' id='word_1_434' title='bbox 602 4742 884 4808; x_wconf 69' lang='lat' dir='ltr'>¹Zaliboie</span> <span class='ocrx_word' id='word_1_435' title='bbox 926 4770 1023 4807; x_wconf 85' lang='lat' dir='ltr'>sva</span> <span class='ocrx_word' id='word_1_436' title='bbox 1053 4753 1108 4821; x_wconf 84' lang='lat' dir='ltr'>je</span> <span class='ocrx_word' id='word_1_437' title='bbox 1145 4753 1340 4823; x_wconf 78' lang='lat' dir='ltr'>knjiga</span> <span class='ocrx_word' id='word_1_438' title='bbox 1373 4754 1614 4823; x_wconf 84' lang='lat' dir='ltr'>propala.</span> 
     </span>
    </p>
   </div>
  </div>
 </body>
</html>
