3620 5282
432 356 566 423 340

430 532 562 596 fieri
609 531 809 595 facere
855 528 1132 613 aliquam
1177 529 1618 594 mercationem
1666 547 1773 610 per
1809 548 1909 593 me
1960 529 2055 593 vel
2104 548 2210 611 per
2256 528 2450 595 alium
2497 528 2562 593 in
2607 530 2811 594 insula
2838 529 2994 594 Arbi
3042 548 3154 594 nec

429 619 493 682 in
540 617 862 693 districtu;
911 619 974 681 et
1019 614 1255 681 familia
1303 636 1443 681 mea
1489 616 1791 699 quantum
1835 617 1908 680 ad
1945 618 2351 681 mercationes
2383 616 2698 682 faciendas
2733 616 2910 683 modo
2957 616 3153 682 simili

428 706 515 771 sit
558 705 837 769 astricta.

515 795 863 855 Marciana.
908 791 1047 856 Cod.
1096 793 1344 864 LXXI,
1388 795 1458 854 cl.
1505 794 1682 864 XIV,
1724 811 1786 854 n.
1836 795 1941 855 24.

865 983 1082 1066 Dm.
1136 984 1339 1066 God.
1395 983 1607 1067 1357.
1664 982 1771 1065 24
1804 982 2157 1086 siecnja,
2209 1007 2270 1066 u
2313 984 2708 1067 Mletcih.

1309 1107 1359 1168 Ο
1402 1110 1607 1170 ἑεόοντι
1647 1110 2020 1185 zadarskoya
2063 1112 2269 1173 Ionem.

647 1231 832 1297 1356.
880 1230 1213 1296 indictione
1260 1229 1339 1309 X,
1391 1230 1490 1295 die
1539 1228 1754 1296 XXIV
1797 1230 2082 1310 ianuarii,
2124 1233 2339 1315 capta:
2397 1231 2560 1314 quod
2622 1250 2827 1296 comes
2873 1232 2938 1296 et
2980 1229 3151 1311 capi-

428 1320 646 1385 taneus
688 1319 899 1398 Jadre,
947 1321 1246 1402 quantum
1294 1336 1401 1401 pro
1449 1318 1571 1382 ista
1618 1319 1767 1396 vice,
1816 1317 1927 1383 fiat
1970 1338 2080 1401 per
2124 1320 2382 1400 quatuor
2428 1339 2647 1384 manus
2680 1320 3048 1384 electionum
3077 1318 3146 1381 in

427 1408 647 1472 maiori
693 1407 965 1486 consilio,
1014 1406 1407 1489 approbando
1455 1406 1684 1470 electos
1728 1405 1805 1471 ad
1845 1425 2034 1470 unum
2083 1405 2161 1470 ad
2203 1426 2411 1482 unum,
2461 1408 2526 1471 et
2569 1408 2673 1489 qui
2698 1406 2984 1471 habuerit
3007 1405 3147 1487 plu-

430 1514 529 1558 res
573 1495 861 1573 ballotaS,
906 1495 1186 1559 habendo
1233 1493 1531 1558 maiorem
1596 1497 1836 1577 partem
1899 1493 2178 1571 consilii,
2243 1494 2327 1557 sit
2388 1495 2622 1559 firmus
2694 1494 2778 1557 Et
2823 1494 2876 1558 si
2920 1492 3146 1574 aliquis

433 1600 555 1646 non
597 1583 892 1647 transiret
930 1581 1328 1646 medietatem
1374 1581 1637 1659 consilii,
1680 1580 1783 1645 illi
1829 1581 1985 1658 duo,
2048 1581 2154 1663 qui
2213 1580 2543 1646 habuerint
2601 1581 2868 1646 ballotas
2913 1580 3141 1664 plureS,

424 1669 655 1734 vadant
705 1689 862 1733 unus
908 1689 1016 1752 per
1061 1669 1334 1733 medium
1381 1667 1660 1732 alterius.
1722 1669 1804 1732 Et
1849 1669 1904 1731 si
1964 1667 2293 1733 consilium
2341 1671 2459 1733 etc.
2523 1669 2606 1733 Et
2669 1672 2768 1733 est
2810 1672 2991 1751 capta
3038 1685 3146 1749 per

429 1755 488 1820 V
533 1756 930 1836 consiliarioS,
977 1756 1157 1822 XXV
1202 1756 1278 1821 de
1309 1756 1420 1820 XL
1466 1759 1532 1820 et
1567 1755 1722 1819 duas
1769 1759 1977 1836 partes
2019 1756 2273 1821 maioris
2321 1755 2582 1820 consilii.

509 1847 723 1925 Maius
768 1847 1095 1907 consilium.
1144 1846 1395 1906 Novella
1441 1847 1542 1915 50,
1587 1863 1629 1904 u
1673 1846 2015 1905 mlctackom
2059 1847 2291 1905 arkivu.

840 2034 1063 2116 mv.
1119 2033 1326 2116 (iod.
1380 2032 1599 2116 1357.
1654 2032 1759 2114 28
1814 2030 2165 2135 siebnja,
2219 2055 2280 2114 u
2334 2032 2726 2114 Mletcih.

428 2160 696 2236 odqovor
754 2178 839 2220 na
898 2160 1080 2220 molbe
1121 2160 1447 2233 podnesene
1492 2158 1567 2218 od
1589 2157 1961 2305 kGraDcicluZat
1988 2158 2239 2234 Gjorgja
2291 2158 2628 2234 yospodara
2677 2174 2762 2217 ευ.
2808 2157 3025 2218 Mavre
3059 2175 3146 2217 na

496 2272 499 2279 ·
1495 2251 1587 2306 oto
1628 2264 1671 2305 u
1779 2248 1855 2305 ei
1895 2263 1935 2304 a
1960 2263 2041 2305 os.

634 2365 822 2430 1356.
871 2366 970 2430 die
1017 2364 1292 2429 XXVIII
1337 2364 1621 2445 ianuarii,
1673 2365 2005 2430 indictione
2051 2363 2130 2429 X.
2177 2363 2503 2448 Sapientes
2549 2365 2831 2430 ordinum
2891 2384 2990 2430 ser
3023 2364 3139 2430 Ni·

424 2453 637 2519 colaus
681 2453 1059 2531 Justiniano,
1104 2470 1202 2516 ser
1247 2452 1445 2516 Lucas
1491 2452 1696 2530 Justo,
1747 2471 1846 2517 ser
1890 2453 2189 2518 Pantaleo
2236 2454 2455 2517 Barbo.
2506 2451 2735 2534 Capta:
2786 2453 3138 2518 examinata

421 2544 486 2607 et
531 2539 855 2605 intellecta
901 2539 1206 2623 peticione
1251 2538 1456 2604 ducali
1501 2539 1770 2605 dominio
1835 2542 2117 2622 porrecta
2177 2557 2286 2622 pro
2348 2542 2522 2622 parte
2590 2540 2816 2606 nobilis
2880 2540 2996 2605 viri
3044 2560 3144 2605 ser

419 2625 1013 2710 GratianisGeorgio
1059 2628 1211 2692 civis
1265 2626 1476 2704 nostri,
1523 2628 1750 2692 domini
1797 2627 1988 2693 castri
2052 2632 2262 2693 sancte
2309 2627 2536 2702 Maure„
2590 2628 2653 2692 in
2720 2625 2925 2693 insula
2974 2627 3144 2694 Deli·

420 2719 616 2793 catos,
663 2716 994 2780 consulunt
1041 2715 1346 2798 sapientes
1385 2714 1667 2780 ordinum
1714 2715 2078 2799 navigandi:

631 2804 713 2867 Et
758 2803 957 2884 primo
997 2823 1180 2886 super
1226 2821 1317 2882 eo,
1366 2804 1525 2885 quod
1573 2803 1919 2867 continetur
1965 2803 2029 2866 in
2077 2804 2209 2886 ipsa
2250 2802 2573 2886 peticione,
2624 2802 2930 2880 videlicet,
2981 2801 3142 2885 quod

422 2888 664 2971 quando
709 2891 1070 2972 capitaneus
1117 2894 1327 2955 noster
1366 2892 1685 2973 galearum
1734 2891 1963 2974 culphy
2008 2891 2239 2955 transit
2284 2911 2390 2972 per
2436 2895 2646 2973 partes
2693 2890 2854 2968 illas,
2903 2890 2992 2954 ire
3038 2891 3146 2955 de-

418 2976 568 3041 beat
611 2976 689 3040 ad
735 2978 1109 3043 visitandum
1155 2981 1429 3043 castrum
1476 2981 1540 3042 et
1577 2979 1843 3043 insulam
1890 2996 2065 3042 suam
2113 2979 2189 3042 ad
2235 2977 2659 3060 accipiendum
2702 2978 3143 3042 refrescamen-

421 3065 561 3127 tum
607 3064 672 3128 et
717 3063 1193 3145 palmizandum,
1242 3065 1295 3129 si
1343 3066 1463 3129 erit
1488 3084 1752 3142 necesse,
1794 3083 1868 3128 ac
1892 3065 2241 3129 faciendum
2286 3066 2412 3129 alia
2436 3065 2554 3129 sibi
2595 3066 2972 3130 neccessaria
3010 3066 3128 3129 etc.

628 3148 800 3227 Quod
848 3151 1231 3233 relinquatur
1276 3153 1339 3215 in
1385 3152 1675 3217 libertate
1722 3154 1786 3216 et
1831 3152 2087 3217 arbitrio
2128 3152 2280 3216 dicti
2329 3152 2635 3235 capitanei
2666 3153 2895 3236 culphy
2945 3151 3141 3216 eundi

422 3234 597 3312 illuc,
642 3238 695 3300 si
746 3237 867 3302 sibi
916 3238 1244 3315 videbitur,
1294 3256 1414 3303 non
1454 3238 1826 3303 sinistraudo
1877 3239 2147 3322 viagium
2215 3259 2430 3319 suum,
2481 3240 2546 3306 et
2589 3240 2931 3323 accipiendi
2988 3240 3142 3304 illud

424 3321 990 3401 refrescamentum,
1033 3324 1193 3406 quod
1240 3326 1361 3389 erit
1404 3327 1521 3390 sibi
1570 3326 1985 3391 necessarium
2032 3344 2139 3409 pro
2185 3326 2384 3410 galeis
2431 3327 2550 3392 sibi
2595 3327 2964 3392 commissis.

629 3409 836 3493 >Super
880 3429 950 3476 eo
997 3429 1160 3490 vero,
1211 3412 1372 3495 quod
1422 3413 1768 3492 continetur
1812 3414 1877 3478 in
1940 3414 2074 3496 ipsa
2119 3415 2457 3496 peticione,
2506 3413 2796 3480 videlicet
2841 3415 2996 3495 quod
3047 3415 3141 3478 di·

420 3496 562 3560 ctus
610 3514 708 3560 ser
744 3496 1081 3563 Gratianus
1126 3498 1298 3564 offeri
1345 3518 1408 3565 se
1455 3502 1741 3582 paratum
1776 3501 1978 3565 facere
2021 3503 2153 3565 fieri
2185 3503 2381 3567 staria
2404 3500 2577 3567 mille
2615 3502 2837 3566 biscoti
2883 3501 2947 3565 et
2975 3501 3142 3566 ultra

420 3583 565 3648 boni
612 3587 678 3649 et
723 3585 943 3667 optimi
991 3605 1102 3669 pro
1149 3588 1361 3668 preti0,
1410 3607 1527 3670 quo
1574 3587 1839 3652 habetur
1887 3589 1950 3652 in
1982 3589 2284 3668 VeneciiS,
2333 3594 2396 3653 et
2442 3590 2562 3654 isto
2605 3590 2785 3654 modo
2815 3608 3139 3654 commune

424 3669 834 3737 Veneciarum
880 3673 1249 3740 aleviabitur
1295 3694 1332 3740 a
1375 3675 1620 3753 nabu10,
1670 3675 1829 3757 quod
1872 3679 1967 3738 est
2007 3693 2360 3759 grossorum
2408 3677 2503 3740 III
2550 3694 2659 3759 pro
2707 3677 2932 3741 stario:
2996 3694 3141 3741 con-

420 3758 635 3824 sulunt
680 3761 830 3826 dicti
876 3762 1207 3844 sapientes,
1256 3762 1414 3844 quod
1452 3781 1561 3844 pro
1613 3765 1765 3827 bono
1812 3763 2011 3827 nostri
2057 3762 2403 3828 communis
2449 3763 2786 3842 ordinetur,
2837 3763 2999 3846 quod
3045 3763 3141 3827 di-

370 3847 554 3913 *ctus
601 3867 700 3912 ser
746 3849 1079 3914 Gratianus
1125 3849 1324 3931 primo
1372 3849 1559 3914 faciat
1606 3850 1738 3914 fieri
1785 3850 1989 3914 solum
2036 3852 2229 3915 staria
2277 3851 2364 3915 VI
2408 3854 2656 3915 centum
2705 3851 2846 3916 boni
2918 3851 3141 3916 biscoti

415 3954 524 4017 pro
566 3937 786 4017 preci0,
839 3957 958 4020 quo
1004 3939 1317 4002 constaret
1361 3936 1667 4013 VeneciiS,
1717 3937 1882 4001 sicut
1926 3937 2180 4018 petitur.
2229 3939 2311 4002 Et
2351 3939 2405 4002 si
2435 3938 2759 4021 capitaneo
2807 3937 3136 4019 videretur,

415 4022 577 4104 quod
622 4023 706 4087 sit
754 4024 1012 4103 bonum,
1087 4024 1172 4089 sit
1235 4025 1299 4088 in
1361 4024 1650 4089 libertate
1719 4041 1831 4087 sua
1898 4024 2236 4108 accipiendi
2298 4026 2398 4091 vel
2458 4026 2594 4091 fieri
2639 4025 2901 4091 faciendi
2946 4045 3136 4109 usque

414 4108 589 4174 mille
637 4112 849 4190 staria,
899 4114 1260 4195 computato
1308 4131 1395 4188 eo,
1443 4109 1603 4196 huod
1646 4110 2006 4193 accepisset.

627 4195 822 4280 Super
869 4217 938 4263 eo
985 4216 1145 4278 vero,
1197 4198 1359 4282 quod
1406 4199 1752 4263 continetur
1797 4200 1862 4262 in
1908 4199 2046 4282 ipsa
2102 4200 2425 4282 peticione,
2493 4199 2813 4280 videlicet,
2878 4201 3038 4284 quod
3084 4201 3138 4265 si

414 4279 612 4362 pirate
660 4285 734 4348 ad
775 4284 981 4350 locum
1029 4306 1212 4350 suum
1266 4287 1560 4365 venirent,
1605 4290 1671 4351 et
1707 4287 1913 4368 ipsum
1967 4306 2066 4352 ser
2112 4287 2480 4353 Gratianum
2541 4289 2639 4354 vel
2698 4307 2808 4354 sua
2853 4287 3138 4354 damnifi-

413 4368 643 4444 carent,
691 4375 993 4452 quantum
1045 4373 1106 4437 in
1158 4375 1272 4438 hoc
1331 4373 1639 4437 tractetur
1696 4377 1993 4455 tanquam
2055 4374 2362 4452 VenetuS,
2434 4377 2597 4440 sicut
2644 4378 2776 4454 est,
2826 4375 3134 4453 videlicet,

413 4454 573 4534 quod
613 4456 1005 4524 venientibus
1055 4460 1240 4526 dictis
1289 4459 1504 4542 piratis
1549 4460 1613 4524 in
1661 4459 1912 4525 fortiam
1960 4461 2289 4543 capitanei,
2337 4462 2527 4528 faciat
2572 4465 2646 4527 de
2686 4464 2797 4541 eis,
2845 4464 3010 4528 sicut
3046 4461 3137 4527 fa-

414 4539 601 4617 ceret,
651 4541 704 4603 si
752 4542 907 4608 alios
955 4550 1193 4611 nostros
1240 4548 1490 4612 venetos
1523 4546 1935 4613 offendissent.
1985 4547 2346 4627 Consulunt,
2397 4550 2557 4632 quod
2605 4551 2690 4614 sit
2735 4551 2799 4614 in
2845 4550 3134 4615 libertate

409 4625 574 4723 dicti·
599 4628 907 4708 capitanei
953 4633 1181 4714 culphi,
1232 4634 1471 4715 quando
1519 4633 1665 4698 talis
1714 4653 1890 4699 casus
1936 4640 2319 4714 occurreret,
2391 4637 2781 4702 examinandi
2826 4641 2892 4703 et
2934 4638 3136 4720 inqui·

407 4713 582 4782 rendi
627 4717 969 4800 negocium,
1018 4720 1083 4783 et
1127 4720 1293 4784 facta
1318 4722 1478 4786 bona
1522 4723 1586 4786 et
1629 4720 1915 4805 diligenti
1939 4723 2406 4804 examinatione,
2446 4724 2726 4790 habendo
2771 4727 3124 4810 respectum

2989 5037 3028 5048 ιο
