<?xml version="1.0" encoding="UTF-8"?>
<!DOCTYPE html PUBLIC "-//W3C//DTD XHTML 1.0 Transitional//EN"
    "http://www.w3.org/TR/xhtml1/DTD/xhtml1-transitional.dtd">
<html xmlns="http://www.w3.org/1999/xhtml" xml:lang="en" lang="en">
 <head>
  <title>
</title>
<meta http-equiv="Content-Type" content="text/html;charset=utf-8" />
  <meta name='ocr-system' content='tesseract 3.04.00' />
  <meta name='ocr-capabilities' content='ocr_page ocr_carea ocr_par ocr_line ocrx_word'/>
</head>
<body>
  <div class='ocr_page' id='page_1' title='image "./monumentaspecta02umjegoog_0559.png"; bbox 0 0 3620 5282; ppageno 0'>
   <div class='ocr_carea' id='block_1_1' title="bbox 3043 347 3127 414">
    <p class='ocr_par' dir='ltr' id='par_1_1' title="bbox 3043 347 3127 414">
     <span class='ocr_line' id='line_1_1' title="bbox 3043 347 3127 414; baseline 0.036 -3"><span class='ocrx_word' id='word_1_1' title='bbox 3043 347 3127 414; x_wconf 75' lang='lat'><strong>15</strong></span> 
     </span>
    </p>
   </div>
   <div class='ocr_carea' id='block_1_2' title="bbox 389 519 3130 1641">
    <p class='ocr_par' dir='ltr' id='par_1_2' title="bbox 389 519 3130 1641">
     <span class='ocr_line' id='line_1_2' title="bbox 389 519 3118 605; baseline -0.001 -16"><span class='ocrx_word' id='word_1_2' title='bbox 389 542 508 589; x_wconf 91' lang='lat' dir='ltr'><strong>non</strong></span> <span class='ocrx_word' id='word_1_3' title='bbox 547 522 855 589; x_wconf 86' lang='lat' dir='ltr'><strong>credimus</strong></span> <span class='ocrx_word' id='word_1_4' title='bbox 901 522 1028 588; x_wconf 86' lang='lat' dir='ltr'><strong>fore</strong></span> <span class='ocrx_word' id='word_1_5' title='bbox 1073 520 1349 605; x_wconf 89' lang='lat' dir='ltr'><strong>dignum,</strong></span> <span class='ocrx_word' id='word_1_6' title='bbox 1381 522 1537 605; x_wconf 91' lang='lat' dir='ltr'><strong>quod</strong></span> <span class='ocrx_word' id='word_1_7' title='bbox 1589 519 1960 585; x_wconf 76' lang='lat' dir='ltr'><strong>universitas</strong></span> <span class='ocrx_word' id='word_1_8' title='bbox 2007 520 2069 584; x_wconf 91' lang='lat' dir='ltr'><strong>in</strong></span> <span class='ocrx_word' id='word_1_9' title='bbox 2116 519 2411 604; x_wconf 79' lang='lat' dir='ltr'><strong>predictis</strong></span> <span class='ocrx_word' id='word_1_10' title='bbox 2456 520 2718 586; x_wconf 88' lang='lat' dir='ltr'><strong>ulterius</strong></span> <span class='ocrx_word' id='word_1_11' title='bbox 2764 522 3118 605; x_wconf 89' lang='lat' dir='ltr'><strong>agravetur.</strong></span> 
     </span>
     <span class='ocr_line' id='line_1_3' title="bbox 391 607 3122 695; baseline -0.001 -19"><span class='ocrx_word' id='word_1_12' title='bbox 391 609 593 690; x_wconf 80' lang='lat' dir='ltr'>Quare</span> <span class='ocrx_word' id='word_1_13' title='bbox 641 609 1135 695; x_wconf 77' lang='lat' dir='ltr'><strong>magnitudinem</strong></span> <span class='ocrx_word' id='word_1_14' title='bbox 1201 609 1468 675; x_wconf 86' lang='lat' dir='ltr'><strong>vestram</strong></span> <span class='ocrx_word' id='word_1_15' title='bbox 1532 607 1920 691; x_wconf 84' lang='lat' dir='ltr'><strong>presentibus</strong></span> <span class='ocrx_word' id='word_1_16' title='bbox 1969 609 2257 673; x_wconf 87' lang='lat' dir='ltr'><strong>duximus</strong></span> <span class='ocrx_word' id='word_1_17' title='bbox 2304 607 2777 690; x_wconf 77' lang='lat' dir='ltr'><strong>deprecandam,</strong></span> <span class='ocrx_word' id='word_1_18' title='bbox 2820 611 3122 692; x_wconf 78' lang='lat' dir='ltr'><strong>quatenus</strong></span> 
     </span>
     <span class='ocr_line' id='line_1_4' title="bbox 391 695 3127 780; baseline -0.001 -16"><span class='ocrx_word' id='word_1_19' title='bbox 391 699 636 764; x_wconf 88' lang='lat' dir='ltr'><strong>iustitia</strong></span> <span class='ocrx_word' id='word_1_20' title='bbox 681 696 1046 779; x_wconf 86' lang='lat' dir='ltr'><strong>procedente</strong></span> <span class='ocrx_word' id='word_1_21' title='bbox 1095 715 1203 780; x_wconf 91' lang='lat' dir='ltr'><strong>pro</strong></span> <span class='ocrx_word' id='word_1_22' title='bbox 1248 698 1476 761; x_wconf 90' lang='lat' dir='ltr'><strong>honore</strong></span> <span class='ocrx_word' id='word_1_23' title='bbox 1526 695 1757 760; x_wconf 92' lang='lat' dir='ltr'><strong>domini</strong></span> <span class='ocrx_word' id='word_1_24' title='bbox 1800 697 1990 759; x_wconf 84' lang='lat' dir='ltr'><strong>nostri</strong></span> <span class='ocrx_word' id='word_1_25' title='bbox 2040 696 2206 778; x_wconf 90' lang='lat' dir='ltr'><strong>regis</strong></span> <span class='ocrx_word' id='word_1_26' title='bbox 2253 697 2317 759; x_wconf 87' lang='lat' dir='ltr'><strong>et</strong></span> <span class='ocrx_word' id='word_1_27' title='bbox 2368 697 2593 759; x_wconf 86' lang='lat' dir='ltr'><strong>nostris</strong></span> <span class='ocrx_word' id='word_1_28' title='bbox 2657 696 3127 762; x_wconf 82' lang='lat' dir='ltr'><strong>intervenienti·</strong></span> 
     </span>
     <span class='ocr_line' id='line_1_5' title="bbox 390 781 3124 868; baseline -0.001 -18"><span class='ocrx_word' id='word_1_29' title='bbox 390 786 507 851; x_wconf 87' lang='lat' dir='ltr'><strong>bus</strong></span> <span class='ocrx_word' id='word_1_30' title='bbox 554 786 842 868; x_wconf 90' lang='lat' dir='ltr'><strong>precibus</strong></span> <span class='ocrx_word' id='word_1_31' title='bbox 886 784 1324 866; x_wconf 88' lang='lat' dir='ltr'><strong>indempnitati</strong></span> <span class='ocrx_word' id='word_1_32' title='bbox 1371 783 1645 867; x_wconf 88' lang='lat' dir='ltr'><strong>predicte</strong></span> <span class='ocrx_word' id='word_1_33' title='bbox 1710 781 2134 847; x_wconf 88' lang='lat' dir='ltr'><strong>universitatis</strong></span> <span class='ocrx_word' id='word_1_34' title='bbox 2184 784 2248 848; x_wconf 89' lang='lat' dir='ltr'><strong>et</strong></span> <span class='ocrx_word' id='word_1_35' title='bbox 2289 784 2495 865; x_wconf 89' lang='lat' dir='ltr'><strong>populi</strong></span> <span class='ocrx_word' id='word_1_36' title='bbox 2545 783 2756 847; x_wconf 84' lang='lat' dir='ltr'><strong>taliter</strong></span> <span class='ocrx_word' id='word_1_37' title='bbox 2805 784 3124 865; x_wconf 89' lang='lat' dir='ltr'><strong>providere</strong></span> 
     </span>
     <span class='ocr_line' id='line_1_6' title="bbox 391 870 3125 957; baseline -0.002 -19"><span class='ocrx_word' id='word_1_38' title='bbox 391 873 752 957; x_wconf 85' lang='lat' dir='ltr'><strong>dignemini,</strong></span> <span class='ocrx_word' id='word_1_39' title='bbox 782 873 942 956; x_wconf 91' lang='lat' dir='ltr'><strong>quod</strong></span> <span class='ocrx_word' id='word_1_40' title='bbox 988 872 1170 937; x_wconf 88' lang='lat' dir='ltr'><strong>cedat</strong></span> <span class='ocrx_word' id='word_1_41' title='bbox 1214 871 1331 936; x_wconf 92' lang='lat' dir='ltr'><strong>iuri</strong></span> <span class='ocrx_word' id='word_1_42' title='bbox 1382 874 1446 937; x_wconf 89' lang='lat' dir='ltr'><strong>et</strong></span> <span class='ocrx_word' id='word_1_43' title='bbox 1491 870 1704 936; x_wconf 89' lang='lat' dir='ltr'><strong>honori</strong></span> <span class='ocrx_word' id='word_1_44' title='bbox 1754 872 1957 934; x_wconf 90' lang='lat' dir='ltr'><strong>vestro</strong></span> <span class='ocrx_word' id='word_1_45' title='bbox 2004 872 2081 934; x_wconf 88' lang='lat' dir='ltr'><strong>ad</strong></span> <span class='ocrx_word' id='word_1_46' title='bbox 2128 870 2396 947; x_wconf 86' lang='lat' dir='ltr'><strong>laudem,</strong></span> <span class='ocrx_word' id='word_1_47' title='bbox 2431 872 2494 935; x_wconf 90' lang='lat' dir='ltr'><strong>et</strong></span> <span class='ocrx_word' id='word_1_48' title='bbox 2526 890 2602 935; x_wconf 90' lang='lat' dir='ltr'><strong>ne</strong></span> <span class='ocrx_word' id='word_1_49' title='bbox 2635 871 2885 952; x_wconf 88' lang='lat' dir='ltr'><strong>querela</strong></span> <span class='ocrx_word' id='word_1_50' title='bbox 2916 888 3125 939; x_wconf 89' lang='lat' dir='ltr'><strong>eorum</strong></span> 
     </span>
     <span class='ocr_line' id='line_1_7' title="bbox 397 957 3126 1044; baseline -0.001 -19"><span class='ocrx_word' id='word_1_51' title='bbox 397 963 471 1027; x_wconf 92' lang='lat' dir='ltr'><strong>ad</strong></span> <span class='ocrx_word' id='word_1_52' title='bbox 531 979 713 1025; x_wconf 89' lang='lat' dir='ltr'><strong>aures</strong></span> <span class='ocrx_word' id='word_1_53' title='bbox 775 961 941 1044; x_wconf 90' lang='lat' dir='ltr'><strong>regis</strong></span> <span class='ocrx_word' id='word_1_54' title='bbox 1010 959 1217 1024; x_wconf 86' lang='lat' dir='ltr'><strong>valeat</strong></span> <span class='ocrx_word' id='word_1_55' title='bbox 1277 959 1584 1035; x_wconf 84' lang='lat' dir='ltr'><strong>devenire,</strong></span> <span class='ocrx_word' id='word_1_56' title='bbox 1648 959 1752 1023; x_wconf 90' lang='lat' dir='ltr'><strong>sed</strong></span> <span class='ocrx_word' id='word_1_57' title='bbox 1820 976 1927 1039; x_wconf 89' lang='lat' dir='ltr'><strong>per</strong></span> <span class='ocrx_word' id='word_1_58' title='bbox 1987 957 2440 1022; x_wconf 82' lang='lat' dir='ltr'><strong>satisfationem</strong></span> <span class='ocrx_word' id='word_1_59' title='bbox 2486 957 2854 1040; x_wconf 86' lang='lat' dir='ltr'><strong>condignam</strong></span> <span class='ocrx_word' id='word_1_60' title='bbox 2914 977 3126 1023; x_wconf 91' lang='lat' dir='ltr'><strong>eorum</strong></span> 
     </span>
     <span class='ocr_line' id='line_1_8' title="bbox 394 1045 3122 1130; baseline -0.001 -17"><span class='ocrx_word' id='word_1_61' title='bbox 394 1048 773 1130; x_wconf 79' lang='lat' dir='ltr'><strong>querimonis</strong></span> <span class='ocrx_word' id='word_1_62' title='bbox 831 1065 1067 1111; x_wconf 90' lang='lat' dir='ltr'><strong>cessare</strong></span> <span class='ocrx_word' id='word_1_63' title='bbox 1110 1051 1409 1130; x_wconf 86' lang='lat' dir='ltr'><strong>cogantur</strong></span> <span class='ocrx_word' id='word_1_64' title='bbox 1470 1046 1552 1111; x_wconf 84' lang='lat' dir='ltr'><strong>Et</strong></span> <span class='ocrx_word' id='word_1_65' title='bbox 1609 1063 1791 1127; x_wconf 89' lang='lat' dir='ltr'><strong>super</strong></span> <span class='ocrx_word' id='word_1_66' title='bbox 1837 1045 1978 1123; x_wconf 88' lang='lat' dir='ltr'><strong>hiis,</strong></span> <span class='ocrx_word' id='word_1_67' title='bbox 2027 1063 2145 1126; x_wconf 91' lang='lat' dir='ltr'><strong>que</strong></span> <span class='ocrx_word' id='word_1_68' title='bbox 2190 1047 2397 1110; x_wconf 86' lang='lat' dir='ltr'><strong>vestra</strong></span> <span class='ocrx_word' id='word_1_69' title='bbox 2443 1046 2913 1128; x_wconf 88' lang='lat' dir='ltr'><strong>magnificencia</strong></span> <span class='ocrx_word' id='word_1_70' title='bbox 2958 1046 3122 1110; x_wconf 87' lang='lat' dir='ltr'><strong>ordi-</strong></span> 
     </span>
     <span class='ocr_line' id='line_1_9' title="bbox 403 1132 3125 1218; baseline -0.001 -19"><span class='ocrx_word' id='word_1_71' title='bbox 403 1134 643 1200; x_wconf 78' lang='lat' dir='ltr'><strong>naverit</strong></span> <span class='ocrx_word' id='word_1_72' title='bbox 688 1139 751 1200; x_wconf 93' lang='lat' dir='ltr'><strong>et</strong></span> <span class='ocrx_word' id='word_1_73' title='bbox 794 1133 1113 1216; x_wconf 82' lang='lat' dir='ltr'><strong>disposuit,</strong></span> <span class='ocrx_word' id='word_1_74' title='bbox 1162 1135 1215 1198; x_wconf 89' lang='lat' dir='ltr'><strong>si</strong></span> <span class='ocrx_word' id='word_1_75' title='bbox 1259 1134 1481 1218; x_wconf 86' lang='lat' dir='ltr'><strong>placet,</strong></span> <span class='ocrx_word' id='word_1_76' title='bbox 1526 1132 1817 1215; x_wconf 88' lang='lat' dir='ltr'><strong>dignetur</strong></span> <span class='ocrx_word' id='word_1_77' title='bbox 1864 1132 2199 1196; x_wconf 89' lang='lat' dir='ltr'><strong>rescribere</strong></span> <span class='ocrx_word' id='word_1_78' title='bbox 2246 1152 2356 1215; x_wconf 89' lang='lat' dir='ltr'><strong>per</strong></span> <span class='ocrx_word' id='word_1_79' title='bbox 2401 1134 2683 1199; x_wconf 89' lang='lat' dir='ltr'><strong>latorem.</strong></span> <span class='ocrx_word' id='word_1_80' title='bbox 2721 1134 2885 1198; x_wconf 88' lang='lat' dir='ltr'><strong>Data</strong></span> <span class='ocrx_word' id='word_1_81' title='bbox 2932 1132 3125 1200; x_wconf 86' lang='lat' dir='ltr'><strong>Jadre</strong></span> 
     </span>
     <span class='ocr_line' id='line_1_10' title="bbox 393 1219 3127 1302; baseline -0.001 -15"><span class='ocrx_word' id='word_1_82' title='bbox 393 1222 604 1287; x_wconf 85' lang='lat' dir='ltr'>XXIII</span> <span class='ocrx_word' id='word_1_83' title='bbox 650 1221 1016 1287; x_wconf 90' lang='lat' dir='ltr'><strong>decembris.</strong></span> <span class='ocrx_word' id='word_1_84' title='bbox 1054 1221 1351 1287; x_wconf 90' lang='lat' dir='ltr'><strong>Nicolaus</strong></span> <span class='ocrx_word' id='word_1_85' title='bbox 1397 1221 1474 1285; x_wconf 92' lang='lat' dir='ltr'><strong>de</strong></span> <span class='ocrx_word' id='word_1_86' title='bbox 1521 1219 1717 1284; x_wconf 90' lang='lat' dir='ltr'><strong>Zeech</strong></span> <span class='ocrx_word' id='word_1_87' title='bbox 1764 1236 2093 1302; x_wconf 81' lang='lat' dir='ltr'><strong>regnorum</strong></span> <span class='ocrx_word' id='word_1_88' title='bbox 2143 1220 2461 1285; x_wconf 90' lang='lat' dir='ltr'><strong>Dalmacie</strong></span> <span class='ocrx_word' id='word_1_89' title='bbox 2510 1222 2573 1285; x_wconf 91' lang='lat' dir='ltr'><strong>et</strong></span> <span class='ocrx_word' id='word_1_90' title='bbox 2635 1220 2881 1286; x_wconf 86' lang='lat' dir='ltr'><strong>Croatie</strong></span> <span class='ocrx_word' id='word_1_91' title='bbox 2926 1221 3127 1285; x_wconf 85' lang='lat' dir='ltr'><strong>banus</strong></span> 
     </span>
     <span class='ocr_line' id='line_1_11' title="bbox 397 1305 3128 1392; baseline -0.001 -19"><span class='ocrx_word' id='word_1_92' title='bbox 397 1309 724 1392; x_wconf 88' lang='lat' dir='ltr'><strong>generalis,</strong></span> <span class='ocrx_word' id='word_1_93' title='bbox 774 1327 1100 1391; x_wconf 84' lang='lat' dir='ltr'><strong>comesque</strong></span> <span class='ocrx_word' id='word_1_94' title='bbox 1147 1308 1419 1373; x_wconf 87' lang='lat' dir='ltr'><strong>civitatis</strong></span> <span class='ocrx_word' id='word_1_95' title='bbox 1465 1307 1672 1373; x_wconf 84' lang='lat' dir='ltr'><strong>Jadre.</strong></span> <span class='ocrx_word' id='word_1_96' title='bbox 1719 1305 1999 1389; x_wconf 90' lang='lat' dir='ltr'><strong>(Izvana)</strong></span> <span class='ocrx_word' id='word_1_97' title='bbox 2049 1307 2301 1371; x_wconf 86' lang='lat' dir='ltr'><strong>Excelso</strong></span> <span class='ocrx_word' id='word_1_98' title='bbox 2360 1312 2424 1371; x_wconf 86' lang='lat' dir='ltr'><strong>et</strong></span> <span class='ocrx_word' id='word_1_99' title='bbox 2485 1309 2815 1392; x_wconf 88' lang='lat' dir='ltr'><strong>magnifico</strong></span> <span class='ocrx_word' id='word_1_100' title='bbox 2877 1308 3128 1374; x_wconf 93' lang='lat' dir='ltr'><strong>domino</strong></span> 
     </span>
     <span class='ocr_line' id='line_1_12' title="bbox 393 1392 3130 1481; baseline -0.001 -18"><span class='ocrx_word' id='word_1_101' title='bbox 393 1396 664 1463; x_wconf 84' lang='lat' dir='ltr'><strong>Johanni</strong></span> <span class='ocrx_word' id='word_1_102' title='bbox 713 1396 1037 1481; x_wconf 81' lang='lat' dir='ltr'><strong>Delphyno</strong></span> <span class='ocrx_word' id='word_1_103' title='bbox 1079 1397 1173 1461; x_wconf 90' lang='lat' dir='ltr'><strong>dei</strong></span> <span class='ocrx_word' id='word_1_104' title='bbox 1222 1398 1425 1480; x_wconf 84' lang='lat' dir='ltr'><strong>gratia</strong></span> <span class='ocrx_word' id='word_1_105' title='bbox 1471 1392 1685 1459; x_wconf 76' lang='lat' dir='ltr'><strong>inc‘Iito</strong></span> <span class='ocrx_word' id='word_1_106' title='bbox 1729 1392 1871 1458; x_wconf 89' lang='lat' dir='ltr'><strong>duci</strong></span> <span class='ocrx_word' id='word_1_107' title='bbox 1924 1393 2351 1459; x_wconf 79' lang='lat' dir='ltr'><strong>veneciarum.</strong></span> <span class='ocrx_word' id='word_1_108' title='bbox 2395 1396 2601 1460; x_wconf 86' lang='lat' dir='ltr'><strong>Banus</strong></span> <span class='ocrx_word' id='word_1_109' title='bbox 2650 1395 2972 1461; x_wconf 87' lang='lat' dir='ltr'><strong>Sclavonie</strong></span> <span class='ocrx_word' id='word_1_110' title='bbox 3020 1413 3130 1477; x_wconf 90' lang='lat' dir='ltr'><strong>pro</strong></span> 
     </span>
     <span class='ocr_line' id='line_1_13' title="bbox 397 1485 800 1567; baseline -0.002 -18"><span class='ocrx_word' id='word_1_111' title='bbox 397 1485 800 1567; x_wconf 80' lang='lat' dir='ltr'><strong>PagensibuS.</strong></span> 
     </span>
     <span class='ocr_line' id='line_1_14' title="bbox 483 1566 2674 1641; baseline -0.001 -7"><span class='ocrx_word' id='word_1_112' title='bbox 483 1572 647 1637; x_wconf 76' lang='lat' dir='ltr'><strong>olas.</strong></span> <span class='ocrx_word' id='word_1_113' title='bbox 699 1573 866 1633; x_wconf 85' lang='lat' dir='ltr'><strong>XIV</strong></span> <span class='ocrx_word' id='word_1_114' title='bbox 909 1570 1050 1634; x_wconf 79' lang='lat' dir='ltr'><strong>Cod.</strong></span> <span class='ocrx_word' id='word_1_115' title='bbox 1095 1572 1238 1634; x_wconf 79' lang='lat' dir='ltr'><strong>Lat.</strong></span> <span class='ocrx_word' id='word_1_116' title='bbox 1289 1566 1529 1632; x_wconf 88' lang='lat' dir='ltr'><strong>LXXI</strong></span> <span class='ocrx_word' id='word_1_117' title='bbox 1569 1589 1663 1632; x_wconf 78' lang='lat' dir='ltr'><strong>nr.</strong></span> <span class='ocrx_word' id='word_1_118' title='bbox 1712 1574 1818 1641; x_wconf 85' lang='lat'><strong>30,</strong></span> <span class='ocrx_word' id='word_1_119' title='bbox 1862 1589 1906 1630; x_wconf 77' lang='lat' dir='ltr'><strong>u</strong></span> <span class='ocrx_word' id='word_1_120' title='bbox 1951 1571 2264 1632; x_wconf 74' lang='lat' dir='ltr'><strong>Marciani</strong></span> <span class='ocrx_word' id='word_1_121' title='bbox 2321 1590 2359 1631; x_wconf 85' lang='lat' dir='ltr'><strong>u</strong></span> <span class='ocrx_word' id='word_1_122' title='bbox 2404 1571 2674 1633; x_wconf 75' lang='lat' dir='ltr'><strong>Mlelcih.</strong></span> 
     </span>
    </p>
   </div>
   <div class='ocr_carea' id='block_1_3' title="bbox 734 1758 2781 1859">
    <p class='ocr_par' dir='ltr' id='par_1_3' title="bbox 734 1758 2781 1859">
     <span class='ocr_line' id='line_1_15' title="bbox 734 1758 2781 1859; baseline -0.002 -13"><span class='ocrx_word' id='word_1_123' title='bbox 734 1762 1113 1846; x_wconf 72' lang='lat' dir='ltr'><strong>xxxix,</strong></span> <span class='ocrx_word' id='word_1_124' title='bbox 1168 1759 1381 1844; x_wconf 74' lang='lat' dir='ltr'><strong>Gon.</strong></span> <span class='ocrx_word' id='word_1_125' title='bbox 1440 1760 1666 1844; x_wconf 79' lang='lat'><strong>1359.</strong></span> <span class='ocrx_word' id='word_1_126' title='bbox 1722 1758 1824 1841; x_wconf 77' lang='lat'><strong>23</strong></span> <span class='ocrx_word' id='word_1_127' title='bbox 1876 1759 2305 1859; x_wconf 78' lang='lat' dir='ltr'><strong>prosinca,</strong></span> <span class='ocrx_word' id='word_1_128' title='bbox 2359 1782 2417 1840; x_wconf 90' lang='lat' dir='ltr'><strong>u</strong></span> <span class='ocrx_word' id='word_1_129' title='bbox 2473 1760 2781 1842; x_wconf 79' lang='lat' dir='ltr'><strong>Zadru.</strong></span> 
     </span>
    </p>
   </div>
   <div class='ocr_carea' id='block_1_4' title="bbox 392 1884 3130 2049">
    <p class='ocr_par' dir='ltr' id='par_1_4' title="bbox 392 1884 3130 2049">
     <span class='ocr_line' id='line_1_16' title="bbox 392 1884 3130 1959; baseline 0 -12"><span class='ocrx_word' id='word_1_130' title='bbox 392 1888 688 1948; x_wconf 80' lang='lat' dir='ltr'><strong>Hrvatski</strong></span> <span class='ocrx_word' id='word_1_131' title='bbox 747 1890 866 1949; x_wconf 80' lang='lat' dir='ltr'><strong>ban</strong></span> <span class='ocrx_word' id='word_1_132' title='bbox 929 1887 1153 1949; x_wconf 79' lang='lat' dir='ltr'><strong>Nikola</strong></span> <span class='ocrx_word' id='word_1_133' title='bbox 1215 1885 1328 1946; x_wconf 82' lang='lat' dir='ltr'><strong>ch</strong></span> <span class='ocrx_word' id='word_1_134' title='bbox 1365 1887 1500 1959; x_wconf 65' lang='lat' dir='ltr'><strong>pise</strong></span> <span class='ocrx_word' id='word_1_135' title='bbox 1558 1886 1868 1958; x_wconf 67' lang='lat' dir='ltr'><strong>mzetackoj</strong></span> <span class='ocrx_word' id='word_1_136' title='bbox 1911 1884 2092 1957; x_wconf 75' lang='lat' dir='ltr'><strong>vladi,</strong></span> <span class='ocrx_word' id='word_1_137' title='bbox 2149 1885 2302 1943; x_wconf 79' lang='lat' dir='ltr'><strong>nelca</strong></span> <span class='ocrx_word' id='word_1_138' title='bbox 2347 1885 2572 1945; x_wconf 76' lang='lat' dir='ltr'><strong>dozvoli</strong></span> <span class='ocrx_word' id='word_1_139' title='bbox 2621 1884 2966 1946; x_wconf 82' lang='lat' dir='ltr'><strong>Zadranom</strong></span> <span class='ocrx_word' id='word_1_140' title='bbox 3012 1888 3130 1948; x_wconf 80' lang='lat' dir='ltr'><strong>ku-</strong></span> 
     </span>
     <span class='ocr_line' id='line_1_17' title="bbox 465 1973 2379 2049; baseline -0.004 -12"><span class='ocrx_word' id='word_1_141' title='bbox 465 1983 477 1993; x_wconf 81' lang='grc'><em>·</em></span> <span class='ocrx_word' id='word_1_142' title='bbox 1129 1974 1335 2049; x_wconf 72' lang='lat' dir='ltr'><strong>vovati</strong></span> <span class='ocrx_word' id='word_1_143' title='bbox 1380 1992 1424 2033; x_wconf 77' lang='lat' dir='ltr'><strong>u</strong></span> <span class='ocrx_word' id='word_1_144' title='bbox 1469 1974 1722 2033; x_wconf 78' lang='lat' dir='ltr'><strong>Mlctcih</strong></span> <span class='ocrx_word' id='word_1_145' title='bbox 1768 1989 1897 2043; x_wconf 81' lang='lat' dir='ltr'><strong>ono,</strong></span> <span class='ocrx_word' id='word_1_146' title='bbox 1945 1973 2082 2047; x_wconf 62' lang='lat' dir='ltr'><strong>&amp;eya</strong></span> <span class='ocrx_word' id='word_1_147' title='bbox 2130 1973 2379 2046; x_wconf 78' lang='lat' dir='ltr'><strong>trebaju,</strong></span> 
     </span>
    </p>
   </div>
   <div class='ocr_carea' id='block_1_5' title="bbox 392 2075 3133 4246">
    <p class='ocr_par' dir='ltr' id='par_1_5' title="bbox 392 2075 3133 4176">
     <span class='ocr_line' id='line_1_18' title="bbox 602 2075 3127 2161; baseline 0 -17"><span class='ocrx_word' id='word_1_148' title='bbox 602 2078 926 2144; x_wconf 81' lang='lat' dir='ltr'><strong>Excelsam</strong></span> <span class='ocrx_word' id='word_1_149' title='bbox 978 2077 1509 2161; x_wconf 85' lang='lat' dir='ltr'><strong>magnificenciam</strong></span> <span class='ocrx_word' id='word_1_150' title='bbox 1559 2077 1828 2141; x_wconf 88' lang='lat' dir='ltr'><strong>vestram</strong></span> <span class='ocrx_word' id='word_1_151' title='bbox 1877 2093 1994 2139; x_wconf 91' lang='lat' dir='ltr'><strong>non</strong></span> <span class='ocrx_word' id='word_1_152' title='bbox 2035 2075 2230 2140; x_wconf 90' lang='lat' dir='ltr'><strong>latere</strong></span> <span class='ocrx_word' id='word_1_153' title='bbox 2280 2076 2557 2141; x_wconf 90' lang='lat' dir='ltr'><strong>volentes</strong></span> <span class='ocrx_word' id='word_1_154' title='bbox 2606 2076 2781 2143; x_wconf 91' lang='lat' dir='ltr'><strong>vobis</strong></span> <span class='ocrx_word' id='word_1_155' title='bbox 2831 2076 3127 2144; x_wconf 81' lang='lat' dir='ltr'><strong>duximus</strong></span> 
     </span>
     <span class='ocr_line' id='line_1_19' title="bbox 395 2163 3127 2251; baseline -0.001 -18"><span class='ocrx_word' id='word_1_156' title='bbox 395 2169 781 2251; x_wconf 88' lang='lat' dir='ltr'><strong>presentibus</strong></span> <span class='ocrx_word' id='word_1_157' title='bbox 842 2166 972 2231; x_wconf 86' lang='lat' dir='ltr'><strong>fore</strong></span> <span class='ocrx_word' id='word_1_158' title='bbox 1035 2169 1272 2243; x_wconf 90' lang='lat' dir='ltr'><strong>notum,</strong></span> <span class='ocrx_word' id='word_1_159' title='bbox 1333 2163 1496 2246; x_wconf 91' lang='lat' dir='ltr'><strong>quod</strong></span> <span class='ocrx_word' id='word_1_160' title='bbox 1556 2181 1764 2239; x_wconf 79' lang='lat' dir='ltr'><strong>coram</strong></span> <span class='ocrx_word' id='word_1_161' title='bbox 1812 2163 2042 2228; x_wconf 89' lang='lat' dir='ltr'><strong>iudices</strong></span> <span class='ocrx_word' id='word_1_162' title='bbox 2104 2163 2397 2228; x_wconf 89' lang='lat' dir='ltr'><strong>civitatus</strong></span> <span class='ocrx_word' id='word_1_163' title='bbox 2435 2163 2625 2229; x_wconf 84' lang='lat' dir='ltr'><strong>Jadre</strong></span> <span class='ocrx_word' id='word_1_164' title='bbox 2670 2166 2915 2230; x_wconf 91' lang='lat' dir='ltr'><strong>nomine</strong></span> <span class='ocrx_word' id='word_1_165' title='bbox 2972 2185 3127 2231; x_wconf 90' lang='lat' dir='ltr'><strong>cun-</strong></span> 
     </span>
     <span class='ocr_line' id='line_1_20' title="bbox 392 2250 3125 2335; baseline -0.001 -14"><span class='ocrx_word' id='word_1_166' title='bbox 392 2260 637 2321; x_wconf 91' lang='lat' dir='ltr'><strong>ctorum</strong></span> <span class='ocrx_word' id='word_1_167' title='bbox 679 2253 980 2320; x_wconf 90' lang='lat' dir='ltr'><strong>nobilium</strong></span> <span class='ocrx_word' id='word_1_168' title='bbox 1028 2253 1092 2317; x_wconf 89' lang='lat' dir='ltr'><strong>et</strong></span> <span class='ocrx_word' id='word_1_169' title='bbox 1137 2252 1485 2316; x_wconf 90' lang='lat' dir='ltr'><strong>communis</strong></span> <span class='ocrx_word' id='word_1_170' title='bbox 1532 2250 1845 2334; x_wconf 89' lang='lat' dir='ltr'><strong>querelam</strong></span> <span class='ocrx_word' id='word_1_171' title='bbox 1935 2252 2368 2333; x_wconf 83' lang='lat' dir='ltr'><strong>exposuerunt,</strong></span> <span class='ocrx_word' id='word_1_172' title='bbox 2419 2253 2579 2335; x_wconf 89' lang='lat' dir='ltr'><strong>quod</strong></span> <span class='ocrx_word' id='word_1_173' title='bbox 2629 2271 2772 2331; x_wconf 82' lang='lat' dir='ltr'><strong>curn</strong></span> <span class='ocrx_word' id='word_1_174' title='bbox 2831 2272 2939 2318; x_wconf 88' lang='lat' dir='ltr'><strong>nos</strong></span> <span class='ocrx_word' id='word_1_175' title='bbox 2993 2256 3125 2319; x_wconf 89' lang='lat' dir='ltr'><strong>vice</strong></span> 
     </span>
     <span class='ocr_line' id='line_1_21' title="bbox 394 2337 3125 2426; baseline -0.001 -17"><span class='ocrx_word' id='word_1_176' title='bbox 394 2344 566 2426; x_wconf 88' lang='lat' dir='ltr'><strong>regia</strong></span> <span class='ocrx_word' id='word_1_177' title='bbox 612 2342 701 2407; x_wconf 89' lang='lat' dir='ltr'><strong>eis</strong></span> <span class='ocrx_word' id='word_1_178' title='bbox 765 2340 1261 2407; x_wconf 87' lang='lat' dir='ltr'><strong>commiserimus</strong></span> <span class='ocrx_word' id='word_1_179' title='bbox 1322 2339 1530 2420; x_wconf 87' lang='lat' dir='ltr'><strong>aliqua</strong></span> <span class='ocrx_word' id='word_1_180' title='bbox 1584 2337 1951 2421; x_wconf 85' lang='lat' dir='ltr'><strong>peragenda,</strong></span> <span class='ocrx_word' id='word_1_181' title='bbox 2000 2341 2286 2403; x_wconf 87' lang='lat' dir='ltr'><strong>asserunt</strong></span> <span class='ocrx_word' id='word_1_182' title='bbox 2347 2357 2420 2403; x_wconf 89' lang='lat' dir='ltr'><strong>ea</strong></span> <span class='ocrx_word' id='word_1_183' title='bbox 2478 2359 2594 2404; x_wconf 91' lang='lat' dir='ltr'><strong>non</strong></span> <span class='ocrx_word' id='word_1_184' title='bbox 2642 2341 2919 2422; x_wconf 91' lang='lat' dir='ltr'><strong>potuisse</strong></span> <span class='ocrx_word' id='word_1_185' title='bbox 2983 2362 3125 2425; x_wconf 90' lang='lat' dir='ltr'><strong>per·</strong></span> 
     </span>
     <span class='ocr_line' id='line_1_22' title="bbox 393 2426 3122 2512; baseline -0.001 -16"><span class='ocrx_word' id='word_1_186' title='bbox 393 2433 596 2508; x_wconf 89' lang='lat' dir='ltr'><strong>ficere,</strong></span> <span class='ocrx_word' id='word_1_187' title='bbox 635 2429 922 2512; x_wconf 89' lang='lat' dir='ltr'><strong>quoniam</strong></span> <span class='ocrx_word' id='word_1_188' title='bbox 973 2428 1315 2492; x_wconf 90' lang='lat' dir='ltr'><strong>necessaria</strong></span> <span class='ocrx_word' id='word_1_189' title='bbox 1374 2430 1453 2491; x_wconf 87' lang='lat' dir='ltr'><strong>ad</strong></span> <span class='ocrx_word' id='word_1_190' title='bbox 1500 2426 1778 2508; x_wconf 87' lang='lat' dir='ltr'><strong>predicta</strong></span> <span class='ocrx_word' id='word_1_191' title='bbox 1825 2444 1945 2490; x_wconf 90' lang='lat' dir='ltr'><strong>non</strong></span> <span class='ocrx_word' id='word_1_192' title='bbox 1993 2432 2252 2507; x_wconf 86' lang='lat' dir='ltr'><strong>possunt</strong></span> <span class='ocrx_word' id='word_1_193' title='bbox 2297 2427 2522 2492; x_wconf 87' lang='lat' dir='ltr'><strong>habere</strong></span> <span class='ocrx_word' id='word_1_194' title='bbox 2571 2429 2686 2493; x_wconf 92' lang='lat' dir='ltr'><strong>nisi</strong></span> <span class='ocrx_word' id='word_1_195' title='bbox 2738 2428 2813 2492; x_wconf 88' lang='lat' dir='ltr'><strong>de</strong></span> <span class='ocrx_word' id='word_1_196' title='bbox 2860 2429 3122 2495; x_wconf 89' lang='lat' dir='ltr'><strong>civitate</strong></span> 
     </span>
     <span class='ocr_line' id='line_1_23' title="bbox 393 2513 3128 2598; baseline -0.001 -13"><span class='ocrx_word' id='word_1_197' title='bbox 393 2520 603 2585; x_wconf 87' lang='lat' dir='ltr'><strong>vestra</strong></span> <span class='ocrx_word' id='word_1_198' title='bbox 666 2517 1092 2595; x_wconf 80' lang='lat' dir='ltr'><strong>veneciarum,</strong></span> <span class='ocrx_word' id='word_1_199' title='bbox 1151 2517 1362 2596; x_wconf 84' lang='lat' dir='ltr'><strong>utpote</strong></span> <span class='ocrx_word' id='word_1_200' title='bbox 1422 2513 1673 2590; x_wconf 87' lang='lat' dir='ltr'><strong>ferrum,</strong></span> <span class='ocrx_word' id='word_1_201' title='bbox 1736 2531 1910 2577; x_wconf 85' lang='lat' dir='ltr'><strong>arma</strong></span> <span class='ocrx_word' id='word_1_202' title='bbox 1963 2517 2028 2577; x_wconf 92' lang='lat' dir='ltr'><strong>et</strong></span> <span class='ocrx_word' id='word_1_203' title='bbox 2073 2515 2198 2577; x_wconf 84' lang='lat' dir='ltr'><strong>alia</strong></span> <span class='ocrx_word' id='word_1_204' title='bbox 2258 2514 2605 2579; x_wconf 85' lang='lat' dir='ltr'><strong>consimilia</strong></span> <span class='ocrx_word' id='word_1_205' title='bbox 2670 2514 2748 2579; x_wconf 89' lang='lat' dir='ltr'><strong>ad</strong></span> <span class='ocrx_word' id='word_1_206' title='bbox 2797 2515 3128 2598; x_wconf 85' lang='lat' dir='ltr'><strong>perficien-</strong></span> 
     </span>
     <span class='ocr_line' id='line_1_24' title="bbox 393 2600 3128 2688; baseline -0.001 -17"><span class='ocrx_word' id='word_1_207' title='bbox 393 2606 543 2672; x_wconf 90' lang='lat' dir='ltr'><strong>dum</strong></span> <span class='ocrx_word' id='word_1_208' title='bbox 593 2624 696 2688; x_wconf 89' lang='lat' dir='ltr'><strong>per</strong></span> <span class='ocrx_word' id='word_1_209' title='bbox 741 2623 851 2670; x_wconf 91' lang='lat' dir='ltr'><strong>nos</strong></span> <span class='ocrx_word' id='word_1_210' title='bbox 898 2603 986 2669; x_wconf 91' lang='lat' dir='ltr'><strong>eis</strong></span> <span class='ocrx_word' id='word_1_211' title='bbox 1035 2604 1325 2686; x_wconf 81' lang='lat' dir='ltr'><strong>imposita</strong></span> <span class='ocrx_word' id='word_1_212' title='bbox 1370 2601 1671 2684; x_wconf 89' lang='lat' dir='ltr'><strong>superius,</strong></span> <span class='ocrx_word' id='word_1_213' title='bbox 1721 2603 1793 2665; x_wconf 92' lang='lat' dir='ltr'><strong>ut</strong></span> <span class='ocrx_word' id='word_1_214' title='bbox 1852 2601 1950 2666; x_wconf 89' lang='lat' dir='ltr'><strong>est</strong></span> <span class='ocrx_word' id='word_1_215' title='bbox 2009 2601 2266 2679; x_wconf 88' lang='lat' dir='ltr'><strong>dictum,</strong></span> <span class='ocrx_word' id='word_1_216' title='bbox 2311 2600 2623 2683; x_wconf 88' lang='lat' dir='ltr'><strong>addentes,</strong></span> <span class='ocrx_word' id='word_1_217' title='bbox 2672 2605 2830 2686; x_wconf 91' lang='lat' dir='ltr'><strong>quod</strong></span> <span class='ocrx_word' id='word_1_218' title='bbox 2879 2622 2986 2688; x_wconf 90' lang='lat' dir='ltr'><strong>per</strong></span> <span class='ocrx_word' id='word_1_219' title='bbox 3033 2603 3128 2670; x_wconf 84' lang='lat' dir='ltr'><strong>of-</strong></span> 
     </span>
     <span class='ocr_line' id='line_1_25' title="bbox 397 2688 3121 2773; baseline -0.001 -13"><span class='ocrx_word' id='word_1_220' title='bbox 397 2693 633 2760; x_wconf 88' lang='lat' dir='ltr'><strong>ficiales</strong></span> <span class='ocrx_word' id='word_1_221' title='bbox 684 2694 920 2758; x_wconf 89' lang='lat' dir='ltr'><strong>vestros</strong></span> <span class='ocrx_word' id='word_1_222' title='bbox 971 2691 1100 2756; x_wconf 90' lang='lat' dir='ltr'><strong>suis</strong></span> <span class='ocrx_word' id='word_1_223' title='bbox 1147 2707 1269 2755; x_wconf 93' lang='lat' dir='ltr'><strong>non</strong></span> <span class='ocrx_word' id='word_1_224' title='bbox 1317 2691 1497 2754; x_wconf 88' lang='lat' dir='ltr'><strong>datur</strong></span> <span class='ocrx_word' id='word_1_225' title='bbox 1541 2689 1802 2754; x_wconf 87' lang='lat' dir='ltr'><strong>licencia</strong></span> <span class='ocrx_word' id='word_1_226' title='bbox 1870 2691 1935 2753; x_wconf 91' lang='lat' dir='ltr'><strong>et</strong></span> <span class='ocrx_word' id='word_1_227' title='bbox 1996 2688 2260 2754; x_wconf 87' lang='lat' dir='ltr'><strong>facultas</strong></span> <span class='ocrx_word' id='word_1_228' title='bbox 2307 2709 2418 2772; x_wconf 89' lang='lat' dir='ltr'><strong>pro</strong></span> <span class='ocrx_word' id='word_1_229' title='bbox 2464 2709 2575 2755; x_wconf 81' lang='lat' dir='ltr'><strong>sua</strong></span> <span class='ocrx_word' id='word_1_230' title='bbox 2626 2692 2879 2773; x_wconf 88' lang='lat' dir='ltr'><strong>pecunia</strong></span> <span class='ocrx_word' id='word_1_231' title='bbox 2912 2694 3121 2757; x_wconf 85' lang='lat' dir='ltr'><strong>extra-</strong></span> 
     </span>
     <span class='ocr_line' id='line_1_26' title="bbox 393 2775 3122 2860; baseline -0.001 -13"><span class='ocrx_word' id='word_1_232' title='bbox 393 2781 576 2847; x_wconf 91' lang='lat' dir='ltr'><strong>hendi</strong></span> <span class='ocrx_word' id='word_1_233' title='bbox 625 2780 701 2846; x_wconf 91' lang='lat' dir='ltr'><strong>de</strong></span> <span class='ocrx_word' id='word_1_234' title='bbox 747 2780 1002 2845; x_wconf 86' lang='lat' dir='ltr'><strong>civitate</strong></span> <span class='ocrx_word' id='word_1_235' title='bbox 1052 2779 1117 2844; x_wconf 90' lang='lat' dir='ltr'><strong>et</strong></span> <span class='ocrx_word' id='word_1_236' title='bbox 1160 2778 1302 2842; x_wconf 89' lang='lat' dir='ltr'><strong>aliis</strong></span> <span class='ocrx_word' id='word_1_237' title='bbox 1349 2776 1500 2841; x_wconf 90' lang='lat' dir='ltr'><strong>locis</strong></span> <span class='ocrx_word' id='word_1_238' title='bbox 1547 2778 1750 2842; x_wconf 88' lang='lat' dir='ltr'><strong>vestre</strong></span> <span class='ocrx_word' id='word_1_239' title='bbox 1797 2775 2210 2841; x_wconf 88' lang='lat' dir='ltr'><strong>dominacioni</strong></span> <span class='ocrx_word' id='word_1_240' title='bbox 2243 2778 2512 2841; x_wconf 87' lang='lat' dir='ltr'><strong>subditis</strong></span> <span class='ocrx_word' id='word_1_241' title='bbox 2557 2778 2837 2860; x_wconf 86' lang='lat' dir='ltr'><strong>predicta</strong></span> <span class='ocrx_word' id='word_1_242' title='bbox 2868 2781 2935 2844; x_wconf 89' lang='lat' dir='ltr'><strong>et</strong></span> <span class='ocrx_word' id='word_1_243' title='bbox 2968 2780 3122 2844; x_wconf 85' lang='lat' dir='ltr'><strong>allia</strong></span> 
     </span>
     <span class='ocr_line' id='line_1_27' title="bbox 392 2862 3122 2952; baseline -0 -20"><span class='ocrx_word' id='word_1_244' title='bbox 392 2868 858 2952; x_wconf 89' lang='lat' dir='ltr'><strong>quamplurima</strong></span> <span class='ocrx_word' id='word_1_245' title='bbox 927 2884 1037 2931; x_wconf 90' lang='lat' dir='ltr'><strong>suo</strong></span> <span class='ocrx_word' id='word_1_246' title='bbox 1106 2863 1246 2931; x_wconf 90' lang='lat' dir='ltr'><strong>usui</strong></span> <span class='ocrx_word' id='word_1_247' title='bbox 1319 2864 1686 2929; x_wconf 89' lang='lat' dir='ltr'><strong>necessaria.</strong></span> <span class='ocrx_word' id='word_1_248' title='bbox 1735 2862 1938 2942; x_wconf 85' lang='lat' dir='ltr'><strong>Quare</strong></span> <span class='ocrx_word' id='word_1_249' title='bbox 1986 2882 2124 2928; x_wconf 91' lang='lat' dir='ltr'><strong>cum</strong></span> <span class='ocrx_word' id='word_1_250' title='bbox 2170 2864 2231 2928; x_wconf 93' lang='lat' dir='ltr'><strong>in</strong></span> <span class='ocrx_word' id='word_1_251' title='bbox 2281 2864 2450 2942; x_wconf 78' lang='lat' dir='ltr'><strong>lociS,</strong></span> <span class='ocrx_word' id='word_1_252' title='bbox 2486 2864 2672 2930; x_wconf 88' lang='lat' dir='ltr'><strong>terris</strong></span> <span class='ocrx_word' id='word_1_253' title='bbox 2721 2868 2785 2930; x_wconf 88' lang='lat' dir='ltr'><strong>et</strong></span> <span class='ocrx_word' id='word_1_254' title='bbox 2817 2867 3122 2949; x_wconf 92' lang='lat' dir='ltr'><strong>portubus</strong></span> 
     </span>
     <span class='ocr_line' id='line_1_28' title="bbox 398 2950 3123 3035; baseline -0.001 -15"><span class='ocrx_word' id='word_1_255' title='bbox 398 2956 694 3020; x_wconf 90' lang='lat' dir='ltr'><strong>subiectis</strong></span> <span class='ocrx_word' id='word_1_256' title='bbox 743 2955 990 3019; x_wconf 88' lang='lat' dir='ltr'><strong>domino</strong></span> <span class='ocrx_word' id='word_1_257' title='bbox 1042 2956 1250 3018; x_wconf 88' lang='lat' dir='ltr'><strong>nostro</strong></span> <span class='ocrx_word' id='word_1_258' title='bbox 1297 2953 1427 3035; x_wconf 87' lang='lat' dir='ltr'><strong>regi</strong></span> <span class='ocrx_word' id='word_1_259' title='bbox 1475 2951 1654 3035; x_wconf 88' lang='lat' dir='ltr'><strong>plena</strong></span> <span class='ocrx_word' id='word_1_260' title='bbox 1700 2950 1785 3015; x_wconf 91' lang='lat' dir='ltr'><strong>sit</strong></span> <span class='ocrx_word' id='word_1_261' title='bbox 1830 2951 2208 3016; x_wconf 88' lang='lat' dir='ltr'><strong>vestratibus</strong></span> <span class='ocrx_word' id='word_1_262' title='bbox 2250 2969 2538 3017; x_wconf 87' lang='lat' dir='ltr'><strong>concessa</strong></span> <span class='ocrx_word' id='word_1_263' title='bbox 2588 2951 2855 3018; x_wconf 86' lang='lat' dir='ltr'><strong>facultas</strong></span> <span class='ocrx_word' id='word_1_264' title='bbox 2919 2959 3123 3018; x_wconf 84' lang='lat' dir='ltr'><strong>extra-</strong></span> 
     </span>
     <span class='ocr_line' id='line_1_29' title="bbox 397 3038 3123 3124; baseline 0 -17"><span class='ocrx_word' id='word_1_265' title='bbox 397 3041 586 3107; x_wconf 90' lang='lat' dir='ltr'><strong>hendi</strong></span> <span class='ocrx_word' id='word_1_266' title='bbox 633 3061 866 3124; x_wconf 90' lang='lat' dir='ltr'><strong>queque</strong></span> <span class='ocrx_word' id='word_1_267' title='bbox 915 3039 1206 3106; x_wconf 88' lang='lat' dir='ltr'><strong>victualia</strong></span> <span class='ocrx_word' id='word_1_268' title='bbox 1255 3041 1319 3104; x_wconf 85' lang='lat' dir='ltr'><strong>et</strong></span> <span class='ocrx_word' id='word_1_269' title='bbox 1364 3039 1491 3104; x_wconf 87' lang='lat' dir='ltr'><strong>alia</strong></span> <span class='ocrx_word' id='word_1_270' title='bbox 1537 3041 1824 3105; x_wconf 88' lang='lat' dir='ltr'><strong>universa</strong></span> <span class='ocrx_word' id='word_1_271' title='bbox 1892 3055 2002 3120; x_wconf 92' lang='lat' dir='ltr'><strong>pro</strong></span> <span class='ocrx_word' id='word_1_272' title='bbox 2048 3057 2260 3103; x_wconf 90' lang='lat' dir='ltr'><strong>eorum</strong></span> <span class='ocrx_word' id='word_1_273' title='bbox 2308 3038 2489 3103; x_wconf 90' lang='lat' dir='ltr'><strong>libito</strong></span> <span class='ocrx_word' id='word_1_274' title='bbox 2517 3040 2851 3106; x_wconf 86' lang='lat' dir='ltr'><strong>voluntatis</strong></span> <span class='ocrx_word' id='word_1_275' title='bbox 2887 3043 3123 3123; x_wconf 89' lang='lat' dir='ltr'><strong>absque</strong></span> 
     </span>
     <span class='ocr_line' id='line_1_30' title="bbox 396 3126 3128 3214; baseline -0.001 -18"><span class='ocrx_word' id='word_1_276' title='bbox 396 3129 849 3214; x_wconf 89' lang='lat' dir='ltr'><strong>contradicione</strong></span> <span class='ocrx_word' id='word_1_277' title='bbox 899 3129 993 3194; x_wconf 91' lang='lat' dir='ltr'><strong>vel</strong></span> <span class='ocrx_word' id='word_1_278' title='bbox 1042 3127 1348 3205; x_wconf 88' lang='lat' dir='ltr'><strong>molestia,</strong></span> <span class='ocrx_word' id='word_1_279' title='bbox 1397 3128 1462 3192; x_wconf 92' lang='lat' dir='ltr'><strong>et</strong></span> <span class='ocrx_word' id='word_1_280' title='bbox 1495 3126 1789 3210; x_wconf 88' lang='lat' dir='ltr'><strong>dignetur</strong></span> <span class='ocrx_word' id='word_1_281' title='bbox 1836 3127 2304 3209; x_wconf 89' lang='lat' dir='ltr'><strong>magnificencia</strong></span> <span class='ocrx_word' id='word_1_282' title='bbox 2335 3131 2540 3192; x_wconf 88' lang='lat' dir='ltr'><strong>vestra</strong></span> <span class='ocrx_word' id='word_1_283' title='bbox 2585 3146 2692 3210; x_wconf 92' lang='lat' dir='ltr'><strong>pro</strong></span> <span class='ocrx_word' id='word_1_284' title='bbox 2739 3129 2968 3193; x_wconf 89' lang='lat' dir='ltr'><strong>honore</strong></span> <span class='ocrx_word' id='word_1_285' title='bbox 3018 3133 3128 3192; x_wconf 88' lang='lat' dir='ltr'><strong>do-</strong></span> 
     </span>
     <span class='ocr_line' id='line_1_31' title="bbox 398 3213 3124 3300; baseline -0.001 -16"><span class='ocrx_word' id='word_1_286' title='bbox 398 3218 577 3284; x_wconf 83' lang='lat' dir='ltr'><strong>mini·</strong></span> <span class='ocrx_word' id='word_1_287' title='bbox 611 3216 806 3281; x_wconf 86' lang='lat' dir='ltr'><strong>nostri</strong></span> <span class='ocrx_word' id='word_1_288' title='bbox 868 3215 1030 3300; x_wconf 89' lang='lat' dir='ltr'><strong>regis</strong></span> <span class='ocrx_word' id='word_1_289' title='bbox 1096 3218 1159 3280; x_wconf 91' lang='lat' dir='ltr'><strong>et</strong></span> <span class='ocrx_word' id='word_1_290' title='bbox 1217 3216 1445 3279; x_wconf 91' lang='lat' dir='ltr'><strong>nostris</strong></span> <span class='ocrx_word' id='word_1_291' title='bbox 1510 3214 2063 3280; x_wconf 87' lang='lat' dir='ltr'><strong>intervenientibus</strong></span> <span class='ocrx_word' id='word_1_292' title='bbox 2127 3213 2430 3297; x_wconf 77' lang='lat' dir='ltr'><strong>precibuS,</strong></span> <span class='ocrx_word' id='word_1_293' title='bbox 2497 3216 2566 3279; x_wconf 89' lang='lat' dir='ltr'><strong>ut</strong></span> <span class='ocrx_word' id='word_1_294' title='bbox 2609 3214 2811 3280; x_wconf 91' lang='lat' dir='ltr'><strong>omnis</strong></span> <span class='ocrx_word' id='word_1_295' title='bbox 2859 3215 3124 3281; x_wconf 87' lang='lat' dir='ltr'><strong>materia</strong></span> 
     </span>
     <span class='ocr_line' id='line_1_32' title="bbox 396 3301 3124 3385; baseline -0.001 -14"><span class='ocrx_word' id='word_1_296' title='bbox 396 3305 672 3371; x_wconf 83' lang='lat' dir='ltr'><strong>scandali</strong></span> <span class='ocrx_word' id='word_1_297' title='bbox 715 3302 791 3368; x_wconf 90' lang='lat' dir='ltr'><strong>de</strong></span> <span class='ocrx_word' id='word_1_298' title='bbox 840 3305 1040 3368; x_wconf 90' lang='lat' dir='ltr'><strong>medio</strong></span> <span class='ocrx_word' id='word_1_299' title='bbox 1086 3301 1400 3367; x_wconf 83' lang='lat' dir='ltr'><strong>auferatur</strong></span> <span class='ocrx_word' id='word_1_300' title='bbox 1423 3304 1487 3367; x_wconf 89' lang='lat' dir='ltr'><strong>et</strong></span> <span class='ocrx_word' id='word_1_301' title='bbox 1511 3320 1681 3366; x_wconf 88' lang='lat' dir='ltr'><strong>amor</strong></span> <span class='ocrx_word' id='word_1_302' title='bbox 1705 3303 1769 3366; x_wconf 92' lang='lat' dir='ltr'><strong>et</strong></span> <span class='ocrx_word' id='word_1_303' title='bbox 1791 3302 1995 3384; x_wconf 91' lang='lat' dir='ltr'><strong>gratia</strong></span> <span class='ocrx_word' id='word_1_304' title='bbox 2039 3306 2337 3385; x_wconf 86' lang='lat' dir='ltr'><strong>augeatur</strong></span> <span class='ocrx_word' id='word_1_305' title='bbox 2366 3303 2688 3384; x_wconf 90' lang='lat' dir='ltr'><strong>disponere</strong></span> <span class='ocrx_word' id='word_1_306' title='bbox 2720 3305 2783 3368; x_wconf 88' lang='lat' dir='ltr'><strong>et</strong></span> <span class='ocrx_word' id='word_1_307' title='bbox 2814 3306 3124 3384; x_wconf 88' lang='lat' dir='ltr'><strong>ordinare,</strong></span> 
     </span>
     <span class='ocr_line' id='line_1_33' title="bbox 396 3389 3130 3476; baseline 0 -20"><span class='ocrx_word' id='word_1_308' title='bbox 396 3393 561 3476; x_wconf 91' lang='lat' dir='ltr'><strong>quod</strong></span> <span class='ocrx_word' id='word_1_309' title='bbox 606 3391 864 3474; x_wconf 90' lang='lat' dir='ltr'><strong>predicti</strong></span> <span class='ocrx_word' id='word_1_310' title='bbox 930 3390 1141 3456; x_wconf 86' lang='lat' dir='ltr'><strong>fideles</strong></span> <span class='ocrx_word' id='word_1_311' title='bbox 1203 3389 1433 3454; x_wconf 92' lang='lat' dir='ltr'><strong>domini</strong></span> <span class='ocrx_word' id='word_1_312' title='bbox 1495 3390 1684 3453; x_wconf 86' lang='lat' dir='ltr'><strong>nostri</strong></span> <span class='ocrx_word' id='word_1_313' title='bbox 1750 3389 1912 3470; x_wconf 87' lang='lat' dir='ltr'><strong>regis</strong></span> <span class='ocrx_word' id='word_1_314' title='bbox 1961 3391 2024 3453; x_wconf 90' lang='lat' dir='ltr'><strong>et</strong></span> <span class='ocrx_word' id='word_1_315' title='bbox 2069 3389 2176 3454; x_wconf 89' lang='lat' dir='ltr'><strong>alii</strong></span> <span class='ocrx_word' id='word_1_316' title='bbox 2223 3407 2434 3453; x_wconf 90' lang='lat' dir='ltr'><strong>eorum</strong></span> <span class='ocrx_word' id='word_1_317' title='bbox 2484 3390 2719 3455; x_wconf 90' lang='lat' dir='ltr'><strong>subditi</strong></span> <span class='ocrx_word' id='word_1_318' title='bbox 2762 3392 3001 3474; x_wconf 88' lang='lat' dir='ltr'><strong>possint</strong></span> <span class='ocrx_word' id='word_1_319' title='bbox 3065 3393 3130 3456; x_wconf 87' lang='lat' dir='ltr'><strong>et</strong></span> 
     </span>
     <span class='ocr_line' id='line_1_34' title="bbox 397 3476 3127 3562; baseline -0.001 -15"><span class='ocrx_word' id='word_1_320' title='bbox 397 3481 646 3547; x_wconf 88' lang='lat' dir='ltr'><strong>valeant</strong></span> <span class='ocrx_word' id='word_1_321' title='bbox 692 3496 801 3562; x_wconf 90' lang='lat' dir='ltr'><strong>pro</strong></span> <span class='ocrx_word' id='word_1_322' title='bbox 848 3496 959 3543; x_wconf 91' lang='lat' dir='ltr'><strong>sua</strong></span> <span class='ocrx_word' id='word_1_323' title='bbox 1023 3478 1278 3560; x_wconf 91' lang='lat' dir='ltr'><strong>pecunia</strong></span> <span class='ocrx_word' id='word_1_324' title='bbox 1334 3476 1729 3541; x_wconf 86' lang='lat' dir='ltr'><strong>mercimonia</strong></span> <span class='ocrx_word' id='word_1_325' title='bbox 1788 3494 2026 3558; x_wconf 87' lang='lat' dir='ltr'><strong>queque</strong></span> <span class='ocrx_word' id='word_1_326' title='bbox 2073 3478 2138 3540; x_wconf 88' lang='lat' dir='ltr'><strong>et</strong></span> <span class='ocrx_word' id='word_1_327' title='bbox 2182 3477 2304 3542; x_wconf 88' lang='lat' dir='ltr'><strong>alia</strong></span> <span class='ocrx_word' id='word_1_328' title='bbox 2350 3477 2595 3541; x_wconf 90' lang='lat' dir='ltr'><strong>usualia</strong></span> <span class='ocrx_word' id='word_1_329' title='bbox 2643 3480 2706 3542; x_wconf 92' lang='lat' dir='ltr'><strong>et</strong></span> <span class='ocrx_word' id='word_1_330' title='bbox 2751 3479 2840 3543; x_wconf 90' lang='lat' dir='ltr'><strong>eis</strong></span> <span class='ocrx_word' id='word_1_331' title='bbox 2909 3497 3127 3545; x_wconf 88' lang='lat' dir='ltr'><strong>neces-</strong></span> 
     </span>
     <span class='ocr_line' id='line_1_35' title="bbox 394 3562 3130 3633; baseline -0.001 0"><span class='ocrx_word' id='word_1_332' title='bbox 394 3569 558 3633; x_wconf 87' lang='lat' dir='ltr'><strong>saria</strong></span> <span class='ocrx_word' id='word_1_333' title='bbox 606 3566 927 3631; x_wconf 82' lang='lat' dir='ltr'><strong>extrahere</strong></span> <span class='ocrx_word' id='word_1_334' title='bbox 975 3568 1039 3630; x_wconf 92' lang='lat' dir='ltr'><strong>et</strong></span> <span class='ocrx_word' id='word_1_335' title='bbox 1086 3564 1326 3630; x_wconf 87' lang='lat' dir='ltr'><strong>extrahi</strong></span> <span class='ocrx_word' id='word_1_336' title='bbox 1373 3562 1571 3629; x_wconf 89' lang='lat' dir='ltr'><strong>facere</strong></span> <span class='ocrx_word' id='word_1_337' title='bbox 1638 3565 1713 3627; x_wconf 90' lang='lat' dir='ltr'><strong>de</strong></span> <span class='ocrx_word' id='word_1_338' title='bbox 1782 3563 2069 3627; x_wconf 89' lang='lat' dir='ltr'><strong>omnibus</strong></span> <span class='ocrx_word' id='word_1_339' title='bbox 2132 3564 2318 3628; x_wconf 91' lang='lat' dir='ltr'><strong>terris</strong></span> <span class='ocrx_word' id='word_1_340' title='bbox 2387 3570 2451 3630; x_wconf 90' lang='lat' dir='ltr'><strong>et</strong></span> <span class='ocrx_word' id='word_1_341' title='bbox 2519 3565 2671 3630; x_wconf 91' lang='lat' dir='ltr'><strong>locis</strong></span> <span class='ocrx_word' id='word_1_342' title='bbox 2741 3568 2950 3632; x_wconf 84' lang='lat' dir='ltr'><strong>vestro</strong></span> <span class='ocrx_word' id='word_1_343' title='bbox 3019 3566 3130 3631; x_wconf 91' lang='lat' dir='ltr'><strong>do-</strong></span> 
     </span>
     <span class='ocr_line' id='line_1_36' title="bbox 393 3649 3132 3734; baseline 0 -16"><span class='ocrx_word' id='word_1_344' title='bbox 393 3654 583 3719; x_wconf 91' lang='lat' dir='ltr'><strong>minio</strong></span> <span class='ocrx_word' id='word_1_345' title='bbox 629 3652 916 3732; x_wconf 79' lang='lat' dir='ltr'><strong>subditis,</strong></span> <span class='ocrx_word' id='word_1_346' title='bbox 967 3654 1037 3717; x_wconf 91' lang='lat' dir='ltr'><strong>ut</strong></span> <span class='ocrx_word' id='word_1_347' title='bbox 1082 3670 1189 3716; x_wconf 92' lang='lat' dir='ltr'><strong>nos</strong></span> <span class='ocrx_word' id='word_1_348' title='bbox 1237 3667 1347 3734; x_wconf 91' lang='lat' dir='ltr'><strong>pro</strong></span> <span class='ocrx_word' id='word_1_349' title='bbox 1394 3649 1536 3715; x_wconf 92' lang='lat' dir='ltr'><strong>inde</strong></span> <span class='ocrx_word' id='word_1_350' title='bbox 1623 3655 1687 3715; x_wconf 91' lang='lat' dir='ltr'><strong>et</strong></span> <span class='ocrx_word' id='word_1_351' title='bbox 1732 3668 1835 3714; x_wconf 89' lang='lat' dir='ltr'><strong>eos</strong></span> <span class='ocrx_word' id='word_1_352' title='bbox 1884 3651 2294 3733; x_wconf 85' lang='lat' dir='ltr'><strong>magnitudini</strong></span> <span class='ocrx_word' id='word_1_353' title='bbox 2348 3655 2550 3717; x_wconf 90' lang='lat' dir='ltr'><strong>vestre</strong></span> <span class='ocrx_word' id='word_1_354' title='bbox 2625 3653 2867 3718; x_wconf 86' lang='lat' dir='ltr'><strong>faciatis</strong></span> <span class='ocrx_word' id='word_1_355' title='bbox 2913 3655 2992 3718; x_wconf 89' lang='lat' dir='ltr'><strong>ad</strong></span> <span class='ocrx_word' id='word_1_356' title='bbox 3045 3654 3132 3718; x_wconf 87' lang='lat' dir='ltr'><strong>si-</strong></span> 
     </span>
     <span class='ocr_line' id='line_1_37' title="bbox 400 3737 3130 3823; baseline -0 -17"><span class='ocrx_word' id='word_1_357' title='bbox 400 3742 574 3806; x_wconf 92' lang='lat' dir='ltr'><strong>milia</strong></span> <span class='ocrx_word' id='word_1_358' title='bbox 621 3741 962 3817; x_wconf 79' lang='lat' dir='ltr'><strong>debitores3</strong></span> <span class='ocrx_word' id='word_1_359' title='bbox 1013 3740 1321 3823; x_wconf 89' lang='lat' dir='ltr'><strong>rogantes,</strong></span> <span class='ocrx_word' id='word_1_360' title='bbox 1387 3738 1439 3802; x_wconf 92' lang='lat' dir='ltr'><strong>si</strong></span> <span class='ocrx_word' id='word_1_361' title='bbox 1501 3737 1722 3819; x_wconf 91' lang='lat' dir='ltr'><strong>placet,</strong></span> <span class='ocrx_word' id='word_1_362' title='bbox 1788 3740 1858 3801; x_wconf 88' lang='lat' dir='ltr'><strong>ut</strong></span> <span class='ocrx_word' id='word_1_363' title='bbox 1906 3738 2198 3821; x_wconf 90' lang='lat' dir='ltr'><strong>quidquid</strong></span> <span class='ocrx_word' id='word_1_364' title='bbox 2264 3738 2689 3822; x_wconf 88' lang='lat' dir='ltr'><strong>disposueritis</strong></span> <span class='ocrx_word' id='word_1_365' title='bbox 2751 3740 2885 3805; x_wconf 90' lang='lat' dir='ltr'><strong>fieri</strong></span> <span class='ocrx_word' id='word_1_366' title='bbox 2946 3760 3130 3823; x_wconf 91' lang='lat' dir='ltr'><strong>supe·</strong></span> 
     </span>
     <span class='ocr_line' id='line_1_38' title="bbox 394 3825 3127 3910; baseline 0 -18"><span class='ocrx_word' id='word_1_367' title='bbox 394 3829 587 3906; x_wconf 88' lang='lat' dir='ltr'><strong>rinde,</strong></span> <span class='ocrx_word' id='word_1_368' title='bbox 659 3828 863 3893; x_wconf 90' lang='lat' dir='ltr'><strong>velitis</strong></span> <span class='ocrx_word' id='word_1_369' title='bbox 912 3833 974 3890; x_wconf 91' lang='lat' dir='ltr'><strong>et</strong></span> <span class='ocrx_word' id='word_1_370' title='bbox 1024 3825 1364 3910; x_wconf 89' lang='lat' dir='ltr'><strong>dignemini</strong></span> <span class='ocrx_word' id='word_1_371' title='bbox 1412 3826 1584 3890; x_wconf 91' lang='lat' dir='ltr'><strong>nobis</strong></span> <span class='ocrx_word' id='word_1_372' title='bbox 1632 3843 1739 3908; x_wconf 90' lang='lat' dir='ltr'><strong>per</strong></span> <span class='ocrx_word' id='word_1_373' title='bbox 1785 3829 1987 3890; x_wconf 87' lang='lat' dir='ltr'><strong>vestre</strong></span> <span class='ocrx_word' id='word_1_374' title='bbox 2039 3826 2486 3909; x_wconf 86' lang='lat' dir='ltr'><strong>magnitudinis</strong></span> <span class='ocrx_word' id='word_1_375' title='bbox 2534 3827 2779 3892; x_wconf 88' lang='lat' dir='ltr'><strong>litteras</strong></span> <span class='ocrx_word' id='word_1_376' title='bbox 2815 3828 3127 3892; x_wconf 90' lang='lat' dir='ltr'><strong>intimare.</strong></span> 
     </span>
     <span class='ocr_line' id='line_1_39' title="bbox 395 3911 3133 3997; baseline -0.001 -16"><span class='ocrx_word' id='word_1_377' title='bbox 395 3916 561 3981; x_wconf 89' lang='lat' dir='ltr'><strong>Data</strong></span> <span class='ocrx_word' id='word_1_378' title='bbox 604 3915 796 3982; x_wconf 85' lang='lat' dir='ltr'><strong>Jadre</strong></span> <span class='ocrx_word' id='word_1_379' title='bbox 843 3915 1057 3979; x_wconf 89' lang='lat' dir='ltr'>XXIII</span> <span class='ocrx_word' id='word_1_380' title='bbox 1102 3913 1469 3978; x_wconf 87' lang='lat' dir='ltr'><strong>decembris.</strong></span> <span class='ocrx_word' id='word_1_381' title='bbox 1541 3911 1838 3976; x_wconf 83' lang='lat' dir='ltr'><strong>Nicolaus</strong></span> <span class='ocrx_word' id='word_1_382' title='bbox 1900 3912 1975 3976; x_wconf 90' lang='lat' dir='ltr'><strong>de</strong></span> <span class='ocrx_word' id='word_1_383' title='bbox 2024 3913 2215 3977; x_wconf 91' lang='lat' dir='ltr'><strong>Zeech</strong></span> <span class='ocrx_word' id='word_1_384' title='bbox 2281 3932 2612 3997; x_wconf 90' lang='lat' dir='ltr'><strong>regnorum</strong></span> <span class='ocrx_word' id='word_1_385' title='bbox 2682 3915 3002 3980; x_wconf 90' lang='lat' dir='ltr'><strong>Dalmacie</strong></span> <span class='ocrx_word' id='word_1_386' title='bbox 3067 3917 3133 3979; x_wconf 90' lang='lat' dir='ltr'><strong>et</strong></span> 
     </span>
     <span class='ocr_line' id='line_1_40' title="bbox 395 3999 3133 4087; baseline -0.001 -18"><span class='ocrx_word' id='word_1_387' title='bbox 395 4003 689 4069; x_wconf 85' lang='lat' dir='ltr'><strong>Crohacie</strong></span> <span class='ocrx_word' id='word_1_388' title='bbox 739 4002 933 4066; x_wconf 90' lang='lat' dir='ltr'><strong>banus</strong></span> <span class='ocrx_word' id='word_1_389' title='bbox 979 4000 1291 4083; x_wconf 87' lang='lat' dir='ltr'><strong>generalis</strong></span> <span class='ocrx_word' id='word_1_390' title='bbox 1338 4018 1411 4064; x_wconf 90' lang='lat' dir='ltr'><strong>ac</strong></span> <span class='ocrx_word' id='word_1_391' title='bbox 1457 4016 1661 4064; x_wconf 91' lang='lat' dir='ltr'><strong>comes</strong></span> <span class='ocrx_word' id='word_1_392' title='bbox 1701 3999 1972 4063; x_wconf 89' lang='lat' dir='ltr'><strong>civitatis</strong></span> <span class='ocrx_word' id='word_1_393' title='bbox 2018 3999 2229 4065; x_wconf 83' lang='lat' dir='ltr'><strong>Jadre.</strong></span> <span class='ocrx_word' id='word_1_394' title='bbox 2279 4001 2554 4087; x_wconf 77' lang='lat' dir='ltr'><strong>(lavana)</strong></span> <span class='ocrx_word' id='word_1_395' title='bbox 2598 4002 2855 4068; x_wconf 85' lang='lat' dir='ltr'><strong>Excelso</strong></span> <span class='ocrx_word' id='word_1_396' title='bbox 2903 4007 2967 4068; x_wconf 89' lang='lat' dir='ltr'><strong>et</strong></span> <span class='ocrx_word' id='word_1_397' title='bbox 2998 4021 3133 4067; x_wconf 90' lang='lat' dir='ltr'><strong>ma-</strong></span> 
     </span>
     <span class='ocr_line' id='line_1_41' title="bbox 393 4085 2923 4176; baseline -0.001 -20"><span class='ocrx_word' id='word_1_398' title='bbox 393 4091 619 4176; x_wconf 86' lang='lat' dir='ltr'><strong>gnifico</strong></span> <span class='ocrx_word' id='word_1_399' title='bbox 665 4090 915 4155; x_wconf 91' lang='lat' dir='ltr'><strong>domino</strong></span> <span class='ocrx_word' id='word_1_400' title='bbox 959 4087 1230 4154; x_wconf 85' lang='lat' dir='ltr'><strong>Johanni</strong></span> <span class='ocrx_word' id='word_1_401' title='bbox 1278 4086 1601 4169; x_wconf 85' lang='lat' dir='ltr'><strong>Delphyno</strong></span> <span class='ocrx_word' id='word_1_402' title='bbox 1647 4085 1747 4150; x_wconf 90' lang='lat' dir='ltr'><strong>dei</strong></span> <span class='ocrx_word' id='word_1_403' title='bbox 1788 4089 1997 4168; x_wconf 87' lang='lat' dir='ltr'><strong>gratia</strong></span> <span class='ocrx_word' id='word_1_404' title='bbox 2040 4088 2254 4153; x_wconf 92' lang='lat' dir='ltr'><strong>inclito</strong></span> <span class='ocrx_word' id='word_1_405' title='bbox 2299 4091 2438 4154; x_wconf 87' lang='lat' dir='ltr'><strong>duci</strong></span> <span class='ocrx_word' id='word_1_406' title='bbox 2497 4088 2923 4156; x_wconf 86' lang='lat' dir='ltr'><strong>Veneciarum.</strong></span> 
     </span>
    </p>

    <p class='ocr_par' dir='ltr' id='par_1_6' title="bbox 489 4175 2636 4246">
     <span class='ocr_line' id='line_1_42' title="bbox 489 4175 2636 4246; baseline 0 -5"><span class='ocrx_word' id='word_1_407' title='bbox 489 4179 653 4241; x_wconf 80' lang='lat' dir='ltr'><strong>Clas.</strong></span> <span class='ocrx_word' id='word_1_408' title='bbox 705 4177 870 4240; x_wconf 84' lang='lat' dir='ltr'>XIV</span> <span class='ocrx_word' id='word_1_409' title='bbox 917 4178 1055 4239; x_wconf 82' lang='lat' dir='ltr'><strong>Ood.</strong></span> <span class='ocrx_word' id='word_1_410' title='bbox 1103 4178 1248 4238; x_wconf 76' lang='lat' dir='ltr'><strong>Lat.</strong></span> <span class='ocrx_word' id='word_1_411' title='bbox 1296 4175 1529 4238; x_wconf 87' lang='lat' dir='ltr'>LXXI</span> <span class='ocrx_word' id='word_1_412' title='bbox 1575 4195 1637 4236; x_wconf 79' lang='lat' dir='ltr'><strong>n.</strong></span> <span class='ocrx_word' id='word_1_413' title='bbox 1680 4178 1782 4246; x_wconf 85' lang='lat'><strong>33,</strong></span> <span class='ocrx_word' id='word_1_414' title='bbox 1830 4193 1874 4236; x_wconf 79' lang='lat' dir='ltr'><strong>u</strong></span> <span class='ocrx_word' id='word_1_415' title='bbox 1918 4177 2233 4238; x_wconf 79' lang='lat' dir='ltr'><strong>Marciani</strong></span> <span class='ocrx_word' id='word_1_416' title='bbox 2278 4198 2319 4241; x_wconf 81' lang='lat' dir='ltr'><strong>u</strong></span> <span class='ocrx_word' id='word_1_417' title='bbox 2364 4180 2636 4241; x_wconf 74' lang='lat' dir='ltr'><strong>Mletcih.</strong></span> 
     </span>
    </p>
   </div>
   <div class='ocr_carea' id='block_1_6' title="bbox 830 4347 2688 4450">
    <p class='ocr_par' dir='ltr' id='par_1_7' title="bbox 830 4347 2688 4450">
     <span class='ocr_line' id='line_1_43' title="bbox 830 4347 2688 4450; baseline 0.001 -18"><span class='ocrx_word' id='word_1_418' title='bbox 830 4351 1014 4432; x_wconf 84' lang='lat' dir='ltr'><strong>XL.</strong></span> <span class='ocrx_word' id='word_1_419' title='bbox 1068 4348 1277 4435; x_wconf 76' lang='lat' dir='ltr'><strong>God.</strong></span> <span class='ocrx_word' id='word_1_420' title='bbox 1335 4347 1563 4431; x_wconf 77' lang='lat'><strong>1359.</strong></span> <span class='ocrx_word' id='word_1_421' title='bbox 1621 4349 1723 4432; x_wconf 76' lang='lat'><strong>23</strong></span> <span class='ocrx_word' id='word_1_422' title='bbox 1776 4349 2207 4450; x_wconf 86' lang='lat' dir='ltr'><strong>prosinca‚</strong></span> <span class='ocrx_word' id='word_1_423' title='bbox 2260 4372 2321 4432; x_wconf 91' lang='grc' dir='ltr'><strong>ιι</strong></span> <span class='ocrx_word' id='word_1_424' title='bbox 2379 4352 2688 4434; x_wconf 79' lang='lat' dir='ltr'><strong>Zadru.</strong></span> 
     </span>
    </p>
   </div>
   <div class='ocr_carea' id='block_1_7' title="bbox 393 4475 3125 4640">
    <p class='ocr_par' dir='ltr' id='par_1_8' title="bbox 393 4475 3125 4640">
     <span class='ocr_line' id='line_1_44' title="bbox 393 4475 3125 4554; baseline 0.001 -16"><span class='ocrx_word' id='word_1_425' title='bbox 393 4477 622 4539; x_wconf 79' lang='lat' dir='ltr'><strong>Nikola</strong></span> <span class='ocrx_word' id='word_1_426' title='bbox 668 4476 783 4538; x_wconf 82' lang='lat' dir='ltr'><strong>ch</strong></span> <span class='ocrx_word' id='word_1_427' title='bbox 827 4477 945 4536; x_wconf 81' lang='lat' dir='ltr'><strong>ban</strong></span> <span class='ocrx_word' id='word_1_428' title='bbox 985 4476 1255 4536; x_wconf 72' lang='lat' dir='ltr'><strong>krvatske&#39;</strong></span> <span class='ocrx_word' id='word_1_429' title='bbox 1300 4475 1441 4535; x_wconf 80' lang='lat' dir='ltr'><strong>moli</strong></span> <span class='ocrx_word' id='word_1_430' title='bbox 1481 4476 1637 4537; x_wconf 78' lang='lat' dir='ltr'><strong>mlet.</strong></span> <span class='ocrx_word' id='word_1_431' title='bbox 1686 4475 2023 4552; x_wconf 77' lang='lat' dir='ltr'><strong>republiku‚</strong></span> <span class='ocrx_word' id='word_1_432' title='bbox 2062 4477 2217 4536; x_wconf 71' lang='lat' dir='ltr'><strong>nelca</strong></span> <span class='ocrx_word' id='word_1_433' title='bbox 2243 4477 2468 4536; x_wconf 76' lang='lat' dir='ltr'><strong>namin·</strong></span> <span class='ocrx_word' id='word_1_434' title='bbox 2497 4478 2748 4554; x_wconf 73' lang='lat' dir='ltr'><strong>njckoya</strong></span> <span class='ocrx_word' id='word_1_435' title='bbox 2779 4479 3125 4541; x_wconf 69' lang='lat' dir='ltr'><strong>mciv-anina</strong></span> 
     </span>
     <span class='ocr_line' id='line_1_45' title="bbox 936 4563 2565 4640; baseline 0.001 -17"><span class='ocrx_word' id='word_1_436' title='bbox 936 4581 1013 4623; x_wconf 75' lang='lat' dir='ltr'><strong>za</strong></span> <span class='ocrx_word' id='word_1_437' title='bbox 1055 4564 1231 4640; x_wconf 64' lang='lat' dir='ltr'><strong>stetu,</strong></span> <span class='ocrx_word' id='word_1_438' title='bbox 1279 4564 1421 4636; x_wconf 73' lang='lat' dir='ltr'><strong>koju</strong></span> <span class='ocrx_word' id='word_1_439' title='bbox 1464 4581 1566 4623; x_wconf 80' lang='lat' dir='ltr'><strong>mu</strong></span> <span class='ocrx_word' id='word_1_440' title='bbox 1610 4564 1774 4638; x_wconf 76' lang='lat' dir='ltr'><strong>m&#39;eki</strong></span> <span class='ocrx_word' id='word_1_441' title='bbox 1816 4563 2138 4624; x_wconf 61' lang='lat' dir='ltr'><strong>naamanin</strong></span> <span class='ocrx_word' id='word_1_442' title='bbox 2170 4564 2413 4636; x_wconf 64' lang='lat' dir='ltr'><strong>pocinio</strong></span> <span class='ocrx_word' id='word_1_443' title='bbox 2454 4565 2565 4626; x_wconf 61' lang='lat' dir='ltr'><strong>bfo.</strong></span> 
     </span>
    </p>
   </div>
   <div class='ocr_carea' id='block_1_8' title="bbox 392 4664 3131 4839">
    <p class='ocr_par' dir='ltr' id='par_1_9' title="bbox 392 4664 3131 4839">
     <span class='ocr_line' id='line_1_46' title="bbox 607 4664 3131 4750; baseline 0.001 -19"><span class='ocrx_word' id='word_1_444' title='bbox 607 4665 1010 4731; x_wconf 90' lang='lat' dir='ltr'><strong>Meminimus</strong></span> <span class='ocrx_word' id='word_1_445' title='bbox 1056 4670 1205 4730; x_wconf 90' lang='lat' dir='ltr'><strong>dum</strong></span> <span class='ocrx_word' id='word_1_446' title='bbox 1251 4684 1528 4731; x_wconf 88' lang='lat' dir='ltr'><strong>essemus</strong></span> <span class='ocrx_word' id='word_1_447' title='bbox 1574 4665 1859 4731; x_wconf 88' lang='lat' dir='ltr'><strong>Veneciis</strong></span> <span class='ocrx_word' id='word_1_448' title='bbox 1905 4664 2309 4746; x_wconf 86' lang='lat' dir='ltr'><strong>personaliter</strong></span> <span class='ocrx_word' id='word_1_449' title='bbox 2369 4684 2552 4748; x_wconf 89' lang='lat' dir='ltr'><strong>super</strong></span> <span class='ocrx_word' id='word_1_450' title='bbox 2598 4685 2747 4750; x_wconf 88' lang='lat' dir='ltr'><strong>pace</strong></span> <span class='ocrx_word' id='word_1_451' title='bbox 2803 4668 3131 4733; x_wconf 87' lang='lat' dir='ltr'><strong>tractanda</strong></span> 
     </span>
     <span class='ocr_line' id='line_1_47' title="bbox 392 4752 3128 4839; baseline -0.001 -16"><span class='ocrx_word' id='word_1_452' title='bbox 392 4755 558 4823; x_wconf 87' lang='lat' dir='ltr'><strong>inter</strong></span> <span class='ocrx_word' id='word_1_453' title='bbox 604 4754 923 4820; x_wconf 88' lang='lat' dir='ltr'><strong>dominum</strong></span> <span class='ocrx_word' id='word_1_454' title='bbox 980 4754 1260 4818; x_wconf 89' lang='lat' dir='ltr'><strong>nostrum</strong></span> <span class='ocrx_word' id='word_1_455' title='bbox 1324 4771 1537 4839; x_wconf 88' lang='lat' dir='ltr'><strong>regom</strong></span> <span class='ocrx_word' id='word_1_456' title='bbox 1583 4755 1648 4817; x_wconf 90' lang='lat' dir='ltr'><strong>et</strong></span> <span class='ocrx_word' id='word_1_457' title='bbox 1693 4752 1896 4818; x_wconf 88' lang='lat' dir='ltr'><strong>vestre</strong></span> <span class='ocrx_word' id='word_1_458' title='bbox 1943 4752 2393 4836; x_wconf 86' lang='lat' dir='ltr'><strong>magnitudinis</strong></span> <span class='ocrx_word' id='word_1_459' title='bbox 2454 4754 2737 4837; x_wconf 89' lang='lat' dir='ltr'><strong>regimen</strong></span> <span class='ocrx_word' id='word_1_460' title='bbox 2781 4756 3128 4820; x_wconf 85' lang='lat' dir='ltr'><strong>secundum</strong></span> 
     </span>
    </p>
   </div>
  </div>
 </body>
</html>
