3620 5282
3108 345 3198 414 57

479 525 852 591 tholomeum
900 525 1084 590 Ursio
1130 526 1439 591 notarium
1485 525 1672 592 curie.
1720 526 2056 591 Lodovicus
2090 526 2187 591 dei
2217 526 2423 609 gratia
2453 537 2558 590 rex
2589 523 2929 606 Hungarie.
2978 523 3197 591 Amice

478 613 813 677 carissime.
880 613 1350 678 Bartholomeus
1410 612 1594 678 Ursio
1670 614 1946 678 notarius
2008 617 2208 678 vester
2268 615 2541 678 nostram
2620 612 2865 676 veniens
2925 613 3002 676 ad
3063 631 3201 694 pre-

476 702 766 775 senciam,
816 700 992 765 nobis
1037 700 1151 765 sub
1212 700 1532 764 credencia
1578 700 1930 765 litterarum
1979 702 2319 765 vestrarum
2367 699 2671 783 exposuit,
2734 697 2896 781 quod
2938 700 3198 781 quedam

478 788 639 852 inter
684 790 917 852 vestros
959 790 1022 852 et
1066 789 1308 853 nostros
1355 787 1633 852 subditos
1679 788 1930 852 suborto
1977 787 2104 851 sint
2148 787 2474 864 novitates,
2540 789 2753 869 petens
2798 804 2909 850 nos
2956 788 3202 853 nomine

479 875 682 939 vestro
725 894 908 955 super
953 893 1025 939 eo
1069 875 1385 957 providere
1437 875 1513 940 de
1581 874 1850 939 remedio
1894 877 2256 957 opportuno.
2324 875 2456 939 Nos
2508 875 2703 958 igitur
2765 872 3040 937 volentes
3100 894 3204 939 ve-

479 963 626 1026 stris
666 962 845 1039 votis,
911 963 974 1026 in
1020 962 1242 1045 quibus
1288 979 1636 1045 possumus,
1680 962 2081 1044 complacere,
2131 963 2557 1028 commisimus
2602 961 2765 1027 fideli
2811 962 3017 1026 nostro
3071 980 3205 1027 ma-

483 1049 706 1130 gnifico
751 1050 879 1114 viro
925 1049 1181 1116 Nicolao
1227 1048 1478 1114 Croacie
1524 1053 1588 1115 et
1634 1048 1953 1114 Dalmacie
1995 1049 2215 1127 banno,
2263 1052 2335 1114 ut
2379 1051 2513 1132 ipse
2557 1067 2807 1114 causam
2855 1048 3201 1113 novitatum

484 1136 838 1200 huiusmodi
879 1136 1211 1220 diligenter
1257 1139 1546 1212 ascultet,
1589 1139 1654 1201 et
1696 1137 2111 1201 ascultacione
2134 1136 2318 1213 facta,
2366 1140 2417 1201 si
2465 1137 2710 1201 nostros
2741 1134 3126 1217 culpabiles
3108 1154 3205 1199 m-

482 1224 737 1299 venerit,
795 1223 1144 1289 satisfaciat
1186 1224 1431 1303 vestriS,
1479 1226 1549 1288 ut
1594 1226 1693 1311 est
1722 1224 1979 1288 iustum.
2027 1221 2161 1302 Quo
2196 1224 2359 1289 circa
2394 1227 2663 1288 vestram
2712 1240 3002 1306 rogamus
3046 1222 3204 1288 ami-

482 1310 699 1375 ciciam
730 1311 956 1376 affectu
1001 1329 1120 1394 quo
1163 1311 1473 1412 possimus
1518 1312 1759 1389 cariori,
1808 1312 2109 1393 quatenus
2154 1312 2221 1375 et
2266 1328 2373 1375 vos
2442 1330 2634 1376 unum
2680 1330 2751 1375 ex
2810 1310 3037 1374 vestris
3095 1309 3205 1374 de-

485 1396 715 1477 putetis
762 1397 1162 1481 fidedignum,
1210 1398 1316 1481 qui
1364 1417 1481 1463 una
1548 1418 1689 1463 cum
1750 1398 1991 1480 prefato
2036 1397 2290 1464 Nicolao
2349 1398 2550 1462 banno
2612 1396 2899 1462 similiter
2952 1413 3204 1463 causam

400 1492 403 1496 ’
484 1484 787 1550 dictarum
837 1487 1181 1552 novitatum
1221 1485 1454 1564 audiat,
1502 1490 1566 1550 et
1609 1486 1842 1562 audita,
1900 1486 1954 1549 si
2000 1489 2234 1552 vestros
2296 1485 2580 1550 subditos
2642 1484 2984 1567 reperirent
3046 1501 3205 1560 reos,

481 1572 825 1638 satisfaciat
868 1574 1124 1651 nostros,
1151 1575 1215 1637 et
1238 1593 1272 1637 e
1295 1590 1609 1639 converso.
1658 1572 1947 1638 Ceterum
1995 1590 2102 1654 pro
2150 1573 2396 1638 domino
2419 1572 2709 1637 Paduano
2753 1571 2953 1636 amico
2999 1574 3206 1635 nostro

481 1661 750 1723 vestram
798 1661 1142 1725 amiciciam
1209 1661 1628 1743 deprecamur,
1693 1661 1997 1743 quatenus
2061 1679 2201 1725 cum
2250 1679 2319 1727 eo
2364 1658 2773 1726 amicabiliter
2828 1660 2893 1723 et
2951 1657 3204 1741 pacifice

484 1763 692 1810 amore
739 1749 929 1811 nostri
978 1748 1183 1814 vivere
1229 1748 1480 1822 vellitis,
1527 1748 1606 1812 'ad
1652 1748 1812 1830 quod
1857 1749 2053 1812 eciam
2100 1747 2305 1829 ipsum
2353 1748 2637 1812 inducere
2682 1745 2961 1809 volumus
3024 1745 3204 1809 effec-

486 1833 743 1897 tualiter
802 1836 867 1898 et
929 1853 1210 1899 monere:
1265 1840 1329 1899 et
1387 1834 1675 1917 quicquid
1736 1853 1923 1919 super
1980 1834 2101 1899 hiis
2163 1836 2367 1899 vestre
2427 1834 2612 1899 suerit
2657 1832 3043 1908 intencionis,
3091 1832 3204 1896 boc

485 1920 657 1985 nobis
704 1940 810 2003 per
857 1922 1268 1986 venerabilem
1317 1922 1661 1988 ,Iohannem
1708 1921 2031 1987 Vaciensis
2100 1921 2355 1987 ecclesie
2401 1922 2691 1986 ellectum
2745 1921 3202 1995 confirmatum,

483 2026 664 2090 quem
712 2009 853 2073 hinc
916 2011 995 2073 ad
1035 2027 1141 2072 vos
1186 2010 1504 2075 occasione
1562 2009 1744 2072 huius
1794 2008 2263 2086 destinavimuS,
2327 2008 2422 2073 vel
2486 2026 2591 2088 per
2645 2007 2835 2071 alium
2899 2006 3201 2089 ydoneum

486 2094 858 2160 rescribatis.
910 2097 1139 2160 Datum
1189 2096 1250 2161 in
1298 2096 1520 2162 castris
1567 2112 1784 2178 propre
1835 2095 2022 2159 Zakol
2069 2096 2221 2160 seria
2265 2098 2528 2161 secunda
2577 2095 2854 2178 proxima
2918 2094 3064 2158 ante
3116 2093 3205 2156 fe·

481 2181 649 2247 stum
697 2181 876 2247 beate
926 2183 1274 2267 Margarete
1324 2183 1600 2268 virginis,
1644 2200 1802 2247 auno
1851 2183 2076 2247 LXIII.

566 2286 1134 2350 Commemorialc'um
1191 2290 1318 2351 VII
1364 2292 1467 2360 18,
1511 2307 1554 2350 u
1598 2291 1751 2351 ndei.
1797 2290 2032 2350 arkivu.

909 2531 1089 2613 ΟΠ.
1142 2528 1350 2612 God.
1404 2530 1627 2612 1363.
1681 2532 1778 2612 18
1835 2530 2283 2629 kolovoza,
2335 2552 2395 2612 u
2450 2528 2751 2631 Lupci.

487 2690 632 2767 Opet
694 2694 1015 2767 uyaraehrv.
1081 2694 1244 2765 Iera&
1295 2693 1582 2766 Ljudevit
1639 2693 1933 2766 opomim’c
1976 2692 2292 2762 Μὶεἰόαπε,
2344 2694 2498 2751 nelca
2558 2691 2814 2764 odpravc
2867 2692 3207 2763 poslanika,

482 2781 581 2851 koq‘
624 2782 684 2838 bi
730 2798 760 2839 s
805 2782 931 2840 hrv.
981 2782 1190 2839 banom
1235 2781 1510 2840 Nikolom
1555 2780 1822 2840 rancidio
1866 2781 1890 2836 i
1934 2781 2110 2839 riesio
2153 2780 2464 2839 razmiricc
2507 2779 2787 2852 obstojecc
2825 2780 3022 2850 media
3067 2780 3203 2839 mle-

483 2868 722 2926 tabkimi
765 2870 789 2926 i
833 2870 1146 2941 nieyovimi
1184 2868 1487 2940 podanici.
1549 2867 2151 3014 Ἔααῗέωηιθᾍέϋέιο
2192 2883 2266 2926 su
2303 2884 2366 2926 se
2423 2884 2454 2926 s
2514 2867 2946 2940 padovanskim
2999 2883 3205 2940 yospo-

694 3091 1058 3172 Exemplum
1117 3093 1493 3171 quarundam
1558 3091 1910 3156 litterarum
1974 3089 2208 3154 domini
2268 3091 2434 3172 regis
2480 3089 2815 3173 Hungarie,
2867 3090 3202 3156 missarum

485 3178 688 3241 ducali
735 3177 1023 3242 dominio.
1073 3177 1411 3242 Lodovicus
1457 3178 1551 3243 dei
1600 3178 1806 3261 gratia
1850 3196 1951 3242 rex
1979 3176 2319 3260 Hungarie.
2370 3176 2587 3242 Amice
2620 3176 2959 3243 carissime.
3010 3178 3207 3260 Super

484 3283 575 3341 eo,
625 3265 783 3347 quod
832 3265 1279 3330 examinatione
1340 3268 1404 3330 et
1466 3266 1848 3330 discussione
1894 3265 2278 3347 questionum
2327 3264 2489 3330 inter
2544 3266 2781 3329 nostros
2849 3267 2913 3329 et
2973 3267 3209 3331 vestros

483 3353 876 3416 subortarum
926 3370 1115 3434 usque
1161 3351 1237 3415 ad
1291 3353 1556 3417 reditum
1599 3352 1905 3435 capitanei
1954 3352 2271 3435 galearum
2316 3354 2655 3416 vestrarum
2703 3352 3059 3428 distulistis,
3118 3354 3206 3419 si-

486 3438 593 3502 cut
652 3438 861 3502 littere
930 3441 1130 3503 vestre
1174 3439 1349 3503 nobis
1405 3460 1511 3522 per
1558 3458 1869 3504 cursorem
1938 3440 2214 3503 vestrum
2281 3439 2511 3503 directe
2571 3439 2900 3518 testantur,
2961 3439 3209 3504 animus

485 3527 694 3589 noster
735 3526 886 3589 bene
930 3527 1347 3599 contentatur;
1398 3529 1682 3609 rogantes
1730 3528 1999 3591 vestram
2048 3527 2400 3591 amiciciam
2429 3544 2588 3590 nunc
2626 3527 2791 3591 sicut
2821 3528 3008 3608 prius,
3057 3544 3212 3610 qua-

483 3616 683 3685 tenus,
748 3612 1109 3676 adveniente
1168 3612 1335 3676 dicto
1398 3614 1601 3679 vestro
1661 3612 2000 3696 cepitaneo,
2065 3633 2254 3677 unum
2315 3633 2387 3678 ex
2436 3613 2658 3678 vestris
2706 3613 3042 3695 deputatis,
3105 3613 3211 3695 qui

485 3699 672 3763 simul
720 3718 861 3763 cum
931 3700 1132 3763 banno
1186 3703 1394 3763 nostro
1442 3700 1684 3766 Oroatie
1739 3702 1803 3764 et
1845 3700 2158 3765 Dalmatie
2220 3700 2501 3782 querelas
2563 3701 2913 3765 nostrorum
2976 3701 3042 3764 et
3109 3719 3213 3765 ve-

487 3791 755 3850 strorum
810 3787 1135 3859 examinet,
1186 3787 1251 3850 et
1295 3786 1678 3852 examinatas
1732 3788 2062 3865 discutiat,
2125 3786 2289 3852 sicut
2348 3788 2590 3853 iustitia
2642 3787 3052 3870 persuadebit.
3120 3788 3210 3851 De

488 3872 604 3936 boc
649 3874 858 3948 etiam,
919 3875 1080 3955 quod
1128 3875 1288 3937 inter
1350 3893 1455 3939 vos
1502 3877 1566 3938 et
1610 3873 1925 3938 dominum
1975 3875 2183 3938 Padue
2229 3893 2411 3956 super
2475 3875 2695 3940 litibus
2754 3875 2821 3938 et
2878 3873 3213 3938 dissensio-

488 3959 668 4023 nibus
716 3960 1043 4043 utrobique
1087 3961 1423 4035 ventilatiS,
1463 3961 1803 4038 concordia,
1853 3965 2033 4043 prout
2079 3960 2370 4037 scribitiS,
2409 3964 2504 4026 est
2549 3979 2784 4039 secura,
2832 3961 3209 4044 singularem

485 4047 833 4128 accepimus
880 4048 1207 4113 materiam
1253 4048 1640 4130 gaudiorum,
1690 4048 2107 4113 desiderantes
2148 4049 2408 4125 attente,
2456 4049 2527 4113 ut
2571 4068 2712 4113 cum
2759 4049 2971 4112 eodem
3031 4046 3214 4112 dece-

488 4136 620 4197 tero
664 4133 725 4196 in
773 4153 917 4198 vera
961 4136 1245 4199 amicicia
1290 4137 1356 4199 et
1400 4137 1514 4200 sub
1561 4135 1729 4218 pacis
1778 4136 2008 4201 vivatis
2055 4135 2501 4218 tranquilitate.
2568 4137 2799 4201 Datum
2842 4134 3088 4218 Lypche
3151 4136 3212 4199 in

486 4219 617 4282 loco
666 4221 1005 4286 venationis
1057 4225 1263 4287 nostre
1308 4223 1405 4287 die
1438 4222 1650 4287 XVIII
1698 4223 1930 4287 mensis
1961 4223 2230 4305 augusti,
2281 4240 2438 4287 anno
2477 4222 2709 4286 LXIII.
2756 4221 3212 4303 Superscriptio

487 4327 627 4371 vero
686 4307 991 4373 dictarum
1052 4309 1406 4374 litterarum
1462 4309 1587 4375 tale
1648 4313 1818 4375 erat.
1868 4310 2090 4375 Inclito
2151 4307 2401 4373 domino
2456 4309 2787 4374 Laurentio
2844 4308 3006 4374 Celsi
3068 4306 3212 4373 duci

489 4394 892 4459 veneciarum
940 4397 1140 4461 amico
1189 4401 1398 4462 nostro
1446 4396 1767 4462 carissimo
1813 4397 1911 4461 dd.

575 4500 1143 4564 Commemorialium
1201 4505 1330 4565 1⁷11
1376 4507 1477 4575 18,
1524 4523 1567 4565 u
1610 4505 1762 4565 mlct.
1809 4504 2044 4564 arkivu.
