3620 5282
3057 339 3137 402 77

418 514 747 578 tentionem
797 512 1132 577 secundum
1184 529 1275 587 ea,
1325 530 1440 594 que
1489 513 1769 594 superius
1818 514 1963 576 sunt
2009 530 2335 594 expressa,
2389 513 2787 595 tangerentur
2833 511 2889 576 ei
2937 511 3143 594 aliqua

415 601 599 665 verba
642 620 754 683 per
807 600 943 664 illos
992 602 1063 664 de
1108 600 1352 682 Corpbu
1400 600 1462 662 in
1511 600 1674 662 dicto
1722 599 1919 677 facte,
1987 599 2350 663 comit-tatur
2415 599 2469 663 ei
2518 602 2676 681 quod
2725 600 2890 664 dicat
2935 602 2998 663 et
3043 619 3140 664 re—

412 689 713 771 spondeat
773 689 959 752 verba
1019 688 1245 752 amoris
1314 691 1376 750 et
1433 688 1882 759 benivolencie,
1951 687 2253 750 hortando
2316 706 2419 749 eos
2482 688 2559 750 ad
2608 688 3136 752 conservacionem

413 795 584 840 suam
632 776 695 839 in
743 779 1042 858 quantum
1085 774 1334 857 poterit.
1382 776 1461 838 Et
1502 774 1912 856 informentur
1967 774 2272 856 capitanei
2322 775 2515 837 nostri
2563 774 2636 839 de
2684 777 2854 839 statu
2901 775 3135 839 domini

417 863 704 928 Ludovici
745 865 808 927 et
852 858 1097 926 domine
1142 864 1354 945 regine
1400 861 1702 939 Johanne,
1754 882 1938 943 quem
1986 863 2217 925 habent
2257 862 2320 924 in
2366 862 2533 925 curia
2604 881 2886 937 romana,
2937 866 3005 926 ut
3048 864 3138 943 (et

414 951 512 1033 de)
556 951 714 1027 hiis,
764 969 880 1034 que
944 951 1239 1015 haberent
1284 948 1486 1013 dicere
1530 952 1593 1014 et
1656 950 2019 1031 respondere
2082 967 2190 1032 pro
2243 952 2396 1013 bono
2462 950 2631 1014 facti.
2698 949 2920 1013 Omnia
2968 968 3130 1027 ver0,

412 1058 525 1120 que
573 1039 634 1101 in
683 1039 1003 1121 premissis
1064 1038 1355 1114 fecerint,
1419 1037 1751 1101 habuerint
1816 1040 1880 1101 et
1941 1039 2285 1101 senscerint
2318 1037 2599 1120 (debent)
2637 1038 2928 1102 velociter
2988 1037 3139 1100 inti-

408 1144 592 1190 mare.
634 1126 738 1203 66,

488 1214 651 1275 Secr.
696 1233 853 1275 com.
897 1234 1017 1291 roy.
1060 1215 1136 1273 B.
1189 1218 1246 1285 4,
1292 1233 1335 1273 u
1379 1215 1718 1274 mlctackom
1764 1216 1996 1273 arkivu.

784 1401 1071 1485 CXIV.
1153 1403 1360 1488 God.
1414 1404 1643 1485 1348.
1698 1401 1803 1486 26
1857 1404 2149 1505 truvnj
2161 1426 2239 1502 a,
2291 1427 2349 1485 u
2403 1405 2796 1486 Mleteih.

426 1529 694 1604 Upucuje
732 1546 794 1589 se
827 1531 1111 1604 poslanik
1154 1548 1197 1588 u
1242 1532 1443 1600 Rima,
1490 1532 1643 1589 nelca
1683 1531 1873 1602 yleda,
1921 1530 2001 1587 da
2044 1531 2367 1603 spljsstskim
2413 1532 2842 1604 nadbiskupom
2885 1536 3131 1603 postane

753 1611 777 1629 '
1447 1619 1717 1676 mletadki
1741 1618 2087 1691 ⁸eracliam-ns.

631 1736 815 1800 1348.
861 1736 961 1800 die
1000 1736 1211 1801 XXVI
1256 1737 1489 1818 apriliS,
1537 1740 1750 1818 capta:
1799 1736 1960 1818 quod
1986 1738 2293 1801 scribatur
2326 1737 2602 1801 Amadeo
2642 1738 2872 1802 notario
2905 1741 3131 1814 nostro,

410 1826 511 1906 qui
561 1828 656 1888 est
702 1827 765 1888 in
812 1826 1005 1901 curia,
1054 1826 1127 1888 de
1173 1829 1371 1888 morte
1416 1824 1652 1887 domini
1705 1824 2148 1907 archiepiscopi
2209 1824 2622 1906 Spalateiisi5‚
2673 1828 2736 1889 et
2787 1826 2945 1907 quod
2995 1845 3134 1907 pro-

409 1915 581 1976 curet
626 1912 787 1995 apud
833 1913 1147 1976 dominum
1196 1912 1590 1975 Tutelensem
1652 1915 1715 1975 et
1780 1913 2097 1975 dominum
2146 1911 2404 1976 Gocium
2469 1914 2810 1977 cardinales
2858 1917 2923 1977 et
2970 1914 3130 1995 apud

411 1999 582 2077 alios,
632 2002 799 2064 sicut
844 2000 965 2064 sibi
1012 2000 1229 2063 utilius
1276 2000 1605 2076 videbitur,
1654 2000 1816 2080 quod
1864 2019 1972 2081 per
2022 2000 2341 2063 dominum
2391 2019 2611 2083 papam
2639 2001 3027 2082 provideatur
3059 2001 3133 2064 de

408 2086 569 2151 dicto
616 2088 1147 2170 archiepiscopatu
1190 2086 1378 2151 alicui
1422 2091 1637 2151 veneto
1687 2089 1917 2166 nostro,
1970 2106 2086 2150 non
2136 2088 2411 2151 faciendo
2477 2091 2538 2151 in
2587 2107 2759 2170 spem
2807 2088 3135 2152 mercacio-

406 2193 544 2239 nem
591 2176 664 2239 de
716 2175 923 2257 aliquo
972 2194 1082 2239 nec
1129 2175 1400 2257 aliquem
1450 2174 1840 2249 nominande,
1891 2175 1996 2238 sed
2046 2176 2242 2239 solum
2314 2176 2373 2239 in
2424 2195 2644 2257 genere
2692 2177 2809 2239 hoc
2859 2177 3026 2239 dicat
3071 2178 3135 2239 et

406 2267 708 2343 procuret,
758 2262 920 2327 sicut
957 2262 1191 2326 dictum
1242 2266 1371 2338 est;
1423 2267 1485 2325 et
1530 2261 1820 2325 ostendat
1871 2265 1933 2326 et
1979 2262 2146 2326 dicat
2172 2263 2372 2326 dictus
2401 2264 2733 2339 AmadeuS,
2781 2263 2941 2345 quod
2992 2282 3132 2327 cum

407 2350 570 2413 dicta
617 2350 837 2415 civitas
884 2351 968 2413 sit
1016 2353 1075 2413 in
1122 2351 1405 2431 partibus
1453 2350 1802 2428 Dalmacie,
1854 2368 1969 2431 que
2031 2370 2065 2412 a
2114 2350 2297 2431 longo
2365 2353 2640 2433 tempore
2704 2351 2859 2414 citra
2903 2351 3026 2414 fuit
3071 2353 3135 2414 et

407 2446 501 2501 est
547 2438 663 2501 sub
709 2438 979 2501 dominio
1025 2441 1253 2515 nostre,
1300 2439 1415 2501 hoc
1447 2438 1611 2501 esset
1636 2437 1812 2500 valde
1842 2438 1990 2501 utile
2023 2440 2086 2500 et
2117 2437 2512 2502 fructuosum
2542 2439 2827 2501 omnibus
2857 2438 3129 2519 agendis,

407 2543 523 2606 que
571 2527 1107 2607 quomodocunque
1154 2543 1466 2589 occurrere
1513 2528 1761 2606 possent
1806 2526 1870 2589 in
1921 2525 2204 2607 partibus
2253 2524 2591 2590 Sclavonie.

491 2615 692 2690 Misi-i,
741 2616 982 2675 XXIV.
1030 2619 1129 2684 70,
1176 2634 1218 2675 u
1265 2616 1481 2674 arkivu
1516 2616 1875 2676 mlctackom.

768 2805 1017 2886 CXV.
1073 2805 1281 2888 (iod.
1335 2804 1564 2886 1348.
1619 2806 1721 2887 29
1775 2806 2149 2906 tramja,
2205 2827 2264 2885 u
2318 2804 2711 2886 Mletcih.

410 2931 720 2991 Odobrava
764 2949 825 2991 se
872 2950 985 3002 sve,
1033 2934 1122 2991 ἕίο
1168 2950 1241 2991 su
1285 2933 1569 2991 zadarski
1617 2933 1906 2990 nac'clnici
1951 2934 2162 2990 udin-ili
2210 2951 2252 2990 u
2282 2933 2462 3005 posia
2509 2932 2649 2989 onilc
2692 2936 2781 2990 sto
2827 2933 2884 2990 iz
2930 2931 3135 2990 Zadra

402 3038 519 3079 van
531 3021 836 3093 poslanz'lz,
885 3025 939 3079 te
967 3022 1086 3093 jim
1115 3037 1177 3078 se
1207 3019 1432 3089 παῐαέε,
1464 3021 1546 3078 da
1577 3022 1745 3092 nJ‘cke
1777 3022 1992 3094 zyrade
2014 3022 2283 3094 pocliynu
2307 3038 2382 3079 aa
2409 3024 2464 3078 to
2490 3020 2632 3078 vedu
2663 3021 2890 3078 obranu
2919 3022 3130 3094 yrada.

622 3140 807 3204 1348.
857 3141 955 3204 die
1007 3141 1089 3203 29
1138 3140 1376 3222 apriliS,
1423 3142 1634 3221 capta:
1704 3141 1864 3222 quod
1934 3140 2312 3203 rescribatur
2380 3138 2590 3203 comiti
2656 3142 2719 3203 et
2764 3140 3132 3204 consiliariis

405 3227 613 3305 Jadre,
665 3230 824 3311 quod
869 3229 1080 3310 plures
1128 3229 1382 3291 litteras
1426 3247 1569 3290 suas
1616 3228 1958 3309 recepimus
2025 3227 2145 3291 hiis
2193 3227 2428 3305 diebuS,
2477 3227 2860 3291 continentes
2909 3229 3130 3305 omnia,

402 3334 518 3398 que
564 3314 859 3393 fecerant,
909 3318 1043 3379 tam
1089 3317 1163 3379 de
1212 3315 1259 3379 C
1311 3315 1473 3380 ultro
1541 3317 1895 3392 confinatis,
1943 3334 2206 3397 quorum
2273 3317 2513 3397 partem
2579 3317 2991 3395 permiserant
3038 3334 3133 3379 re-

401 3402 691 3484 patriare,
742 3423 925 3485 quam
974 3403 1049 3467 de
1096 3402 1259 3467 facto
1337 3421 1645 3466 armorum
1693 3402 2159 3467 Jadratinorum
2223 3408 2374 3478 ete,
2441 3402 2516 3465 de
2562 3403 2784 3483 quibus
2846 3402 3131 3466 omnibus

403 3491 856 3572 providentiam
906 3510 1080 3554 suam
1129 3490 1353 3553 merito
1400 3490 1923 3554 commendamus.
1983 3491 2210 3553 Verum
2262 3489 2404 3571 quia
2451 3494 2774 3571 optamus,
2823 3490 2982 3572 quod
3030 3509 3133 3554 ca-

402 3582 604 3642 strum
655 3581 933 3643 nostrum
981 3577 1170 3643 Jadre
1219 3578 1604 3660 compleatur
1671 3578 1734 3640 in
1778 3580 2016 3653 totum,
2081 3577 2458 3640 decrevimus
2527 3578 2648 3641 sibi
2693 3578 2943 3642 mittere
2991 3597 3129 3659 per-

410 3683 628 3730 sonam
677 3666 1046 3729 instructam
1091 3684 1200 3747 pro
1250 3667 1438 3730 foveis
1485 3665 1802 3741 faciendiS‚
1869 3667 1941 3729 ut
1985 3667 2237 3746 petunt,
2291 3668 2354 3727 et
2418 3664 2728 3728 mittimus
2793 3666 2881 3728 eis
2942 3684 3134 3727 unum

409 3771 783 3817 maranum.
825 3803 838 3817 .
874 3753 1021 3817 dum
1074 3756 1385 3816 coctorum
1434 3771 1542 3834 pro
1605 3752 1864 3816 salizata
1922 3753 2225 3824 cisterne;
2290 3754 2652 3816 mandantes
2700 3753 2808 3827 eiS,
2867 3753 2938 3814 ut
2983 3751 3136 3815 inci-

404 3841 577 3921 piant
623 3840 683 3904 iu
728 3840 894 3905 dicto
935 3842 1138 3904 castro
1206 3842 1340 3904 fieri
1402 3840 1600 3904 facere
1663 3860 1802 3904 cum
1852 3859 2034 3922 quam
2103 3840 2444 3902 minoribus
2515 3840 2794 3920 expensis
2843 3841 3133 3921 poterunt

404 3928 479 3992 de
529 3927 844 4010 lapidibus
893 3929 967 3992 de
1009 3930 1147 3992 inde
1194 3929 1347 3990 duas
1393 3926 1632 3991 habiles
1674 3928 1890 3991 domos
1951 3947 2060 4010 pro
2123 3927 2477 3995 castellanis
2546 3928 2783 3990 duobus
2853 3927 2914 3989 in
2963 3925 3130 3991 dicto

407 4017 610 4079 castro
653 4016 965 4079 mansuris
1014 4019 1078 4078 et
1122 4017 1332 4079 domos
1379 4033 1488 4097 pro
1531 4015 1949 4097 stipendiariis
1997 4015 2046 4078 L
2094 4015 2169 4078 ad
2219 4015 2457 4090 minus3
2523 4033 2641 4077 non
2690 4014 3129 4078 desistentibus

401 4106 727 4184 propterea
777 4105 930 4184 ipsis
979 4104 1207 4166 comite
1256 4105 1320 4166 et
1364 4104 1735 4166 consiliariis
1797 4123 1834 4166 a
1895 4102 2318 4166 construcione
2375 4101 2686 4165 fovearum
2735 4107 2797 4166 et
2844 4120 3132 4183 prosecu-

398 4191 564 4254 tione
610 4190 873 4254 aliorum
923 4191 1375 4255 laboreriorum
1430 4192 1619 4254 castri
1689 4189 1967 4272 predicti,
2017 4191 2095 4253 ad
2142 4190 2396 4272 vigilem
2441 4189 2787 4253 custodiam
2856 4191 2984 4252 eius
3033 4190 3129 4253 die

394 4280 701 4361 noctuque
750 4278 1120 4356 habendam,
1171 4279 1339 4360 ipsos
1387 4278 1792 4342 sollicitamus
1846 4296 1953 4359 pro
2004 4295 2202 4358 posse.

484 4368 644 4430 Scor.
692 4386 848 4427 cone.
894 4374 1080 4442 royat.
1124 4369 1221 4426 lib.
1268 4368 1345 4425 B.
1395 4372 1452 4437 4,
1499 4387 1541 4426 u
1588 4370 1805 4427 arkivu
1843 4369 2201 4427 mletaekom.
