3620 5282
536 361 665 426 398

537 535 695 599 biles
728 537 794 599 et
833 534 1295 599 conducendum
1374 531 1993 613 Constantinopolim,
2071 551 2257 615 quam
2337 551 2446 614 pro
2492 530 2801 595 reddendo
2847 532 3263 596 informatum

539 625 852 687 domiuum
912 621 1345 703 imperatorem
1389 619 1955 701 Constantinopolis
2003 623 2068 683 et
2114 620 2269 683 alios
2317 621 2586 702 partium
2634 621 2850 684 deinde
2892 622 2967 684 de
3008 619 3275 702 provisi-

540 710 761 774 onibus
808 710 991 773 sactis
1040 727 1145 791 per
1190 726 1301 772 nos
1345 712 1407 772 et
1453 710 1525 771 de
1570 708 1847 772 subsidio
1895 707 2213 787 galearum
2265 710 2637 783 nostrarum,
2686 707 2847 790 qnod
2919 711 3129 790 presto
3180 707 3270 771 ibi

539 797 874 873 habebunt,
924 799 996 861 ut
1042 797 1280 878 possint
1326 815 1391 858 se
1437 813 1794 859 conservare
1869 797 1932 859 in
2006 799 2178 859 statu
2257 813 2367 860 suo
2414 799 2479 858 et
2523 813 2634 877 pro
2679 794 2960 859 faciendo
3009 796 3083 858 de
3126 794 3277 858 aliis

544 884 998 965 provisionibus
1048 902 1152 964 per
1198 885 1432 947 dictam
1479 884 1745 965 galeam,
1796 887 2101 965 que.tuuc
2149 883 2447 965 temporis
2492 882 2897 965 apparebunt.
2958 883 3046 946 De
3093 885 3273 965 parte

540 972 646 1049 80,
694 973 766 1035 de
816 990 936 1035 non
985 971 1088 1046 25,
1140 988 1259 1035 non
1306 971 1526 1034 sinceri
1573 970 1634 1033 9.

758 1060 871 1122 Die
918 1058 1009 1123 XI
1056 1058 1383 1140 jannuarii.
1441 1056 1616 1137 Quod
1661 1059 1730 1122 ut
1771 1060 1969 1140 possit
2013 1056 2149 1121 dari
2197 1058 2470 1122 executio
2518 1057 2639 1135 his,
2703 1077 2820 1139 que
2881 1075 3042 1120 nnnc
3090 1056 3274 1135 capta

547 1150 694 1211 sunt
740 1148 812 1209 de
858 1145 1296 1228 complacendo
1344 1146 1482 1208 istis
1531 1144 1792 1210 Gallicis
1842 1147 1916 1209 de
1964 1163 2088 1210 una
2137 1148 2345 1209 nostra
2405 1145 2587 1228 galea
2653 1147 2728 1209 de
2792 1162 3047 1208 numero
3090 1143 3271 1224 gale-

546 1254 724 1299 arum
761 1237 1133 1305 nostrarum,
1179 1252 1297 1315 que
1345 1235 1547 1297 arnari
1596 1234 1825 1297 debent
1869 1235 1989 1297 isto
2037 1251 2195 1296 anno
2244 1234 2319 1296 ad
2390 1232 2705 1315 culphum,
2763 1232 2995 1296 armari
3042 1230 3270 1295 debeat

548 1324 620 1386 de
670 1322 941 1404 presenti
993 1340 1113 1385 una
1161 1321 1341 1404 galea
1390 1339 1494 1401 per
1540 1321 1843 1385 solutores
1907 1324 2153 1385 nostros
2211 1339 2451 1384 camere
2514 1322 2912 1391 armamenti,
2953 1338 3071 1402 qne
3121 1320 3273 1382 ban-

549 1410 738 1474 chum
788 1411 975 1491 ponat
1020 1409 1491 1484 diedominiCO,
1540 1411 1606 1472 et
1647 1411 2103 1490 supracomitus
2142 1409 2272 1471 eius
2317 1408 2589 1490 eligatur
2637 1407 2712 1472 de
2755 1406 3027 1491 presenti
3059 1406 3123 1468 in
3153 1406 3278 1470 hoc

550 1497 809 1562 consilio
854 1517 960 1578 per
1007 1498 1156 1560 duas
1204 1513 1424 1559 manus
1470 1496 1841 1561 electionum
1891 1499 1955 1560 et
2002 1513 2121 1559 nna
2146 1515 2252 1576 per
2285 1495 2699 1577 scruptininm
2734 1495 2897 1558 inter
2928 1492 3273 1571 dominum,

550 1584 1065 1659 consiliariorum,
1116 1584 1397 1665 capitum
1441 1586 1505 1647 et
1550 1585 1897 1664 sapientum
1946 1588 2271 1663 utriusque
2323 1601 2586 1657 manus;
2633 1583 2863 1647 habeat
2924 1582 2999 1646 de
3047 1582 3279 1645 salario

548 1674 801 1737 ducatos
850 1670 1027 1735 XXX
1076 1672 1136 1734 in
1186 1690 1414 1747 mense,
1463 1676 1526 1734 et
1564 1673 1934 1753 respondeat
1978 1689 2116 1735 cras
2164 1672 2239 1733 ad
2289 1671 2535 1747 tercias,
2584 1689 2727 1735 cum
2792 1670 3086 1734 omnibus
3129 1669 3279 1733 aliis

550 1759 1018 1826 condicionibus
1067 1759 1268 1823 solitis
1316 1760 1880 1839 supracomitorum
1927 1758 2158 1840 cnlphi.
2209 1759 2301 1821 De
2348 1762 2524 1840 parte
2567 1756 2678 1821 47.

758 1846 870 1911 Ser
920 1846 1190 1911 Blancus
1238 1846 1442 1911 Barbo
1490 1846 1897 1924 consiliarius,
1960 1865 2056 1909 ser
2123 1845 2478 1909 Leonardus
2554 1844 2840 1910 Dandulo
2911 1843 3113 1921 mileS,
3177 1861 3285 1907 ser

549 1934 896 2000 Pauthaleo
943 1936 1147 1999 Barbo
1193 1933 1396 2008 miles,
1445 1935 1756 2015 sapientes
1802 1933 2077 2009 consilii3
2126 1952 2227 1996 ser
2269 1934 2596 1997 Bertucius
2646 1932 2856 1997 Pisani
2890 1935 3141 2015 sapiens
3173 1950 3279 1995 or-

548 2023 785 2087 dinum.
835 2021 1061 2103 Capta:
1112 2021 1271 2103 quod
1317 2021 1488 2085 istud
1534 2020 1768 2086 factum
1821 2023 2170 2086 inducietur
2215 2020 2291 2085 ad
2338 2021 2502 2085 diem
2528 2022 2890 2098 crastinam,
2925 2025 2990 2085 et
3020 2026 3277 2084 vocetur

545 2110 876 2260 consiliugi
951 2109 1066 2172 sub
1141 2127 1298 2191 pena
1373 2109 1681 2174 soldorum
1746 2112 2019 2174 centum.
2100 2109 2192 2173 De
2267 2111 2445 2191 parte
2518 2109 2624 2188 61,
2703 2109 2777 2173 de
2846 2125 2970 2172 non
3039 2108 3102 2185 3,
3154 2126 3276 2171 non

546 2216 767 2263 sinceri
862 2246 877 2261 .
2802 2228 2815 2235 -

631 2306 812 2364 Masta·
860 2307 1005 2376 166,
1050 2323 1095 2365 u
1139 2305 1294 2364 mlet.
1340 2305 1577 2364 arkivu.

847 2492 1322 2575 DXLVIII.
1379 2491 1585 2575 God.
1638 2495 1855 2579 1397.
1912 2495 2015 2578 26
2070 2493 2424 2596 sicema,
2481 2517 2541 2576 u
2597 2493 2992 2576 Mletcih.

552 2621 862 2696 Odqovara
906 2636 968 2680 se
1012 2621 1346 2694 uqarehrv.
1391 2622 1765 2693 poscanikom
1810 2639 1895 2681 na
1949 2622 2196 2683 zahvale
2258 2622 2504 2697 njihova
2548 2621 2752 2694 kralja
2796 2638 2829 2679 ο
2878 2625 3013 2692 tom,
3064 2620 3159 2680 §to
3203 2636 3278 2679 su

543 2728 647 2768 mu
685 2710 966 2768 mletacke
1007 2709 1189 2781 yalije
1235 2727 1277 2767 u
1325 2711 1520 2768 istolcu
1563 2728 1647 2768 na
1713 2711 1936 2785 usluyu
1984 2711 2133 2781 bile,·
2197 2713 2284 2770 ali
2350 2728 2416 2770 se
2458 2710 2744 2782 zabacm
2785 2709 3046 2783 predeoy,
3095 2708 3180 2767 da
3221 2724 3287 2767 se

541 2801 759 2858 istomu
804 2797 1008 2869 kraljtc
1052 2797 1303 2869 odpravi
1345 2799 1711 2870 poslanictvo
1742 2815 1819 2857 za
1863 2799 2270 2873 doqovaranja
2314 2816 2356 2857 u
2392 2798 2575 2871 postu
2620 2802 2762 2856 rata
2781 2798 2949 2870 proti
2986 2796 3281 2855 Tur-eima.

763 2914 952 2980 1396.
1001 2915 1333 2981 indictione
1381 2919 1619 2999 quinta,
1670 2918 1769 2982 die
1815 2918 2026 2983 XXVI
2075 2917 2360 2982 ianuarii.
2410 2916 2523 2982 Ser
2571 2917 2804 2981 Paulus
2853 2915 3141 2980 Dandnlo
3175 2933 3284 2980 ca-

550 3006 662 3086 put
706 3007 779 3068 de
823 3004 952 3082 XL,
1003 3003 1113 3068 Ser
1163 3005 1512 3068 Leonardus
1576 3006 1860 3070 Dandnlo
1924 3006 2104 3070 miles
2166 3009 2358 3089 caput
2425 3004 2670 3071 consilii
2734 3009 3111 3087 rogatorum,
3179 3023 3283 3067 ser

553 3092 917 3156 Dominicus
965 3092 1126 3156 Zane
1173 3094 1417 3174 sapiens
1483 3094 1786 3157 ordinum.
1861 3092 2088 3175 Capta:
2155 3096 2302 3176 qnia
2365 3096 2461 3157 est
2521 3093 2939 3157 necessarium
2987 3091 3135 3155 dare
3183 3110 3285 3155 re·

552 3179 944 3261 sponsionem
996 3181 1059 3243 et
1105 3180 1548 3261 expeditionem
1616 3181 1754 3245 ist-is
1822 3181 2344 3245 ambasiatoribus
2407 3181 2641 3245 domini
2704 3180 2870 3262 regis
2932 3180 3286 3261 Huugarie,

553 3267 660 3350 qui
722 3269 895 3333 stant
956 3267 1057 3332 hic
1119 3287 1263 3333 cum
1327 3269 1596 3332 maxima
1656 3287 1940 3350 expensa,
2006 3272 2068 3333 et
2124 3270 2444 3351 requirunt
2498 3268 3045 3333 deliberationem:
3107 3267 3296 3330 vadit

552 3374 715 3437 pars,
768 3353 928 3436 qnod
975 3356 1214 3419 dicatur
1261 3358 1322 3419 et
1371 3355 1815 3437 respondeatur
1862 3357 2093 3421 eisdem
2159 3360 2218 3421 in
2265 3358 2386 3420 ista
2429 3355 2660 3433 forma,
2725 3357 2882 3439 quod
2946 3373 3052 3418 nos
3104 3354 3294 3435 plene

555 3442 909 3506 notavimus
936 3447 999 3505 et
1033 3442 1449 3507 intelleximus
1482 3445 1890 3508 ambasiatam
1924 3462 2132 3508 eornm
2169 3446 2447 3509 ordinate
2479 3447 2545 3508 et
2574 3445 2888 3525 sapienter
2913 3444 3291 3524 expositam,

554 3532 626 3593 ad
672 3535 877 3611 partes
924 3531 1096 3594 cuius
1145 3533 1604 3612 respondemuS,
1668 3535 1730 3595 et
1787 3533 1989 3614 primo
2047 3534 2122 3596 ad
2181 3531 2354 3596 illam
2419 3537 2678 3613 partem,
2741 3550 2927 3613 quam
2987 3535 3296 3613 tangunt,

554 3618 629 3680 de
675 3618 872 3680 modis
912 3621 1175 3682 servatis
1220 3638 1329 3700 per
1375 3621 1770 3701 capitaneum
1837 3620 2156 3702 galearum
2219 3624 2570 3683 nostrarum
2626 3621 2687 3682 in
2751 3619 3162 3702 presentando
3223 3636 3297 3682 se

555 3724 698 3768 cnm
745 3707 971 3770 nostris
1017 3705 1214 3788 galeis
1262 3707 1572 3770 maiestati
1624 3707 1808 3787 regie,
1860 3708 2098 3789 quando
2146 3710 2312 3771 venit
2351 3707 2971 3787 Constantinopolim.
3037 3710 3101 3769 et
3136 3706 3298 3770 offe-

553 3792 742 3856 rendo
791 3812 856 3855 se
903 3795 968 3856 et
1014 3797 1257 3858 nostras
1303 3794 1512 3876 galeas
1559 3796 1632 3858 ad
1675 3796 1882 3858 omnia
1929 3813 2042 3858 sua
2090 3794 2475 3877 beneplacita
2513 3798 2578 3859 et
2625 3793 2937 3872 mandata,
2972 3795 3038 3858 et
3068 3794 3144 3857 de
3177 3794 3300 3857 bo-

556 3899 698 3945 nore
763 3884 975 3963 postea
1041 3882 1158 3944 sibi
1222 3886 1285 3945 et
1346 3882 1474 3944 suis
1539 3882 1820 3962 impenso
1874 3886 2006 3945 tam
2056 3900 2165 3963 per
2225 3901 2366 3946 eum
2416 3901 2603 3964 quam
2644 3901 2753 3963 per
2794 3882 3294 3963 supracomitum

558 3973 855 4042 nostrum,
905 3968 978 4032 de
1028 3969 1251 4051 quibus
1293 3972 1355 4033 et
1400 3970 1473 4033 de
1516 3969 1658 4032 aliis
1702 3970 1974 4033 servitiis
2022 3970 2366 4034 liberaliter
2412 3969 2598 4034 factis
2643 3988 2749 4049 per
2790 3988 2898 4034 nos
2962 3987 3083 4034 non
3148 3972 3301 4033 tan-

557 4062 690 4120 tum
740 4058 914 4120 modo
953 4057 1058 4120 sed
1106 4056 1261 4121 alias
1307 4075 1497 4139 regno
1544 4075 1653 4121 suo
1701 4056 1834 4138 ipse
1881 4056 2170 4120 domiuus
2219 4076 2322 4121 rex
2371 4058 2746 4139 regratiatur
2809 4057 2984 4121 nobis
3030 4060 3096 4120 et
3143 4063 3294 4140 cet,

556 4145 647 4207 sic
706 4143 989 4221 dicimus,
1054 4144 1214 4226 quod
1280 4146 1452 4208 novit
1529 4144 1912 4216 altissimus,
1978 4163 2164 4227 qnem
2230 4146 2316 4209 nil
2379 4146 2555 4224 latet,
2611 4163 2732 4208 una
2782 4146 2854 4209 de
2902 4144 3294 4212 cordialibus

556 4232 973 4314 passionibus,
1024 4250 1206 4313 qnam
1253 4233 1624 4296 senserimus
1669 4251 1706 4296 a
1753 4250 1979 4314 magno
2022 4235 2302 4314 tempore
2367 4236 2544 4309 citra,
2611 4231 2733 4296 fuit
2795 4235 3040 4315 quando
3103 4233 3292 4298 audi-

561 4320 765 4383 vimus
812 4318 1309 4384 infelicissimum
1358 4338 1565 4383 casum
1617 4319 1968 4384 maiestatis
2002 4339 2109 4384 sue
2141 4325 2272 4384 tam
2309 4326 2558 4403 propter
2591 4321 2896 4384 sinceram
2932 4323 3295 4402 caritatem,

560 4425 678 4489 qua
726 4405 1032 4470 afficimur
1074 4410 1151 4471 ad
1195 4426 1516 4487 personam
1566 4425 1762 4478 suam,
1812 4426 2000 4489 qnam
2051 4426 2157 4488 pro
2210 4408 2542 4472 universali
2588 4407 2746 4472 bono
2794 4409 2986 4473 totius
3035 4410 3299 4475 christi·-

559 4495 848 4570 anitatis;
899 4501 961 4559 et
1009 4495 1126 4557 nisi
1174 4496 1583 4558 sentissemus
1631 4498 1696 4559 et
1741 4497 2111 4558 sentiremus
2144 4495 2641 4560 incolumitatem
2675 4515 2787 4560 sue
2818 4515 3096 4578 persone,
3132 4499 3308 4563 male

558 4580 635 4643 de
684 4581 851 4645 dieto
887 4600 1031 4646 casu
1078 4583 1379 4646 consolari
1428 4601 1769 4664 possemus.
1819 4581 1938 4646 Sed
1987 4586 2308 4665 postquam
2370 4584 2757 4664 omnipotens
2803 4603 2944 4648 eum
3007 4586 3308 4669 salvavit,

560 4686 904 4749 speramuS,
970 4669 1128 4750 quod
1194 4689 1303 4735 suo
1365 4670 1498 4734 loco
1564 4676 1627 4733 et
1692 4673 1969 4752 tempore
2028 4671 2150 4734 ista
2214 4671 2463 4754 negotia
2511 4672 2726 4735 taliter
2771 4671 3302 4756 reformabuntur,

561 4756 720 4838 quod
772 4757 1088 4838 procurari
1135 4761 1199 4821 et
1244 4759 1590 4840 recuperari
1629 4757 1863 4840 poterit
1907 4758 2102 4823 honor
2132 4758 2637 4839 christianitatiS,
2700 4776 2918 4824 corone
2985 4764 3050 4825 et
3100 4765 3285 4847 regni
