3620 5282
2999 357 3123 421 331

426 574 568 639 pars
614 573 755 619 cum
802 555 892 620 ita
923 554 1024 634 sit,
1073 557 1146 621 ut
1175 554 1324 620 dicti
1359 555 1569 621 fideles
1603 557 1794 621 nostri
1829 556 2195 639 supplicant,
2235 557 2395 639 quod
2421 556 2578 621 fiant
2610 555 2698 620 eis
2732 553 2894 618 dicte
2925 552 3131 616 nostre

427 644 625 720 litere,
668 644 731 707 in
779 643 1001 727 quibus
1050 645 1133 708 sit
1171 646 1476 708 insertum
1521 645 1864 725 capitulum
1913 646 2422 728 suprascriptum,
2491 647 2560 708 ut
2605 663 2677 709 ex
2723 644 2837 706 hoc
2885 640 3134 706 videant

426 732 875 886 ἓξὲἐὲίηέἓέὺθω
924 732 1116 797 nostri
1163 732 1443 810 dominii,
1485 737 1548 797 et
1592 736 1662 798 ut
1713 734 1910 817 magis
1962 733 2174 798 fideles
2222 734 2554 798 reddantur
2602 736 2811 797 nostro
2862 727 3131 792 dominio

516 930 696 990 Misti
748 930 1007 993 XLIII.
1059 933 1159 1002 16,
1205 949 1248 989 u
1291 930 1444 991 mlet.
1491 931 1723 989 arkivu.

719 1118 1236 1204 cccchxx.
1294 1119 1494 1202 eoa.
1548 1120 1769 1202 1394.
1825 1120 1925 1201 16
1980 1119 2304 1220 emma,
2367 1141 2426 1200 u
2479 1118 2863 1199 anetem.

636 1262 833 1345 Capta
877 1281 1056 1345 pars:
1108 1262 1307 1346 „quod
1356 1282 1570 1327 carnes
1623 1266 1684 1327 et
1732 1265 1865 1326 tota
1912 1260 2038 1325 alia
2084 1279 2320 1345 grassa,
2368 1280 2486 1343 que
2518 1258 2862 1324 extrahitur
2896 1259 2969 1322 de
3002 1258 3134 1321 Du-

435 1351 645 1416 rachio
691 1370 798 1434 pro
844 1350 1227 1416 conducendo
1274 1351 1590 1426 Venetias,
1641 1352 1768 1415 sint
1812 1349 2098 1414 absolute
2163 1368 2197 1412 a
2243 1349 2410 1414 datio
2477 1350 2534 1413 X
2602 1366 2713 1430 pro
2760 1347 3129 1422 centenari0,

426 1440 533 1505 sed
581 1441 861 1504 solvatur
907 1439 1295 1504 solummodo
1331 1459 1450 1503 una
1498 1441 1560 1502 et
1603 1438 1859 1503 dimidia
1904 1439 2067 1503 sicut
2112 1438 2376 1502 solvitur
2422 1437 2495 1501 de
2543 1435 2682 1534 aliis
2730 1437 2973 1501 rebus.“

512 1549 693 1609 Misti
739 1546 999 1609 XLIII.
1046 1548 1145 1621 16,
1193 1566 1235 1607 u
1282 1549 1435 1609 mlet.
1484 1549 1719 1608 arkivu.

683 1755 1251 1838 CCCCLXXI.
1310 1755 1514 1838 (iod.
1568 1755 1796 1839 1394.
1853 1758 1946 1839 16
2001 1757 2324 1858 srpnjm
2376 1777 2435 1836 u
2488 1753 2871 1835 Mletcih.

427 1900 781 1975 Dozvoljeno
840 1901 1116 1974 Vojslavi‚
1161 1902 1335 1959 sestri
1372 1902 1513 1973 pok.
1555 1902 1892 1976 yospodara
1934 1900 2250 1975 Drackoya
2303 1901 2494 1967 Tome,
2537 1899 2695 1971 kojoj
2728 1903 2794 1970 je
2821 1896 3130 1971 republika

739 1991 958 2048 davala
998 1989 1280 2064 yodiffnju
1317 1991 1610 2063 podporu,
1659 1990 1739 2047 da
1783 2006 1845 2048 se
1885 1990 2009 2048 uda
2052 2007 2125 2049 za
2173 1991 2450 2064 Preyona
2494 1988 2829 2060 Dukajina.

646 2110 830 2175 1394.
880 2112 1212 2175 indictione
1253 2110 1335 2185 ΙΙ,
1380 2110 1490 2174 diev
1531 2109 1607 2172 16
1644 2110 1799 2174 iulii.
1853 2108 2085 2192 Capta:
2129 2111 2272 2192 quia
2320 2109 2533 2191 pridie,
2583 2107 2825 2190 quando
2884 2110 3132 2187 captum

427 2197 548 2262 fuit
592 2199 654 2262 in
702 2199 817 2264 hoc
865 2200 1140 2276 consili0,
1190 2199 1348 2280 quod
1395 2198 1640 2262 domina
1687 2198 2086 2280 Voyasclava‚
2136 2216 2305 2262 soror
2336 2197 2594 2262 condam
2621 2195 2852 2260 domini
2886 2192 3136 2273 Georgii

428 2286 616 2369 Topie
660 2287 890 2351 domini
929 2287 1220 2351 Durachii
1270 2287 1520 2351 deberet
1564 2286 1787 2350 habere
1835 2288 2263 2369 provisionem,
2314 2304 2498 2369 quam
2546 2284 2844 2348 dabamus
2912 2283 3136 2346 marito

430 2393 539 2438 suo
584 2378 648 2439 et
693 2376 811 2439 sibi
849 2394 988 2439 cum
1035 2374 1400 2451 conditione,
1449 2376 1605 2456 quod
1653 2375 1713 2437 in
1763 2393 1910 2439 casu
1958 2394 2076 2458 quo
2125 2376 2311 2439 vellet
2356 2393 2420 2437 se
2468 2374 2775 2443 maritare,
2852 2372 3134 2452 accipere

431 2463 684 2527 deberet
721 2482 1064 2545 personam,
1114 2483 1230 2547 que
1276 2462 1436 2527 foret
1481 2462 1754 2527 dominio
1803 2467 2012 2527 nostro
2064 2465 2275 2548 grata;
2351 2465 2413 2525 et
2475 2480 2633 2525 nunc
2704 2462 2837 2541 ipsa
2882 2459 3138 2535 scribat,

430 2552 587 2633 quod
634 2554 809 2633 optat
852 2571 917 2616 se
964 2552 1252 2635 copulare
1300 2552 1580 2634 Pregono
1628 2551 1985 2635 Duchayno,
2022 2553 2128 2634 qui
2174 2553 2269 2615 est
2315 2570 2469 2614 unus
2518 2570 2586 2613 ex
2634 2548 2761 2613 illis
2808 2546 3135 2623 nobilibus,

430 2641 532 2722 qui
579 2641 773 2723 pridie
813 2639 1059 2706 fuerunt
1087 2643 1164 2706 ad
1212 2641 1485 2705 nostram
1535 2641 1931 2723 presentiam,
1970 2641 2032 2705 in
2069 2660 2214 2706 casu
2251 2660 2367 2723 quo
2400 2639 2475 2703 de
2510 2636 2894 2720 beneplacito
2927 2638 3137 2700 nostro

431 2730 548 2797 sit:
598 2730 768 2794 vadit
804 2748 962 2812 pare,
1010 2729 1170 2813 quod
1217 2730 1594 2794 rescribatur
1644 2728 1850 2792 baiulo
1897 2734 1959 2792 et
2005 2730 2325 2813 capitaneo
2374 2731 2581 2791 nostro
2625 2725 2942 2800 Durachii,
2980 2725 3133 2806 quod

431 2817 630 2882 dicere
674 2818 896 2883 debeat
935 2822 1112 2900 parte
1160 2819 1370 2882 nostra
1415 2816 1661 2881 domine
1707 2818 2017 2881 antedicte
2065 2821 2127 2882 et
2174 2816 2467 2881 similiter
2508 2814 2624 2895 ipsi
2688 2815 2982 2896 Pregono,
3031 2813 3136 2893 qui

430 2906 620 2971 etiam
668 2906 848 2971 nobis
892 2907 1159 2988 scripsit,
1209 2905 1367 2988 quod
1417 2924 1633 2970 sumus
1681 2905 1975 2981 contenti,
2026 2909 2348 2988 postquam
2395 2906 2482 2967 ita
2541 2903 2661 2966 sibi
2710 2903 2929 2983 placet,
2978 2900 3135 2982 quod

432 2994 622 3093 simul
666 2995 731 3059 in
778 2995 935 3059 bona
980 2995 1180 3077 gratia
1226 2993 1529 3075 complere
1577 2993 1838 3058 debeant
1883 2994 2343 3058 matrimonium
2394 2990 2796 3056 antedictum.

515 3104 695 3163 Misti
744 3102 1001 3163 XLIII.
1053 3106 1152 3173 16,
1199 3122 1240 3162 u
1285 3102 1439 3163 mlet.
1488 3103 1721 3163 arkivu.

660 3308 1273 3393 GGGGLXXII.
1324 3308 1528 3392 (iod.
1581 3308 1809 3392 1394.
1863 3310 1967 3392 24
2019 3309 2340 3410 srpnja‚
2394 3316 2453 3388 u
2507 3305 2889 3388 Mletcih

428 3457 647 3518 Marko
691 3453 1035 3516 Barbadico
1071 3456 1286 3530 plemic
1327 3458 1651 3515 mletackii
1690 3456 1987 3530 qospodar
2032 3456 2233 3528 Kroje,
2282 3456 2379 3528 lcoj
2424 3471 2485 3512 se
2538 3470 2569 3512 s
2597 3451 2779 3509 Turci
2809 3451 3136 3525 doyovarao

721 3564 805 3604 na
852 3546 1039 3605 §kodu
1085 3545 1310 3613 Βναῦα,
1348 3563 1582 3618 pozvan
1610 3546 1763 3619 pred
1808 3546 1923 3603 sud
1964 3563 2003 3601 u
2050 3545 2294 3613 Mletke,
2342 3544 2420 3601 da
2466 3559 2528 3600 se
2574 3539 2859 3614 opravda.

651 3665 832 3731 1394.
883 3667 1214 3732 indictione
1260 3666 1543 3743 secunda,
1593 3667 1688 3730 die
1731 3664 1939 3729 XXIV
1989 3665 2141 3729 iulii.
2177 3665 2504 3743 DominuS,
2538 3661 2889 3737 consiliarii,
2928 3660 3135 3741 capita

437 3760 509 3822 de
556 3756 684 3833 XL,
735 3756 1041 3839 sapientes
1089 3754 1323 3821 consilii
1373 3760 1435 3817 et
1497 3756 1804 3838 sapientes
1867 3754 2169 3818 ordinum.
2240 3751 2470 3834 Capta:
2537 3770 2675 3816 cum
2739 3770 2838 3814 ser
2884 3748 3138 3812 Marcus

435 3844 777 3910 Barbadico
824 3845 1110 3908 dominus
1158 3844 1348 3907 castri
1398 3842 1572 3926 Croy,
1624 3848 1692 3907 ut
1739 3843 1997 3906 habetur
2044 3846 2173 3906 tam
2223 3861 2329 3923 per
2376 3841 2588 3904 literas
2637 3839 2830 3903 baiuli
2875 3840 2938 3900 et
2970 3835 3134 3916 capi—

437 3934 602 3997 tanei
649 3934 843 3997 nostri
894 3931 1189 3997 Durachii
1238 3949 1424 4014 quam
1473 3950 1578 4012 per
1624 3931 1779 3994 alias
1830 3930 1955 3994 vias
2002 3930 2257 3994 redierit
2301 3948 2338 3992 a
2379 3928 2630 3992 Basaito
2668 3946 2807 3991 cum
2844 3924 3132 3988 mandato

438 4039 547 4086 suo
595 4020 873 4104 possendi
923 4021 1235 4103 acquirere
1283 4025 1473 4083 totam
1538 4021 1882 4083 contratam
1956 4037 2147 4100 usqne
2196 4017 2270 4081 ad
2322 4019 2548 4080 terram
2610 4013 2927 4088 Durachii,
2977 4012 3132 4093 quod

439 4114 534 4175 est
573 4110 841 4174 maxime
886 4111 1099 4173 contra
1147 4110 1424 4171 nostrum
1473 4108 1764 4171 honorem
1813 4111 1875 4169 e't
1920 4106 1984 4168 in
2029 4107 2356 4169 maximam
2405 4105 2882 4168 destructionem
2921 4099 3132 4181 patrie,

438 4215 581 4263 nam
630 4199 752 4261 iam
802 4197 1031 4279 incepit
1075 4197 1431 4261 subvertere
1478 4196 1674 4259 totum
1724 4193 2038 4277 populum,
2086 4200 2151 4256 et
2197 4193 2529 4276 requisitus
2576 4210 2683 4273 per
2749 4189 2948 4270 ipsum
2998 4205 3139 4251 nos-

438 4287 606 4350 trum
655 4285 1087 4361 vicebaiulum,
1136 4283 1295 4359 quod
1346 4282 1556 4347 redeat
1601 4284 1675 4347 ad
1723 4287 1996 4346 nostram
2059 4280 2496 4356 obedientiam,
2558 4279 2671 4342 hoc
2718 4295 3000 4342 recusare
3046 4275 3135 4339 fa-

439 4393 576 4439 cere
644 4373 942 4450 videatur,
1016 4374 1107 4436 ita
1177 4371 1335 4454 quod
1405 4372 1501 4435 est
1568 4370 1815 4453 penitus
1884 4369 2325 4452 providendum
2390 4366 2712 4450 superinde
2760 4383 2866 4447 pro
2915 4365 3138 4429 honore

440 4463 634 4526 nostri
682 4461 971 4542 dominii3
1019 4459 1187 4524 vadit
1230 4478 1392 4542 pars,
1440 4459 1598 4541 quod
1635 4458 1960 4522 mandetur
1990 4458 2197 4523 baiulo
2246 4460 2309 4520 et
2354 4456 2671 4538 capitaneo
2730 4457 2936 4518 nostro
2999 4471 3135 4534 pre-

440 4551 618 4626 dicto,
667 4549 827 4632 quod
870 4550 933 4613 in
980 4567 1122 4613 casu
1172 4567 1289 4630 quo
1335 4547 1397 4610 in
1444 4547 1792 4629 receptione
1840 4546 2141 4628 presentis
2187 4545 2383 4609 nostri
2431 4542 2712 4609 mandati
2780 4560 2894 4605 non
2942 4541 3128 4605 habu·

440 4638 559 4701 erit
603 4657 730 4701 rem
781 4655 820 4701 a
865 4637 1027 4701 dicto
1071 4656 1168 4700 ser
1214 4637 1448 4712 Marco,
1495 4654 1604 4717 per
1650 4653 1836 4717 quam
1885 4633 2170 4698 videatur
2243 4632 2362 4697 sibi
2431 4632 2504 4697 de
2568 4629 2926 4696 indutiando
2970 4626 3135 4693 istud

440 4728 717 4789 nostrum
764 4726 1145 4801 mandatum,
1193 4724 1418 4788 debeat
1448 4722 1512 4786 in
1558 4722 1710 4788 locis
1773 4722 1977 4787 solitis
2042 4721 2205 4784 dicte
2252 4720 2523 4784 civit-atis
2571 4719 2769 4784 facere
2808 4714 3130 4799 publicari,

442 4811 598 4894 quod
645 4812 849 4878 dictus
896 4832 995 4878 ser
1037 4814 1286 4878 Marcus
1331 4811 1671 4878 Barbadico
1719 4812 1971 4895 propter
2016 4810 2325 4874 attentata
2380 4826 2487 4890 per
2547 4825 2684 4872 eum
2734 4803 2946 4868 contra
2988 4817 3127 4865 nos-
