3620 5282
2986 331 3118 398 405

398 512 663 576 cordiam
710 511 787 576 ab
836 509 1048 575 eodem
1089 509 1166 574 de
1211 508 1528 585 omnibuS‚
1588 526 1703 590 que
1750 506 1921 572 vobis
1995 505 2302 571 videbitur
2363 507 2725 570 conveniens
2773 509 2958 589 alque
3001 508 3111 574 de-

396 618 553 677 cens,
596 600 661 662 et
706 598 769 662 in
810 598 1087 679 augendo
1134 597 1262 662 sive
1314 594 1646 659 minuendo
1694 613 1766 658 ac
1821 594 2180 676 corrigendo
2228 595 2481 677 pactum
2528 594 2690 658 inter
2724 593 3021 660 Venecias
3053 597 3118 660 et

393 685 647 751 Jadram
681 684 1059 761 confectum;
1108 684 1559 767 promittenteS,
1607 682 1856 746 firmum
1904 682 1972 744 et
2014 684 2218 745 ratum
2247 681 2489 757 habere,
2542 679 2833 763 quicquid
2881 682 2943 745 in
2983 701 3119 747 om·
3167 708 3172 713 ·

397 774 577 837 nibus
619 775 683 838 et
726 792 836 855 per
879 773 1085 837 omnia
1133 791 1317 853 super
1361 770 1482 834 hiis
1536 769 1835 832 duxeritis
1885 768 2251 832 faciendum.
2302 768 2532 832 Actum
2581 768 2681 832 est
2730 768 2845 832 hoc
2880 769 2943 832 in
2988 789 3118 834 ma-

388 861 506 924 iori
551 861 807 924 consilio
854 861 918 924 et
962 859 1206 923 firmato
1247 857 1533 921 omnibus
1573 856 1963 937 presentibus
2011 857 2072 917 in
2109 856 2390 938 predicta
2424 855 2684 919 ecclesia
2719 858 2915 919 sancti
2946 856 3119 920 Petri

394 948 533 1011 novi
580 948 655 1010 de
697 945 905 1012 Jadra.
954 945 997 1025 †
1041 947 1176 1028 Ego
1224 943 1562 1009 Balduinus
1609 941 1863 1022 Quirino
1910 960 2115 1007 comes
2146 942 2339 1027 Zadore
2372 962 2559 1009 manu
2592 960 2730 1007 mea
2761 944 3117 1025 subscripsi.

393 1033 437 1115 †
480 1035 614 1117 Ego
657 1032 968 1099 Johannes
1018 1032 1256 1097 Delfino
1302 1030 1657 1096 consiliator
1702 1029 1892 1094 Jadre
1942 1048 2127 1093 manu
2178 1049 2314 1094 mea
2341 1029 2699 1112 subscripsi.
2747 1028 2790 1108 †
2834 1031 2966 1112 Ego
2992 1030 3120 1094 Ra-

395 1120 515 1186 fael
562 1122 796 1186 Betano
844 1120 1200 1185 consiliator
1248 1137 1429 1183 manu
1479 1136 1616 1182 mea
1658 1115 2022 1199 subscripsi.
2071 1116 2114 1196 †
2146 1116 2406 1200 Signum
2452 1116 2945 1198 subscriptorum
2971 1118 3120 1181 Pre-

399 1212 493 1272 ste
539 1211 603 1272 et
650 1206 805 1273 Cose
851 1207 1142 1282 iudicum,
1184 1205 1286 1289 qui
1335 1208 1446 1269 hec
1492 1206 1812 1286 rogarunt.
1860 1202 1903 1282 †
1948 1204 2080 1287 Ego
2131 1205 2297 1287 Papo
2351 1206 2657 1286 Petrogne
2706 1205 2886 1268 iudex
2931 1223 3119 1269 manu

395 1313 535 1359 mea
601 1293 963 1377 subscripsi.
1034 1293 1077 1373 †
1122 1294 1255 1375 Ego
1302 1292 1777 1356 Bartholomeus
1835 1292 1907 1356 de
1956 1292 2202 1355 Duman
2272 1293 2652 1363 examinator
2728 1309 2908 1355 manu
2981 1308 3120 1355 mea

396 1382 749 1465 subscripsi.
814 1380 858 1459 †
901 1382 1033 1471 Ego
1080 1382 1300 1445 Petrus
1364 1378 1831 1455 Scandolariu8‚
1903 1379 2210 1461 presbiter
2256 1380 2454 1444 sancti
2503 1378 2884 1461 Apollinaris
2930 1377 3121 1443 Jadre

394 1469 702 1548 ηοω-ωε,
751 1469 873 1532 hiis
934 1469 1226 1552 predictis
1264 1464 1558 1545 interfui,
1626 1468 1919 1548 rogatus,
1967 1469 2038 1531 ut
2083 1466 2326 1544 audivi,
2384 1467 2540 1535 hanc
2586 1468 2824 1530 cartam
2870 1466 3117 1549 scripsi,

396 1557 671 1622 roboravi
717 1558 782 1621 et
826 1557 1001 1637 signo
1047 1555 1339 1620 consueto
1385 1553 1643 1637 signavi.

604 1645 673 1709 L.
720 1642 781 1707 S.
828 1644 961 1725 Ego
1002 1641 1256 1707 Gabriel
1304 1642 1618 1717 PaulinuS,
1667 1640 1940 1704 notarius
1973 1642 2038 1705 et
2069 1640 2305 1705 ducalis
2339 1640 2478 1705 aule
2516 1638 2929 1706 Veneciarum
2961 1660 3108 1706 can-

404 1731 712 1806 cellariae,
761 1729 1057 1812 predictis
1104 1727 1379 1806 interfui,
1428 1730 1683 1810 rogatus
1731 1726 1970 1807 scripsi,
2018 1727 2323 1811 complevi
2364 1729 2429 1792 et
2473 1727 2772 1792 roboravi.

485 1821 767 1882 Izvornik
812 1838 896 1880 na
930 1821 1280 1895 perqameni
1323 1836 1366 1877 u
1412 1819 1628 1877 arkivu
1673 1818 2032 1877 mletackom.
2082 1819 2244 1891 Dipl.
2296 1819 2380 1876 br.
2416 1819 2519 1878 55.

709 2006 1118 2089 XXXIV.
1202 2005 1384 2089 Gon
1440 2005 1666 2089 1256.
1725 2005 1819 2088 12
1873 2006 2244 2106 travnja,
2294 2029 2357 2088 u
2409 2006 2800 2089 Mletcih.

404 2133 767 2194 Mletcanom
828 2134 1190 2202 zabranjeno
1238 2132 1478 2205 jamciti
1518 2150 1560 2190 u
1605 2133 1798 2191 koliko
1853 2149 1914 2190 se
1977 2130 2086 2190 tice
2129 2132 2400 2205 zodmova
2443 2131 2514 2189 ili
2561 2132 2898 2206 trqovackih
2930 2150 3110 2209 poyo·

635 2221 792 2281 daba
835 2220 1188 2293 skloph‘enih
1234 2238 1276 2278 u
1320 2220 1573 2279 Mletcih
1618 2236 1649 2278 s
1679 2220 2008 2294 uyarskimi
2050 2219 2120 2277 ili
2165 2220 2515 2278 nemackimi
2547 2219 2856 2292 podamici.

609 2325 701 2399 De
747 2340 866 2387 non
912 2321 1130 2387 dandis
1175 2321 1537 2405 pignoribus
1580 2324 1796 2386 contra
1821 2321 2152 2403 Hungaros
2201 2324 2265 2386 et
2297 2320 2719 2386 Theotonicos.
2770 2320 3109 2388 Millesimo

399 2410 820 2475 ducentesimo
868 2409 1374 2491 quinquagesimo
1422 2410 1612 2485 sexto,
1679 2409 2010 2473 indictione
2058 2408 2224 2486 XIV,
2272 2408 2369 2472 die
2416 2407 2539 2472 XII
2600 2407 2868 2473 intrante
2915 2409 3114 2491 aprili,

397 2501 580 2580 capta
625 2496 746 2561 fuit
792 2515 934 2579 pars
983 2498 1044 2560 in
1093 2495 1349 2561 consilio
1394 2495 1611 2560 maiori
1660 2500 1724 2561 et
1770 2496 2156 2559 ordinatum:
2201 2496 2361 2577 quod
2408 2494 2696 2560 dominus
2743 2495 2867 2559 dux
2897 2499 2963 2560 et
2989 2497 3115 2561 Ve-

399 2584 566 2651 necie
614 2603 730 2650 non
778 2584 1043 2649 debeant
1089 2603 1153 2648 se
1200 2583 1620 2648 intromittere
1682 2584 1755 2648 de
1801 2585 2007 2648 cetero
2068 2583 2246 2648 modo
2300 2582 2513 2666 aliquo
2560 2581 2637 2648 ad
2684 2582 2957 2648 dandum
3015 2583 3112 2667 pi-

397 2691 591 2756 gnora
638 2672 821 2737 alicui
872 2690 978 2753 pro
1025 2671 1395 2754 imprestitis
1437 2674 1546 2735 aut
1608 2671 1918 2746 mercatis,
1951 2689 2085 2753 ‚que
2130 2670 2294 2735 facta
2341 2671 2469 2735 sint
2515 2671 2578 2734 in
2624 2671 2911 2736 Veneciis
2970 2691 3112 2736 cum

397 2761 752 2825 hominibus
798 2758 1115 2841 Hungaris
1162 2758 1258 2823 vel
1305 2756 1647 2835 Alemanie,
1717 2760 1782 2821 et
1828 2759 1983 2839 quod
2028 2758 2139 2821 hec
2195 2774 2339 2839 pars
2402 2776 2521 2822 non
2582 2757 2783 2839 possit
2841 2758 3115 2822 revocari

284 2927 287 2928 ⁷
398 2847 515 2913 nisi
562 2866 672 2930 per
717 2865 822 2910 sex
869 2845 1251 2910 consiliarios
1298 2845 1551 2909 minoris
1598 2844 1840 2908 consilii
1888 2846 1952 2908 et
2005 2844 2185 2908 XXX
2229 2843 2306 2907 de
2352 2843 2462 2908 XL
2508 2845 2572 2908 et
2619 2844 2917 2909 maiorem
2972 2864 3116 2927 par-

396 2936 522 2999 tem
572 2932 820 2997 maioris
865 2932 1123 3011 consilii,
1175 2934 1239 2997 et
1284 2931 1479 2996 eciam
1528 2931 1684 3013 quod
1733 2929 2015 2994 dominus
2081 2930 2200 2994 dux
2264 2933 2328 2994 et
2395 2930 2728 2996 consiliarii
2792 2932 3116 2996 teneantur

396 3021 591 3087 facere
639 3020 753 3085 hoc
800 3020 939 3084 addi
985 3022 1049 3084 in
1096 3018 1427 3102 capitulari
1476 3022 1876 3083 venturorum
1923 3017 2432 3082 consiliariorum.

481 3111 666 3186 Liber
711 3112 1035 3171 communis
1079 3111 1136 3170 I.
1190 3111 1293 3180 38,
1337 3128 1380 3168 u
1423 3109 1763 3168 mletackom
1807 3108 2043 3167 arkivu.

798 3280 1157 3362 XXXV.
1212 3279 1419 3362 Gon.
1473 3278 1700 3363 1256.
1756 3281 1807 3361 9
1838 3278 2151 3379 111)an
2203 3300 2265 3360 u
2319 3279 2711 3362 Mletcih.

844 3408 1014 3466 Knez
1057 3408 1083 3465 i
1125 3406 1437 3479 savjemici
1483 3406 1768 3466 zadarski
1814 3406 2069 3478 nesmqu'u
2103 3407 2364 3479 primati
2408 3407 2648 3466 dareva.

604 3507 781 3588 Quod
831 3527 1036 3574 comes
1082 3507 1275 3573 Jadre
1337 3509 1402 3572 et
1463 3507 1798 3572 consiliarii
1864 3526 1985 3571 non
2047 3507 2347 3587 recipiant
2405 3507 2636 3573 donum
2693 3508 2793 3574 vel
2836 3528 3109 3591 presens.

393 3596 731 3661 Millesimo
776 3596 1198 3661 ducentesimo
1244 3594 1753 3678 quinquagesimo
1786 3598 1977 3672 sexto,
2023 3593 2357 3658 indictione
2389 3594 2556 3673 XIV,
2585 3595 2684 3659 die
2724 3596 2817 3660 IX
2839 3597 3110 3662 intrante

395 3685 597 3763 iunio,
647 3685 830 3766 capta
873 3683 995 3748 fuit
1042 3701 1218 3764 pars:
1268 3680 1429 3764 quod
1476 3699 1677 3748 comes
1724 3680 1935 3759 Jadre,
1983 3700 2093 3745 nec
2139 3681 2477 3745 consiliarii
2543 3702 2662 3747 non
2709 3683 2970 3748 debeant
3015 3703 3114 3749 re-

393 3769 593 3853 cipere
639 3789 751 3835 nec
798 3770 987 3852 recipi
1035 3770 1234 3835 facere
1281 3771 1505 3833 donum
1569 3768 1818 3850 aliquod
1882 3787 1994 3833 nec
2041 3786 2288 3849 presens
2355 3771 2431 3834 ab
2493 3770 2698 3853 aliquo
2748 3769 3101 3834 habitatore

392 3875 503 3922 nec
548 3859 890 3923 mercatore
935 3875 1045 3921 nec
1089 3857 1214 3921 alia
1258 3874 1516 3938 persona
1562 3855 1752 3921 Jadre
1799 3875 1912 3921 nec
1945 3859 2246 3920 terrarum
2282 3854 2602 3920 Sclavonie
2648 3873 2758 3921 nec
2788 3855 3110 3920 Dalmacie

392 3962 502 4008 nec
547 3944 752 4027 aliqua
797 3945 923 4008 alia
969 3962 1229 4027 persona
1276 3942 1482 4024 aliquo
1531 3942 1713 4007 modo
1758 3943 1858 4007 vel
1905 3942 2167 4025 ingenio,
2216 3944 2469 4023 excepto
2512 3962 2550 4007 a
2585 3942 2714 4007 suis
2747 3942 3106 4025 parentibus

392 4033 458 4094 et
505 4032 721 4096 amicis
765 4031 841 4096 de
887 4031 1172 4096 Veneciis
1219 4029 1679 4096 transeuntibus
1725 4029 1870 4094 inde
1912 4029 2204 4112 quicquid
2268 4029 2358 4093 eis
2421 4030 2859 4095 transmissum
2922 4028 3109 4096 fuerit

394 4118 489 4183 vel
537 4118 751 4183 datum
798 4119 862 4182 in
910 4117 1103 4183 donis.

481 4207 685 4268 Zecca.
728 4207 958 4269 Svezak
1002 4209 1059 4279 1,
1104 4227 1146 4268 u
1192 4209 1411 4268 arkivu
1458 4208 1817 4268 mletackom.

706 4378 1110 4461 XXXVI.
1175 4380 1381 4466 God.
1436 4377 1663 4461 1256.
1717 4378 1827 4461 30
1882 4380 2205 4480 srpnja,
2260 4400 2318 4459 u
2369 4375 2763 4460 Korcull.

764 4506 1101 4566 Korbulcmi
1122 4504 1362 4580 pri-sibu
1406 4506 1663 4565 viernost
1707 4523 1910 4566 svomu
1954 4508 2142 4565 knezu
2186 4505 2480 4564 Marsum
2525 4503 2719 4564 Zorzi.

600 4608 972 4674 Juramento
1017 4608 1082 4672 et
1128 4607 1407 4690 sugetion
1455 4605 1606 4670 delli
1654 4606 1979 4672 Ourzolani
2043 4606 2201 4671 fatto
2262 4625 2300 4670 a
2359 4624 2560 4669 mesor
2608 4606 2887 4672 Marsilio
2932 4605 3107 4671 Zorzi

389 4697 609 4778 dappoi
661 4695 774 4760 che
813 4695 878 4760 la
922 4693 1244 4777 conquisto
1290 4694 1332 4758 l’
1366 4711 1525 4758 anno
1579 4693 1746 4758 1256
1792 4694 1852 4758 al
1901 4692 2243 4776 penultimo
2290 4693 2364 4756 de
2425 4691 2640 4776 luglio.
