3620 5282
490 357 608 419 134

486 533 604 605 sit;
654 548 818 606 nam,
870 529 1398 610 complacentibus
1445 529 1619 594 nobis
1670 530 1722 594 ei
1772 532 1845 594 de
1893 531 2244 595 huiusmodi
2295 531 2513 613 galeiS,
2578 534 2877 614 opportet,
2930 532 3091 613 quod
3144 532 3218 596 de

487 620 631 683 aliis
672 618 945 682 construi
992 617 1312 693 faciamuS,
1361 637 1500 681 cum
1547 618 1669 681 hiis
1715 621 1779 681 et
1827 619 1967 681 aliis
2017 619 2220 682 verbis
2277 620 2616 683 excusando
2679 639 2787 683 nos
2836 621 2913 683 ab
2963 621 3077 683 hac
3123 639 3219 683 re-

482 706 829 790 quisitione,
879 706 942 767 et
987 705 1276 768 similiter
1323 706 1667 768 excusando
1735 724 1844 769 nos
1907 725 1942 769 a
1992 707 2288 788 petitione
2353 707 2707 785 hominum,
2758 726 2906 789 quos
2973 710 3212 789 petunt,

483 813 590 876 pro
634 793 816 857 dictis
864 792 1081 875 galeis,
1132 812 1279 874 quos
1329 794 1445 856 sibi
1494 793 1823 856 concedere
1873 812 1989 857 non
2043 812 2369 875 possumus
2418 797 2668 876 propter
2699 795 3041 860 evidentem
3077 813 3218 858 nec-

488 882 843 946 cessitatem
890 884 1190 944 nostram.
1241 881 1332 944 De
1380 882 1571 944 arinis
1620 900 1780 958 vero,
1848 902 1961 965 que
2010 884 2229 963 petunt
2289 901 2468 963 posse
2524 882 2877 959 extrahere,
2945 883 3221 964 compla-

482 973 695 1034 ceatur
749 967 856 1043 eiS,
899 968 1192 1032 solvendo
1235 968 1501 1032 dacium.

707 1055 904 1119 Arma
952 1057 1098 1119 sunt
1146 1057 1300 1120 ista:
1346 1055 1528 1137 clipei
1564 1074 1728 1120 more
1774 1055 2125 1121 Sclavorum
2183 1059 2269 1122 IV
2304 1060 2573 1135 centum,
2622 1058 2810 1121 lorice
2838 1057 2907 1136 C,
2953 1060 3016 1122 et
3050 1058 3220 1139 paria

492 1143 917 1209 manicharum
968 1144 1038 1206 de
1090 1144 1278 1206 malia
1326 1141 1392 1207 O.

572 1235 767 1303 Misit,
819 1233 1019 1291 XXV.
1067 1237 1171 1302 27,
1221 1251 1264 1291 u
1306 1235 1648 1293 mletackom
1695 1237 1928 1293 arkivu.

915 1421 1209 1503 CCIII:
1266 1422 1715 1505 (30111349.
1769 1423 1871 1505 25
1928 1423 2240 1525 lipnja‚
2297 1446 2356 1505 u
2409 1424 2800 1506 Mletcih.

487 1550 698 1623 Javh'a
748 1566 809 1607 sc
859 1549 1061 1620 kralju
1107 1551 1496 1621 uqarskomu‚
1545 1549 1624 1606 da
1670 1548 1730 1608 όε
1776 1568 1877 1607 mu
1937 1550 2246 1621 odpremiti
2294 1551 2644 1622 poslamkffi
2709 1552 2861 1608 kako
2894 1552 2961 1623 je
3008 1551 3220 1624 njeyda

1108 1637 1268 1705 ielio,
1314 1638 1479 1708 posto
1512 1636 1579 1710 je
1616 1636 1825 1709 posast
1870 1656 1910 1695 u
1973 1636 2266 1711 Uyarskoj
2301 1639 2589 1711 proseuta.

711 1756 894 1819 1349.
942 1755 1041 1819 die
1073 1753 1261 1819 XXV
1287 1757 1457 1820 iunii.
1507 1757 1674 1820 Visis
1723 1760 1786 1820 et
1832 1757 2167 1820 cumomni
2209 1757 2538 1839 diligencia
2575 1756 2943 1821 examinatis
2990 1757 3219 1822 litteris

490 1845 869 1910 mencionem
920 1845 1249 1927 agentibus
1296 1844 1370 1908 de
1419 1845 1588 1908 novis
1636 1846 1699 1908 et
1745 1845 2200 1908 condicionibus
2251 1864 2442 1927 nuper
2489 1846 2947 1926 emergentibus
2980 1847 3042 1909 in
3070 1865 3209 1927 par-

489 1935 655 1997 tibus
679 1932 937 2014 Apulee,
989 1936 1052 1995 et
1098 1950 1282 2013 super
1306 1931 1457 2013 ipsis
1483 1933 1714 1995 habitis
1741 1932 2208 2009 deliberacione,
2251 1932 2502 1996 consilio
2536 1935 2599 1995 et
2638 1936 2940 2014 respectu,
2977 1935 3217 1997 videtur

487 2022 892 2103 sapientibus,
943 2020 1101 2102 quod
1163 2039 1346 2100 super
1391 2020 1509 2084 hiis
1573 2021 1658 2083 sit
1706 2022 2087 2083 neccessario
2135 2020 2577 2102 providendum
2620 2020 2684 2083 iu
2733 2021 2894 2084 hunc
2943 2022 3212 2097 modum,

492 2107 782 2174 videlicet
827 2108 986 2190 quod
1037 2107 1346 2170 scribatur
1391 2106 1638 2175 domino
1689 2107 1816 2190 regi
1867 2108 2185 2189 Huugarie
2234 2109 2295 2172 in
2343 2110 2541 2171 forma
2604 2107 2857 2172 inferius
2905 2113 3211 2172 annotata.

713 2194 948 2277 Capta:
1000 2195 1153 2258 alias
1197 2195 1549 2260 serenitatis
1615 2198 1814 2259 vestre
1882 2196 2121 2259 litteras
2179 2197 2517 2278 recepimus
2583 2197 3001 2274 continenteS,
3061 2197 3219 2279 quod

493 2286 757 2366 treugua
803 2285 940 2347 octo
987 2300 1282 2346 annorum
1326 2282 1402 2346 ob
1450 2284 1564 2347 hoc
1627 2284 1788 2347 inter
1847 2286 2113 2346 vestram
2179 2286 2575 2346 serenitatem
2642 2284 2705 2346 et
2768 2303 2877 2348 nos
2940 2283 3220 2347 ordinata

494 2372 791 2436 extiterat
837 2371 900 2433 et
944 2370 1209 2443 firmata,
1259 2372 1331 2433 ut
1376 2372 1437 2433 in
1486 2372 1617 2451 ipso
1667 2374 1942 2452 tempore
1991 2371 2184 2451 ipsius
2229 2378 2485 2450 treugue
2521 2391 2635 2451 pax
2668 2373 2965 2452 perpetua
3011 2374 3218 2452 posset

498 2459 736 2523 firmari
791 2458 855 2522 et
900 2457 1165 2521 ordinari
1205 2457 1348 2522 hinc
1397 2460 1551 2534 inde,
1605 2461 1666 2522 et
1710 2459 1870 2540 quod
1936 2477 2044 2538 pro
2112 2462 2255 2521 tunc
2322 2459 2581 2522 instanti
2637 2461 2915 2540 tempore
2962 2461 3036 2522 ad
3086 2478 3219 2541 pre-

494 2548 771 2611 senciam
818 2546 1019 2609 vestre
1048 2544 1413 2610 excellencie
1461 2548 1700 2609 nostros
1725 2545 2152 2608 ambaxatores
2196 2545 2441 2607 mittere
2486 2546 2861 2625 poteramus,
2910 2550 2973 2609 et
3005 2547 3219 2609 eadem

499 2636 706 2700 vestra
747 2632 1114 2698 excellencia.
1156 2632 1232 2698 ad
1283 2653 1389 2698 nos
1434 2633 1623 2698 etiam
1672 2633 1915 2715 poterat
1962 2631 2275 2696 destinare
2308 2637 2424 2705 etc,
2471 2635 2651 2714 prout
2691 2632 2754 2695 in
2790 2632 2940 2715 ipsis
2989 2633 3222 2697 litteris

499 2723 740 2806 plenius
788 2725 851 2785 et
899 2721 1249 2785 distinctius
1296 2721 1743 2785 continebatur.
1794 2721 1893 2784 Ad
1944 2739 2198 2802 quarum
2251 2719 2763 2802 significationem
2812 2740 2919 2802 per
2966 2725 3220 2785 nostras

420 2819 427 2826 ‘
499 2809 887 2892 responsivas
934 2809 1176 2873 litteras
1240 2809 1562 2872 recolimus
1624 2808 2047 2889 rescripsisse,
2118 2808 2275 2890 quod
2344 2809 2495 2871 illud
2562 2807 2765 2871 iddem
2817 2810 3218 2890 propositum,

500 2900 660 2981 quod
708 2896 899 2962 habet
940 2900 1146 2961 vestra
1194 2897 1492 2960 serenitas
1540 2896 1614 2959 de
1663 2915 1813 2977 pace
1863 2901 2157 2977 perpetua
2201 2896 2619 2960 confirmanda
2665 2896 2826 2960 iuter
2854 2901 3078 2979 partes,
3115 2916 3222 2960 uos

501 2990 709 3062 etiam,
758 2986 941 3067 prout
987 2985 1159 3049 novit
1196 2985 1558 3060 altissimus,
1606 2984 2025 3060 habebamuS,
2075 2983 2177 3065 qui
2243 3004 2485 3062 semper
2542 2985 2821 3067 dispositi
2887 2984 3115 3049 fuimus
3163 2989 3226 3048 et

501 3092 716 3137 sumus
763 3090 871 3154 pro
918 3075 1090 3153 parte
1138 3076 1368 3149 nostra,
1408 3076 1493 3136 ut*
1522 3073 1780 3134 durante
1830 3071 1994 3135 dicta
2043 3075 2302 3153 treugua
2367 3073 2540 3136 fieret
2607 3075 2902 3154 perpetua
2963 3077 3025 3136 et
3072 3091 3222 3155 pura

505 3179 642 3244 pax,
691 3178 798 3242 per
846 3178 1025 3242 quam
1076 3177 1250 3222 amor
1297 3163 1359 3222 et
1403 3159 1814 3223 benivolentia
1862 3164 2078 3223 mutua
2127 3160 2321 3240 possit
2353 3160 2413 3223 in
2448 3159 2726 3223 futurum
2763 3162 3029 3241 recipere
3076 3178 3219 3223 con-

506 3248 750 3311 tinuum
781 3247 1252 3311 incrementum.
1301 3247 1384 3310 Et
1430 3249 1501 3310 ut
1546 3247 1892 3328 predictum
1919 3248 2192 3311 nostrum
2241 3247 2469 3310 bonum
2498 3249 2874 3329 propositum
2924 3251 2987 3309 et
3020 3249 3224 3311 nostra

506 3353 661 3417 pura
708 3339 771 3398 et
820 3353 987 3398 mera
1025 3335 1292 3399 intencio
1338 3354 1447 3416 per
1491 3333 1777 3398 eflectum
1822 3336 2022 3416 operis
2069 3353 2360 3416 apparere
2409 3334 2648 3415 plenius
2699 3335 3035 3416 potuisset,
3104 3333 3221 3396 nisi

507 3422 732 3486 fuisset
777 3440 954 3486 casus
1001 3422 1420 3496 mortalitatiS,
1462 3440 1576 3502 que
1624 3421 1947 3486 dicebatur
1993 3423 2198 3504 vigere
2261 3423 2320 3484 in
2385 3422 2660 3502 partibus
2709 3420 3063 3501 Hungarie,
3117 3440 3223 3501 per

508 3530 688 3592 quem
738 3511 901 3574 cives
951 3510 1141 3573 nostri
1190 3510 1544 3573 timuissent
1591 3510 1793 3573 venire
1837 3510 1911 3573 ad
1955 3510 2096 3572 illas
2144 3514 2372 3591 parteS,
2422 3510 2566 3589 quia
2613 3508 2688 3570 de
2734 3527 2890 3574 anno
2925 3509 3219 3590 preterito

505 3617 714 3663 casum
771 3597 897 3662 sive
944 3600 1181 3679 pestem
1231 3598 1499 3660 similem
1543 3598 1706 3678 passi
1740 3601 1934 3673 erant,
1975 3597 2320 3678 solempnes
2348 3597 2774 3660 ambaxatores
2808 3603 3044 3659 nostros
3078 3600 3224 3659 tunc

506 3685 913 3761 misissemuS,
958 3687 1062 3749 sed
1109 3702 1295 3766 quam
1344 3685 1466 3749 cito
1510 3684 1899 3759 haberemuS,
1951 3684 2109 3766 quod
2157 3688 2462 3760 cesassct‚
2532 3682 2673 3746 illos
2720 3682 2797 3746 ad
2857 3683 3222 3762 excellencie

510 3777 709 3839 vestre
758 3773 1001 3838 culmen
1043 3772 1626 3847 transmitteremuS,
1670 3771 2090 3855 subiungendo
2133 3773 2344 3847 etiam,
2395 3772 2551 3853 quod
2602 3769 2654 3833 si
2693 3771 2753 3834 in
2785 3771 2901 3835 hoc
2932 3772 3226 3854 temporis

505 3863 811 3926 intervalo
864 3860 1085 3942 aliquis
1134 3859 1350 3923 modus
1414 3859 1510 3923 vel
1557 3859 1723 3923 aliud
1783 3860 2061 3943 quodque
2123 3878 2255 3923 esse
2318 3858 2586 3923 fiendum
2652 3858 2961 3922 videretur
3022 3861 3224 3923 vestre

509 3941 827 4014 serenitati
874 3947 1166 4030 predicte,
1216 3945 1500 4028 quicquid
1546 3946 1743 4010 eidem
1791 3948 2095 4028 placebat,
2146 3949 2387 4029 poterat
2433 3945 2781 4022 declarare,
2830 3945 2974 4028 quia
3019 3947 3228 4029 dispo·-

506 4037 807 4101 nebamur
853 4034 930 4099 ad
978 4037 1256 4117 quodque
1305 4037 1590 4115 spectans
1638 4033 1715 4097 ad
1761 4035 2287 4099 conservacionern
2352 4035 2521 4116 pacis
2585 4037 2878 4117 perpetue
2926 4037 2989 4098 et
3028 4036 3227 4099 mutui

507 4124 736 4189 amoris
782 4123 1135 4187 continuum
1186 4122 1651 4185 incrementum.
1717 4120 1871 4186 Cum
1942 4122 2135 4205 igitur
2200 4124 2545 4186 nesciamus
2594 4141 2702 4204 pro
2748 4124 2951 4200 certe,
3016 4125 3224 4187 utrum

508 4211 719 4274 vestra
767 4209 1066 4274 serenitas
1115 4210 1310 4273 dictas
1338 4211 1578 4272 nostras
1627 4209 1868 4273 litteras
1916 4210 2214 4291 receperit
2260 4211 2386 4275 sive
2421 4228 2559 4285 non,
2610 4212 2673 4274 et
2717 4210 3224 4288 intellexerimuS,

507 4298 663 4378 quod
711 4297 917 4361 divina
959 4296 1241 4377 potencia
1283 4314 1462 4359 suum
1511 4296 1804 4360 iudicium
1849 4296 2231 4380 mitigaverit
2277 4298 2336 4362 in
2382 4297 2661 4379 partibus
2712 4297 3004 4378 predictis
3048 4297 3223 4361 Hun-

509 4385 697 4466 garie,
744 4387 947 4448 vestre
991 4384 1305 4448 maiestati
1347 4382 1608 4448 facimus
1657 4383 2074 4461 manifestum,
2126 4385 2286 4466 quod
2335 4385 2647 4449 occasione
2694 4384 3004 4466 tractandi
3051 4405 3229 4449 omne

509 4471 735 4535 bonum
783 4471 950 4552 pacis
998 4472 1061 4534 et
1104 4474 1333 4536 amoris
1402 4488 1473 4534 ac
1534 4470 1949 4535 benivolencie
2014 4475 2306 4553 perpetue
2377 4471 2694 4536 firmitatis
2758 4491 2972 4536 sumus
3018 4472 3221 4553 parati

510 4559 759 4622 mittere
805 4558 880 4622 ad
931 4559 1200 4622 vestram
1245 4559 1627 4640 presenciam
1677 4560 1918 4622 nostros
1965 4560 2388 4623 ambaxatores
2437 4560 2845 4635 honorabileS,
2895 4559 3225 4622 dummodo

509 4645 754 4728 placeat
804 4649 1003 4710 vestre
1050 4645 1368 4710 serenitati
1418 4644 1655 4728 prefate
1705 4645 1881 4710 nobis
1929 4645 2055 4710 suis
2098 4645 2469 4730 responsivis
2517 4646 2744 4711 litteris
2789 4646 3098 4710 declarare
3145 4644 3221 4707 de

508 4733 640 4812 loco
685 4734 751 4797 et
795 4735 1091 4814 tempore,
1139 4733 1203 4796 in
1247 4750 1365 4813 quo
1413 4733 1477 4796 et
1519 4732 1595 4798 ad
1643 4751 1824 4816 quem
1870 4732 1997 4796 sint
2044 4734 2346 4798 accessuri
2393 4734 2585 4798 nostri
2632 4733 3059 4797 ambaxatores
3092 4750 3227 4814 pre·
