<?xml version="1.0" encoding="UTF-8"?>
<!DOCTYPE html PUBLIC "-//W3C//DTD XHTML 1.0 Transitional//EN"
    "http://www.w3.org/TR/xhtml1/DTD/xhtml1-transitional.dtd">
<html xmlns="http://www.w3.org/1999/xhtml" xml:lang="en" lang="en">
 <head>
  <title>
</title>
<meta http-equiv="Content-Type" content="text/html;charset=utf-8" />
  <meta name='ocr-system' content='tesseract 3.04.00' />
  <meta name='ocr-capabilities' content='ocr_page ocr_carea ocr_par ocr_line ocrx_word'/>
</head>
<body>
  <div class='ocr_page' id='page_1' title='image "./monumentaspecta02umjegoog_0388.png"; bbox 0 0 3620 5282; ppageno 0'>
   <div class='ocr_carea' id='block_1_1' title="bbox 504 377 636 444">
    <p class='ocr_par' dir='ltr' id='par_1_1' title="bbox 504 377 636 444">
     <span class='ocr_line' id='line_1_1' title="bbox 504 377 636 444; baseline -0.008 0"><span class='ocrx_word' id='word_1_1' title='bbox 504 377 636 444; x_wconf 83' lang='lat'>336</span> 
     </span>
    </p>
   </div>
   <div class='ocr_carea' id='block_1_2' title="bbox 500 548 3236 1326">
    <p class='ocr_par' dir='ltr' id='par_1_2' title="bbox 500 548 3236 1326">
     <span class='ocr_line' id='line_1_2' title="bbox 500 548 3227 630; baseline -0.001 -12"><span class='ocrx_word' id='word_1_2' title='bbox 500 554 725 618; x_wconf 90' lang='lat' dir='ltr'>honore</span> <span class='ocrx_word' id='word_1_3' title='bbox 766 551 831 615; x_wconf 93' lang='lat' dir='ltr'>et</span> <span class='ocrx_word' id='word_1_4' title='bbox 875 551 1102 630; x_wconf 83' lang='lat' dir='ltr'>nostre,</span> <span class='ocrx_word' id='word_1_5' title='bbox 1149 551 1431 615; x_wconf 89' lang='lat' dir='ltr'>nostrum</span> <span class='ocrx_word' id='word_1_6' title='bbox 1473 551 1937 616; x_wconf 88' lang='lat' dir='ltr'>ambaxatorem</span> <span class='ocrx_word' id='word_1_7' title='bbox 1984 551 2048 615; x_wconf 90' lang='lat' dir='ltr'>et</span> <span class='ocrx_word' id='word_1_8' title='bbox 2102 551 2386 615; x_wconf 90' lang='lat' dir='ltr'>nuntium</span> <span class='ocrx_word' id='word_1_9' title='bbox 2452 552 2660 616; x_wconf 89' lang='lat' dir='ltr'>nostre</span> <span class='ocrx_word' id='word_1_10' title='bbox 2721 548 3084 615; x_wconf 89' lang='lat' dir='ltr'>intentionis</span> <span class='ocrx_word' id='word_1_11' title='bbox 3131 551 3227 616; x_wconf 94' lang='lat' dir='ltr'>in-</span> 
     </span>
     <span class='ocr_line' id='line_1_3' title="bbox 500 637 3236 717; baseline -0.001 -12"><span class='ocrx_word' id='word_1_12' title='bbox 500 640 836 705; x_wconf 88' lang='lat' dir='ltr'>formatum</span> <span class='ocrx_word' id='word_1_13' title='bbox 885 639 949 702; x_wconf 92' lang='lat' dir='ltr'>in</span> <span class='ocrx_word' id='word_1_14' title='bbox 973 637 1163 717; x_wconf 84' lang='lat' dir='ltr'>brevi,</span> <span class='ocrx_word' id='word_1_15' title='bbox 1213 642 1461 704; x_wconf 78' lang='lat' dir='ltr'>auctore</span> <span class='ocrx_word' id='word_1_16' title='bbox 1509 638 1642 716; x_wconf 90' lang='lat' dir='ltr'>deo,</span> <span class='ocrx_word' id='word_1_17' title='bbox 1690 637 2071 703; x_wconf 82' lang='lat' dir='ltr'><strong>intendimus</strong></span> <span class='ocrx_word' id='word_1_18' title='bbox 2118 639 2428 703; x_wconf 86' lang='lat' dir='ltr'>destinare</span> <span class='ocrx_word' id='word_1_19' title='bbox 2471 638 2793 703; x_wconf 82' lang='lat' dir='ltr'>serenitati</span> <span class='ocrx_word' id='word_1_20' title='bbox 2840 637 3080 715; x_wconf 90' lang='lat' dir='ltr'>ducali,</span> <span class='ocrx_word' id='word_1_21' title='bbox 3127 639 3236 703; x_wconf 87' lang='lat' dir='ltr'>de·</span> 
     </span>
     <span class='ocr_line' id='line_1_4' title="bbox 503 723 3236 809; baseline -0.002 -15"><span class='ocrx_word' id='word_1_22' title='bbox 503 726 820 793; x_wconf 75' lang='lat' dir='ltr'>votissima</span> <span class='ocrx_word' id='word_1_23' title='bbox 866 725 1303 808; x_wconf 81' lang='lat' dir='ltr'>supplicanteS,</span> <span class='ocrx_word' id='word_1_24' title='bbox 1353 728 1657 809; x_wconf 90' lang='lat' dir='ltr'>quatenus</span> <span class='ocrx_word' id='word_1_25' title='bbox 1715 726 1951 790; x_wconf 89' lang='lat' dir='ltr'>nnllam</span> <span class='ocrx_word' id='word_1_26' title='bbox 2000 728 2215 791; x_wconf 89' lang='lat' dir='ltr'>contra</span> <span class='ocrx_word' id='word_1_27' title='bbox 2279 744 2573 808; x_wconf 81' lang='lat' dir='ltr'><strong>personas</strong></span> <span class='ocrx_word' id='word_1_28' title='bbox 2628 723 2876 792; x_wconf 66' lang='lat' dir='ltr'>&#39;nostras</span> <span class='ocrx_word' id='word_1_29' title='bbox 2935 726 3033 792; x_wconf 89' lang='lat' dir='ltr'>vel</span> <span class='ocrx_word' id='word_1_30' title='bbox 3078 728 3236 791; x_wconf 90' lang='lat' dir='ltr'>bona</span> 
     </span>
     <span class='ocr_line' id='line_1_5' title="bbox 501 813 3230 898; baseline -0.001 -17"><span class='ocrx_word' id='word_1_31' title='bbox 501 815 708 881; x_wconf 87' lang='lat' dir='ltr'>velitis</span> <span class='ocrx_word' id='word_1_32' title='bbox 755 814 1002 877; x_wconf 91' lang='lat' dir='ltr'>interim</span> <span class='ocrx_word' id='word_1_33' title='bbox 1046 813 1243 879; x_wconf 90' lang='lat' dir='ltr'>facere</span> <span class='ocrx_word' id='word_1_34' title='bbox 1284 814 1658 891; x_wconf 86' lang='lat' dir='ltr'>novitatem,</span> <span class='ocrx_word' id='word_1_35' title='bbox 1725 834 1866 878; x_wconf 90' lang='lat' dir='ltr'>cum</span> <span class='ocrx_word' id='word_1_36' title='bbox 1917 832 2025 878; x_wconf 89' lang='lat' dir='ltr'>nos</span> <span class='ocrx_word' id='word_1_37' title='bbox 2089 832 2334 896; x_wconf 87' lang='lat' dir='ltr'>semper</span> <span class='ocrx_word' id='word_1_38' title='bbox 2395 818 2713 898; x_wconf 88' lang='lat' dir='ltr'>promptos</span> <span class='ocrx_word' id='word_1_39' title='bbox 2777 814 3105 880; x_wconf 89' lang='lat' dir='ltr'>invenietis</span> <span class='ocrx_word' id='word_1_40' title='bbox 3153 814 3230 878; x_wconf 88' lang='lat' dir='ltr'>ad</span> 
     </span>
     <span class='ocr_line' id='line_1_6' title="bbox 506 900 3231 984; baseline -0 -17"><span class='ocrx_word' id='word_1_41' title='bbox 506 903 711 967; x_wconf 91' lang='lat' dir='ltr'>omnia</span> <span class='ocrx_word' id='word_1_42' title='bbox 758 900 1148 965; x_wconf 78' lang='lat' dir='ltr'>rationabilia</span> <span class='ocrx_word' id='word_1_43' title='bbox 1198 904 1260 965; x_wconf 92' lang='lat' dir='ltr'>et</span> <span class='ocrx_word' id='word_1_44' title='bbox 1300 901 1578 966; x_wconf 89' lang='lat' dir='ltr'>honesta.</span> <span class='ocrx_word' id='word_1_45' title='bbox 1628 901 1793 964; x_wconf 90' lang='lat' dir='ltr'>Nam</span> <span class='ocrx_word' id='word_1_46' title='bbox 1843 903 1907 966; x_wconf 90' lang='lat' dir='ltr'>et</span> <span class='ocrx_word' id='word_1_47' title='bbox 1951 902 2063 966; x_wconf 91' lang='lat' dir='ltr'>hoc</span> <span class='ocrx_word' id='word_1_48' title='bbox 2109 902 2395 967; x_wconf 89' lang='lat' dir='ltr'>omnibus</span> <span class='ocrx_word' id='word_1_49' title='bbox 2434 903 2672 966; x_wconf 85' lang='lat' dir='ltr'>clarum</span> <span class='ocrx_word' id='word_1_50' title='bbox 2720 904 2839 980; x_wconf 89' lang='lat' dir='ltr'>est,</span> <span class='ocrx_word' id='word_1_51' title='bbox 2899 903 3061 984; x_wconf 89' lang='lat' dir='ltr'>quod</span> <span class='ocrx_word' id='word_1_52' title='bbox 3109 902 3231 966; x_wconf 84' lang='lat' dir='ltr'>Ve-</span> 
     </span>
     <span class='ocr_line' id='line_1_7' title="bbox 503 988 3226 1074; baseline 0 -20"><span class='ocrx_word' id='word_1_53' title='bbox 503 992 665 1074; x_wconf 61' lang='lat' dir='ltr'>netis</span> <span class='ocrx_word' id='word_1_54' title='bbox 714 1007 955 1070; x_wconf 91' lang='lat' dir='ltr'>semper</span> <span class='ocrx_word' id='word_1_55' title='bbox 1001 989 1164 1053; x_wconf 86' lang='lat' dir='ltr'>facta</span> <span class='ocrx_word' id='word_1_56' title='bbox 1226 988 1347 1053; x_wconf 84' lang='lat' dir='ltr'>suit</span> <span class='ocrx_word' id='word_1_57' title='bbox 1405 989 1646 1053; x_wconf 88' lang='lat' dir='ltr'>iustitia</span> <span class='ocrx_word' id='word_1_58' title='bbox 1714 990 2030 1071; x_wconf 88' lang='lat' dir='ltr'>expedita,</span> <span class='ocrx_word' id='word_1_59' title='bbox 2099 991 2162 1054; x_wconf 84' lang='lat' dir='ltr'>et</span> <span class='ocrx_word' id='word_1_60' title='bbox 2213 989 2300 1054; x_wconf 90' lang='lat' dir='ltr'>sic</span> <span class='ocrx_word' id='word_1_61' title='bbox 2362 990 2436 1054; x_wconf 89' lang='lat' dir='ltr'>de</span> <span class='ocrx_word' id='word_1_62' title='bbox 2484 989 2605 1055; x_wconf 89' lang='lat' dir='ltr'>levi</span> <span class='ocrx_word' id='word_1_63' title='bbox 2653 991 2915 1070; x_wconf 88' lang='lat' dir='ltr'>pondere</span> <span class='ocrx_word' id='word_1_64' title='bbox 2976 989 3226 1054; x_wconf 77' lang='lat' dir='ltr'>ducales</span> 
     </span>
     <span class='ocr_line' id='line_1_8' title="bbox 504 1076 3224 1160; baseline 0 -18"><span class='ocrx_word' id='word_1_65' title='bbox 504 1078 759 1142; x_wconf 89' lang='lat' dir='ltr'>scientie</span> <span class='ocrx_word' id='word_1_66' title='bbox 802 1094 867 1140; x_wconf 91' lang='lat' dir='ltr'>se</span> <span class='ocrx_word' id='word_1_67' title='bbox 915 1093 1166 1141; x_wconf 87' lang='lat' dir='ltr'>movere</span> <span class='ocrx_word' id='word_1_68' title='bbox 1207 1096 1327 1141; x_wconf 92' lang='lat' dir='ltr'>non</span> <span class='ocrx_word' id='word_1_69' title='bbox 1372 1077 1615 1154; x_wconf 89' lang='lat' dir='ltr'>debent,</span> <span class='ocrx_word' id='word_1_70' title='bbox 1665 1077 1932 1141; x_wconf 90' lang='lat' dir='ltr'>maxime</span> <span class='ocrx_word' id='word_1_71' title='bbox 1982 1078 2197 1142; x_wconf 83' lang='lat' dir='ltr'>contra</span> <span class='ocrx_word' id='word_1_72' title='bbox 2244 1096 2384 1155; x_wconf 77' lang='lat' dir='ltr'>noe,</span> <span class='ocrx_word' id='word_1_73' title='bbox 2433 1077 2538 1160; x_wconf 91' lang='lat' dir='ltr'>qui</span> <span class='ocrx_word' id='word_1_74' title='bbox 2584 1078 2792 1142; x_wconf 86' lang='lat' dir='ltr'>vellud</span> <span class='ocrx_word' id='word_1_75' title='bbox 2839 1076 3061 1142; x_wconf 90' lang='lat' dir='ltr'>Veneti</span> <span class='ocrx_word' id='word_1_76' title='bbox 3128 1096 3224 1142; x_wconf 91' lang='lat' dir='ltr'>re·</span> 
     </span>
     <span class='ocr_line' id='line_1_9' title="bbox 504 1162 2789 1249; baseline -0 -19"><span class='ocrx_word' id='word_1_77' title='bbox 504 1167 817 1249; x_wconf 88' lang='lat' dir='ltr'>putamur.</span> <span class='ocrx_word' id='word_1_78' title='bbox 866 1163 1057 1229; x_wconf 83' lang='lat' dir='ltr'>Facta</span> <span class='ocrx_word' id='word_1_79' title='bbox 1102 1162 1343 1228; x_wconf 84' lang='lat' dir='ltr'>Cattari</span> <span class='ocrx_word' id='word_1_80' title='bbox 1391 1165 1487 1228; x_wconf 89' lang='lat' dir='ltr'>die</span> <span class='ocrx_word' id='word_1_81' title='bbox 1534 1166 1747 1230; x_wconf 89' lang='lat' dir='ltr'>octavo</span> <span class='ocrx_word' id='word_1_82' title='bbox 1793 1164 2159 1244; x_wconf 90' lang='lat' dir='ltr'>decembris,</span> <span class='ocrx_word' id='word_1_83' title='bbox 2210 1184 2364 1229; x_wconf 91' lang='lat' dir='ltr'>none</span> <span class='ocrx_word' id='word_1_84' title='bbox 2413 1164 2789 1230; x_wconf 79' lang='lat' dir='ltr'>indictionis,</span> 
     </span>
     <span class='ocr_line' id='line_1_10' title="bbox 598 1254 2173 1326; baseline -0.002 -10"><span class='ocrx_word' id='word_1_85' title='bbox 598 1254 1168 1316; x_wconf 78' lang='lat' dir='ltr'>Commemorialium</span> <span class='ocrx_word' id='word_1_86' title='bbox 1209 1255 1275 1315; x_wconf 88' lang='lat' dir='ltr'>V.</span> <span class='ocrx_word' id='word_1_87' title='bbox 1324 1257 1428 1326; x_wconf 80' lang='lat'>83,</span> <span class='ocrx_word' id='word_1_88' title='bbox 1473 1273 1516 1314; x_wconf 82' lang='lat' dir='ltr'>u</span> <span class='ocrx_word' id='word_1_89' title='bbox 1555 1256 1897 1315; x_wconf 64' lang='lat' dir='ltr'>mletackom</span> <span class='ocrx_word' id='word_1_90' title='bbox 1943 1257 2173 1315; x_wconf 78' lang='lat' dir='ltr'>arkivu.</span> 
     </span>
    </p>
   </div>
   <div class='ocr_carea' id='block_1_3' title="bbox 932 1442 2807 1545">
    <p class='ocr_par' dir='ltr' id='par_1_3' title="bbox 932 1442 2807 1545">
     <span class='ocr_line' id='line_1_11' title="bbox 932 1442 2807 1545; baseline -0.001 -19"><span class='ocrx_word' id='word_1_91' title='bbox 932 1445 1030 1526; x_wconf 86' lang='lat' dir='ltr'>l).</span> <span class='ocrx_word' id='word_1_92' title='bbox 1112 1444 1318 1530; x_wconf 77' lang='lat' dir='ltr'>God.</span> <span class='ocrx_word' id='word_1_93' title='bbox 1374 1442 1599 1527; x_wconf 77' lang='lat'>1356.</span> <span class='ocrx_word' id='word_1_94' title='bbox 1653 1443 1762 1526; x_wconf 77' lang='lat'>20</span> <span class='ocrx_word' id='word_1_95' title='bbox 1816 1443 2247 1545; x_wconf 76' lang='lat' dir='ltr'>prosince,</span> <span class='ocrx_word' id='word_1_96' title='bbox 2302 1465 2364 1524; x_wconf 90' lang='lat' dir='ltr'>u</span> <span class='ocrx_word' id='word_1_97' title='bbox 2415 1442 2807 1526; x_wconf 84' lang='lat' dir='ltr'>Mletcih.</span> 
     </span>
    </p>
   </div>
   <div class='ocr_carea' id='block_1_4' title="bbox 513 1570 3238 1719">
    <p class='ocr_par' dir='ltr' id='par_1_4' title="bbox 513 1570 3238 1719">
     <span class='ocr_line' id='line_1_12' title="bbox 513 1570 3238 1719; baseline -0.002 -86"><span class='ocrx_word' id='word_1_98' title='bbox 513 1571 816 1642; x_wconf 84' lang='lat' dir='ltr'>Naredba,</span> <span class='ocrx_word' id='word_1_99' title='bbox 851 1589 936 1645; x_wconf 78' lang='lat' dir='ltr'>po</span> <span class='ocrx_word' id='word_1_100' title='bbox 980 1572 1140 1644; x_wconf 76' lang='lat' dir='ltr'>kojoj</span> <span class='ocrx_word' id='word_1_101' title='bbox 1186 1571 1301 1630; x_wconf 83' lang='lat' dir='ltr'>bilo</span> <span class='ocrx_word' id='word_1_102' title='bbox 1342 1572 1410 1645; x_wconf 69' lang='lat' dir='ltr'>Je</span> <span class='ocrx_word' id='word_1_103' title='bbox 1453 1571 1814 1719; x_wconf 47' lang='lat' dir='ltr'>zabgazjeno</span> <span class='ocrx_word' id='word_1_104' title='bbox 1866 1572 2045 1716; x_wconf 54' lang='lat' dir='ltr'>vogiti</span> <span class='ocrx_word' id='word_1_105' title='bbox 2106 1572 2379 1645; x_wconf 75' lang='lat' dir='ltr'>tryovinu</span> <span class='ocrx_word' id='word_1_106' title='bbox 2438 1571 2495 1630; x_wconf 74' lang='lat' dir='ltr'>iz</span> <span class='ocrx_word' id='word_1_107' title='bbox 2539 1571 2820 1630; x_wconf 70' lang='lat' dir='ltr'>mletacke</span> <span class='ocrx_word' id='word_1_108' title='bbox 2863 1588 2907 1629; x_wconf 78' lang='lat' dir='ltr'>u</span> <span class='ocrx_word' id='word_1_109' title='bbox 2952 1570 3238 1643; x_wconf 77' lang='lat' dir='ltr'>apuljsku</span> 
     </span>
     <span class='ocr_line' id='line_1_13' title="bbox 1609 1657 2169 1717; baseline -0.004 0"><span class='ocrx_word' id='word_1_110' title='bbox 1609 1676 1643 1717; x_wconf 83' lang='lat' dir='ltr'>r</span> <span class='ocrx_word' id='word_1_111' title='bbox 1677 1675 1795 1717; x_wconf 81' lang='lat' dir='ltr'>avu</span> <span class='ocrx_word' id='word_1_112' title='bbox 1839 1657 1864 1715; x_wconf 79' lang='lat' dir='ltr'>i</span> <span class='ocrx_word' id='word_1_113' title='bbox 1907 1675 1939 1717; x_wconf 94' lang='lat' dir='ltr'>o</span> <span class='ocrx_word' id='word_1_114' title='bbox 1979 1663 2169 1717; x_wconf 67' lang='lat' dir='ltr'>raino.</span> 
     </span>
    </p>
   </div>
   <div class='ocr_carea' id='block_1_5' title="bbox 502 1776 3234 3691">
    <p class='ocr_par' dir='ltr' id='par_1_5' title="bbox 502 1776 3234 3350">
     <span class='ocr_line' id='line_1_14' title="bbox 721 1776 3227 1860; baseline -0.002 -17"><span class='ocrx_word' id='word_1_115' title='bbox 721 1777 911 1844; x_wconf 86' lang='lat'><strong>1356.</strong></span> <span class='ocrx_word' id='word_1_116' title='bbox 962 1777 1298 1843; x_wconf 79' lang='lat' dir='ltr'>indictione</span> <span class='ocrx_word' id='word_1_117' title='bbox 1345 1778 1421 1856; x_wconf 94' lang='lat' dir='ltr'>X,</span> <span class='ocrx_word' id='word_1_118' title='bbox 1470 1777 1567 1842; x_wconf 89' lang='lat' dir='ltr'>die</span> <span class='ocrx_word' id='word_1_119' title='bbox 1614 1778 1731 1841; x_wconf 89' lang='lat' dir='ltr'>XX</span> <span class='ocrx_word' id='word_1_120' title='bbox 1777 1778 2011 1841; x_wconf 83' lang='lat' dir='ltr'>mensis</span> <span class='ocrx_word' id='word_1_121' title='bbox 2072 1777 2439 1857; x_wconf 64' lang='lat' dir='ltr'>decembris»,</span> <span class='ocrx_word' id='word_1_122' title='bbox 2488 1780 2711 1860; x_wconf 84' lang='lat' dir='ltr'>capta:</span> <span class='ocrx_word' id='word_1_123' title='bbox 2777 1796 2918 1842; x_wconf 91' lang='lat' dir='ltr'>cum</span> <span class='ocrx_word' id='word_1_124' title='bbox 2963 1797 3076 1860; x_wconf 90' lang='lat' dir='ltr'>per</span> <span class='ocrx_word' id='word_1_125' title='bbox 3122 1776 3227 1839; x_wconf 91' lang='lat' dir='ltr'>de-</span> 
     </span>
     <span class='ocr_line' id='line_1_15' title="bbox 507 1864 3229 1947; baseline -0.001 -15"><span class='ocrx_word' id='word_1_126' title='bbox 507 1866 1012 1932; x_wconf 73' lang='lat' dir='ltr'>terminationem</span> <span class='ocrx_word' id='word_1_127' title='bbox 1057 1866 1241 1931; x_wconf 90' lang='lat' dir='ltr'>huius</span> <span class='ocrx_word' id='word_1_128' title='bbox 1286 1865 1525 1930; x_wconf 91' lang='lat' dir='ltr'>consilii</span> <span class='ocrx_word' id='word_1_129' title='bbox 1584 1864 1783 1947; x_wconf 88' lang='lat' dir='ltr'>pridie</span> <span class='ocrx_word' id='word_1_130' title='bbox 1844 1865 2076 1929; x_wconf 86' lang='lat' dir='ltr'>fuerint</span> <span class='ocrx_word' id='word_1_131' title='bbox 2135 1866 2402 1930; x_wconf 84' lang='lat' dir='ltr'>revocati</span> <span class='ocrx_word' id='word_1_132' title='bbox 2467 1865 2681 1930; x_wconf 88' lang='lat' dir='ltr'>consul</span> <span class='ocrx_word' id='word_1_133' title='bbox 2746 1867 2809 1930; x_wconf 89' lang='lat' dir='ltr'>et</span> <span class='ocrx_word' id='word_1_134' title='bbox 2858 1865 3229 1929; x_wconf 85' lang='lat' dir='ltr'>mercatores</span> 
     </span>
     <span class='ocr_line' id='line_1_16' title="bbox 507 1950 3232 2037; baseline -0.002 -18"><span class='ocrx_word' id='word_1_135' title='bbox 507 1955 704 2020; x_wconf 91' lang='lat' dir='ltr'>nostri</span> <span class='ocrx_word' id='word_1_136' title='bbox 750 1956 823 2019; x_wconf 90' lang='lat' dir='ltr'>de</span> <span class='ocrx_word' id='word_1_137' title='bbox 870 1954 1156 2018; x_wconf 89' lang='lat' dir='ltr'>omnibus</span> <span class='ocrx_word' id='word_1_138' title='bbox 1203 1954 1486 2036; x_wconf 87' lang='lat' dir='ltr'>partibus</span> <span class='ocrx_word' id='word_1_139' title='bbox 1532 1953 1709 2036; x_wconf 82' lang='lat' dir='ltr'>regni</span> <span class='ocrx_word' id='word_1_140' title='bbox 1735 1953 1995 2034; x_wconf 89' lang='lat' dir='ltr'>Apulee,</span> <span class='ocrx_word' id='word_1_141' title='bbox 2045 1954 2109 2017; x_wconf 87' lang='lat' dir='ltr'>et</span> <span class='ocrx_word' id='word_1_142' title='bbox 2153 1951 2343 2018; x_wconf 88' lang='lat' dir='ltr'>fuerit</span> <span class='ocrx_word' id='word_1_143' title='bbox 2367 1950 2768 2037; x_wconf 84' lang='lat' dir='ltr'>prohibitum,</span> <span class='ocrx_word' id='word_1_144' title='bbox 2818 1954 2976 2037; x_wconf 91' lang='lat' dir='ltr'>quod</span> <span class='ocrx_word' id='word_1_145' title='bbox 3024 1951 3232 2016; x_wconf 85' lang='lat' dir='ltr'>nullus</span> 
     </span>
     <span class='ocr_line' id='line_1_17' title="bbox 506 2039 3232 2123; baseline -0.001 -17"><span class='ocrx_word' id='word_1_146' title='bbox 506 2060 578 2106; x_wconf 89' lang='lat' dir='ltr'>ex</span> <span class='ocrx_word' id='word_1_147' title='bbox 626 2042 857 2107; x_wconf 89' lang='lat' dir='ltr'>nostris</span> <span class='ocrx_word' id='word_1_148' title='bbox 904 2041 1163 2106; x_wconf 81' lang='lat' dir='ltr'>auderet</span> <span class='ocrx_word' id='word_1_149' title='bbox 1206 2041 1357 2105; x_wconf 90' lang='lat' dir='ltr'>illuc</span> <span class='ocrx_word' id='word_1_150' title='bbox 1398 2040 1506 2119; x_wconf 89' lang='lat' dir='ltr'>ire,</span> <span class='ocrx_word' id='word_1_151' title='bbox 1557 2042 1830 2120; x_wconf 89' lang='lat' dir='ltr'>mittere,</span> <span class='ocrx_word' id='word_1_152' title='bbox 1882 2040 1979 2105; x_wconf 89' lang='lat' dir='ltr'>vel</span> <span class='ocrx_word' id='word_1_153' title='bbox 2042 2041 2231 2104; x_wconf 84' lang='lat' dir='ltr'>etiam</span> <span class='ocrx_word' id='word_1_154' title='bbox 2298 2042 2681 2116; x_wconf 87' lang='lat' dir='ltr'>conversari,</span> <span class='ocrx_word' id='word_1_155' title='bbox 2740 2043 2804 2104; x_wconf 89' lang='lat' dir='ltr'>et</span> <span class='ocrx_word' id='word_1_156' title='bbox 2850 2042 2973 2104; x_wconf 88' lang='lat' dir='ltr'>ista</span> <span class='ocrx_word' id='word_1_157' title='bbox 3021 2039 3232 2123; x_wconf 90' lang='lat' dir='ltr'>prohi-</span> 
     </span>
     <span class='ocr_line' id='line_1_18' title="bbox 508 2126 3234 2209; baseline -0.002 -14"><span class='ocrx_word' id='word_1_158' title='bbox 508 2130 661 2196; x_wconf 91' lang='lat' dir='ltr'>bitio</span> <span class='ocrx_word' id='word_1_159' title='bbox 723 2130 1033 2194; x_wconf 88' lang='lat' dir='ltr'>modicum</span> <span class='ocrx_word' id='word_1_160' title='bbox 1097 2130 1196 2193; x_wconf 90' lang='lat' dir='ltr'>vel</span> <span class='ocrx_word' id='word_1_161' title='bbox 1257 2146 1471 2209; x_wconf 89' lang='lat' dir='ltr'>parum</span> <span class='ocrx_word' id='word_1_162' title='bbox 1533 2127 1768 2193; x_wconf 86' lang='lat' dir='ltr'>valeret</span> <span class='ocrx_word' id='word_1_163' title='bbox 1824 2127 1901 2191; x_wconf 88' lang='lat' dir='ltr'>ad</span> <span class='ocrx_word' id='word_1_164' title='bbox 1970 2127 2382 2192; x_wconf 88' lang='lat' dir='ltr'>intentionem</span> <span class='ocrx_word' id='word_1_165' title='bbox 2448 2130 2723 2193; x_wconf 89' lang='lat' dir='ltr'>nostram</span> <span class='ocrx_word' id='word_1_166' title='bbox 2769 2127 2889 2192; x_wconf 88' lang='lat' dir='ltr'>nisi</span> <span class='ocrx_word' id='word_1_167' title='bbox 2953 2126 3234 2192; x_wconf 88' lang='lat' dir='ltr'>totaliter</span> 
     </span>
     <span class='ocr_line' id='line_1_19' title="bbox 507 2214 3231 2301; baseline -0.002 -19"><span class='ocrx_word' id='word_1_168' title='bbox 507 2218 897 2301; x_wconf 87' lang='lat' dir='ltr'>stringantur</span> <span class='ocrx_word' id='word_1_169' title='bbox 940 2235 1040 2281; x_wconf 90' lang='lat' dir='ltr'>res</span> <span class='ocrx_word' id='word_1_170' title='bbox 1089 2220 1155 2280; x_wconf 85' lang='lat' dir='ltr'>et</span> <span class='ocrx_word' id='word_1_171' title='bbox 1201 2216 1600 2280; x_wconf 89' lang='lat' dir='ltr'>mercimonia</span> <span class='ocrx_word' id='word_1_172' title='bbox 1639 2215 1879 2295; x_wconf 90' lang='lat' dir='ltr'>deinde,</span> <span class='ocrx_word' id='word_1_173' title='bbox 1926 2234 2068 2298; x_wconf 81' lang='lat' dir='ltr'>ymo</span> <span class='ocrx_word' id='word_1_174' title='bbox 2109 2218 2272 2280; x_wconf 89' lang='lat' dir='ltr'>esset</span> <span class='ocrx_word' id='word_1_175' title='bbox 2315 2215 2685 2281; x_wconf 90' lang='lat' dir='ltr'>damnosum</span> <span class='ocrx_word' id='word_1_176' title='bbox 2719 2216 2948 2281; x_wconf 90' lang='lat' dir='ltr'>nostris</span> <span class='ocrx_word' id='word_1_177' title='bbox 2990 2218 3055 2279; x_wconf 88' lang='lat' dir='ltr'>et</span> <span class='ocrx_word' id='word_1_178' title='bbox 3088 2214 3231 2279; x_wconf 91' lang='lat' dir='ltr'>aliis</span> 
     </span>
     <span class='ocr_line' id='line_1_20' title="bbox 502 2303 3233 2386; baseline -0.001 -17"><span class='ocrx_word' id='word_1_179' title='bbox 502 2306 926 2369; x_wconf 86' lang='lat' dir='ltr'>fructuosum:</span> <span class='ocrx_word' id='word_1_180' title='bbox 976 2304 1148 2367; x_wconf 86' lang='lat' dir='ltr'>vadit</span> <span class='ocrx_word' id='word_1_181' title='bbox 1196 2321 1357 2385; x_wconf 79' lang='lat' dir='ltr'>parS,</span> <span class='ocrx_word' id='word_1_182' title='bbox 1405 2304 1564 2385; x_wconf 90' lang='lat' dir='ltr'>quod</span> <span class='ocrx_word' id='word_1_183' title='bbox 1610 2322 1682 2368; x_wconf 89' lang='lat' dir='ltr'>ex</span> <span class='ocrx_word' id='word_1_184' title='bbox 1728 2321 1891 2367; x_wconf 90' lang='lat' dir='ltr'>nunc</span> <span class='ocrx_word' id='word_1_185' title='bbox 1937 2303 2378 2385; x_wconf 85' lang='lat' dir='ltr'>prohibeatur,</span> <span class='ocrx_word' id='word_1_186' title='bbox 2440 2303 2601 2386; x_wconf 91' lang='lat' dir='ltr'>quod</span> <span class='ocrx_word' id='word_1_187' title='bbox 2649 2303 2961 2385; x_wconf 82' lang='lat' dir='ltr'>aliquibus</span> <span class='ocrx_word' id='word_1_188' title='bbox 3013 2303 3233 2367; x_wconf 90' lang='lat' dir='ltr'>merci-</span> 
     </span>
     <span class='ocr_line' id='line_1_21' title="bbox 507 2390 3232 2472; baseline -0.001 -15"><span class='ocrx_word' id='word_1_189' title='bbox 507 2393 730 2457; x_wconf 91' lang='lat' dir='ltr'>moniis</span> <span class='ocrx_word' id='word_1_190' title='bbox 779 2392 878 2456; x_wconf 87' lang='lat' dir='ltr'>vel</span> <span class='ocrx_word' id='word_1_191' title='bbox 922 2391 1105 2455; x_wconf 88' lang='lat' dir='ltr'>rebus</span> <span class='ocrx_word' id='word_1_192' title='bbox 1154 2390 1591 2472; x_wconf 87' lang='lat' dir='ltr'>cuiuscumque</span> <span class='ocrx_word' id='word_1_193' title='bbox 1638 2391 2013 2455; x_wconf 90' lang='lat' dir='ltr'>condicionis</span> <span class='ocrx_word' id='word_1_194' title='bbox 2075 2392 2379 2469; x_wconf 79' lang='lat' dir='ltr'>existant,</span> <span class='ocrx_word' id='word_1_195' title='bbox 2447 2392 2611 2455; x_wconf 88' lang='lat' dir='ltr'>natis</span> <span class='ocrx_word' id='word_1_196' title='bbox 2659 2391 2758 2456; x_wconf 89' lang='lat' dir='ltr'>vel</span> <span class='ocrx_word' id='word_1_197' title='bbox 2820 2391 3122 2457; x_wconf 89' lang='lat' dir='ltr'>laboratis</span> <span class='ocrx_word' id='word_1_198' title='bbox 3168 2391 3232 2454; x_wconf 90' lang='lat' dir='ltr'>in</span> 
     </span>
     <span class='ocr_line' id='line_1_22' title="bbox 505 2477 3231 2562; baseline -0.001 -18"><span class='ocrx_word' id='word_1_199' title='bbox 505 2480 712 2562; x_wconf 91' lang='lat' dir='ltr'>aliqua</span> <span class='ocrx_word' id='word_1_200' title='bbox 758 2481 931 2561; x_wconf 88' lang='lat' dir='ltr'>parte</span> <span class='ocrx_word' id='word_1_201' title='bbox 973 2478 1168 2543; x_wconf 86' lang='lat' dir='ltr'>totius</span> <span class='ocrx_word' id='word_1_202' title='bbox 1214 2479 1387 2561; x_wconf 88' lang='lat' dir='ltr'>regni</span> <span class='ocrx_word' id='word_1_203' title='bbox 1413 2477 1672 2561; x_wconf 88' lang='lat' dir='ltr'>Apulee,</span> <span class='ocrx_word' id='word_1_204' title='bbox 1720 2497 1839 2542; x_wconf 91' lang='lat' dir='ltr'>non</span> <span class='ocrx_word' id='word_1_205' title='bbox 1886 2479 2084 2561; x_wconf 86' lang='lat' dir='ltr'>possit</span> <span class='ocrx_word' id='word_1_206' title='bbox 2129 2480 2256 2544; x_wconf 90' lang='lat' dir='ltr'>ullo</span> <span class='ocrx_word' id='word_1_207' title='bbox 2302 2478 2480 2543; x_wconf 91' lang='lat' dir='ltr'>modo</span> <span class='ocrx_word' id='word_1_208' title='bbox 2529 2479 2629 2544; x_wconf 86' lang='lat' dir='ltr'>vel</span> <span class='ocrx_word' id='word_1_209' title='bbox 2673 2479 2922 2562; x_wconf 84' lang='lat' dir='ltr'>ingenio</span> <span class='ocrx_word' id='word_1_210' title='bbox 2970 2480 3084 2561; x_wconf 86' lang='lat' dir='ltr'>per&#39;</span> <span class='ocrx_word' id='word_1_211' title='bbox 3112 2478 3231 2542; x_wconf 89' lang='lat' dir='ltr'>ali-</span> 
     </span>
     <span class='ocr_line' id='line_1_23' title="bbox 505 2565 3222 2651; baseline -0.001 -19"><span class='ocrx_word' id='word_1_212' title='bbox 505 2585 688 2651; x_wconf 89' lang='lat' dir='ltr'>quam</span> <span class='ocrx_word' id='word_1_213' title='bbox 737 2583 1082 2650; x_wconf 75' lang='lat' dir='ltr'>personans,</span> <span class='ocrx_word' id='word_1_214' title='bbox 1131 2567 1328 2632; x_wconf 89' lang='lat' dir='ltr'>civem</span> <span class='ocrx_word' id='word_1_215' title='bbox 1378 2566 1473 2630; x_wconf 86' lang='lat' dir='ltr'>vel</span> <span class='ocrx_word' id='word_1_216' title='bbox 1519 2565 1823 2630; x_wconf 87' lang='lat' dir='ltr'>forensem</span> <span class='ocrx_word' id='word_1_217' title='bbox 1870 2565 2124 2630; x_wconf 91' lang='lat' dir='ltr'>conduci</span> <span class='ocrx_word' id='word_1_218' title='bbox 2174 2568 2251 2630; x_wconf 92' lang='lat' dir='ltr'>ad</span> <span class='ocrx_word' id='word_1_219' title='bbox 2299 2567 2619 2631; x_wconf 86' lang='lat' dir='ltr'>civitatem</span> <span class='ocrx_word' id='word_1_220' title='bbox 2671 2567 3081 2632; x_wconf 88' lang='lat' dir='ltr'>Veneciarum</span> <span class='ocrx_word' id='word_1_221' title='bbox 3110 2584 3222 2630; x_wconf 89' lang='lat' dir='ltr'>nec</span> 
     </span>
     <span class='ocr_line' id='line_1_24' title="bbox 506 2654 3224 2738; baseline -0.001 -18"><span class='ocrx_word' id='word_1_222' title='bbox 506 2657 585 2720; x_wconf 90' lang='lat' dir='ltr'>ad</span> <span class='ocrx_word' id='word_1_223' title='bbox 627 2656 866 2738; x_wconf 90' lang='lat' dir='ltr'>aliquas</span> <span class='ocrx_word' id='word_1_224' title='bbox 911 2656 1113 2737; x_wconf 89' lang='lat' dir='ltr'>partes</span> <span class='ocrx_word' id='word_1_225' title='bbox 1165 2656 1332 2719; x_wconf 88' lang='lat' dir='ltr'>intra</span> <span class='ocrx_word' id='word_1_226' title='bbox 1379 2654 1672 2736; x_wconf 90' lang='lat' dir='ltr'>culphum</span> <span class='ocrx_word' id='word_1_227' title='bbox 1722 2673 1757 2719; x_wconf 90' lang='lat' dir='ltr'>a</span> <span class='ocrx_word' id='word_1_228' title='bbox 1802 2655 2072 2719; x_wconf 87' lang='lat' dir='ltr'>Duracio</span> <span class='ocrx_word' id='word_1_229' title='bbox 2133 2655 2322 2734; x_wconf 89' lang='lat' dir='ltr'>citra,</span> <span class='ocrx_word' id='word_1_230' title='bbox 2374 2659 2437 2720; x_wconf 86' lang='lat' dir='ltr'>et</span> <span class='ocrx_word' id='word_1_231' title='bbox 2483 2655 2645 2737; x_wconf 92' lang='lat' dir='ltr'>quod</span> <span class='ocrx_word' id='word_1_232' title='bbox 2692 2655 2903 2720; x_wconf 89' lang='lat' dir='ltr'>nullus</span> <span class='ocrx_word' id='word_1_233' title='bbox 2951 2655 3224 2719; x_wconf 89' lang='lat' dir='ltr'>Venetus</span> 
     </span>
     <span class='ocr_line' id='line_1_25' title="bbox 506 2742 3228 2825; baseline -0.001 -18"><span class='ocrx_word' id='word_1_234' title='bbox 506 2745 605 2807; x_wconf 89' lang='lat' dir='ltr'>vel</span> <span class='ocrx_word' id='word_1_235' title='bbox 652 2743 852 2808; x_wconf 90' lang='lat' dir='ltr'>fidelis</span> <span class='ocrx_word' id='word_1_236' title='bbox 914 2744 1125 2808; x_wconf 86' lang='lat' dir='ltr'>noster</span> <span class='ocrx_word' id='word_1_237' title='bbox 1171 2742 1365 2825; x_wconf 89' lang='lat' dir='ltr'>possit</span> <span class='ocrx_word' id='word_1_238' title='bbox 1416 2761 1524 2824; x_wconf 91' lang='lat' dir='ltr'>per</span> <span class='ocrx_word' id='word_1_239' title='bbox 1584 2760 1648 2806; x_wconf 91' lang='lat' dir='ltr'>se</span> <span class='ocrx_word' id='word_1_240' title='bbox 1714 2742 1810 2807; x_wconf 89' lang='lat' dir='ltr'>vel</span> <span class='ocrx_word' id='word_1_241' title='bbox 1873 2743 2065 2806; x_wconf 90' lang='lat' dir='ltr'>alium</span> <span class='ocrx_word' id='word_1_242' title='bbox 2129 2742 2275 2807; x_wconf 92' lang='lat' dir='ltr'>illuc</span> <span class='ocrx_word' id='word_1_243' title='bbox 2344 2743 2577 2825; x_wconf 90' lang='lat' dir='ltr'>aliquid</span> <span class='ocrx_word' id='word_1_244' title='bbox 2642 2743 2894 2808; x_wconf 89' lang='lat' dir='ltr'>mittere</span> <span class='ocrx_word' id='word_1_245' title='bbox 2943 2744 3041 2808; x_wconf 80' lang='lat' dir='ltr'>vel</span> <span class='ocrx_word' id='word_1_246' title='bbox 3086 2742 3228 2806; x_wconf 91' lang='lat' dir='ltr'>inde</span> 
     </span>
     <span class='ocr_line' id='line_1_26' title="bbox 506 2829 3230 2913; baseline -0.001 -17"><span class='ocrx_word' id='word_1_247' title='bbox 506 2831 827 2896; x_wconf 82' lang='lat' dir='ltr'>extrahere</span> <span class='ocrx_word' id='word_1_248' title='bbox 875 2832 973 2896; x_wconf 87' lang='lat' dir='ltr'>vel</span> <span class='ocrx_word' id='word_1_249' title='bbox 1018 2830 1254 2895; x_wconf 88' lang='lat' dir='ltr'>extrahi</span> <span class='ocrx_word' id='word_1_250' title='bbox 1300 2831 1498 2895; x_wconf 86' lang='lat' dir='ltr'>facere</span> <span class='ocrx_word' id='word_1_251' title='bbox 1540 2847 1650 2913; x_wconf 90' lang='lat' dir='ltr'>pro</span> <span class='ocrx_word' id='word_1_252' title='bbox 1697 2831 2082 2894; x_wconf 89' lang='lat' dir='ltr'>conducendo</span> <span class='ocrx_word' id='word_1_253' title='bbox 2129 2829 2193 2893; x_wconf 92' lang='lat' dir='ltr'>in</span> <span class='ocrx_word' id='word_1_254' title='bbox 2224 2831 2500 2913; x_wconf 87' lang='lat' dir='ltr'>aliquam</span> <span class='ocrx_word' id='word_1_255' title='bbox 2533 2833 2777 2913; x_wconf 83' lang='lat' dir='ltr'>partem</span> <span class='ocrx_word' id='word_1_256' title='bbox 2806 2830 2982 2897; x_wconf 91' lang='lat' dir='ltr'>modo</span> <span class='ocrx_word' id='word_1_257' title='bbox 3024 2829 3230 2911; x_wconf 90' lang='lat' dir='ltr'>aliquo</span> 
     </span>
     <span class='ocr_line' id='line_1_27' title="bbox 507 2916 3231 3001; baseline -0.001 -19"><span class='ocrx_word' id='word_1_258' title='bbox 507 2919 638 2983; x_wconf 86' lang='lat' dir='ltr'>sive</span> <span class='ocrx_word' id='word_1_259' title='bbox 684 2918 923 2997; x_wconf 78' lang='lat' dir='ltr'>forma3</span> <span class='ocrx_word' id='word_1_260' title='bbox 972 2919 1037 2983; x_wconf 89' lang='lat' dir='ltr'>et</span> <span class='ocrx_word' id='word_1_261' title='bbox 1080 2918 1332 3001; x_wconf 87' lang='lat' dir='ltr'>insuper</span> <span class='ocrx_word' id='word_1_262' title='bbox 1378 2916 1538 3000; x_wconf 90' lang='lat' dir='ltr'>quod</span> <span class='ocrx_word' id='word_1_263' title='bbox 1573 2916 1748 2994; x_wconf 79' lang='lat' dir='ltr'>nulla</span> <span class='ocrx_word' id='word_1_264' title='bbox 1792 2935 2050 3000; x_wconf 84' lang='lat' dir='ltr'>persona</span> <span class='ocrx_word' id='word_1_265' title='bbox 2096 2917 2175 2981; x_wconf 88' lang='lat' dir='ltr'>ab</span> <span class='ocrx_word' id='word_1_266' title='bbox 2225 2917 2341 2984; x_wconf 92' lang='lat' dir='ltr'>hoc</span> <span class='ocrx_word' id='word_1_267' title='bbox 2388 2919 2483 2983; x_wconf 90' lang='lat' dir='ltr'>die</span> <span class='ocrx_word' id='word_1_268' title='bbox 2533 2920 2595 2982; x_wconf 91' lang='lat' dir='ltr'>in</span> <span class='ocrx_word' id='word_1_269' title='bbox 2642 2920 2828 2985; x_wconf 88' lang='lat' dir='ltr'>antea</span> <span class='ocrx_word' id='word_1_270' title='bbox 2873 2919 3098 2983; x_wconf 88' lang='lat' dir='ltr'>audeat</span> <span class='ocrx_word' id='word_1_271' title='bbox 3129 2917 3231 2981; x_wconf 89' lang='lat' dir='ltr'>vel</span> 
     </span>
     <span class='ocr_line' id='line_1_28' title="bbox 504 3004 3225 3090; baseline -0.001 -19"><span class='ocrx_word' id='word_1_272' title='bbox 504 3010 826 3090; x_wconf 88' lang='lat' dir='ltr'>presumat</span> <span class='ocrx_word' id='word_1_273' title='bbox 872 3006 1121 3089; x_wconf 84' lang='lat' dir='ltr'>ingenio</span> <span class='ocrx_word' id='word_1_274' title='bbox 1167 3006 1371 3088; x_wconf 87' lang='lat' dir='ltr'>aliquo</span> <span class='ocrx_word' id='word_1_275' title='bbox 1419 3005 1516 3071; x_wconf 84' lang='lat' dir='ltr'>vel</span> <span class='ocrx_word' id='word_1_276' title='bbox 1564 3004 1767 3069; x_wconf 91' lang='lat' dir='ltr'>colore</span> <span class='ocrx_word' id='word_1_277' title='bbox 1814 3023 1922 3086; x_wconf 91' lang='lat' dir='ltr'>per</span> <span class='ocrx_word' id='word_1_278' title='bbox 1967 3023 2032 3068; x_wconf 86' lang='lat' dir='ltr'>se</span> <span class='ocrx_word' id='word_1_279' title='bbox 2078 3005 2178 3071; x_wconf 86' lang='lat' dir='ltr'>vel</span> <span class='ocrx_word' id='word_1_280' title='bbox 2226 3005 2421 3070; x_wconf 88' lang='lat' dir='ltr'>alium</span> <span class='ocrx_word' id='word_1_281' title='bbox 2475 3007 2795 3071; x_wconf 83' lang='lat' dir='ltr'>extrahere</span> <span class='ocrx_word' id='word_1_282' title='bbox 2841 3005 2938 3072; x_wconf 89' lang='lat' dir='ltr'>vel</span> <span class='ocrx_word' id='word_1_283' title='bbox 2985 3004 3225 3071; x_wconf 84' lang='lat' dir='ltr'>extrahi</span> 
     </span>
     <span class='ocr_line' id='line_1_29' title="bbox 506 3092 3232 3176; baseline -0.001 -18"><span class='ocrx_word' id='word_1_284' title='bbox 506 3093 705 3158; x_wconf 86' lang='lat' dir='ltr'>facere</span> <span class='ocrx_word' id='word_1_285' title='bbox 753 3094 828 3159; x_wconf 88' lang='lat' dir='ltr'>de</span> <span class='ocrx_word' id='word_1_286' title='bbox 875 3093 1163 3158; x_wconf 90' lang='lat' dir='ltr'>Veneciis</span> <span class='ocrx_word' id='word_1_287' title='bbox 1208 3112 1318 3157; x_wconf 91' lang='lat' dir='ltr'>nec</span> <span class='ocrx_word' id='word_1_288' title='bbox 1365 3093 1438 3157; x_wconf 90' lang='lat' dir='ltr'>de</span> <span class='ocrx_word' id='word_1_289' title='bbox 1485 3093 1639 3157; x_wconf 90' lang='lat' dir='ltr'>locis</span> <span class='ocrx_word' id='word_1_290' title='bbox 1686 3092 1997 3174; x_wconf 88' lang='lat' dir='ltr'>aliquibus</span> <span class='ocrx_word' id='word_1_291' title='bbox 2059 3092 2353 3158; x_wconf 89' lang='lat' dir='ltr'>subiectis</span> <span class='ocrx_word' id='word_1_292' title='bbox 2418 3097 2629 3160; x_wconf 88' lang='lat' dir='ltr'>nostro</span> <span class='ocrx_word' id='word_1_293' title='bbox 2692 3094 2961 3159; x_wconf 91' lang='lat' dir='ltr'>dominio</span> <span class='ocrx_word' id='word_1_294' title='bbox 3022 3094 3232 3176; x_wconf 89' lang='lat' dir='ltr'>aliqua</span> 
     </span>
     <span class='ocr_line' id='line_1_30' title="bbox 506 3179 3228 3266; baseline 0 -21"><span class='ocrx_word' id='word_1_295' title='bbox 506 3181 906 3246; x_wconf 89' lang='lat' dir='ltr'>mercimonia</span> <span class='ocrx_word' id='word_1_296' title='bbox 954 3180 1051 3246; x_wconf 88' lang='lat' dir='ltr'>vel</span> <span class='ocrx_word' id='word_1_297' title='bbox 1092 3200 1191 3245; x_wconf 90' lang='lat' dir='ltr'>res</span> <span class='ocrx_word' id='word_1_298' title='bbox 1237 3198 1346 3262; x_wconf 89' lang='lat' dir='ltr'>pro</span> <span class='ocrx_word' id='word_1_299' title='bbox 1408 3180 1802 3244; x_wconf 89' lang='lat' dir='ltr'>conducendo</span> <span class='ocrx_word' id='word_1_300' title='bbox 1865 3179 1946 3243; x_wconf 91' lang='lat' dir='ltr'>ad</span> <span class='ocrx_word' id='word_1_301' title='bbox 1994 3182 2200 3262; x_wconf 87' lang='lat' dir='ltr'>partes</span> <span class='ocrx_word' id='word_1_302' title='bbox 2264 3180 2505 3265; x_wconf 88' lang='lat' dir='ltr'>Apulee</span> <span class='ocrx_word' id='word_1_303' title='bbox 2562 3183 2947 3266; x_wconf 86' lang='lat' dir='ltr'>supradictas</span> <span class='ocrx_word' id='word_1_304' title='bbox 3003 3183 3103 3249; x_wconf 88' lang='lat' dir='ltr'>vel</span> <span class='ocrx_word' id='word_1_305' title='bbox 3149 3180 3228 3246; x_wconf 89' lang='lat' dir='ltr'>ad</span> 
     </span>
     <span class='ocr_line' id='line_1_31' title="bbox 507 3267 1941 3350; baseline 0 -18"><span class='ocrx_word' id='word_1_306' title='bbox 507 3268 783 3350; x_wconf 88' lang='lat' dir='ltr'>aliquam</span> <span class='ocrx_word' id='word_1_307' title='bbox 825 3267 1212 3344; x_wconf 80' lang='lat' dir='ltr'>earumdem3</span> <span class='ocrx_word' id='word_1_308' title='bbox 1262 3268 1775 3332; x_wconf 84' lang='lat' dir='ltr'>contrafacientes</span> <span class='ocrx_word' id='word_1_309' title='bbox 1823 3271 1941 3332; x_wconf 91' lang='lat' dir='ltr'>etc.</span> 
     </span>
    </p>

    <p class='ocr_par' dir='ltr' id='par_1_6' title="bbox 514 3317 3234 3616">
     <span class='ocr_line' id='line_1_32' title="bbox 723 3317 3234 3441; baseline 0 -22"><span class='ocrx_word' id='word_1_310' title='bbox 723 3356 910 3433; x_wconf 90' lang='lat' dir='ltr'>Nota,</span> <span class='ocrx_word' id='word_1_311' title='bbox 959 3355 1120 3437; x_wconf 90' lang='lat' dir='ltr'>quod</span> <span class='ocrx_word' id='word_1_312' title='bbox 1167 3317 1332 3420; x_wconf 74' lang='lat' dir='ltr'>dicta</span> <span class='ocrx_word' id='word_1_313' title='bbox 1378 3373 1518 3436; x_wconf 84' lang='lat' dir='ltr'>pars</span> <span class='ocrx_word' id='word_1_314' title='bbox 1564 3354 1688 3419; x_wconf 86' lang='lat' dir='ltr'>fuit</span> <span class='ocrx_word' id='word_1_315' title='bbox 1723 3356 2123 3438; x_wconf 87' lang='lat' dir='ltr'>proclamata,</span> <span class='ocrx_word' id='word_1_316' title='bbox 2173 3358 2236 3421; x_wconf 89' lang='lat' dir='ltr'>et</span> <span class='ocrx_word' id='word_1_317' title='bbox 2280 3357 2465 3422; x_wconf 90' lang='lat' dir='ltr'>etiam</span> <span class='ocrx_word' id='word_1_318' title='bbox 2516 3357 2634 3422; x_wconf 89' lang='lat' dir='ltr'>fuit</span> <span class='ocrx_word' id='word_1_319' title='bbox 2679 3358 2985 3441; x_wconf 87' lang='lat' dir='ltr'>scriptum</span> <span class='ocrx_word' id='word_1_320' title='bbox 3031 3356 3234 3421; x_wconf 85' lang='lat' dir='ltr'>recto-</span> 
     </span>
     <span class='ocr_line' id='line_1_33' title="bbox 515 3404 3234 3528; baseline 0.001 -21"><span class='ocrx_word' id='word_1_321' title='bbox 515 3442 709 3522; x_wconf 78' lang='lat' dir='ltr'>ribuS,</span> <span class='ocrx_word' id='word_1_322' title='bbox 759 3404 1044 3508; x_wconf 67' lang='lat' dir='ltr'>videlicet</span> <span class='ocrx_word' id='word_1_323' title='bbox 1088 3442 1297 3521; x_wconf 81' lang='lat' dir='ltr'>Jadre,</span> <span class='ocrx_word' id='word_1_324' title='bbox 1348 3440 1670 3521; x_wconf 88' lang='lat' dir='ltr'>Scardone,</span> <span class='ocrx_word' id='word_1_325' title='bbox 1722 3443 2009 3523; x_wconf 89' lang='lat' dir='ltr'>Sibenici,</span> <span class='ocrx_word' id='word_1_326' title='bbox 2059 3443 2384 3527; x_wconf 83' lang='lat' dir='ltr'>Tragurii,</span> <span class='ocrx_word' id='word_1_327' title='bbox 2436 3444 2713 3528; x_wconf 87' lang='lat' dir='ltr'>Spalati,</span> <span class='ocrx_word' id='word_1_328' title='bbox 2763 3445 2951 3511; x_wconf 83' lang='lat' dir='ltr'>Farre</span> <span class='ocrx_word' id='word_1_329' title='bbox 2998 3447 3062 3510; x_wconf 81' lang='lat' dir='ltr'>et</span> <span class='ocrx_word' id='word_1_330' title='bbox 3107 3444 3234 3511; x_wconf 83' lang='lat' dir='ltr'>Ra-</span> 
     </span>
     <span class='ocr_line' id='line_1_34' title="bbox 514 3528 2117 3616; baseline -0.001 -21"><span class='ocrx_word' id='word_1_331' title='bbox 514 3530 678 3616; x_wconf 87' lang='lat' dir='ltr'>gusii</span> <span class='ocrx_word' id='word_1_332' title='bbox 725 3548 798 3595; x_wconf 86' lang='lat' dir='ltr'>ac</span> <span class='ocrx_word' id='word_1_333' title='bbox 843 3528 1164 3612; x_wconf 88' lang='lat' dir='ltr'>capitaneo</span> <span class='ocrx_word' id='word_1_334' title='bbox 1206 3530 1520 3613; x_wconf 86' lang='lat' dir='ltr'>lignorum</span> <span class='ocrx_word' id='word_1_335' title='bbox 1566 3531 1747 3594; x_wconf 87' lang='lat' dir='ltr'>Istrie</span> <span class='ocrx_word' id='word_1_336' title='bbox 1795 3533 1860 3596; x_wconf 90' lang='lat' dir='ltr'>et</span> <span class='ocrx_word' id='word_1_337' title='bbox 1905 3532 2117 3595; x_wconf 80' lang='lat' dir='ltr'>maris,</span> 
     </span>
    </p>

    <p class='ocr_par' dir='ltr' id='par_1_7' title="bbox 595 3621 2052 3691">
     <span class='ocr_line' id='line_1_35' title="bbox 595 3621 2052 3691; baseline 0 -10"><span class='ocrx_word' id='word_1_338' title='bbox 595 3621 776 3682; x_wconf 73' lang='lat' dir='ltr'>Misti</span> <span class='ocrx_word' id='word_1_339' title='bbox 825 3621 955 3679; x_wconf 87' lang='lat' dir='ltr'>XX</span> <span class='ocrx_word' id='word_1_340' title='bbox 964 3621 1108 3681; x_wconf 89' lang='lat' dir='ltr'><em>VII.</em></span> <span class='ocrx_word' id='word_1_341' title='bbox 1160 3622 1306 3691; x_wconf 78' lang='lat'>103,</span> <span class='ocrx_word' id='word_1_342' title='bbox 1348 3640 1390 3680; x_wconf 79' lang='lat' dir='ltr'>u</span> <span class='ocrx_word' id='word_1_343' title='bbox 1432 3622 1648 3681; x_wconf 76' lang='lat' dir='ltr'>arkivu</span> <span class='ocrx_word' id='word_1_344' title='bbox 1691 3621 2052 3681; x_wconf 67' lang='lat' dir='ltr'>mletackom.</span> 
     </span>
    </p>
   </div>
   <div class='ocr_carea' id='block_1_6' title="bbox 924 3810 2835 3913">
    <p class='ocr_par' dir='ltr' id='par_1_8' title="bbox 924 3810 2835 3913">
     <span class='ocr_line' id='line_1_36' title="bbox 924 3810 2835 3913; baseline 0.001 -21"><span class='ocrx_word' id='word_1_345' title='bbox 924 3810 1069 3893; x_wconf 86' lang='lat' dir='ltr'>DI.</span> <span class='ocrx_word' id='word_1_346' title='bbox 1147 3810 1353 3894; x_wconf 74' lang='lat' dir='ltr'>God.</span> <span class='ocrx_word' id='word_1_347' title='bbox 1408 3810 1637 3894; x_wconf 78' lang='lat'><strong>1356.</strong></span> <span class='ocrx_word' id='word_1_348' title='bbox 1691 3811 1793 3894; x_wconf 77' lang='lat'>23</span> <span class='ocrx_word' id='word_1_349' title='bbox 1846 3812 2277 3913; x_wconf 75' lang='lat' dir='ltr'>prosince,</span> <span class='ocrx_word' id='word_1_350' title='bbox 2328 3834 2390 3893; x_wconf 89' lang='lat' dir='ltr'>u</span> <span class='ocrx_word' id='word_1_351' title='bbox 2445 3812 2835 3896; x_wconf 83' lang='lat' dir='ltr'>Mletcih.</span> 
     </span>
    </p>
   </div>
   <div class='ocr_carea' id='block_1_7' title="bbox 508 3938 3238 4086">
    <p class='ocr_par' dir='ltr' id='par_1_9' title="bbox 508 3938 3238 4086">
     <span class='ocr_line' id='line_1_37' title="bbox 508 3938 3238 4086; baseline 0.001 -89"><span class='ocrx_word' id='word_1_352' title='bbox 508 3938 783 4013; x_wconf 70' lang='lat' dir='ltr'>Mniem&#39;e</span> <span class='ocrx_word' id='word_1_353' title='bbox 828 3938 1048 3998; x_wconf 80' lang='lat' dir='ltr'>odbora</span> <span class='ocrx_word' id='word_1_354' title='bbox 1091 3939 1385 3998; x_wconf 74' lang='lat' dir='ltr'>izabrana</span> <span class='ocrx_word' id='word_1_355' title='bbox 1424 3957 1467 3997; x_wconf 83' lang='lat' dir='ltr'>u</span> <span class='ocrx_word' id='word_1_356' title='bbox 1502 3939 1684 4084; x_wconf 70' lang='lat' dir='ltr'>120le</span> <span class='ocrx_word' id='word_1_357' title='bbox 1728 3939 2040 4086; x_wconf 46' lang='grc' dir='ltr'>ἳιέιειΐὶνῗε</span> <span class='ocrx_word' id='word_1_358' title='bbox 2070 3938 2349 4012; x_wconf 61' lang='lat' dir='ltr'>obstojeee</span> <span class='ocrx_word' id='word_1_359' title='bbox 2379 3940 2577 4013; x_wconf 78' lang='lat' dir='ltr'>medju</span> <span class='ocrx_word' id='word_1_360' title='bbox 2621 3940 2862 4000; x_wconf 75' lang='lat' dir='ltr'>knezom</span> <span class='ocrx_word' id='word_1_361' title='bbox 2906 3940 2930 3999; x_wconf 70' lang='lat' dir='ltr'>c·</span> <span class='ocrx_word' id='word_1_362' title='bbox 2975 3939 3238 4000; x_wconf 66' lang='lat' dir='ltr'>obbinom</span> 
     </span>
     <span class='ocr_line' id='line_1_38' title="bbox 1679 4042 2105 4086; baseline -0.002 -2"><span class='ocrx_word' id='word_1_363' title='bbox 1679 4042 1745 4084; x_wconf 87' lang='lat' dir='ltr'>or</span> <span class='ocrx_word' id='word_1_364' title='bbox 1883 4043 1956 4086; x_wconf 82' lang='lat' dir='ltr'>ns</span> <span class='ocrx_word' id='word_1_365' title='bbox 1997 4043 2105 4086; x_wconf 89' lang='lat' dir='ltr'>om.</span> 
     </span>
    </p>
   </div>
   <div class='ocr_carea' id='block_1_8' title="bbox 508 4143 3237 4847">
    <p class='ocr_par' dir='ltr' id='par_1_10' title="bbox 508 4143 3237 4847">
     <span class='ocr_line' id='line_1_39' title="bbox 726 4143 3235 4231; baseline 0.001 -22"><span class='ocrx_word' id='word_1_366' title='bbox 726 4144 914 4210; x_wconf 81' lang='lat'>1356.</span> <span class='ocrx_word' id='word_1_367' title='bbox 961 4145 1293 4211; x_wconf 90' lang='lat' dir='ltr'>indictione</span> <span class='ocrx_word' id='word_1_368' title='bbox 1340 4145 1419 4225; x_wconf 90' lang='lat' dir='ltr'>X,</span> <span class='ocrx_word' id='word_1_369' title='bbox 1468 4143 1567 4210; x_wconf 91' lang='lat' dir='ltr'>die</span> <span class='ocrx_word' id='word_1_370' title='bbox 1611 4144 1833 4210; x_wconf 90' lang='lat' dir='ltr'>XXIII</span> <span class='ocrx_word' id='word_1_371' title='bbox 1893 4147 2126 4212; x_wconf 87' lang='lat' dir='ltr'>mensis</span> <span class='ocrx_word' id='word_1_372' title='bbox 2190 4147 2549 4212; x_wconf 85' lang='lat' dir='ltr'>decembris.</span> <span class='ocrx_word' id='word_1_373' title='bbox 2622 4145 2822 4231; x_wconf 82' lang='lat' dir='ltr'>Capta</span> <span class='ocrx_word' id='word_1_374' title='bbox 2868 4148 2933 4214; x_wconf 91' lang='lat' dir='ltr'>in</span> <span class='ocrx_word' id='word_1_375' title='bbox 2980 4147 3235 4212; x_wconf 89' lang='lat' dir='ltr'>consilio</span> 
     </span>
     <span class='ocr_line' id='line_1_40' title="bbox 509 4233 3235 4319; baseline 0 -21"><span class='ocrx_word' id='word_1_376' title='bbox 509 4235 887 4316; x_wconf 86' lang='lat' dir='ltr'>rogatorum.</span> <span class='ocrx_word' id='word_1_377' title='bbox 939 4234 1341 4316; x_wconf 89' lang='lat' dir='ltr'>Infrascripte</span> <span class='ocrx_word' id='word_1_378' title='bbox 1388 4235 1533 4299; x_wconf 88' lang='lat' dir='ltr'>sunt</span> <span class='ocrx_word' id='word_1_379' title='bbox 1579 4233 1852 4318; x_wconf 90' lang='lat' dir='ltr'>querelle</span> <span class='ocrx_word' id='word_1_380' title='bbox 1897 4235 1961 4299; x_wconf 93' lang='lat' dir='ltr'>et</span> <span class='ocrx_word' id='word_1_381' title='bbox 2006 4235 2425 4318; x_wconf 86' lang='lat' dir='ltr'>exposiciones</span> <span class='ocrx_word' id='word_1_382' title='bbox 2472 4236 2634 4300; x_wconf 89' lang='lat' dir='ltr'>facte</span> <span class='ocrx_word' id='word_1_383' title='bbox 2672 4256 2781 4319; x_wconf 89' lang='lat' dir='ltr'>per</span> <span class='ocrx_word' id='word_1_384' title='bbox 2828 4236 3100 4301; x_wconf 88' lang='lat' dir='ltr'>nobilem</span> <span class='ocrx_word' id='word_1_385' title='bbox 3140 4236 3235 4301; x_wconf 85' lang='lat' dir='ltr'>vi-</span> 
     </span>
     <span class='ocr_line' id='line_1_41' title="bbox 510 4319 3237 4406; baseline 0.001 -23"><span class='ocrx_word' id='word_1_386' title='bbox 510 4338 648 4384; x_wconf 91' lang='lat' dir='ltr'>rum</span> <span class='ocrx_word' id='word_1_387' title='bbox 689 4340 789 4385; x_wconf 92' lang='lat' dir='ltr'>ser</span> <span class='ocrx_word' id='word_1_388' title='bbox 840 4321 1249 4387; x_wconf 89' lang='lat' dir='ltr'>Michaletum</span> <span class='ocrx_word' id='word_1_389' title='bbox 1296 4319 1577 4404; x_wconf 80' lang='lat' dir='ltr'>GeorgiO,</span> <span class='ocrx_word' id='word_1_390' title='bbox 1629 4321 1828 4387; x_wconf 92' lang='lat' dir='ltr'>filium</span> <span class='ocrx_word' id='word_1_391' title='bbox 1877 4322 2099 4387; x_wconf 89' lang='lat' dir='ltr'>nobilis</span> <span class='ocrx_word' id='word_1_392' title='bbox 2163 4323 2282 4388; x_wconf 86' lang='lat' dir='ltr'>viri</span> <span class='ocrx_word' id='word_1_393' title='bbox 2327 4323 2562 4387; x_wconf 90' lang='lat' dir='ltr'>domini</span> <span class='ocrx_word' id='word_1_394' title='bbox 2624 4323 2929 4389; x_wconf 85' lang='lat' dir='ltr'>Johannis</span> <span class='ocrx_word' id='word_1_395' title='bbox 2974 4324 3237 4406; x_wconf 87' lang='lat' dir='ltr'>Georgio</span> 
     </span>
     <span class='ocr_line' id='line_1_42' title="bbox 513 4408 3237 4494; baseline 0.001 -23"><span class='ocrx_word' id='word_1_396' title='bbox 513 4408 756 4472; x_wconf 89' lang='lat' dir='ltr'>comitis</span> <span class='ocrx_word' id='word_1_397' title='bbox 806 4409 1080 4475; x_wconf 88' lang='lat' dir='ltr'>civitatis</span> <span class='ocrx_word' id='word_1_398' title='bbox 1129 4408 1387 4474; x_wconf 89' lang='lat' dir='ltr'>Curzole</span> <span class='ocrx_word' id='word_1_399' title='bbox 1434 4426 1506 4473; x_wconf 90' lang='lat' dir='ltr'>ac</span> <span class='ocrx_word' id='word_1_400' title='bbox 1553 4410 1797 4474; x_wconf 90' lang='lat' dir='ltr'>nomine</span> <span class='ocrx_word' id='word_1_401' title='bbox 1849 4411 1913 4474; x_wconf 89' lang='lat' dir='ltr'>et</span> <span class='ocrx_word' id='word_1_402' title='bbox 1956 4410 2086 4475; x_wconf 89' lang='lat' dir='ltr'>vice</span> <span class='ocrx_word' id='word_1_403' title='bbox 2123 4409 2274 4475; x_wconf 88' lang='lat' dir='ltr'>dicti</span> <span class='ocrx_word' id='word_1_404' title='bbox 2320 4410 2554 4475; x_wconf 91' lang='lat' dir='ltr'>domini</span> <span class='ocrx_word' id='word_1_405' title='bbox 2600 4411 2850 4477; x_wconf 89' lang='lat' dir='ltr'>comitis</span> <span class='ocrx_word' id='word_1_406' title='bbox 2897 4412 3091 4494; x_wconf 87' lang='lat' dir='ltr'>patris</span> <span class='ocrx_word' id='word_1_407' title='bbox 3140 4409 3237 4475; x_wconf 90' lang='lat' dir='ltr'>sui</span> 
     </span>
     <span class='ocr_line' id='line_1_43' title="bbox 511 4496 3236 4579; baseline 0.002 -22"><span class='ocrx_word' id='word_1_408' title='bbox 511 4510 719 4557; x_wconf 87' lang='lat' dir='ltr'>coram</span> <span class='ocrx_word' id='word_1_409' title='bbox 769 4496 1084 4561; x_wconf 85' lang='lat' dir='ltr'>nobilibus</span> <span class='ocrx_word' id='word_1_410' title='bbox 1132 4500 1195 4562; x_wconf 89' lang='lat' dir='ltr'>et</span> <span class='ocrx_word' id='word_1_411' title='bbox 1240 4496 1622 4579; x_wconf 89' lang='lat' dir='ltr'>sapientibus</span> <span class='ocrx_word' id='word_1_412' title='bbox 1669 4497 1819 4564; x_wconf 85' lang='lat' dir='ltr'>viris</span> <span class='ocrx_word' id='word_1_413' title='bbox 1882 4517 1981 4563; x_wconf 89' lang='lat' dir='ltr'>ser</span> <span class='ocrx_word' id='word_1_414' title='bbox 2024 4498 2311 4563; x_wconf 85' lang='lat' dir='ltr'>Johanne</span> <span class='ocrx_word' id='word_1_415' title='bbox 2375 4497 2776 4578; x_wconf 82' lang='lat' dir='ltr'>LauredanO,</span> <span class='ocrx_word' id='word_1_416' title='bbox 2844 4518 2943 4564; x_wconf 88' lang='lat' dir='ltr'>ser</span> <span class='ocrx_word' id='word_1_417' title='bbox 2992 4498 3236 4563; x_wconf 86' lang='lat' dir='ltr'>Marino</span> 
     </span>
     <span class='ocr_line' id='line_1_44' title="bbox 508 4580 3235 4666; baseline 0.002 -23"><span class='ocrx_word' id='word_1_418' title='bbox 508 4580 701 4659; x_wconf 91' lang='lat' dir='ltr'>Bono,</span> <span class='ocrx_word' id='word_1_419' title='bbox 751 4583 968 4648; x_wconf 85' lang='lat' dir='ltr'>electis</span> <span class='ocrx_word' id='word_1_420' title='bbox 1016 4584 1398 4666; x_wconf 75' lang='lat' dir='ltr'>sapientibus</span> <span class='ocrx_word' id='word_1_421' title='bbox 1450 4603 1487 4647; x_wconf 91' lang='lat' dir='ltr'>a</span> <span class='ocrx_word' id='word_1_422' title='bbox 1535 4584 1739 4650; x_wconf 87' lang='lat' dir='ltr'>ducali</span> <span class='ocrx_word' id='word_1_423' title='bbox 1786 4585 2056 4649; x_wconf 91' lang='lat' dir='ltr'>dominio</span> <span class='ocrx_word' id='word_1_424' title='bbox 2102 4585 2180 4649; x_wconf 91' lang='lat' dir='ltr'>ad</span> <span class='ocrx_word' id='word_1_425' title='bbox 2227 4584 2618 4662; x_wconf 86' lang='lat' dir='ltr'>audiendum,</span> <span class='ocrx_word' id='word_1_426' title='bbox 2666 4586 3144 4651; x_wconf 87' lang='lat' dir='ltr'>examinandum</span> <span class='ocrx_word' id='word_1_427' title='bbox 3170 4586 3235 4650; x_wconf 89' lang='lat' dir='ltr'>et</span> 
     </span>
     <span class='ocr_line' id='line_1_45' title="bbox 510 4668 3237 4774; baseline 0.002 -42"><span class='ocrx_word' id='word_1_428' title='bbox 510 4668 956 4734; x_wconf 89' lang='lat' dir='ltr'>consulendum</span> <span class='ocrx_word' id='word_1_429' title='bbox 1000 4689 1184 4770; x_wconf 82' lang='lat' dir='ltr'>super</span> <span class='ocrx_word' id='word_1_430' title='bbox 1230 4672 1712 4754; x_wconf 87' lang='lat' dir='ltr'>exposicionibus</span> <span class='ocrx_word' id='word_1_431' title='bbox 1759 4673 1824 4737; x_wconf 90' lang='lat' dir='ltr'>et</span> <span class='ocrx_word' id='word_1_432' title='bbox 1866 4673 2162 4755; x_wconf 90' lang='lat' dir='ltr'>querellis</span> <span class='ocrx_word' id='word_1_433' title='bbox 2209 4673 2526 4756; x_wconf 87' lang='lat' dir='ltr'>predictis.</span> <span class='ocrx_word' id='word_1_434' title='bbox 2578 4672 2747 4774; x_wconf 76' lang='lat' dir='ltr'>Quas</span> <span class='ocrx_word' id='word_1_435' title='bbox 2796 4674 3045 4757; x_wconf 91' lang='lat' dir='ltr'>quidem</span> <span class='ocrx_word' id='word_1_436' title='bbox 3087 4691 3237 4773; x_wconf 81' lang='lat' dir='ltr'>que-</span> 
     </span>
     <span class='ocr_line' id='line_1_46' title="bbox 509 4754 3210 4847; baseline 0.002 -27"><span class='ocrx_word' id='word_1_437' title='bbox 509 4754 699 4820; x_wconf 89' lang='lat' dir='ltr'>rellas</span> <span class='ocrx_word' id='word_1_438' title='bbox 745 4759 810 4822; x_wconf 88' lang='lat' dir='ltr'>et</span> <span class='ocrx_word' id='word_1_439' title='bbox 853 4757 1265 4841; x_wconf 87' lang='lat' dir='ltr'>exposiciones</span> <span class='ocrx_word' id='word_1_440' title='bbox 1310 4759 1512 4824; x_wconf 87' lang='lat' dir='ltr'>dictus</span> <span class='ocrx_word' id='word_1_441' title='bbox 1558 4759 1932 4825; x_wconf 88' lang='lat' dir='ltr'>Michaletus</span> <span class='ocrx_word' id='word_1_442' title='bbox 1977 4762 2254 4843; x_wconf 89' lang='lat' dir='ltr'>exposuit</span> <span class='ocrx_word' id='word_1_443' title='bbox 2296 4761 2360 4825; x_wconf 92' lang='lat' dir='ltr'>in</span> <span class='ocrx_word' id='word_1_444' title='bbox 2406 4762 2725 4844; x_wconf 87' lang='lat' dir='ltr'>presencia</span> <span class='ocrx_word' id='word_1_445' title='bbox 2769 4760 3026 4847; x_wconf 85' lang='lat' dir='ltr'>Syrachi</span> <span class='ocrx_word' id='word_1_446' title='bbox 3058 4761 3210 4827; x_wconf 81' lang='lat' dir='ltr'>civis</span> 
     </span>
    </p>
   </div>
  </div>
 </body>
</html>
