3620 5282
472 354 558 427 828

930 533 1134 617 cm.
1189 532 1395 614 God.
1451 531 1679 617 1366.
1734 529 1841 613 20
1894 530 2182 631 tulna,
2235 552 2295 611 ιι
2347 529 2751 612 Budimu.

558 678 844 752 Ia'udevit
889 675 1219 752 uyaraehrv.
1268 674 1436 748 lara&
1478 675 1618 735 moli
1662 675 1980 744 Mletcane,
2032 676 2187 734 nelca
2233 693 2334 735 mu
2381 679 2594 749 ustupe
2639 675 2713 734 do
2754 679 2855 750 pet
2891 676 3102 751 ραὶῇα.

684 794 1050 878 Exemplum
1095 792 1450 859 litterarum
1494 794 1829 860 missarum
1877 815 1987 877 per
2034 795 2352 859 dominum
2403 813 2609 878 regem
2642 793 2979 878 Hungarie,
3030 793 3205 859 cuius

474 882 891 967 superscripto
937 881 1083 947 talis
1128 884 1258 945 est:
1309 880 1529 946 Inclito
1577 882 1824 947 domino
1872 884 2082 947 Marco
2124 881 2417 948 Cornario
2463 882 2603 946 duci
2649 902 2721 947 ac
2783 880 3097 946 nobilibus
3144 882 3210 944 et

475 969 863 1054 sapientibus
907 967 1057 1034 viris
1105 1018 1121 1034 .
1170 1018 1183 1031 .
1234 1018 1245 1029 .
1298 968 1552 1034 consilio
1600 972 1664 1033 et
1709 970 2023 1033 communi
2079 970 2498 1047 Veneciarum,
2538 969 2755 1035 amicis
2820 968 3047 1034 nostris
3106 986 3208 1032 ca·-

475 1057 766 1124 rissimiS.
819 1092 894 1105 —
945 1055 1287 1120 Lodovicus
1333 1057 1431 1119 dei
1475 1057 1680 1138 gratia
1721 1075 1823 1120 rex
1869 1056 2210 1138 Hungarie.
2260 1056 2465 1121 Amici
2514 1055 2834 1121 carissimi.
2905 1055 3203 1134 Quamvis

475 1146 634 1210 alias
678 1144 854 1209 nobis
900 1145 1116 1208 contra
1160 1142 1431 1208 Turchos
1476 1143 1648 1218 duas,
1698 1146 1827 1208 tres
1873 1162 2067 1225 usque
2112 1144 2380 1227 quinque
2425 1143 2637 1226 galeas
2684 1145 2954 1208 armatas
3006 1141 3206 1207 omni·

475 1232 593 1297 bus
640 1229 865 1296 vestris
911 1230 1195 1313 expensis
1240 1248 1348 1311 pro
1393 1232 1670 1310 tempore
1719 1249 1824 1294 sex
1867 1231 2170 1294 mensium
2220 1231 2597 1306 obtuleritiS,
2659 1230 2734 1294 de
2791 1249 2911 1312 qua
2956 1230 3204 1313 quidem

477 1319 670 1385 etiam
714 1317 1027 1384 oblatione
1073 1317 1244 1382 vobis
1291 1336 1470 1396 nunc,
1519 1318 1681 1381 sicut
1729 1317 1895 1398 prius
1942 1318 2222 1396 fecimus,
2272 1318 2650 1398 multiplices
2698 1317 3024 1382 referimus
3064 1335 3206 1400 gra-

478 1408 708 1472 tiarum
756 1406 1064 1479 actiones;
1114 1406 1321 1469 tamen
1367 1424 1478 1469 nos
1528 1403 1984 1469 considerantes
2031 1405 2268 1469 labores
2315 1408 2379 1470 et
2434 1423 2748 1486 expensae,
2794 1424 3013 1481 onera,
3088 1423 3206 1486 que

478 1491 730 1559 cottidie
778 1492 1068 1570 suffertiS,
1115 1494 1179 1556 et
1223 1493 1417 1556 eciam
1469 1490 1860 1557 attendentes
1906 1496 2105 1573 pacta,
2176 1511 2294 1574 que
2355 1510 2495 1555 cum
2542 1491 2801 1557 Turchis
2848 1491 3085 1556 Palatio
3146 1493 3212 1555 et

477 1580 770 1663 Theologi
815 1580 1082 1655 habetis,
1130 1579 1415 1644 nolumus
1462 1598 1572 1644 vos
1615 1579 1677 1643 in
1717 1577 1914 1643 tantis
1955 1580 2234 1660 expensis
2295 1581 2640 1661 aggravari,
2707 1598 2815 1643 nec
2876 1578 3208 1662 quicquam

479 1668 693 1733 contra
759 1665 898 1749 ipsa
963 1667 1144 1748 pacta
1213 1667 1472 1747 operari,
1544 1665 1650 1730 sed
1721 1666 2067 1730 amiciciam
2117 1666 2388 1731 vestram
2430 1668 2675 1732 attento
2719 1665 2923 1730 studio
2995 1667 3211 1748 depre-

480 1772 710 1831 camur,
759 1755 1061 1837 quatenus
1112 1753 1289 1818 nobis
1336 1753 1607 1836 quinque
1640 1772 1894 1836 corpora
1924 1754 2238 1838 galearum
2272 1773 2413 1819 cum
2449 1755 2578 1818 suis
2617 1754 2970 1829 armaturiS,
3019 1752 3208 1818 remis

485 1842 549 1907 et
619 1841 759 1906 aliis
823 1839 1182 1905 attinenciis
1247 1842 1621 1917 concedatis,
1693 1839 1915 1925 quibus
1964 1861 2075 1906 nos
2122 1843 2198 1907 ad
2238 1860 2532 1924 expensas
2593 1843 2835 1907 nostras
2891 1841 2965 1904 de
3024 1841 3208 1923 gente

484 1927 943 2013 providebimus
988 1930 1350 2010 opportuna,
1398 1927 1695 1992 sinceram
1746 1928 1923 1992 nobis
1970 1929 2032 1991 in
2080 1930 2192 1994 hoc
2237 1929 2586 1993 amiciciam
2633 1933 2697 1994 et
2741 1927 2982 2011 gratam
3041 1945 3210 1992 com-

486 2015 870 2098 placenciam
917 2015 1248 2089 facientes:
1298 2015 1364 2078 et
1408 2014 1696 2098 quicquid
1750 2034 1934 2097 super
2000 2016 2122 2080 hiis
2183 2014 2396 2080 fideles
2457 2016 2653 2080 nostri
2714 2013 3054 2080 familiares
3116 2013 3212 2077 di-

483 2103 636 2168 lecti
679 2102 964 2167 Lucanus
1035 2103 1108 2166 de
1178 2100 1515 2168 Grimaldis
1579 2104 1644 2166 et
1705 2102 1930 2166 Petrus
1993 2102 2079 2167 de'
2128 2104 2329 2168 Medio
2395 2103 2776 2183 presencium
2840 2101 3209 2167 exhibitores

482 2189 748 2254 dixerint
789 2190 1035 2254 nomine
1080 2192 1309 2266 nostro,
1355 2190 1467 2254 hoc
1512 2187 1763 2255 indubie
1808 2191 2058 2254 credere
2100 2190 2326 2255 velitis.
2398 2189 2628 2254 Datum
2694 2188 2867 2256 Bude
2929 2188 3029 2254 die
3088 2187 3210 2253 XX

479 2276 874 2359 septembris,
925 2295 1080 2342 anno
1125 2276 1344 2344 LXVI.

573 2380 1140 2445 Commemorialium
1198 2384 1339 2443 VII.
1386 2385 1487 2453 62,
1527 2403 1568 2443 u
1614 2384 1768 2443 mlet.
1818 2384 2054 2442 arkivu.

808 2570 1060 2654 cml.
1114 2569 1322 2654 God.
1377 2569 1605 2655 1366.
1660 2571 1768 2654 20
1824 2570 2322 2670 studenoga‚
2379 2593 2436 2653 u
2490 2569 2885 2655 Mletcih.

484 2717 799 2793 Odqovara
844 2733 907 2777 se
940 2716 1271 2790 poszaniku
1314 2717 1703 2786 kotorskomu‚
1749 2718 1830 2775 da
1875 2716 1936 2776 όε
1980 2732 2041 2774 se
2086 2716 2398 2794 odpremiti
2454 2714 2733 2789 be'h'einik
2793 2733 2822 2774 s
2867 2718 3216 2790 naputkom,

885 2805 1040 2863 nelca
1075 2804 1418 2877 poerieduje
1461 2805 1579 2862 mir
1621 2804 1778 2875 medj
1821 2804 1995 2876 njimi
2040 2805 2063 2859 i
2107 2804 2418 2875 njihovimi
2456 2804 2792 2876 prot-ionici.

699 2923 887 2989 1366.
934 2923 1264 2989 indictione
1311 2923 1544 3005 quinta,
1593 2922 1688 2989 die
1730 2923 1787 2987 X
1830 2921 2201 2987 novembris,
2251 2921 2573 3004 Sapientes
2622 2923 2923 2987 ordinum.
2976 2921 3206 3006 Capta:

484 3013 645 3095 quod
687 3013 1131 3095 respondeatur
1177 3011 1284 3075 isti
1329 3010 1714 3077 ambaxatori
1764 3008 2036 3083 Cathari,
2086 3010 2244 3092 quod
2294 3009 2631 3073 intellectis
2686 3009 2919 3074 litteris
2982 3010 3047 3073 et
3106 3029 3207 3091 pe-

482 3098 811 3165 ticionibus
837 3101 1008 3177 suia,
1057 3099 1120 3163 et
1166 3099 1406 3163 attenta
1453 3097 1756 3163 fidelitate
1798 3099 1863 3162 et
1915 3099 2068 3161 bona
2115 3095 2513 3178 dispositione
2561 3095 2804 3161 illorum
2852 3097 2930 3161 de
2964 3097 3206 3172 Cataro,

480 3203 593 3270 pro
631 3205 795 3252 nunc
837 3185 1161 3250 mittemus
1210 3205 1399 3250 unum
1447 3186 1758 3251 notarium
1809 3186 2083 3248 nostrum
2142 3185 2218 3247 ad
2281 3182 2728 3266 procurandum
2787 3202 2930 3248 cum
2991 3184 3204 3248 adver-

484 3271 666 3338 sariis
707 3271 836 3337 suis
882 3290 1064 3337 omne
1110 3272 1171 3335 id
1218 3273 1378 3350 boni,
1428 3272 1592 3354 quod
1638 3270 1879 3354 poterit.
1926 3271 2008 3334 Et
2042 3290 2112 3333 ex
2161 3289 2320 3336 nunc
2363 3269 2446 3334 sit
2491 3271 2741 3353 captum
2789 3272 2861 3333 de
2902 3270 3204 3335 mittendo

482 3358 719 3425 dictum
788 3356 1098 3423 notarium
1168 3360 1444 3422 nostrum
1518 3378 1657 3423 cum
1731 3355 1842 3422 illa
1886 3357 2342 3434 commissione,
2415 3376 2531 3440 que
2596 3358 2845 3421 domino
2901 3355 3209 3422 videbitur

486 3463 668 3528 super
712 3445 845 3510 hoc.
895 3445 987 3509 De
1032 3447 1208 3526 parte
1255 3445 1381 3524 alii,
1430 3446 1504 3510 de
1546 3464 1661 3510 non
1714 3443 1771 3523 3,
1821 3462 1939 3509 non
1981 3443 2199 3510 sinceri
2244 3445 2306 3507 3.

568 3550 749 3612 nisti
796 3545 1066 3611 XXXII
1103 3551 1207 3619 22,
1252 3568 1295 3609 u
1337 3551 1493 3611 mlet.
1544 3552 1775 3611 arkivu.

871 3756 1171 3838 CLlu.
1227 3757 1433 3840 God.
1489 3758 1717 3840 1366.
1773 3756 1825 3837 6
1882 3756 2313 3859 prosinca‚
2368 3779 2425 3838 u
2481 3753 2870 3839 Vertesu.

494 3899 835 3976 Uyarehrv.
884 3900 1045 3975 kralj
1088 3896 1378 3971 Ljudevit
1440 3895 1806 3970 obavae'egcuje
1852 3900 2169 3969 Mletffaue,
2229 3901 2307 3957 da
2367 3918 2406 3957 u
2458 3899 2637 3972 postu
2691 3899 2884 3972 aalija
2942 3872 3017 3958 od
3081 3899 3210 3971 njih

478 3984 848 4063 panudienih
893 4005 1011 4059 mu,
1057 3988 1207 4063 §elye
1251 4005 1293 4046 u
1337 3987 1565 4047 Mletke
1608 4004 1786 4061 svoya
1831 3987 2146 4046 domacina
2192 3987 2368 4045 Petra
2412 3986 2694 4061 Liyerica
2739 3984 3208 4059 Zayrebcanina.

693 4105 1059 4188 Exemplum
1130 4104 1483 4171 litterarum
1554 4103 1886 4169 missarum
1958 4104 2353 4169 dominationi
2424 4123 2532 4185 per
2604 4104 2922 4170 dominum
3004 4122 3207 4186 regem

482 4192 808 4277 Hungarie
856 4212 1042 4276 super
1085 4193 1303 4277 galeis.
1351 4228 1436 4239 -
1482 4192 1825 4256 Lodovicus
1873 4191 1971 4255 dei
2020 4191 2225 4274 gratia
2266 4211 2366 4256 rex
2413 4193 2756 4274 Hungarie.
2821 4190 3040 4256 Amice
3107 4210 3207 4256 ca-

481 4279 759 4345 rissime!
806 4281 1131 4345 Discretus
1178 4280 1272 4345 vir
1317 4279 1750 4343 Bartolomens
1797 4277 1981 4343 Ursio
2030 4280 2302 4343 notarius
2349 4281 2411 4342 et
2458 4280 2710 4343 nuntius
2757 4280 2960 4343 vester
3012 4277 3207 4343 fidelis

482 4363 704 4430 barum
746 4369 1074 4448 reportitor
1117 4368 1388 4432 vestram
1437 4365 1787 4432 benivolam
1820 4365 2246 4442 intentionem,
2294 4385 2478 4448 quam
2536 4365 2762 4430 habere
2816 4383 2924 4429 vos
2955 4365 3205 4439 offertis,

484 4454 667 4531 prout
707 4451 862 4518 alias
906 4455 1319 4520 amicabiliter
1362 4453 1681 4519 obtulistis
1727 4453 1789 4516 in
1837 4452 2056 4518 dandis
2105 4453 2280 4517 nobis
2326 4453 2513 4517 certis
2580 4451 2796 4535 galeis,
2851 4451 3101 4534 provide
3145 4453 3213 4516 et

487 4539 797 4634 sagaciter
840 4541 1013 4621 parte
1058 4542 1250 4606 vestri
1292 4541 1615 4613 reseravit,
1684 4540 1756 4605 de
1796 4558 1917 4623 qua
1960 4540 2213 4604 indubie
2268 4540 2713 4620 presumentes,
2776 4540 2991 4623 grates
3050 4539 3209 4603 ami-

484 4621 639 4687 cicie
683 4625 884 4689 vestre
926 4627 1265 4693 referamus
1298 4629 1590 4711 copiosas,
1634 4627 1955 4694 offerentes
2001 4644 2111 4692 nos
2157 4625 2434 4691 amicicie
2503 4629 2707 4692 vestre
2769 4625 3081 4691 benivolos
3146 4626 3206 4689 in

488 4706 870 4792 quibuslibet
910 4710 1085 4779 vobis
1132 4715 1329 4798 gratis
1373 4715 1709 4782 viceversa.
1781 4713 2073 4780 Preterea
2117 4731 2302 4797 super
2346 4712 2508 4779 facto
2555 4712 2835 4797 ipsarum
2891 4712 3212 4797 galearum
