3620 5282
3075 343 3199 408 177

474 516 822 583 novembris
870 516 1022 580 hora
1068 516 1421 580 terciarum.
1488 513 1643 579 Cum
1693 515 1754 578 in
1804 516 2124 580 contractu
2171 516 2346 598 pacis
2413 515 2574 579 inter
2626 515 3088 581 serenissimum
3137 522 3201 583 et

469 604 1057 669 excellentissimum
1101 605 1439 686 principem
1489 606 1561 678 et.
1603 602 1922 667 dominum
1971 604 2289 667 dominum
2325 621 2532 685 regem
2583 603 2905 686 Hungarie
2951 625 3057 670 seu
3105 606 3200 670 in-

482 693 576 755 ter
622 692 985 757 reverendos
1033 693 1094 755 in
1141 690 1389 756 Christo
1439 692 1645 772 patres
1708 692 1772 754 et
1818 691 2097 755 dominos
2150 693 2424 755 dominos
2473 691 2871 755 Valentinum
2919 691 3200 774 Quinque

472 780 857 844 ecclesiensis
905 781 1291 844 decretorum
1341 778 1664 842 doctorum
1710 780 1772 840 et
1822 778 2083 843 Paulum
2133 779 2634 861 Zagrabiensem,
2685 779 3016 862 episcopOS,
3063 801 3199 863 pre-

478 868 589 930 fati
637 866 873 930 domini
920 867 1085 949 regis
1148 869 1607 947 procuratoreS,
1656 867 1898 929 actores
1946 869 2009 929 et
2071 870 2322 930 nuncios
2371 865 2701 946 specialeS,
2753 869 2824 930 ut
2872 871 3041 948 patet
3087 887 3202 949 pu-

477 955 654 1018 blicis
699 955 932 1019 litteris
980 955 1336 1036 patentibus
1386 954 1571 1035 regiis
1635 971 1858 1035 magno
1908 953 2112 1035 sigillo
2170 955 2336 1035 regie
2401 952 2750 1017 maiestatis
2797 953 2858 1017 in
2906 957 3196 1035 pendenti

477 1042 805 1123 sigillatiS,
854 1042 1018 1106 datis
1069 1041 1287 1104 Budue
1348 1042 1411 1104 in
1473 1040 1703 1122 palatio
1766 1040 1960 1122 regali
2022 1041 2452 1104 decimatercia
2515 1040 2809 1104 februarii
2861 1041 3199 1107 millesimo

476 1131 907 1193 trecentesimo
949 1128 1367 1210 octuagesimo
1412 1130 1644 1209 prim0,
1691 1127 2109 1209 procuratorio
2156 1131 2219 1190 et
2272 1130 2504 1192 actorio
2554 1128 2798 1190 nomine
2846 1131 3198 1210 supradicto

474 1235 545 1280 ex
594 1235 715 1280 una
761 1220 954 1298 parte,
997 1221 1059 1280 et
1091 1216 1401 1280 illustrem
1444 1218 1507 1279 et
1545 1216 1943 1296 magnificum
1977 1216 2289 1278 dominum
2324 1215 2641 1278 dominum
2678 1214 2992 1279 Andream
3040 1217 3198 1282 Cou-

472 1306 685 1368 tareno
734 1305 848 1367 Dei
896 1305 1097 1386 gratia
1141 1305 1357 1367 ducem
1406 1303 1802 1366 Venetiarum
1831 1305 2134 1366 etecetera
2159 1304 2222 1366 et
2266 1321 2590 1367 commune
2641 1303 3043 1368 Venetiarum
3090 1324 3197 1369 seu

477 1393 756 1474 egregios
814 1394 878 1456 et
939 1391 1327 1455 honorabiles
1396 1390 1560 1454 viros
1628 1390 1909 1453 dominos
1975 1390 2333 1453 Zachariam
2400 1389 2783 1468 Contareno,
2845 1390 3194 1456 ‚Iohannem

477 1478 815 1543 Gradonico
876 1481 940 1542 et
1000 1478 1369 1542 Michaelem
1434 1479 1838 1554 Mauroceno,
1903 1482 2357 1556 procuratorem
2424 1477 2679 1541 ecclesie
2742 1477 2909 1542 beati
2974 1479 3192 1555 Marci,

479 1566 961 1643 ambasiatoreS,
1006 1567 1322 1648 syndicoS,
1371 1567 1832 1645 procuratoreS,
1875 1566 2112 1628 actores
2159 1567 2222 1628 et
2282 1564 2538 1629 nuncios
2585 1565 2882 1645 speciales
2929 1568 3192 1648 predicti

475 1652 738 1718 illustris
779 1652 1009 1717 domini
1051 1654 1222 1716 ducis
1270 1655 1334 1718 et
1375 1653 1719 1716 communis
1746 1652 2153 1716 Veneciarum
2180 1671 2251 1715 ex
2299 1654 2473 1734 parte
2519 1653 2736 1729 altera,
2782 1652 2944 1716 facte
2998 1655 3199 1732 et,ce-

480 1739 734 1818 lebrate,
784 1741 1031 1805 firmate
1078 1742 1145 1806 et
1187 1740 1386 1806 inrate
1446 1739 1559 1804 hoc
1602 1741 1867 1821 presenti
1916 1756 2073 1803 anno
2131 1743 2195 1804 et
2240 1740 2578 1818 indicione,
2640 1739 2741 1803 die
2789 1758 2931 1804 vero
2980 1747 3197 1805 octavo

483 1829 713 1892 mensis
760 1830 1046 1911 augusti,
1096 1828 1257 1892 inter
1312 1829 1516 1892 cetera
1562 1829 1772 1891 actum
1835 1827 2022 1890 fuerit
2079 1828 2145 1891 et
2203 1828 2552 1909 specialiter
2617 1830 2986 1892 conventum
3037 1829 3197 1892 inter

477 1915 676 1980 dictas
740 1919 981 1997 partes,
1046 1918 1204 1998 quod
1251 1916 1418 1979 dicto
1477 1913 1726 1977 domino
1786 1915 1913 1996 regi
1972 1913 2381 1979 restituantur
2447 1932 2660 1978 omnes
2707 1914 2905 1994 terre,
2955 1916 3090 1980 loca
3136 1920 3199 1980 et

474 2005 696 2081 castra,
722 2023 837 2084 que
884 2021 990 2084 per
1021 2021 1342 2068 commune
1370 2002 1767 2066 venetiarum
1794 2002 2100 2081 tenentur,
2148 2020 2264 2084 que
2303 2000 2470 2066 dicto
2514 2002 2763 2065 domino
2810 2003 2937 2084 regi
2986 2004 3196 2068 ablata

480 2090 744 2155 fuissent
768 2111 874 2172 per
916 2091 1185 2154 Venetos
1217 2094 1499 2173 tempore
1533 2089 1835 2169 presentis
1882 2106 2134 2171 guerre,
2197 2091 2261 2154 et
2309 2090 2655 2171 specialiter
2699 2088 2921 2153 civitas
2983 2094 3046 2153 et
3092 2110 3192 2156 ca-

477 2179 673 2241 strum
723 2177 974 2243 Cathari
1021 2180 1161 2249 etc.‚
1207 2180 1276 2242 ut
1321 2178 1383 2240 in
1432 2175 1567 2257 ipso
1599 2175 1869 2257 capitulo
1909 2177 2276 2255 continetur,
2327 2179 2392 2240 et
2435 2177 2710 2259 prefatus
2741 2177 3025 2241 dominus
3073 2179 3190 2243 dux

480 2265 875 2328 Venetiarum
939 2265 1118 2347 plene
1180 2264 1529 2329 restituerit
1585 2263 1824 2327 nunciis
1888 2264 2055 2346 regie
2121 2264 2468 2328 maiestatis
2529 2264 2848 2345 Hungarie
2916 2270 3188 2329 castrum

475 2349 749 2429 Cathari,
794 2353 950 2433 quod
978 2353 1194 2416 eratin
1225 2352 1507 2416 manibus
1542 2352 1605 2416 et
1637 2350 1825 2415 fortia
1869 2349 2064 2432 ipsius
2088 2350 2323 2415 domini
2350 2351 2523 2415 ducis
2571 2354 2635 2414 et
2682 2354 3025 2416 communis
3074 2354 3189 2417 Ve-

476 2439 799 2503 netiarum‚
849 2440 1083 2504 Idcirco
1141 2440 1480 2521 prelibatus
1536 2437 1968 2503 serenissimus
2016 2438 2299 2502 dominus
2351 2458 2454 2502 rex
2505 2439 2821 2518 Hungarie
2867 2459 2974 2521 pro
3021 2459 3087 2504 se
3133 2445 3198 2504 et

480 2525 806 2591 maiestate
854 2546 968 2592 sua
1016 2528 1184 2610 regia
1242 2528 1308 2591 et
1352 2546 1461 2610 pro
1506 2525 1960 2591 successoribus
2014 2527 2142 2590 suis
2205 2525 2326 2589 fuit
2385 2526 2699 2589 confessus
2761 2529 2825 2590 et
2871 2529 3196 2593 contentus

477 2615 541 2678 et
587 2613 983 2694 manifestuS,
1031 2634 1096 2679 se
1142 2616 1207 2680 et
1249 2615 1478 2682 dictam
1516 2615 1912 2680 maiestatem
1946 2631 2121 2678 suam
2154 2613 2445 2678 habuisse
2492 2618 2556 2678 et
2597 2613 2900 2696 recepisse
2947 2617 3010 2681 et
3045 2635 3200 2681 nun-

482 2702 594 2765 ciis
641 2703 771 2766 suis
811 2703 999 2785 regiis
1046 2705 1408 2768 restitutum
1456 2705 1521 2768 et
1564 2703 1955 2785 assignatum
2004 2700 2195 2765 fuisse
2243 2720 2350 2783 per
2396 2702 2652 2766 nuncios
2693 2702 2918 2783 prefati
2967 2705 3194 2768 domini

480 2789 650 2854 ducis
694 2790 1102 2855 veneciarum
1149 2792 1637 2873 suprascriptum
1686 2792 1960 2853 castrum
1999 2788 2250 2853 Cathari
2297 2791 2630 2852 secundum
2679 2789 2938 2854 formam
2985 2811 3202 2873 supra-

484 2877 645 2941 dicte
693 2879 881 2958 pacis.
928 2878 1324 2941 Renuncians
1372 2879 1502 2959 ipse
1541 2877 1829 2941 dominus
1876 2896 1979 2941 rex
2027 2876 2364 2958 exceptioni
2415 2894 2534 2940 non
2583 2875 2800 2954 habiti,
2848 2880 3076 2959 recepti
3125 2898 3196 2943 ac

480 2965 722 3028 nunciis
771 2967 899 3029 suis
946 2965 1137 3048 regiis
1182 2965 1463 3030 restituti
1509 2967 1573 3028 et
1620 2965 1923 3046 assignati
1956 2965 2145 3027 castri
2189 2965 2446 3045 predicti
2496 2966 2559 3027 et
2604 2964 2731 3044 spei
2785 2963 2992 3029 future
3042 2968 3199 3031 assi-

482 3053 791 3131 gnationis
835 3054 900 3118 et
944 3054 1111 3117 omni
1158 3053 1494 3134 exceptioni
1544 3052 1707 3129 doli,
1751 3052 1902 3115 mali
1965 3054 2031 3115 et
2075 3052 2137 3115 in
2188 3052 2437 3115 sactum.
2495 3050 2670 3115 Unde
2716 3050 2991 3132 prefatus
3041 3074 3202 3118 sere-

484 3138 776 3202 nissimus
822 3139 1111 3204 dominus
1165 3160 1268 3204 rex
1316 3160 1425 3222 per
1483 3159 1548 3204 se
1610 3140 1673 3203 et
1717 3156 2097 3203 successores
2147 3157 2290 3203 suos
2337 3138 2644 3204 nobilibus
2714 3144 2777 3202 et
2820 3139 3200 3219 sapientibus

482 3225 632 3289 viris
679 3225 946 3291 dominis
993 3228 1307 3292 Leonardo
1354 3225 1640 3293 Dandulo
1687 3228 1750 3290 et
1792 3226 2060 3290 Fantino
2099 3224 2397 3308 Georgio,
2446 3226 2785 3301 militibus,
2846 3228 3204 3292 ambaxato·

482 3313 650 3376 ribus
693 3315 757 3377 et
800 3315 1106 3396 syndiciS,
1151 3315 1646 3397 procuratoribus
1691 3317 1756 3377 et
1801 3313 2041 3377 nunciis
2081 3313 2304 3395 prefati
2330 3314 2561 3377 domini
2610 3312 2782 3377 ducis
2829 3318 2892 3376 et
2931 3333 3206 3381 commu-

489 3399 583 3461 nis
631 3401 1048 3480 Venetiarum‚
1095 3406 1167 3466 ad
1212 3404 1324 3467 hec
1371 3405 1434 3467 et
1479 3402 1603 3466 alia
1648 3401 1983 3465 exercenda
2032 3400 2385 3482 specialiter
2422 3400 2797 3477 constitutis
2846 3404 2915 3464 ut
2962 3405 3206 3467 constat

485 3487 891 3554 instromento
953 3490 1307 3573 syndicatus
1365 3507 1574 3554 eorum
1639 3489 1868 3569 scripto
1933 3506 2119 3551 manu
2177 3488 2480 3553 ‚Iohannis
2543 3488 2841 3551 Plumatii
2898 3489 3201 3571 imperiali

483 3576 852 3640 auctoritate
900 3578 1121 3640 notarii
1162 3580 1227 3641 et
1274 3578 1527 3641 ducatus
1572 3577 1971 3641 Veneciarum
2037 3576 2234 3639 scribe
2296 3574 2733 3658 suprascriptis
2781 3594 2940 3639 anno
3003 3582 3065 3641 et
3113 3579 3205 3640 in·

489 3661 726 3727 dicione
778 3664 877 3727 die
924 3683 1065 3728 vore
1115 3665 1378 3746 septimo
1413 3664 1641 3728 mensis
1682 3663 1966 3741 octobriS,
2013 3664 2096 3727 ibi
2145 3682 2179 3726 a
2228 3682 2327 3727 me
2372 3662 2608 3726 notario
2641 3661 3031 3745 infrascripto
3079 3666 3204 3730 viso

486 3752 549 3812 et
594 3750 774 3828 lecto,
824 3751 1258 3832 recipientibus
1308 3751 1657 3815 nominibus
1718 3751 1940 3831 quibus
1997 3768 2183 3833 supra
2246 3769 2351 3830 per
2411 3750 2802 3830 Aquilianam
2854 3752 3205 3832 stipulatio-

485 3855 622 3900 nem
673 3841 738 3902 et
782 3839 1317 3919 acceptitationem
1368 3838 1676 3919 legittime
1726 3839 2209 3919 subsequutam‚
2279 3837 2428 3900 fecit
2483 3837 2703 3913 finem,
2755 3837 3202 3917 remissionem,

481 3924 921 4005 quietationem
966 3930 1028 3988 et
1070 3930 1315 4007 pactum
1367 3928 1440 3989 de
1475 3926 1734 3988 ulterius
1783 3945 1898 3988 non
1932 3926 2191 4006 petendo
2224 3927 2496 3988 castrum
2534 3924 2782 3985 Cathari
2833 3927 3203 4005 predictum,

482 4014 545 4074 et
591 4014 664 4075 de
709 4015 875 4077 omni
925 4033 993 4077 eo
1038 4017 1101 4077 et
1147 4015 1297 4090 toto,
1347 4012 1506 4094 quod
1568 4012 1809 4093 prefata
1867 4013 2158 4076 maiestas
2209 4014 2526 4095 Hungarie.
2602 4014 2811 4092 petere
2863 4012 3052 4075 vellet
3097 4033 3200 4076 seu

485 4100 695 4178 posset
740 4119 927 4165 causa
972 4103 1035 4164 et
1073 4100 1390 4164 occasione
1437 4101 1625 4164 castri
1675 4098 1924 4164 Cathari
1968 4101 2327 4181 supradicti,
2377 4118 2557 4181 quam
2594 4098 2838 4179 quidem
2886 4102 3205 4164 contenta-

483 4186 734 4265 tionem‚
786 4189 967 4252 finem
1018 4190 1083 4253 et
1128 4190 1553 4253 remissionem
1603 4190 1666 4249 et
1713 4188 1921 4249 omnia
1974 4188 2037 4250 et
2097 4187 2341 4269 singula
2399 4185 2817 4267 suprascripta
2862 4188 3205 4266 prelibatus

486 4270 773 4339 dominus
822 4295 924 4339 rex
966 4295 1075 4357 per
1122 4296 1186 4341 se
1247 4278 1310 4339 et
1356 4292 1743 4339 successores
1814 4292 1956 4336 suos
2017 4275 2304 4355 promisit
2350 4273 2785 4353 suprascriptis
2827 4274 3099 4355 syndicis
3145 4279 3208 4338 et

477 4364 976 4441 procuratoribus
1026 4364 1253 4427 domini
1304 4363 1475 4426 ducis
1501 4362 1565 4424 et
1608 4362 1954 4425 communis
1980 4361 2400 4437 Venetiarum‚
2451 4359 2895 4441 stipulantibus
2942 4365 3007 4426 et
3056 4364 3208 4426 reci-

476 4452 791 4532 pientibus
841 4451 1194 4514 nominibus
1238 4450 1464 4532 quibus
1511 4468 1713 4530 supra,
1762 4450 2081 4511 attendere
2127 4452 2190 4511 et
2235 4448 2577 4523 observare,
2625 4449 2687 4509 et
2732 4464 2852 4509 non
2895 4450 3205 4513 contrafa-

476 4557 614 4603 cere
660 4539 754 4603 vel
806 4539 1011 4604 venire
1058 4538 1266 4619 aliqua
1311 4537 1549 4601 rationo
1602 4535 1697 4600 vel
1746 4553 1965 4610 causa,
2016 4536 2090 4597 de
2154 4536 2286 4598 iure
2348 4535 2442 4597 vel
2506 4534 2580 4597 de
2634 4533 2834 4610 facto,
2883 4538 2997 4600 sub
3045 4556 3203 4618 pena

476 4625 688 4706 duppli
732 4626 918 4691 dauni
944 4631 1006 4689 et
1029 4626 1329 4690 interesse
1354 4627 1417 4688 et
1440 4624 1554 4687 sub
1580 4622 1959 4705 obligatione
1985 4624 2281 4687 bonorum
2312 4622 2479 4703 regie
2505 4621 2848 4686 maiestatis
2881 4623 3201 4705 Hungarie

476 4713 816 4793 mobilium,
864 4715 929 4778 et
953 4712 1365 4777 immobilium
1408 4711 1785 4793 presentium
1836 4717 1894 4773 et
1938 4710 2304 4774 futui-oium.
2353 4708 2510 4773 Acto
2555 4710 2616 4773 in
2659 4708 2851 4791 regali
2901 4714 3099 4775 castro
3145 4713 3207 4775 in

564 4835 742 4884 sroir.
790 4834 874 4881 1v.
2709 4814 2789 4876 12
