3620 5282
529 343 650 410 168

522 523 887 605 rogaverunt
932 540 1030 587 me
1076 523 1384 588 notarium
1446 521 1904 605 infrascriptum
1965 523 2179 589 confici
2239 523 2455 590 debere
2517 523 2635 592 duo
2695 521 2940 606 publica
2997 521 3225 588 instru-

521 612 748 689 menta,
792 610 1077 678 videlicet
1119 630 1309 675 unum
1355 629 1464 694 pro
1511 614 1686 694 parte
1731 611 1982 677 simillis
2028 613 2277 677 tenoris
2334 613 2565 678 Actum
2606 613 2670 676 in
2718 612 2970 677 civitate
3013 609 3224 676 Catari

520 698 692 761 iuxta
747 698 1045 781 preditam
1110 699 1419 778 cvitatem,
1483 699 1865 778 presentibus
1928 700 2193 765 testibus
2253 699 2562 765 nobilibus
2626 702 2690 763 et
2753 698 3021 782 egregiis
3068 698 3220 763 viris

524 785 788 850 dominis
834 787 1156 852 Francisco
1203 789 1274 852 de
1317 787 1645 852 Benedicto
1691 789 1822 852 cive
1867 790 1931 853 et
1993 788 2228 853 sindico
2289 788 2634 853 communis
2692 786 2909 866 Janue,
2970 787 3222 851 Andrea

525 872 822 938 Paradiso
869 875 999 939 cive
1044 878 1108 940 et
1151 876 1382 940 sindico
1451 877 1789 940 communis
1831 876 2251 953 veneciarum,
2312 876 2636 943 Geronimo
2683 874 3028 940 Contareno
3090 873 3224 940 cive

527 960 949 1029 Venetiarum.
997 966 1060 1026 et
1104 982 1286 1045 quam
1328 963 1608 1046 pluribus
1650 964 1790 1028 aliis
1836 966 1913 1028 ad
1960 964 2235 1047 predicta
2279 964 2516 1030 vocatis
2560 965 2635 1029 ad
2681 963 2936 1046 regatis

729 1050 858 1133 Ego
904 1050 1213 1116 ‚Iohannes
1258 1052 1546 1116 Birorsus
1590 1051 1665 1115 de
1711 1052 1925 1130 Diane,
1974 1053 2155 1117 natus
2202 1052 2501 1135 quondam
2536 1050 2865 1129 Dominici,
2911 1048 3222 1133 imperiali

523 1139 886 1203 auctoritate
916 1138 1206 1217 notarius,
1254 1139 1544 1222 predictis
1577 1140 1858 1205 omnibus
1889 1142 1952 1204 et
1980 1139 2244 1224 singulis
2277 1140 2542 1219 interfui,
2590 1140 2655 1205 et
2683 1140 2937 1222 rogatus
2979 1138 3219 1221 scripsi.

732 1226 805 1290 In
850 1226 1091 1290 nomine
1159 1228 1386 1292 domini
1452 1247 1653 1292 amen.
1723 1227 2229 1307 MGCCLXXXI,
2292 1227 2628 1294 indictione
2693 1227 2819 1292 IIII
2884 1228 3222 1292 secundum

526 1331 769 1378 cursum
816 1314 1035 1389 Janue,
1084 1314 1181 1380 die
1225 1315 1432 1380 XXVI
1472 1315 1853 1397 septembris.
1901 1315 2141 1380 Nobilis
2189 1320 2252 1382 et
2296 1318 2539 1398 sapiens
2583 1314 2679 1382 vir
2716 1315 2999 1380 dominus
3063 1315 3223 1379 Pau·

523 1399 621 1464 lus
667 1403 741 1466 de
784 1401 1063 1484 Georgiis
1109 1402 1183 1467 (16
1223 1403 1413 1469 Jadra
1453 1403 1630 1469 miles
1677 1404 1795 1469 fuit
1840 1408 2180 1490 contentps,
2219 1405 2528 1469 confessus
2590 1403 2655 1468 et
2713 1402 3096 1480 manifestus,
3160 1422 3226 1467 se

524 1488 767 1567 habere,
811 1495 1014 1555 tenere
1061 1493 1125 1555 et
1169 1510 1354 1574 penes
1399 1511 1463 1556 se
1510 1492 1794 1558 habuisse
1840 1494 1904 1557 et
1949 1494 2249 1575 recepisse
2311 1511 2383 1559 ac
2443 1491 2562 1557 sibi
2622 1492 2856 1570 datum,
2919 1488 3221 1555 traditum

525 1577 589 1640 et
631 1578 1052 1660 consignatum
1119 1577 1308 1644 fuisse
1354 1583 1415 1643 et
1460 1598 1592 1644 esse
1638 1582 1906 1646 castrum
1957 1580 2204 1646 Cathari
2266 1586 2431 1660 (cum
2492 1579 2777 1644 omnibus
2837 1581 2901 1644 et
2963 1579 3225 1662 siugulis

526 1665 652 1729 suis
697 1664 933 1731 iuribus
977 1668 1041 1730 et
1085 1667 1470 1748 pertinentiis
1528 1688 1668 1734 cum
1729 1668 2165 1734 adherentibus
2227 1670 2291 1734 et
2349 1667 2796 1751 pertinentibus
2836 1669 2929 1733 'ab
2987 1667 3224 1745 eodem,

525 1754 587 1816 et
633 1754 1035 1819 munitionem
1081 1755 1354 1820 eiusdem
1400 1757 1518 1821 loci
1564 1756 1951 1838 integraliter
1998 1757 2282 1821 habuisse
2328 1758 2393 1821 et
2435 1757 2735 1838 recepisse
2804 1757 2866 1822 et
2926 1773 3113 1839 penes
3159 1774 3225 1819 se

528 1841 767 1920 habere,
820 1844 1024 1908 tenere
1071 1845 1135 1908 et
1178 1844 1482 1927 possidere
1528 1863 1597 1909 ac
1639 1848 1711 1910 de
1758 1863 1828 1908 eo
1868 1844 1929 1909 in
1962 1845 2336 1927 corporalem
2370 1845 2828 1927 possessionem,
2879 1843 3221 1909 dominium

529 1933 592 1993 et
636 1931 915 1996 tenutam
963 1930 1228 1997 intrasse
1272 1933 1337 1996 et
1379 1934 1849 2016 apprehendisse
1898 1934 2138 1998 nomine
2186 1937 2249 1999 et
2295 1934 2425 1997 vice
2471 1932 2768 1997 antedicti
2798 1931 3028 1997 domini
3063 1932 3229 2016 regis

529 2018 858 2084 secundum
908 2024 1086 2101 pacta
1132 2020 1333 2102 pacis3
1381 2021 1739 2087 renuntians
1787 2021 2122 2103 exceptioni
2170 2040 2291 2086 non
2331 2021 2545 2100 habiti,
2595 2021 2846 2102 recepti,
2898 2021 3109 2086 traditi
3157 2038 3233 2085 ac

527 2107 867 2190 consignati
913 2106 1062 2172 dicti
1109 2110 1294 2175 castri
1340 2110 1403 2174 et
1446 2110 1805 2176 munitionis
1851 2111 2120 2193 predicte
2168 2114 2231 2175 et
2274 2109 2546 2175 omnium
2593 2111 2654 2173 et
2701 2110 3087 2192 singulorum
3131 2108 3230 2173 iu-

523 2195 706 2274 rium,
754 2196 1101 2274 confinium,
1149 2196 1620 2280 dependentium
1669 2201 1732 2263 et
1777 2216 2138 2264 conexorum
2188 2197 2265 2262 ab
2312 2197 2521 2262 eodem
2570 2196 2822 2281 speique
2854 2195 3059 2262 future
3102 2199 3233 2262 tra-

527 2282 797 2360 ditioniS,
842 2284 1107 2349 dationis
1151 2287 1213 2350 et
1259 2285 1738 2368 consignationis
1784 2290 1961 2368 pacto
2003 2285 2167 2350 dicto
2211 2286 2452 2351 nomine
2498 2285 2744 2351 omnino
2800 2284 3226 2368 renuntiavit),

528 2390 564 2435 a
623 2369 812 2437 nobili
859 2372 985 2438 viro
1030 2374 1274 2438 domino
1320 2374 1548 2441 Jacobo
1596 2375 1670 2438 de
1716 2373 1914 2457 Rippa
1945 2375 2281 2440 castellano
2314 2377 2376 2439 et
2409 2373 2721 2456 capitaneo
2757 2392 2867 2457 pro
2906 2392 3231 2438 commune

527 2458 967 2537 Veneciarum;
1007 2460 1237 2527 faciens
1284 2460 1483 2527 eidem
1529 2462 1772 2527 domino
1833 2462 2063 2528 Jacobo
2123 2461 2435 2528 antedicto
2492 2461 2656 2526 dicto
2716 2463 2959 2528 nomine
3022 2462 3231 2539 finem,

528 2548 988 2630 quietationem,
1037 2549 1475 2626 remissionem,
1523 2551 1947 2616 liberationem
1994 2552 2058 2615 et
2113 2549 2356 2634 plenam
2401 2551 2796 2615 securitatem
2856 2550 2922 2614 et
2982 2550 3229 2631 pactum

528 2636 600 2700 de
642 2635 910 2719 amplius
955 2635 1188 2702 dict-um
1236 2643 1506 2704 castrum
1553 2659 1696 2705 cum
1742 2639 2027 2705 omuibus
2073 2639 2197 2704 suis
2245 2639 2479 2705 iuribus
2530 2640 2595 2705 et
2640 2637 2822 2704 rebus
2884 2637 3047 2704 dicte
3093 2658 3235 2703 mu-

530 2725 781 2790 nitionis
827 2744 945 2790 non
1002 2727 1279 2808 petendo,
1340 2726 1610 2792 liberans
1670 2731 1732 2793 et
1789 2728 2111 2793 absolvens
2171 2727 2372 2793 dictus
2426 2727 2706 2793 dominus
2767 2727 3002 2792 Paulus
3059 2726 3230 2792 dicto

529 2815 774 2879 nomine
815 2814 1014 2896 ipsum
1063 2815 1372 2881 dominum
1417 2816 1718 2882 Jacobum
1759 2818 2004 2882 nomine
2048 2817 2322 2899 predicto
2370 2816 2804 2899 suscipientem
2851 2835 2958 2897 per
3007 2834 3224 2898 accep-

530 2901 879 2967 tilationem
926 2904 989 2967 et
1032 2904 1440 2986 acquilianam
1485 2904 1970 2987 stipulacionem,
2019 2904 2220 2970 verbis
2269 2903 2646 2969 solemnibus
2707 2903 3100 2981 introductis,
3165 2906 3230 2968 et

530 2990 692 3053 omni
738 2991 934 3068 modo,
979 2991 1095 3069 via,
1138 2994 1267 3058 iure
1312 2994 1375 3057 et
1418 2993 1631 3072 forma,
1670 2993 1894 3077 quibus
1942 2993 2158 3057 melius
2204 2994 2268 3058 et
2304 2991 2602 3058 efficatius
2648 2991 2780 3056 fieri
2827 2993 2891 3057 et
2939 3009 3071 3056 esse
3119 3010 3231 3073 po-

529 3079 669 3142 test.
717 3078 910 3157 Quam
961 3081 1164 3157 finem,
1213 3082 1650 3160 remissionem,
1698 3083 2136 3164 quietationem
2182 3083 2247 3147 et
2292 3083 2538 3163 pactum
2587 3084 2651 3145 et
2703 3080 2911 3145 omnia
2971 3080 3035 3143 et
3096 3080 3226 3144 sin-

528 3165 674 3247 gula
716 3169 1140 3251 suprascripta-
1172 3172 1233 3233 et
1280 3169 1670 3252 infrascripta
1709 3171 1867 3235 idem
1913 3169 2196 3235 dominus
2266 3170 2495 3234 Paulus
2555 3169 2719 3233 dicto
2782 3169 3025 3233 nomine
3089 3186 3227 3233 cum

529 3256 827 3337 expensis,
871 3258 1084 3322 dannis
1129 3259 1194 3321 et
1238 3258 1531 3322 interesse
1576 3259 1707 3322 litis
1753 3260 1819 3323 et
1860 3260 2031 3323 extra
2077 3256 2416 3323 reficiendis
2450 3258 2512 3321 et
2541 3256 2922 3339 obligacione
2954 3257 3224 3321 omnium

529 3341 821 3406 bonorum
869 3345 1087 3425 prefati
1132 3346 1360 3410 domini
1406 3346 1567 3430 regis
1614 3347 1992 3429 presentium
2045 3348 2109 3411 et
2152 3345 2495 3410 futurorum
2543 3348 2741 3423 firma,
2791 3348 2925 3410 rata
2956 3348 3019 3409 et
3049 3348 3231 3428 grata

528 3429 750 3495 habere
796 3433 858 3496 et
903 3434 1108 3498 tenere
1170 3434 1471 3515 promisit,
1534 3434 1598 3498 in
1644 3434 1812 3499 nullo
1856 3433 2270 3498 contrafacere
2322 3433 2419 3497 vel
2464 3435 2670 3500 venire
2723 3432 2931 3516 aliqua
2972 3435 3227 3510 ratione,

529 3519 842 3582 occasione
890 3520 987 3583 vel
1031 3539 1216 3585 causa
1261 3523 1335 3585 de
1381 3523 1512 3585 iure
1557 3522 1653 3587 vel
1698 3521 1775 3586 de
1821 3523 1981 3587 facto
2012 3542 2119 3605 per
2165 3541 2228 3586 se
2267 3522 2429 3586 dicto
2459 3522 2703 3587 nomine
2742 3521 2840 3585 vel
2886 3541 2994 3604 per
3035 3520 3228 3586 alium

528 3625 637 3672 seu
683 3606 836 3670 alios
883 3626 1074 3690 neque
1120 3629 1226 3691 per
1272 3610 1697 3693 interpositam
1742 3628 2064 3692 personam
2112 3608 2206 3675 vel
2250 3628 2554 3691 personas,
2603 3628 2718 3692 que
2770 3609 2890 3674 dici
2934 3610 3028 3675 vel
3061 3627 3230 3673 esco-

528 3695 711 3778 gitari
759 3695 966 3776 possit,
1010 3699 1075 3761 et
1117 3696 1231 3761 hoc
1271 3699 1387 3763 sub
1432 3698 1606 3781 penis
1652 3699 1715 3763 iu
1753 3716 1903 3781 pace
1948 3700 2252 3764 contenta.
2313 3697 2441 3778 Que
2488 3717 2640 3780 pena
2686 3697 2919 3763 tociens
2980 3696 3108 3780 peti
3169 3698 3234 3760 et

528 3783 689 3866 exigi
739 3785 933 3866 possit
977 3803 1111 3849 cum
1157 3785 1378 3852 effectu
1423 3806 1532 3870 per
1578 3786 1815 3852 dictum
1873 3784 2186 3852 dominum
2246 3784 2546 3851 ‚Iacobum
2612 3785 2710 3851 vel
2771 3804 2879 3870 per
2938 3786 3231 3850 habentes

529 3891 775 3938 causam
822 3874 899 3937 ab
944 3892 1014 3938 eo
1058 3871 1223 3939 dicto
1269 3875 1533 3951 nomine,
1581 3876 1866 3959 quociens
1912 3876 2122 3939 contra
2165 3874 2439 3956 predicta
2499 3874 2595 3940 vel
2640 3874 3051 3958 predictorum
3114 3873 3233 3939 ali-

526 3961 666 4043 quid
714 3963 779 4026 et
823 3961 1204 4044 singulorum
1263 3981 1445 4046 super
1503 3963 1867 4044 scriptorum
1930 3960 2343 4044 capitulorum
2404 3980 2442 4027 a
2500 3963 2661 4028 dicto
2729 3962 2976 4027 domino
3039 3960 3229 4026 Paulo

526 4049 687 4114 dicto
732 4050 977 4114 nomine
1021 4050 1208 4116 fuerit
1254 4049 1315 4114 in
1371 4052 1575 4133 aliquo
1614 4049 2056 4116 contrafactum
2116 4051 2215 4117 vel
2246 4050 2664 4129 commissum,
2713 4052 2776 4116 et
2808 4070 2964 4133 pena
2993 4067 3232 4132 quoque

525 4138 870 4217 commissa,
919 4138 1129 4218 petita,
1178 4137 1378 4204 soluta
1424 4141 1488 4203 et
1531 4140 1743 4205 exacta
1793 4138 1892 4203 vel
1939 4156 2076 4217 uon,
2139 4138 2333 4205 semel
2397 4139 2507 4202 aut
2564 4138 2812 4220 plurieS,
2878 4138 2969 4203 nil
3027 4136 3233 4202 miuus

525 4245 771 4309 presens
818 4228 1166 4292 contractus
1213 4227 1310 4292 sui
1357 4228 1591 4292 roboris
1637 4226 1915 4293 obtineat
1959 4227 2337 4292 firmitatem.
2401 4226 2632 4291 Actum
2694 4227 2753 4291 in
2819 4226 3068 4292 civitate
3116 4224 3232 4290 Ca-

527 4314 690 4379 thari
734 4314 903 4379 iuxta
970 4318 1204 4397 portam
1267 4315 1557 4395 civitatiS,
1621 4315 2005 4398 presentibus
2064 4314 2329 4381 testibus
2389 4314 2700 4380 nobilibus
2760 4315 2910 4380 viris
2971 4312 3233 4379 dominis

527 4402 852 4467 Francisco
897 4402 972 4467 de
1017 4403 1349 4468 Benedicto
1396 4405 1527 4468 cive
1573 4406 1636 4469 et
1681 4403 1912 4469 sindico
1965 4404 2307 4468 communis
2352 4402 2570 4479 Janue,
2633 4401 2886 4469 Andrea
2943 4402 3233 4466 Paradiso

527 4488 658 4555 cive
704 4492 768 4553 et
812 4491 1041 4556 sindico
1085 4491 1428 4557 communis
1465 4492 1888 4568 veneciarum,
1955 4491 2284 4557 Geronimo
2346 4491 2691 4556 Contareno
2750 4491 2881 4559 cive
2942 4489 3235 4556 Venecia-

527 4595 683 4655 rum,
726 4579 789 4641 et
832 4597 1015 4659 quam
1066 4578 1343 4660 pluribus
1390 4580 1530 4644 aliis
1574 4583 1649 4647 ad
1695 4578 1970 4660 predicta
2017 4579 2250 4646 vocatis
2310 4581 2374 4645 et
2418 4577 2670 4662 rogatis.
2730 4580 2860 4663 Ego
2920 4578 3229 4645 Johannos

530 4663 815 4728 Birorsus
861 4664 936 4730 de
976 4665 1192 4745 Diano,
1243 4670 1424 4732 natus
1466 4670 1768 4751 quondam
1818 4666 2146 4745 Dominici,
2187 4666 2496 4752 imperiali
2530 4669 2895 4733 auctoritate
2933 4668 3226 4745 notarius,

529 4750 817 4837 predictis
858 4753 1139 4819 omnibus
1184 4756 1248 4820 et
1291 4754 1556 4839 singulis
1602 4754 1876 4834 interfui,
1926 4759 1992 4822 et
2032 4756 2281 4840 rogatus
2328 4753 2562 4838 scripsi.
