3620 5282
482 397 610 463 202

820 572 1194 658 CCXCV.
1250 575 1455 659 God.
1512 576 1741 660 1350.
1797 577 1849 659 9
1903 576 2335 678 prosince,
2389 598 2450 657 u
2507 574 2898 657 Mletcih.

477 698 707 760 Nalaie
751 718 813 760 se
852 702 1220 763 nacelnikom
1266 702 1488 775 Zadra‚
1531 705 1685 763 nelca
1728 704 1818 764 ἔίο
1863 705 2019 778 ρνϋε
2064 704 2297 778 moquc‘e
2343 704 2550 763 utvrde
2591 702 2762 777 prad,
2812 703 2832 760 ι’
2869 703 3202 778 poyibeljue

1285 792 1446 865 ljzede
1492 810 1575 851 na
1612 790 1861 866 poblizje
1903 794 2066 852 otoke
2115 793 2402 865 odpreme.

696 926 879 991 1350.
929 926 1027 991 die
1076 927 1167 991 IX
1210 927 1571 1006 decembriS,
1622 930 1833 1011 capta:
1882 948 2024 994 cum
2072 930 2238 993 terra
2284 930 2496 994 nostra
2542 928 2752 1007 Jadre,
2804 947 2988 1011 quam
3035 927 3207 993 inter

354 1036 405 1077 γ’
479 1015 631 1078 alias
680 1017 876 1079 terras
925 1017 1166 1080 nostras
1213 1015 1531 1081 Sclavenie
1579 1016 1874 1081 debemus
1936 1036 1973 1080 a
2022 1016 2404 1099 quibuslibet
2468 1015 2758 1100 periculis
2818 1034 3196 1096 conservare,
3309 1086 3314 1091 ,

480 1107 543 1165 et
590 1102 855 1167 maxime
904 1102 1165 1167 instanti
1211 1109 1486 1187 ternpore
1532 1106 1783 1187 propter
1830 1104 2087 1169 insidias
2149 1104 2558 1170 Januensium
2628 1104 2901 1168 hostium
2963 1109 3205 1170 nostro-

482 1209 645 1269 rum,
695 1191 779 1253 sit
825 1190 1045 1255 debilis
1092 1191 1359 1256 multum
1408 1210 1444 1255 a
1489 1191 1685 1257 latere
1732 1195 1967 1275 portus,
2019 1211 2089 1257 eo
2134 1192 2292 1276 quod
2341 1210 2460 1256 non
2507 1192 2697 1257 habet
2744 1190 2865 1255 nisi
2895 1192 3203 1275 quandam

486 1278 817 1342 maseriam
891 1281 1135 1342 tenuem
1186 1280 1250 1343 et
1294 1298 1408 1343 non
1457 1282 1876 1344 constructam
1925 1281 2110 1357 calce,
2160 1284 2484 1363 propterea
2530 1279 2876 1357 consulunt,
2927 1279 3085 1362 quod
3134 1281 3207 1344 de

485 1365 751 1446 presenti
801 1384 940 1429 cum
982 1366 1090 1429 illa
1138 1367 1529 1432 solicitudine
1577 1370 1639 1432 et
1677 1366 1903 1446 studio,
1955 1370 2176 1450 quibus
2224 1368 2356 1431 fieri
2380 1370 2601 1449 potest,
2651 1368 2960 1432 scribatur
2993 1369 3210 1432 comiti

479 1457 543 1516 et
588 1454 911 1535 capitaneo
960 1456 1188 1531 nostro,
1240 1455 1400 1536 quod
1464 1455 1541 1519 ad
1604 1457 2055 1539 reparationem
2119 1458 2182 1521 et
2227 1455 2726 1521 fortificationem
2788 1456 2950 1519 terre
2997 1458 3208 1520 nostre

483 1541 754 1623 predicte
793 1540 1077 1605 insistere
1123 1542 1344 1607 debeat
1381 1546 1513 1607 tota
1561 1546 1787 1620 mente,
1836 1544 2127 1609 videlicet
2185 1544 2464 1608 faciendo
2531 1544 2660 1608 fieri
2711 1543 2785 1606 de
2856 1542 3016 1609 infra
3076 1563 3211 1608 ma-

483 1630 708 1693 seriam
758 1629 1123 1712 predictam,
1172 1634 1242 1694 ut
1285 1632 1403 1695 sibi
1454 1630 1677 1696 melius
1727 1631 2051 1711 videbitur,
2103 1631 2414 1696 coredoria
2461 1631 2860 1715 lignaminiS,
2925 1632 3201 1696 faciendo

484 1716 624 1798 poni
674 1717 916 1781 tabulas
964 1720 1109 1793 treS,
1161 1717 1449 1783 videlicet
1495 1720 1836 1783 successive
1883 1738 2066 1784 unam
2131 1739 2312 1802 super
2359 1719 2622 1784 alteram
2677 1738 2859 1801 super
2905 1719 3057 1801 ipsis
3105 1738 3205 1783 co-

481 1804 753 1881 redoriiS,
805 1807 875 1869 ut
922 1805 982 1868 in
1031 1805 1195 1869 omni
1240 1825 1384 1870 casu
1433 1810 1771 1889 opportuno
1821 1806 2103 1871 homines
2152 1810 2284 1871 tute
2332 1810 2394 1870 et
2431 1807 2660 1890 absque
2708 1806 2941 1871 lesione
2985 1806 3205 1871 civita-

479 1896 604 1956 tem
654 1893 995 1975 predictam
1044 1892 1291 1958 valeant
1336 1894 1658 1958 defendere
1700 1897 1763 1958 et
1808 1895 2156 1971 sustinere;
2200 1898 2264 1959 et
2311 1896 2476 1960 ultra
2523 1896 2633 1959 hec
2681 1893 2869 1958 faciat
2914 1894 3207 1958 similiter

477 1981 745 2045 construi
795 1980 961 2064 apud
1008 1981 1359 2045 huiusmodi
1391 1983 1702 2047 coredoria
1731 1980 1939 2063 aliqua
1973 1982 2331 2060 buttifreda,
2368 1984 2552 2065 prout
2588 1982 2812 2047 viderit
2849 1983 2976 2047 sore
3010 2001 3163 2065 opus
3195 2006 3210 2056 3

477 2071 540 2131 et
590 2070 839 2150 insuper
884 2069 1044 2150 quod
1093 2069 1284 2133 faciat
1327 2070 1599 2151 reparari
1648 2071 1712 2133 et
1757 2072 1959 2152 aptari
2008 2070 2311 2154 quandam
2360 2071 2525 2135 alam
2576 2071 2754 2134 unius
2802 2072 3067 2135 turrium
3101 2089 3203 2133 ca-

243 2184 251 2192 ·
366 2236 373 2239 p
478 2155 617 2220 stri.
668 2157 747 2219 Et
797 2158 1228 2221 committatur
1273 2158 1480 2221 comiti
1528 2159 1968 2239 suprascripto,
2020 2162 2319 2241 quatenus
2367 2158 2618 2223 mittere
2675 2158 2899 2223 debeat
2943 2158 3205 2222 Lesnam

478 2245 573 2307 tot
618 2243 1004 2323 marinarioS,
1057 2246 1209 2326 quot
1252 2244 1565 2308 sufficiant
1611 2244 1687 2309 ad
1736 2245 2194 2310 conducendum
2246 2265 2455 2310 secure
2501 2246 2753 2311 cocham
2802 2245 3209 2311 Januensium

479 2336 764 2395 onustam
815 2332 1176 2415 lignamine,
1226 2352 1341 2413 quo
1390 2333 1744 2396 intromissa
1787 2334 1852 2397 et
1898 2336 2136 2399 retenta
2197 2333 2313 2398 fuit
2376 2335 2600 2397 ibidem
2652 2335 2725 2397 de
2774 2336 2979 2398 nostro
3027 2353 3204 2397 man-

478 2421 640 2497 date,
689 2418 967 2495 Jadram,
1018 2440 1137 2501 qua
1170 2420 1417 2501 quidem
1467 2419 1615 2484 illuc
1663 2423 1982 2500 conducta,
2034 2422 2346 2485 exonerari
2375 2421 2562 2484 faeiat
2597 2421 2939 2504 lignamine
2981 2422 3198 2504 ipsi11S,

479 2507 554 2571 de
598 2526 717 2589 quo
765 2506 895 2571 fieri
944 2506 1134 2571 faciat
1178 2509 1479 2571 laboreria
1527 2510 1909 2573 neccessaria
1971 2511 2132 2574 terre
2179 2509 2489 2591 predicte,
2554 2510 2618 2572 et
2684 2510 2881 2590 ipsam
2943 2511 3198 2573 cocham

479 2597 872 2661 exoneratam
922 2594 1315 2678 postmodum
1365 2595 1644 2660 totaliter
1691 2596 1927 2661 destrui
1975 2596 2181 2675 faciat,
2234 2616 2307 2661 ne
2355 2596 2480 2660 ullo
2514 2615 2782 2678 unquam
2832 2615 2980 2662 casu
3030 2597 3208 2662 nobis

479 2684 539 2747 in
585 2683 859 2748 futurum
907 2684 1104 2766 possit
1152 2703 1285 2748 esse
1334 2684 1566 2749 nociva.
1618 2685 1912 2750 Preterea
1958 2688 2028 2748 ut
2074 2686 2136 2749 in
2182 2703 2328 2748 casu
2395 2684 2670 2766 quolibet
2736 2686 2937 2748 status
3001 2688 3234 2750 noster*

479 2774 538 2835 in
585 2772 780 2838 Jadra
827 2772 1121 2835 reddatur
1168 2772 1345 2854 plene
1393 2791 1664 2850 securuS,
1715 2773 2027 2838 scribatur
2072 2773 2286 2836 comiti
2323 2772 2656 2850 antedictO,
2707 2773 2867 2855 quod
2914 2774 2969 2837 si
3001 2773 3205 2856 alique

477 2878 731 2940 persone
779 2861 985 2924 essent
1031 2858 1108 2923 ad
1156 2878 1403 2941 presens
1451 2860 1511 2923 in
1559 2860 1768 2937 Jadra,
1833 2860 1908 2924 de
1970 2860 2189 2944 quibus
2248 2862 2454 2942 posset
2511 2860 2738 2924 babere
2785 2859 3034 2943 aliquod
3092 2862 3205 2926 du-

480 2949 648 3013 bium
701 2947 794 3012 vel
840 2951 1211 3028 suspectum,
1262 2947 1486 3012 debeat
1531 2967 1640 3030 per
1688 2948 1866 3012 illum
1936 2951 2219 3027 modum,
2270 2949 2374 3031 qui
2434 2948 2552 3012 sibi
2622 2948 2841 3014 melior
2895 2950 3205 3014 videbitur

480 3054 584 3099 eos
632 3035 828 3100 facere
876 3036 1036 3099 exire
1085 3035 1159 3099 de
1206 3035 1417 3114 Jadra‚
1464 3037 1530 3100 et
1578 3036 1743 3119 ipsas
1788 3036 1988 3101 facere
2031 3038 2115 3102 ire
2155 3038 2232 3100 ad
2265 3035 2502 3101 insulas
2550 3037 2649 3100 vel
2681 3035 2822 3116 alio,
2870 3038 3053 3120 prout
3087 3038 3206 3102 sibi

479 3123 679 3186 tucius
727 3122 1065 3205 apparebit.

693 3210 773 3273 Et
821 3211 1128 3273 scribatur
1175 3211 1472 3291 potestati
1520 3214 1730 3276 nostro
1776 3213 1993 3288 Lesne,
2060 3212 2217 3294 quod
2280 3212 2358 3275 ad
2424 3230 2667 3276 omnem
2739 3213 3206 3294 requisicionem

487 3298 732 3361 comitis
780 3296 1038 3378 predicti
1086 3297 1274 3361 Jadre
1321 3299 1546 3363 debeat
1591 3300 1844 3363 mittere
1891 3301 2143 3364 chocam
2191 3300 2539 3381 predictam
2584 3319 2721 3364 cum
2770 3300 2970 3363 carico
3003 3318 3111 3364 suo
3144 3302 3206 3363 et

484 3385 766 3449 omnibus
814 3385 931 3449 sibi
981 3386 1424 3467 spectantibus,
1474 3387 1613 3451 Non
1663 3388 1887 3451 sinceri
1933 3387 1994 3464 4,
2044 3386 2119 3451 de
2166 3405 2284 3452 non
2334 3388 2392 3467 6,
2440 3387 2548 3452 alii
2595 3388 2667 3451 de
2715 3389 2909 3469 parte.

566 3474 723 3534 Secr.
766 3491 921 3535 conS.
959 3480 1144 3549 φοραί.
1193 3477 1267 3534 B.
1302 3479 1405 3547 83,
1454 3495 1496 3536 u
1540 3479 1757 3536 arkivu
1790 3478 2150 3536 mletadkom.

770 3717 1192 3801 CCXCVI.
1269 3719 1476 3802 God.
1532 3718 1760 3802 1350.
1818 3722 1906 3801 11
1964 3719 2395 3820 prosinca,
2450 3742 2508 3801 u
2564 3719 2954 3801 Mletcih.

490 3847 810 3922 Izplac'uju
868 3864 929 3906 se
991 3847 1160 3905 ηουσέ
1208 3847 1364 3906 uzetz·
1422 3864 1464 3904 u
1509 3847 1707 3918 anjam
1752 3846 1828 3905 od
1873 3848 2061 3904 kneza
2118 3847 2490 3920 zadarskoya
2549 3865 2623 3906 za
2671 3847 2898 3918 izplatu
2946 3848 3209 3919 vojuilca.

697 3968 882 4032 1350.
936 3967 1268 4032 indictione
1309 3967 1416 4044 IV,
1470 3967 1566 4030 die
1617 3966 1708 4030 XI
1754 3967 2119 4046 decembris,
2171 3969 2390 4048 capt-a:
2442 3966 2600 4049 quod
2644 3967 2852 4031 ducati
2891 3968 3034 4031 VIII
3070 3986 3213 4031 cen-

481 4058 609 4120 tum
663 4056 709 4119 L
757 4055 906 4132 auri,
958 4055 1085 4118 dati
1136 4074 1240 4136 per
1288 4054 1640 4118 Nicoletum
1692 4056 1764 4118 de
1816 4054 2092 4118 Avancio
2139 4054 2352 4118 comiti
2399 4053 2587 4120 Jadre
2652 4074 2756 4135 pro
2801 4055 3020 4138 pagis,
3071 4075 3210 4136 pos-

484 4143 611 4206 sint
657 4142 854 4224 accipi
900 4144 972 4206 de
1021 4145 1247 4222 moute,
1298 4143 1361 4206 et
1408 4142 1659 4206 restitui
1710 4142 2130 4225 pagatoribuS,
2181 4142 2245 4205 in
2291 4159 2549 4225 quorum
2596 4143 2829 4207 ratione
2873 4144 3066 4207 eraut.
3131 4143 3213 4206 Et

489 4229 538 4292 si
580 4230 906 4293 consilium
953 4234 1069 4294 etc.

566 4319 765 4388 Misti,
815 4319 1054 4379 XXVI.
1103 4323 1204 4390 49,
1255 4339 1294 4380 ιι
1338 4321 1555 4380 arkivu
1591 4319 1950 4379 mletadkom.
