3620 5282
2959 352 3093 421 315

361 534 484 600 tari
531 533 743 615 posset
787 532 1005 610 dictas,
1053 534 1119 599 et
1163 534 1504 599 concedens
1551 534 1797 598 nomine
1846 551 1957 598 suo
2008 535 2074 599 et
2133 537 2382 601 nomine
2446 536 2679 618 prefate
2726 538 2932 601 uxoris
2979 555 3089 603 sue

365 623 576 688 omnia
621 622 782 699 iura,
831 623 1101 686 actiones
1149 625 1214 687 et
1244 624 1536 698 rationes,
1571 642 1686 705 que
1725 625 1789 686 et
1821 639 1976 706 quas
2010 622 2270 704 predicti
2309 625 2405 690 vir
2466 625 2531 688 et
2561 643 2713 689 uxor
2757 624 3090 706 quomodo-

364 711 521 774 libet
547 709 850 774 haberent
882 711 980 774 vel
1006 710 1231 774 habere
1263 713 1514 791 possent
1547 710 1903 774 nominibus
1924 712 1988 774 et
2013 711 2437 778 occasionibus
2461 714 2855 795 supradictis,
2887 714 3084 776 eidem

369 797 613 861 domino
662 796 877 862 Marco
922 800 1194 880 presenti
1237 800 1301 862 et
1347 799 1591 862 nomine
1638 816 1756 881 quo
1796 816 1982 879 supra
2028 798 2351 880 stipulanti
2399 804 2465 864 et
2530 800 2872 882 recipienti.
2942 801 3090 865 Pre-

370 883 532 950 fatus
579 903 721 949 vero
767 884 1056 949 dominus
1104 885 1357 950 Marcus
1404 887 1812 950 Maurocenus
1859 886 2130 950 sindicus
2177 888 2241 950 et
2290 891 2652 970 procurator
2709 887 3087 969 prefatorum

371 972 637 1037 illustris
684 971 918 1037 domini
968 973 1141 1038 ducis
1188 976 1252 1038 et
1297 974 1644 1038 communis
1692 974 2096 1038 veneciarum
2143 977 2210 1038 et
2239 993 2448 1040 eorum
2477 976 2722 1040 nomine
2764 975 2839 1039 de
2888 978 3090 1058 gratia

369 1059 624 1144 speciali
671 1061 843 1125 dedit
887 1063 952 1125 et
990 1063 1296 1126 concessit
1340 1061 1542 1127 eidem
1589 1061 1839 1126 domino
1886 1060 2098 1125 Marco
2148 1063 2395 1128 nomine
2441 1083 2552 1128 suo
2599 1066 2664 1127 et
2725 1065 2929 1128 uxoris
2980 1083 3090 1128 sue

366 1149 713 1230 predictum
764 1150 1041 1214 castrum
1091 1151 1157 1214 et
1198 1150 1404 1214 locum
1452 1148 1611 1233 Croy
1658 1168 1798 1213 cum
1841 1149 1957 1212 hac
2002 1151 2366 1227 conditione,
2438 1152 2599 1234 quod
2647 1152 2778 1233 ipse
2827 1151 3087 1217 nomini-

371 1236 485 1300 bus
532 1237 967 1319 suprascriptis
1013 1239 1244 1312 teneat,
1290 1238 1519 1301 habeat
1583 1239 1648 1301 et
1716 1235 2032 1318 possideat
2101 1237 2334 1301 dictum
2398 1240 2672 1317 castrum
2743 1238 2807 1302 et
2853 1243 3085 1303 terram

371 1321 530 1407 Croy
576 1324 778 1388 solum
853 1326 1099 1389 nomine
1148 1323 1525 1407 prefatorum
1575 1323 1842 1388 illustris
1887 1323 2124 1388 domini
2172 1326 2345 1389 ducis
2392 1330 2456 1389 et
2499 1327 2850 1390 communis
2887 1326 3087 1391 Vene-

367 1413 627 1488 ciarum,
676 1410 949 1476 fatiendo
997 1413 1057 1476 in
1106 1412 1241 1495 ipso
1285 1414 1490 1477 castro
1537 1413 1840 1477 rationem
1889 1415 1953 1473 et
2010 1411 2326 1477 iusticiam
2361 1412 2422 1477 in
2456 1412 2746 1479 civilibus
2778 1417 2842 1478 et
2873 1414 3087 1478 crimi-

364 1498 615 1563 nalibus
660 1516 770 1581 pro
818 1504 886 1562 ut
932 1501 987 1564 ei
1034 1500 1370 1564 secundum
1415 1500 1599 1564 deum
1665 1504 1723 1562 et
1801 1501 2094 1564 honorem
2155 1501 2395 1565 ducalis
2460 1500 2719 1565 dominii
2783 1502 3089 1566 videbitur

367 1586 667 1668 expedire.
717 1586 892 1665 Quod
934 1587 1180 1669 quidem
1231 1591 1507 1653 castrum
1551 1590 1679 1669 ipse
1727 1589 2013 1651 dominus
2062 1589 2307 1652 Marcus
2357 1588 2646 1671 promisit
2676 1590 2739 1651 et
2772 1590 3088 1671 promittit

369 1674 740 1762 nominibuS‚
791 1675 1017 1756 quibus
1064 1694 1269 1757 supra,
1315 1681 1543 1750 tenere,
1602 1675 1933 1751 custodire,
1989 1692 2347 1741 conservare
2417 1678 2481 1741 et
2530 1675 2803 1740 fideliter
2867 1695 3088 1740 manu-

369 1765 580 1826 tenere
625 1762 702 1825 ad
752 1762 1041 1827 honorem
1094 1762 1471 1844 prefatorum
1518 1762 1785 1828 illustris
1840 1763 2066 1827 domini
2134 1764 2304 1828 ducis
2364 1768 2428 1828 et
2483 1764 2827 1828 communis
2889 1763 3089 1828 Vene-

370 1850 627 1924 ciarum,
675 1852 740 1913 et
785 1850 989 1933 ipsum
1041 1852 1311 1915 castrum
1362 1850 1626 1915 fideliter
1670 1870 1883 1933 regere
1938 1853 2000 1914 et
2039 1854 2405 1934 gubernare,
2472 1856 2537 1916 et
2604 1852 2666 1914 in
2728 1853 2894 1914 omni
2941 1866 3084 1915 casu

371 1940 435 2001 et
480 1938 748 2002 adventu
793 1939 868 2001 de
907 1956 978 2003 eo
1026 1938 1227 2003 facere
1270 1943 1335 2002 et
1380 1940 1721 2021 disponere,
1770 1938 2109 2005 secundum
2159 1940 2317 2023 quod
2367 1937 2623 2022 prefatis
2668 1939 2915 2003 domiuo
2947 1939 3083 2002 duci

367 2026 789 2089 etcommuni
839 2026 1237 2090 Venetiarum
1304 2026 1539 2090 videbit
1603 2030 1666 2091 et
1724 2028 2018 2110 placebit.
2081 2029 2150 2092 In
2214 2047 2473 2110 quorum
2532 2028 2813 2092 omnium
2876 2027 3086 2090 deser-

367 2113 612 2177 vatione
685 2116 747 2177 et
819 2114 1032 2177 maiori
1108 2113 1384 2178 efficacia
1434 2112 1704 2195 prefatus
1752 2116 2034 2182 dominus
2070 2116 2317 2180 Marcus
2354 2115 2698 2179 Barbadico
2734 2114 3085 2178 nominibus

367 2200 807 2281 suprascriptis
856 2204 986 2264 tam
1036 2219 1242 2265 coram
1293 2200 1528 2281 prefato
1589 2202 1837 2267 illustre
1900 2203 2148 2269 domino
2211 2205 2360 2268 duce
2429 2201 2837 2266 veneciarum
2902 2221 3084 2283 quam

368 2288 432 2350 in
481 2286 768 2351 manibus
814 2287 1037 2368 prefati
1084 2287 1317 2352 domini
1366 2289 1561 2354 Marci
1607 2291 1976 2358 Mauroceno
2022 2291 2313 2376 presenti,
2363 2290 2691 2371 stipulanti
2755 2298 2816 2352 et
2866 2291 3082 2370 recipi-

370 2373 500 2436 enti
548 2373 899 2438 nominibus
945 2375 1170 2458 quibus
1233 2395 1438 2458 supra,
1505 2379 1913 2459 personaliter
1980 2379 2167 2445 tactis
2232 2379 2555 2459 scripturis
2632 2376 2955 2440 fidelitatis
3021 2381 3085 2439 et

367 2459 717 2526 obediencie
764 2480 834 2526 ac
880 2461 956 2528 de
1002 2464 1092 2527 sic
1134 2464 1513 2530 observando
1546 2465 1818 2530 solemne
1869 2467 1933 2532 et
1977 2469 2256 2532 debitum
2311 2466 2592 2549 prestitit
2641 2465 3082 2546 jurameutum.

369 2546 687 2614 Concessit
731 2550 1044 2631 predictus
1090 2552 1372 2616 dominus
1414 2554 1657 2618 Marcus
1708 2554 2077 2620 Mauroceno
2125 2559 2191 2618 et
2236 2555 2358 2618 fuit
2414 2558 2742 2617 contentus
2820 2551 3085 2616 nomini-

366 2635 503 2715 bus,
552 2636 779 2720 quibus
825 2658 1033 2723 supra,
1083 2641 1245 2722 quod
1290 2641 1420 2722 ipse
1467 2661 1566 2707 ser
1613 2644 1864 2707 Marcus
1910 2645 2253 2709 Barbadico
2296 2644 2360 2707 et
2391 2638 2630 2724 prefata
2660 2640 2908 2705 domina
2958 2638 3083 2703 He-

367 2721 506 2788 lena
554 2743 706 2789 uxor
752 2744 866 2791 sua
909 2727 1222 2808 gaudeant
1265 2728 1458 2793 libere
1507 2732 1793 2795 omnibus
1827 2732 2009 2796 terris
2035 2737 2100 2797 et
2131 2730 2626 2813 possessionibus
2658 2728 2891 2792 eisdem
2941 2729 3087 2792 cont

363 2813 554 2876 cessis
602 2831 709 2895 per
755 2815 1101 2897 provisores
1147 2818 1493 2882 communis
1540 2818 1964 2897 Venetiarum,
2016 2821 2116 2901 qui
2167 2818 2422 2882 fuerunt
2464 2819 2541 2880 ad
2577 2819 2782 2898 partes
2820 2815 2992 2891 illas,
3029 2816 3081 2879 ei

363 2900 433 2963 ut
479 2901 606 2980 ipse
653 2918 753 2965 ser
797 2903 1047 2967 Marcus
1093 2921 1236 2967 cum
1278 2904 1519 2986 prefata
1576 2910 1862 2970 consorte
1924 2925 2034 2971 sua
2086 2906 2311 2970 habeat
2350 2923 2604 2970 causam
2652 2904 3085 2985 perseverand-

364 2987 429 3051 in
478 2986 775 3054 fidelitate
818 2991 1165 3055 communis
1216 2992 1620 3057 Veneciarum
1669 2999 1731 3057 et
1778 2993 2216 3059 manutenendi
2263 2993 2500 3057 dictum
2555 2997 2829 3056 castrum
2862 2990 2938 3054 ad
2976 2990 3084 3054 ho-

363 3093 574 3139 norem
626 3076 1003 3158 prefatorum
1052 3079 1284 3144 domini
1332 3080 1506 3145 ducis
1552 3084 1616 3145 et
1660 3084 2010 3146 communis
2060 3082 2487 3155 Veneciarum,
2536 3080 2698 3162 quod
2747 3080 2876 3160 ipse
2938 3096 3079 3142 cum

364 3161 531 3227 dicta
578 3181 762 3228 uxore
808 3183 920 3230 sua
965 3166 1195 3230 habeat
1240 3168 1625 3233 annuatatim
1655 3187 2040 3234 acommune
2069 3168 2466 3234 Venetiarum
2500 3167 2576 3231 ad
2625 3166 3083 3247 beneplacitum

366 3249 605 3314 ducalis
653 3252 909 3316 dominii
958 3253 1359 3319 venetiarum
1409 3256 1662 3321 ducatos
1710 3262 1962 3321 centum
2009 3259 2166 3322 auri.
2227 3256 2476 3322 Obtulit
2545 3258 2610 3319 et
2659 3254 2930 3334 prefatus
2977 3253 3082 3316 do-

366 3338 573 3402 minus
637 3339 882 3404 Marcus
947 3339 1317 3407 Mauroceno
1367 3345 1717 3409 nominibus
1797 3346 2021 3427 quibus
2069 3363 2272 3427 supra,
2324 3345 2483 3425 qnod
2523 3344 3083 3425 quocienscumque

364 3424 609 3489 illustre
656 3426 874 3491 ducale
922 3424 1272 3493 dominium'
1312 3432 1653 3497 destinabit
1684 3433 2101 3498 ambaxiatam
2136 3451 2311 3496 suam
2356 3434 2429 3496 ad
2456 3430 2858 3512 magnificum
2892 3448 3082 3511 quou-

362 3512 509 3578 dam
556 3512 754 3578 filium
805 3514 1054 3590 Morati‚
1106 3517 1307 3598 ipsum
1359 3518 1673 3584 dominum
1743 3522 2023 3586 Marcum
2093 3521 2441 3585 Barbadico
2504 3524 2568 3581 et
2614 3535 2861 3582 uxorem
2906 3537 3081 3583 suam

362 3619 434 3666 ac
479 3603 752 3666 castrum
800 3601 957 3686 Croy
1007 3605 1347 3683 predictum
1397 3608 1598 3671 eidem
1651 3610 2110 3675 recomendabit
2155 3611 2475 3691 tamquam
2524 3605 2739 3670 Veneti
2789 3607 2853 3668 et
2897 3605 3080 3676 cives,

361 3690 634 3753 castrum
684 3692 746 3752 et
779 3689 984 3754 locum
1020 3692 1367 3757 communis
1403 3694 1825 3759 Venetiarnm.
1876 3696 2008 3774 Que
2054 3699 2257 3761 omnia
2290 3698 2353 3759 et
2384 3694 2629 3777 singula
2666 3693 3084 3775 suprascripta

362 3775 781 3857 promiserunt
827 3778 991 3841 dicte
1038 3781 1246 3859 partes
1293 3781 1664 3859 nominibuS,
1716 3785 1938 3866 quibus
1965 3804 2171 3866 supra,
2209 3784 2328 3847 sibi
2365 3783 2733 3856 adinvicem,
2772 3780 3079 3869 videlicet,

364 3882 485 3928 una
531 3882 673 3946 pars
726 3864 905 3929 alteri
948 3867 1013 3929 et
1057 3865 1259 3931 altera
1306 3868 1484 3933 alteri
1534 3872 1854 3934 attendere
1889 3876 1952 3935 et
1982 3873 2304 3935 observare
2340 3890 2409 3935 ac
2441 3868 2849 3934 effectualiter
2886 3869 3082 3931 adim-

363 3950 535 4032 plere
581 3953 645 4014 et
695 3971 808 4016 non
857 3954 1273 4019 contrafacere
1323 3956 1417 4019 vel
1468 3960 1673 4022 venire
1718 3978 1829 4040 per
1876 3979 1940 4022 se
2004 3961 2100 4023 vel
2146 3959 2362 4034 alium,
2439 3958 2649 4040 aliqua
2697 3956 2934 4019 ratione
2982 3954 3081 4018 vel

363 4056 570 4116 causa,
637 4037 715 4103 de
772 4041 904 4105 iure
970 4040 1066 4104 vel
1128 4042 1201 4105 ‹le
1262 4042 1446 4121 facto,
1516 4048 1852 4110 secuudum
1917 4050 2132 4110 modos
2198 4050 2260 4108 et
2310 4046 2561 4109 ordines
2607 4042 3078 4124 suprascriptOS,

370 4126 487 4189 sub
534 4144 685 4208 pena
732 4128 902 4192 etin
975 4148 1194 4210 penam
1272 4130 1573 4196 librarum
1651 4135 1861 4197 decem
1950 4133 2219 4197 millium
2283 4132 2690 4213 stipulatione
2753 4131 3080 4212 premissa,

360 4214 595 4277 tociens
642 4215 1091 4280 committenda
1128 4220 1189 4279 et
1236 4219 1530 4297 exigenda
1577 4239 1687 4301 per
1726 4225 1968 4302 partem
2021 4222 2448 4285 observantem
2499 4240 2535 4284 a
2580 4225 2755 4301 parte
2806 4236 2924 4281 nou
2972 4221 3080 4282 ob·

360 4305 664 4377 servante,
712 4302 999 4385 quotiens
1047 4305 1108 4367 in
1159 4305 1453 4385 predictis
1502 4308 1597 4370 vel
1644 4309 1925 4390 quolibet
1954 4309 2368 4390 predictorum
2402 4307 2594 4372 fuerit
2623 4305 3082 4388 quomodolibet

358 4391 574 4455 contra
617 4390 886 4465 sactum3
936 4410 1058 4473 qua
1105 4410 1260 4474 pena
1306 4396 1640 4459 commissa
1693 4397 1794 4462 vel
1858 4414 1977 4460 non
2038 4397 2367 4460 commissa
2430 4401 2492 4459 et
2560 4395 2767 4459 soluta
2815 4393 2911 4457 vel
2961 4411 3080 4457 non

355 4477 573 4553 soluta,
623 4478 1064 4544 nichilominus
1112 4498 1361 4560 presens
1410 4486 1768 4547 contractus
1818 4484 1884 4546 in
1931 4502 2042 4547 sua
2072 4486 2434 4564 permaneat
2471 4483 2807 4557 firmitat03
2853 4499 3081 4544 renun-

356 4565 581 4629 tiantes
627 4565 792 4631 dicte
841 4569 1046 4647 partes
1094 4569 1449 4633 nominibus
1493 4572 1717 4651 quibus
1780 4590 1969 4653 supra
2037 4573 2205 4635 omni
2275 4571 2636 4651 exceptioni,
2711 4569 2853 4644 doli,
2905 4570 3079 4646 mali,

349 4652 681 4718 conditioni
728 4654 788 4717 in
837 4654 1070 4721 factum
1113 4658 1174 4719 et
1220 4657 1351 4722 sine
1396 4675 1582 4727 causa
1627 4661 1741 4726 aut
1773 4678 1845 4727 ex
1889 4659 2121 4728 iniusta
2169 4676 2381 4740 causa,
2430 4659 2720 4747 omnique
2754 4655 2980 4730 actioni
3016 4660 3080 4725 et
