<?xml version="1.0" encoding="UTF-8"?>
<!DOCTYPE html PUBLIC "-//W3C//DTD XHTML 1.0 Transitional//EN"
    "http://www.w3.org/TR/xhtml1/DTD/xhtml1-transitional.dtd">
<html xmlns="http://www.w3.org/1999/xhtml" xml:lang="en" lang="en">
 <head>
  <title>
</title>
<meta http-equiv="Content-Type" content="text/html;charset=utf-8" />
  <meta name='ocr-system' content='tesseract 3.04.00' />
  <meta name='ocr-capabilities' content='ocr_page ocr_carea ocr_par ocr_line ocrx_word'/>
</head>
<body>
  <div class='ocr_page' id='page_1' title='image "./monumentaspecta02umjegoog_0960.png"; bbox 0 0 3620 5282; ppageno 0'>
   <div class='ocr_carea' id='block_1_1' title="bbox 559 276 697 346">
    <p class='ocr_par' dir='ltr' id='par_1_1' title="bbox 559 276 697 346">
     <span class='ocr_line' id='line_1_1' title="bbox 559 276 697 346; baseline -0.014 0"><span class='ocrx_word' id='word_1_1' title='bbox 559 276 697 346; x_wconf 79' lang='lat'>402</span> 
     </span>
    </p>
   </div>
   <div class='ocr_carea' id='block_1_2' title="bbox 554 452 3318 1938">
    <p class='ocr_par' dir='ltr' id='par_1_2' title="bbox 554 452 3318 1759">
     <span class='ocr_line' id='line_1_2' title="bbox 559 452 3313 537; baseline -0.001 -15"><span class='ocrx_word' id='word_1_2' title='bbox 559 457 716 523; x_wconf 90' lang='lat' dir='ltr'>endo</span> <span class='ocrx_word' id='word_1_3' title='bbox 768 454 929 519; x_wconf 89' lang='lat' dir='ltr'>ultra</span> <span class='ocrx_word' id='word_1_4' title='bbox 976 472 1167 518; x_wconf 91' lang='lat' dir='ltr'>unum</span> <span class='ocrx_word' id='word_1_5' title='bbox 1215 469 1324 534; x_wconf 87' lang='lat' dir='ltr'>pro</span> <span class='ocrx_word' id='word_1_6' title='bbox 1370 453 1546 516; x_wconf 92' lang='lat' dir='ltr'>domo</span> <span class='ocrx_word' id='word_1_7' title='bbox 1594 454 1658 516; x_wconf 87' lang='lat' dir='ltr'>et</span> <span class='ocrx_word' id='word_1_8' title='bbox 1703 472 1897 517; x_wconf 89' lang='lat' dir='ltr'>unum</span> <span class='ocrx_word' id='word_1_9' title='bbox 1948 471 2058 535; x_wconf 89' lang='lat' dir='ltr'>pro</span> <span class='ocrx_word' id='word_1_10' title='bbox 2101 452 2323 519; x_wconf 79' lang='lat' dir='ltr'>officio.</span> <span class='ocrx_word' id='word_1_11' title='bbox 2366 453 2449 518; x_wconf 85' lang='lat' dir='ltr'>Et</span> <span class='ocrx_word' id='word_1_12' title='bbox 2495 456 2906 537; x_wconf 72' lang='lat' dir='ltr'><strong>respondeant</strong></span> <span class='ocrx_word' id='word_1_13' title='bbox 2972 474 3118 520; x_wconf 85' lang='lat' dir='ltr'>cras</span> <span class='ocrx_word' id='word_1_14' title='bbox 3197 475 3313 535; x_wconf 88' lang='lat' dir='ltr'>pet</span> 
     </span>
     <span class='ocr_line' id='line_1_3' title="bbox 557 538 3312 625; baseline -0.001 -16"><span class='ocrx_word' id='word_1_15' title='bbox 557 545 746 622; x_wconf 89' lang='lat' dir='ltr'>diem,</span> <span class='ocrx_word' id='word_1_16' title='bbox 795 561 913 606; x_wconf 90' lang='lat' dir='ltr'>non</span> <span class='ocrx_word' id='word_1_17' title='bbox 959 541 1257 622; x_wconf 90' lang='lat' dir='ltr'>possendo</span> <span class='ocrx_word' id='word_1_18' title='bbox 1328 538 1594 604; x_wconf 78' lang='lat' dir='ltr'>refutare</span> <span class='ocrx_word' id='word_1_19' title='bbox 1664 540 1779 604; x_wconf 93' lang='lat' dir='ltr'>sub</span> <span class='ocrx_word' id='word_1_20' title='bbox 1854 559 2007 621; x_wconf 90' lang='lat' dir='ltr'>pena</span> <span class='ocrx_word' id='word_1_21' title='bbox 2075 542 2439 606; x_wconf 74' lang='lat' dir='ltr'>ducatorum</span> <span class='ocrx_word' id='word_1_22' title='bbox 2509 545 2757 607; x_wconf 89' lang='lat' dir='ltr'>centum</span> <span class='ocrx_word' id='word_1_23' title='bbox 2807 562 2916 623; x_wconf 85' lang='lat' dir='ltr'>pro</span> <span class='ocrx_word' id='word_1_24' title='bbox 2967 544 3312 625; x_wconf 74' lang='lat' dir='ltr'>quolibet3</span> 
     </span>
     <span class='ocr_line' id='line_1_4' title="bbox 554 626 3315 712; baseline -0.001 -16"><span class='ocrx_word' id='word_1_25' title='bbox 554 632 821 698; x_wconf 85' lang='lat' dir='ltr'>debeant</span> <span class='ocrx_word' id='word_1_26' title='bbox 861 629 1087 694; x_wconf 88' lang='lat' dir='ltr'>habere</span> <span class='ocrx_word' id='word_1_27' title='bbox 1134 647 1170 692; x_wconf 90' lang='lat' dir='ltr'>a</span> <span class='ocrx_word' id='word_1_28' title='bbox 1216 629 1423 692; x_wconf 88' lang='lat' dir='ltr'>nostro</span> <span class='ocrx_word' id='word_1_29' title='bbox 1468 630 1781 692; x_wconf 89' lang='lat' dir='ltr'>communi</span> <span class='ocrx_word' id='word_1_30' title='bbox 1829 626 2087 692; x_wconf 78' lang='lat' dir='ltr'><strong>ducatos</strong></span> <span class='ocrx_word' id='word_1_31' title='bbox 2158 633 2406 693; x_wconf 79' lang='lat' dir='ltr'>centurn</span> <span class='ocrx_word' id='word_1_32' title='bbox 2478 648 2583 712; x_wconf 90' lang='lat' dir='ltr'>pro</span> <span class='ocrx_word' id='word_1_33' title='bbox 2654 631 2935 711; x_wconf 87' lang='lat' dir='ltr'>quolibet</span> <span class='ocrx_word' id='word_1_34' title='bbox 2978 650 3084 711; x_wconf 86' lang='lat' dir='ltr'>pro</span> <span class='ocrx_word' id='word_1_35' title='bbox 3139 629 3315 694; x_wconf 79' lang='lat' dir='ltr'>faci·</span> 
     </span>
     <span class='ocr_line' id='line_1_5' title="bbox 555 715 3314 800; baseline -0.001 -15"><span class='ocrx_word' id='word_1_36' title='bbox 555 721 710 786; x_wconf 89' lang='lat' dir='ltr'>endo</span> <span class='ocrx_word' id='word_1_37' title='bbox 759 718 875 781; x_wconf 89' lang='lat' dir='ltr'>sibi</span> <span class='ocrx_word' id='word_1_38' title='bbox 925 736 1107 781; x_wconf 90' lang='lat' dir='ltr'>unam</span> <span class='ocrx_word' id='word_1_39' title='bbox 1156 717 1369 779; x_wconf 86' lang='lat' dir='ltr'>robam</span> <span class='ocrx_word' id='word_1_40' title='bbox 1419 734 1526 796; x_wconf 89' lang='lat' dir='ltr'>pro</span> <span class='ocrx_word' id='word_1_41' title='bbox 1573 715 1799 779; x_wconf 88' lang='lat' dir='ltr'>honore</span> <span class='ocrx_word' id='word_1_42' title='bbox 1845 717 2035 779; x_wconf 82' lang='lat' dir='ltr'>nostri</span> <span class='ocrx_word' id='word_1_43' title='bbox 2085 718 2463 792; x_wconf 76' lang='lat' dir='ltr'>commuui83</span> <span class='ocrx_word' id='word_1_44' title='bbox 2514 719 2754 799; x_wconf 81' lang='lat' dir='ltr'>possint</span> <span class='ocrx_word' id='word_1_45' title='bbox 2796 719 3151 800; x_wconf 78' lang='lat' dir='ltr'>expendere</span> <span class='ocrx_word' id='word_1_46' title='bbox 3185 718 3314 781; x_wconf 88' lang='lat' dir='ltr'>du·</span> 
     </span>
     <span class='ocr_line' id='line_1_6' title="bbox 558 803 3314 888; baseline -0.001 -17"><span class='ocrx_word' id='word_1_47' title='bbox 558 809 725 873; x_wconf 88' lang='lat' dir='ltr'>catos</span> <span class='ocrx_word' id='word_1_48' title='bbox 773 805 1040 887; x_wconf 91' lang='lat' dir='ltr'>quinque</span> <span class='ocrx_word' id='word_1_49' title='bbox 1089 806 1148 866; x_wconf 93' lang='lat' dir='ltr'>in</span> <span class='ocrx_word' id='word_1_50' title='bbox 1196 804 1292 866; x_wconf 90' lang='lat' dir='ltr'>die</span> <span class='ocrx_word' id='word_1_51' title='bbox 1338 821 1444 884; x_wconf 88' lang='lat' dir='ltr'>pro</span> <span class='ocrx_word' id='word_1_52' title='bbox 1515 803 1795 885; x_wconf 78' lang='lat' dir='ltr'>quolibet</span> <span class='ocrx_word' id='word_1_53' title='bbox 1862 804 1924 865; x_wconf 91' lang='lat' dir='ltr'>in</span> <span class='ocrx_word' id='word_1_54' title='bbox 1994 805 2279 867; x_wconf 89' lang='lat' dir='ltr'>omnibus</span> <span class='ocrx_word' id='word_1_55' title='bbox 2348 806 2629 884; x_wconf 79' lang='lat' dir='ltr'>expensis</span> <span class='ocrx_word' id='word_1_56' title='bbox 2698 808 3314 888; x_wconf 82' lang='lat' dir='ltr'>quomodocumque</span> 
     </span>
     <span class='ocr_line' id='line_1_7' title="bbox 556 891 3318 975; baseline -0.002 -16"><span class='ocrx_word' id='word_1_57' title='bbox 556 895 674 960; x_wconf 89' lang='lat' dir='ltr'>sibi</span> <span class='ocrx_word' id='word_1_58' title='bbox 722 891 1186 957; x_wconf 86' lang='lat' dir='ltr'>occurrentibus</span> <span class='ocrx_word' id='word_1_59' title='bbox 1233 907 1342 972; x_wconf 90' lang='lat' dir='ltr'>pro</span> <span class='ocrx_word' id='word_1_60' title='bbox 1388 910 1452 953; x_wconf 90' lang='lat' dir='ltr'>se</span> <span class='ocrx_word' id='word_1_61' title='bbox 1498 898 1563 954; x_wconf 88' lang='lat' dir='ltr'>et</span> <span class='ocrx_word' id='word_1_62' title='bbox 1609 891 1846 954; x_wconf 87' lang='lat' dir='ltr'>familia</span> <span class='ocrx_word' id='word_1_63' title='bbox 1891 910 2020 962; x_wconf 86' lang='lat' dir='ltr'>sua,</span> <span class='ocrx_word' id='word_1_64' title='bbox 2070 894 2340 973; x_wconf 85' lang='lat' dir='ltr'>exceptis</span> <span class='ocrx_word' id='word_1_65' title='bbox 2389 892 2809 973; x_wconf 82' lang='lat' dir='ltr'>emptionibus</span> <span class='ocrx_word' id='word_1_66' title='bbox 2868 912 3185 975; x_wconf 89' lang='lat' dir='ltr'>equorum</span> <span class='ocrx_word' id='word_1_67' title='bbox 3244 896 3318 955; x_wconf 87' lang='lat' dir='ltr'>et</span> 
     </span>
     <span class='ocr_line' id='line_1_8' title="bbox 555 978 3316 1062; baseline -0.003 -14"><span class='ocrx_word' id='word_1_68' title='bbox 555 982 797 1056; x_wconf 80' lang='lat' dir='ltr'>scortiS,</span> <span class='ocrx_word' id='word_1_69' title='bbox 847 980 1079 1062; x_wconf 85' lang='lat' dir='ltr'>agociis</span> <span class='ocrx_word' id='word_1_70' title='bbox 1125 996 1198 1042; x_wconf 88' lang='lat' dir='ltr'>ac</span> <span class='ocrx_word' id='word_1_71' title='bbox 1251 978 1494 1041; x_wconf 88' lang='lat' dir='ltr'>nabulis</span> <span class='ocrx_word' id='word_1_72' title='bbox 1546 978 1932 1059; x_wconf 85' lang='lat' dir='ltr'>navigiorum</span> <span class='ocrx_word' id='word_1_73' title='bbox 1959 978 2298 1043; x_wconf 88' lang='lat' dir='ltr'>secundum</span> <span class='ocrx_word' id='word_1_74' title='bbox 2348 998 2547 1055; x_wconf 89' lang='lat' dir='ltr'>usum,</span> <span class='ocrx_word' id='word_1_75' title='bbox 2599 979 2883 1044; x_wconf 86' lang='lat' dir='ltr'>habendo</span> <span class='ocrx_word' id='word_1_76' title='bbox 2919 987 2983 1044; x_wconf 90' lang='lat' dir='ltr'>et</span> <span class='ocrx_word' id='word_1_77' title='bbox 3017 979 3316 1044; x_wconf 85' lang='lat' dir='ltr'>tenendo</span> 
     </span>
     <span class='ocr_line' id='line_1_9' title="bbox 556 1065 3310 1148; baseline -0.001 -15"><span class='ocrx_word' id='word_1_78' title='bbox 556 1070 634 1134; x_wconf 91' lang='lat' dir='ltr'>ad</span> <span class='ocrx_word' id='word_1_79' title='bbox 680 1070 877 1132; x_wconf 87' lang='lat' dir='ltr'>dictas</span> <span class='ocrx_word' id='word_1_80' title='bbox 923 1084 1217 1147; x_wconf 83' lang='lat' dir='ltr'>expensas</span> <span class='ocrx_word' id='word_1_81' title='bbox 1264 1069 1525 1148; x_wconf 84' lang='lat' dir='ltr'>quatuor</span> <span class='ocrx_word' id='word_1_82' title='bbox 1569 1065 1922 1130; x_wconf 86' lang='lat' dir='ltr'>domicellos</span> <span class='ocrx_word' id='word_1_83' title='bbox 1988 1084 2097 1147; x_wconf 91' lang='lat' dir='ltr'>pro</span> <span class='ocrx_word' id='word_1_84' title='bbox 2144 1067 2441 1147; x_wconf 86' lang='lat' dir='ltr'>quolibet,</span> <span class='ocrx_word' id='word_1_85' title='bbox 2507 1086 2697 1132; x_wconf 92' lang='lat' dir='ltr'>unum</span> <span class='ocrx_word' id='word_1_86' title='bbox 2769 1070 3085 1131; x_wconf 89' lang='lat' dir='ltr'>notarium</span> <span class='ocrx_word' id='word_1_87' title='bbox 3148 1087 3310 1130; x_wconf 84' lang='lat' dir='ltr'>cum</span> 
     </span>
     <span class='ocr_line' id='line_1_10' title="bbox 556 1154 3307 1237; baseline -0.002 -14"><span class='ocrx_word' id='word_1_88' title='bbox 556 1176 674 1223; x_wconf 90' lang='lat' dir='ltr'>uno</span> <span class='ocrx_word' id='word_1_89' title='bbox 720 1154 975 1231; x_wconf 83' lang='lat' dir='ltr'>famulo,</span> <span class='ocrx_word' id='word_1_90' title='bbox 1003 1172 1190 1216; x_wconf 90' lang='lat' dir='ltr'>unum</span> <span class='ocrx_word' id='word_1_91' title='bbox 1229 1163 1709 1233; x_wconf 84' lang='lat' dir='ltr'>expensatorem,</span> <span class='ocrx_word' id='word_1_92' title='bbox 1745 1172 1935 1217; x_wconf 90' lang='lat' dir='ltr'>unum</span> <span class='ocrx_word' id='word_1_93' title='bbox 1974 1154 2530 1230; x_wconf 87' lang='lat' dir='ltr'>mareschalchum,</span> <span class='ocrx_word' id='word_1_94' title='bbox 2568 1174 2758 1219; x_wconf 89' lang='lat' dir='ltr'>unum</span> <span class='ocrx_word' id='word_1_95' title='bbox 2790 1174 3034 1237; x_wconf 87' lang='lat' dir='ltr'>coqum,</span> <span class='ocrx_word' id='word_1_96' title='bbox 3079 1173 3307 1219; x_wconf 87' lang='lat' dir='ltr'>unum</span> 
     </span>
     <span class='ocr_line' id='line_1_11' title="bbox 556 1240 3312 1324; baseline -0.001 -15"><span class='ocrx_word' id='word_1_97' title='bbox 556 1243 974 1309; x_wconf 83' lang='lat' dir='ltr'>trucimanum</span> <span class='ocrx_word' id='word_1_98' title='bbox 1023 1259 1094 1305; x_wconf 87' lang='lat' dir='ltr'>ac</span> <span class='ocrx_word' id='word_1_99' title='bbox 1140 1242 1290 1304; x_wconf 84' lang='lat' dir='ltr'>duos</span> <span class='ocrx_word' id='word_1_100' title='bbox 1338 1241 1613 1321; x_wconf 83' lang='lat' dir='ltr'>ragocios</span> <span class='ocrx_word' id='word_1_101' title='bbox 1660 1244 1726 1304; x_wconf 87' lang='lat' dir='ltr'>et</span> <span class='ocrx_word' id='word_1_102' title='bbox 1773 1259 1957 1304; x_wconf 88' lang='lat' dir='ltr'>unam</span> <span class='ocrx_word' id='word_1_103' title='bbox 2007 1259 2291 1304; x_wconf 88' lang='lat' dir='ltr'>saumam</span> <span class='ocrx_word' id='word_1_104' title='bbox 2343 1260 2448 1321; x_wconf 88' lang='lat' dir='ltr'>pro</span> <span class='ocrx_word' id='word_1_105' title='bbox 2512 1240 2807 1324; x_wconf 89' lang='lat' dir='ltr'>quolibet.</span> <span class='ocrx_word' id='word_1_106' title='bbox 2878 1243 3104 1306; x_wconf 84' lang='lat' dir='ltr'>Verum</span> <span class='ocrx_word' id='word_1_107' title='bbox 3190 1262 3312 1322; x_wconf 88' lang='lat' dir='ltr'>pro</span> 
     </span>
     <span class='ocr_line' id='line_1_12' title="bbox 556 1327 3318 1412; baseline -0.002 -15"><span class='ocrx_word' id='word_1_108' title='bbox 556 1331 909 1397; x_wconf 89' lang='lat' dir='ltr'>honorando</span> <span class='ocrx_word' id='word_1_109' title='bbox 956 1329 1368 1392; x_wconf 87' lang='lat' dir='ltr'>ambasiatam</span> <span class='ocrx_word' id='word_1_110' title='bbox 1411 1327 1623 1391; x_wconf 85' lang='lat' dir='ltr'>donari</span> <span class='ocrx_word' id='word_1_111' title='bbox 1672 1329 1938 1391; x_wconf 83' lang='lat' dir='ltr'>debeant</span> <span class='ocrx_word' id='word_1_112' title='bbox 1970 1327 2383 1392; x_wconf 84' lang='lat' dir='ltr'>familiaribus</span> <span class='ocrx_word' id='word_1_113' title='bbox 2441 1329 2734 1409; x_wconf 79' lang='lat' dir='ltr'>predictis</span> <span class='ocrx_word' id='word_1_114' title='bbox 2773 1330 2979 1393; x_wconf 83' lang='lat' dir='ltr'>ducati</span> <span class='ocrx_word' id='word_1_115' title='bbox 3016 1334 3318 1412; x_wconf 80' lang='lat' dir='ltr'>quatuor</span> 
     </span>
     <span class='ocr_line' id='line_1_13' title="bbox 556 1415 3306 1503; baseline 0 -19"><span class='ocrx_word' id='word_1_116' title='bbox 556 1438 666 1503; x_wconf 87' lang='lat' dir='ltr'>pro</span> <span class='ocrx_word' id='word_1_117' title='bbox 714 1417 989 1501; x_wconf 88' lang='lat' dir='ltr'>quolibet</span> <span class='ocrx_word' id='word_1_118' title='bbox 1036 1416 1202 1479; x_wconf 85' lang='lat' dir='ltr'>ultra</span> <span class='ocrx_word' id='word_1_119' title='bbox 1244 1433 1424 1478; x_wconf 89' lang='lat' dir='ltr'>suum</span> <span class='ocrx_word' id='word_1_120' title='bbox 1478 1415 1797 1493; x_wconf 87' lang='lat' dir='ltr'>salarium,</span> <span class='ocrx_word' id='word_1_121' title='bbox 1851 1419 1920 1477; x_wconf 88' lang='lat' dir='ltr'>ut</span> <span class='ocrx_word' id='word_1_122' title='bbox 1965 1415 2195 1479; x_wconf 86' lang='lat' dir='ltr'>faciant</span> <span class='ocrx_word' id='word_1_123' title='bbox 2243 1415 2358 1479; x_wconf 92' lang='lat' dir='ltr'>sibi</span> <span class='ocrx_word' id='word_1_124' title='bbox 2405 1434 2590 1480; x_wconf 88' lang='lat' dir='ltr'>unam</span> <span class='ocrx_word' id='word_1_125' title='bbox 2619 1420 2852 1480; x_wconf 87' lang='lat' dir='ltr'>vestem</span> <span class='ocrx_word' id='word_1_126' title='bbox 2886 1436 2991 1481; x_wconf 89' lang='lat' dir='ltr'>seu</span> <span class='ocrx_word' id='word_1_127' title='bbox 3029 1420 3306 1486; x_wconf 79' lang='lat' dir='ltr'>robam:</span> 
     </span>
     <span class='ocr_line' id='line_1_14' title="bbox 555 1500 3312 1584; baseline -0.002 -13"><span class='ocrx_word' id='word_1_128' title='bbox 555 1512 619 1571; x_wconf 89' lang='lat' dir='ltr'>et</span> <span class='ocrx_word' id='word_1_129' title='bbox 656 1505 992 1570; x_wconf 89' lang='lat' dir='ltr'>secundum</span> <span class='ocrx_word' id='word_1_130' title='bbox 1042 1520 1215 1578; x_wconf 87' lang='lat' dir='ltr'>nova,</span> <span class='ocrx_word' id='word_1_131' title='bbox 1264 1519 1380 1584; x_wconf 90' lang='lat' dir='ltr'>que</span> <span class='ocrx_word' id='word_1_132' title='bbox 1429 1500 1752 1576; x_wconf 88' lang='lat' dir='ltr'>habentur,</span> <span class='ocrx_word' id='word_1_133' title='bbox 1817 1502 2239 1582; x_wconf 84' lang='lat' dir='ltr'>providebitur</span> <span class='ocrx_word' id='word_1_134' title='bbox 2284 1508 2426 1566; x_wconf 89' lang='lat' dir='ltr'>ante</span> <span class='ocrx_word' id='word_1_135' title='bbox 2467 1522 2646 1566; x_wconf 89' lang='lat' dir='ltr'>suum</span> <span class='ocrx_word' id='word_1_136' title='bbox 2694 1522 3002 1569; x_wconf 87' lang='lat' dir='ltr'>recessum</span> <span class='ocrx_word' id='word_1_137' title='bbox 3049 1505 3126 1567; x_wconf 89' lang='lat' dir='ltr'>de</span> <span class='ocrx_word' id='word_1_138' title='bbox 3184 1523 3312 1567; x_wconf 81' lang='lat' dir='ltr'>sua</span> 
     </span>
     <span class='ocr_line' id='line_1_15' title="bbox 563 1589 3300 1670; baseline -0.002 -10"><span class='ocrx_word' id='word_1_139' title='bbox 563 1593 930 1660; x_wconf 82' lang='lat' dir='ltr'>comissione</span> <span class='ocrx_word' id='word_1_140' title='bbox 973 1595 1035 1654; x_wconf 88' lang='lat' dir='ltr'>et</span> <span class='ocrx_word' id='word_1_141' title='bbox 1082 1589 1156 1652; x_wconf 93' lang='lat' dir='ltr'>de</span> <span class='ocrx_word' id='word_1_142' title='bbox 1203 1590 1489 1653; x_wconf 88' lang='lat' dir='ltr'>omnibus</span> <span class='ocrx_word' id='word_1_143' title='bbox 1538 1589 1697 1663; x_wconf 83' lang='lat' dir='ltr'>aliis,</span> <span class='ocrx_word' id='word_1_144' title='bbox 1748 1607 1865 1670; x_wconf 87' lang='lat' dir='ltr'>que</span> <span class='ocrx_word' id='word_1_145' title='bbox 1910 1590 2013 1653; x_wconf 90' lang='lat' dir='ltr'>isti</span> <span class='ocrx_word' id='word_1_146' title='bbox 2061 1590 2316 1653; x_wconf 89' lang='lat' dir='ltr'>consilio</span> <span class='ocrx_word' id='word_1_147' title='bbox 2365 1590 2548 1653; x_wconf 89' lang='lat' dir='ltr'>utilia</span> <span class='ocrx_word' id='word_1_148' title='bbox 2586 1599 2649 1655; x_wconf 88' lang='lat' dir='ltr'>et</span> <span class='ocrx_word' id='word_1_149' title='bbox 2712 1594 3054 1656; x_wconf 82' lang='lat' dir='ltr'>necessaria</span> <span class='ocrx_word' id='word_1_150' title='bbox 3101 1593 3300 1655; x_wconf 78' lang='lat' dir='ltr'>vide-</span> 
     </span>
     <span class='ocr_line' id='line_1_16' title="bbox 563 1676 2307 1759; baseline -0.005 -12"><span class='ocrx_word' id='word_1_151' title='bbox 563 1684 814 1747; x_wconf 90' lang='lat' dir='ltr'>buntur.</span> <span class='ocrx_word' id='word_1_152' title='bbox 866 1678 958 1741; x_wconf 91' lang='lat' dir='ltr'>De</span> <span class='ocrx_word' id='word_1_153' title='bbox 1007 1680 1181 1759; x_wconf 89' lang='lat' dir='ltr'>parte</span> <span class='ocrx_word' id='word_1_154' title='bbox 1225 1677 1353 1751; x_wconf 89' lang='lat' dir='ltr'>alii,</span> <span class='ocrx_word' id='word_1_155' title='bbox 1407 1676 1482 1740; x_wconf 91' lang='lat' dir='ltr'>de</span> <span class='ocrx_word' id='word_1_156' title='bbox 1531 1696 1646 1740; x_wconf 92' lang='lat' dir='ltr'>non</span> <span class='ocrx_word' id='word_1_157' title='bbox 1695 1676 1755 1755; x_wconf 94' lang='lat' dir='ltr'>O,</span> <span class='ocrx_word' id='word_1_158' title='bbox 1805 1694 1925 1740; x_wconf 90' lang='lat' dir='ltr'>non</span> <span class='ocrx_word' id='word_1_159' title='bbox 1976 1677 2201 1741; x_wconf 81' lang='lat' dir='ltr'>sinceri</span> <span class='ocrx_word' id='word_1_160' title='bbox 2246 1677 2307 1739; x_wconf 89' lang='lat'>4.</span> 
     </span>
    </p>

    <p class='ocr_par' dir='ltr' id='par_1_3' title="bbox 557 1763 3303 1938">
     <span class='ocr_line' id='line_1_17' title="bbox 773 1763 3303 1846; baseline -0 -16"><span class='ocrx_word' id='word_1_161' title='bbox 773 1767 970 1831; x_wconf 85' lang='lat' dir='ltr'>Electi</span> <span class='ocrx_word' id='word_1_162' title='bbox 1015 1765 1460 1828; x_wconf 86' lang='lat' dir='ltr'>ambasiatores</span> <span class='ocrx_word' id='word_1_163' title='bbox 1510 1784 1608 1827; x_wconf 89' lang='lat' dir='ltr'>ser</span> <span class='ocrx_word' id='word_1_164' title='bbox 1656 1763 1927 1828; x_wconf 88' lang='lat' dir='ltr'>Michael</span> <span class='ocrx_word' id='word_1_165' title='bbox 1971 1764 2158 1830; x_wconf 91' lang='lat' dir='ltr'>Steno</span> <span class='ocrx_word' id='word_1_166' title='bbox 2204 1767 2589 1846; x_wconf 84' lang='lat' dir='ltr'>procurator,</span> <span class='ocrx_word' id='word_1_167' title='bbox 2662 1785 2761 1831; x_wconf 87' lang='lat' dir='ltr'>ser</span> <span class='ocrx_word' id='word_1_168' title='bbox 2809 1767 3112 1831; x_wconf 85' lang='lat' dir='ltr'>Fantinus</span> <span class='ocrx_word' id='word_1_169' title='bbox 3166 1765 3303 1830; x_wconf 88' lang='lat' dir='ltr'>Ge-</span> 
     </span>
     <span class='ocr_line' id='line_1_18' title="bbox 557 1851 1831 1938; baseline -0.005 -17"><span class='ocrx_word' id='word_1_170' title='bbox 557 1854 729 1938; x_wconf 86' lang='lat' dir='ltr'>orgio</span> <span class='ocrx_word' id='word_1_171' title='bbox 779 1853 980 1930; x_wconf 82' lang='lat' dir='ltr'>mileS,</span> <span class='ocrx_word' id='word_1_172' title='bbox 1028 1872 1128 1916; x_wconf 89' lang='lat' dir='ltr'>ser</span> <span class='ocrx_word' id='word_1_173' title='bbox 1173 1852 1439 1915; x_wconf 84' lang='lat' dir='ltr'>Thomas</span> <span class='ocrx_word' id='word_1_174' title='bbox 1489 1851 1831 1933; x_wconf 88' lang='lat' dir='ltr'>Mooenig0.</span> 
     </span>
    </p>
   </div>
   <div class='ocr_carea' id='block_1_3' title="bbox 643 1958 2487 2034">
    <p class='ocr_par' dir='ltr' id='par_1_4' title="bbox 643 1958 2487 2034">
     <span class='ocr_line' id='line_1_19' title="bbox 643 1958 2487 2034; baseline -0.002 -11"><span class='ocrx_word' id='word_1_175' title='bbox 643 1962 884 2023; x_wconf 78' lang='lat' dir='ltr'>secreta</span> <span class='ocrx_word' id='word_1_176' title='bbox 936 1958 1187 2020; x_wconf 76' lang='lat' dir='ltr'>Consilii</span> <span class='ocrx_word' id='word_1_177' title='bbox 1233 1959 1598 2034; x_wconf 73' lang='lat' dir='ltr'>Royotorum</span> <span class='ocrx_word' id='word_1_178' title='bbox 1647 1961 1721 2021; x_wconf 83' lang='lat' dir='ltr'>R.</span> <span class='ocrx_word' id='word_1_179' title='bbox 1776 1963 1921 2032; x_wconf 78' lang='lat'>143,</span> <span class='ocrx_word' id='word_1_180' title='bbox 1970 1979 2011 2019; x_wconf 80' lang='lat' dir='ltr'>u</span> <span class='ocrx_word' id='word_1_181' title='bbox 2058 1962 2209 2021; x_wconf 83' lang='lat' dir='ltr'>mlet.</span> <span class='ocrx_word' id='word_1_182' title='bbox 2249 1963 2487 2020; x_wconf 76' lang='lat' dir='ltr'>arkivu.</span> 
     </span>
    </p>
   </div>
   <div class='ocr_carea' id='block_1_4' title="bbox 949 2146 2886 2250">
    <p class='ocr_par' dir='ltr' id='par_1_5' title="bbox 949 2146 2886 2250">
     <span class='ocr_line' id='line_1_20' title="bbox 949 2146 2886 2250; baseline 0.001 -20"><span class='ocrx_word' id='word_1_183' title='bbox 949 2146 1260 2230; x_wconf 85' lang='lat' dir='ltr'>DLIII.</span> <span class='ocrx_word' id='word_1_184' title='bbox 1314 2146 1524 2230; x_wconf 78' lang='lat' dir='ltr'>God.</span> <span class='ocrx_word' id='word_1_185' title='bbox 1580 2147 1797 2229; x_wconf 73' lang='lat'>1397.</span> <span class='ocrx_word' id='word_1_186' title='bbox 1854 2149 1898 2231; x_wconf 82' lang='lat'>7</span> <span class='ocrx_word' id='word_1_187' title='bbox 1952 2151 2321 2250; x_wconf 76' lang='lat' dir='ltr'>travnja,</span> <span class='ocrx_word' id='word_1_188' title='bbox 2379 2172 2439 2231; x_wconf 91' lang='lat' dir='ltr'>u</span> <span class='ocrx_word' id='word_1_189' title='bbox 2492 2149 2886 2232; x_wconf 80' lang='lat' dir='ltr'>Mletcih.</span> 
     </span>
    </p>
   </div>
   <div class='ocr_carea' id='block_1_5' title="bbox 1164 2288 2661 2367">
    <p class='ocr_par' dir='ltr' id='par_1_6' title="bbox 1164 2288 2661 2367">
     <span class='ocr_line' id='line_1_21' title="bbox 1164 2288 2661 2367; baseline 0.001 -17"><span class='ocrx_word' id='word_1_190' title='bbox 1164 2288 1458 2364; x_wconf 71' lang='lat' dir='ltr'>Napatalc</span> <span class='ocrx_word' id='word_1_191' title='bbox 1504 2309 1578 2350; x_wconf 71' lang='lat' dir='ltr'>za</span> <span class='ocrx_word' id='word_1_192' title='bbox 1615 2293 1951 2367; x_wconf 76' lang='lat' dir='ltr'>vrhovnoya</span> <span class='ocrx_word' id='word_1_193' title='bbox 1996 2294 2299 2366; x_wconf 75' lang='lat' dir='ltr'>kapetana</span> <span class='ocrx_word' id='word_1_194' title='bbox 2344 2310 2427 2351; x_wconf 83' lang='lat' dir='ltr'>na</span> <span class='ocrx_word' id='word_1_195' title='bbox 2472 2309 2661 2351; x_wconf 71' lang='lat' dir='ltr'>mora.</span> 
     </span>
    </p>
   </div>
   <div class='ocr_carea' id='block_1_6' title="bbox 555 2391 3295 4754">
    <p class='ocr_par' dir='ltr' id='par_1_7' title="bbox 555 2391 3294 2646">
     <span class='ocr_line' id='line_1_22' title="bbox 776 2391 3294 2476; baseline 0.002 -20"><span class='ocrx_word' id='word_1_196' title='bbox 776 2394 960 2458; x_wconf 80' lang='lat'>1397.</span> <span class='ocrx_word' id='word_1_197' title='bbox 1009 2393 1342 2457; x_wconf 90' lang='lat' dir='ltr'>indictione</span> <span class='ocrx_word' id='word_1_198' title='bbox 1390 2393 1625 2474; x_wconf 85' lang='lat' dir='ltr'>quinta,</span> <span class='ocrx_word' id='word_1_199' title='bbox 1675 2394 1771 2457; x_wconf 92' lang='lat' dir='ltr'>die</span> <span class='ocrx_word' id='word_1_200' title='bbox 1819 2398 2086 2476; x_wconf 88' lang='lat' dir='ltr'>septimo</span> <span class='ocrx_word' id='word_1_201' title='bbox 2135 2394 2371 2475; x_wconf 87' lang='lat' dir='ltr'>aprilis.</span> <span class='ocrx_word' id='word_1_202' title='bbox 2418 2391 2597 2472; x_wconf 82' lang='lat' dir='ltr'>Quod</span> <span class='ocrx_word' id='word_1_203' title='bbox 2629 2394 2742 2458; x_wconf 91' lang='lat' dir='ltr'>fiat</span> <span class='ocrx_word' id='word_1_204' title='bbox 2783 2397 3147 2460; x_wconf 84' lang='lat' dir='ltr'>commissio</span> <span class='ocrx_word' id='word_1_205' title='bbox 3186 2416 3294 2461; x_wconf 89' lang='lat' dir='ltr'>no-</span> 
     </span>
     <span class='ocr_line' id='line_1_23' title="bbox 555 2480 3287 2568; baseline 0 -20"><span class='ocrx_word' id='word_1_206' title='bbox 555 2483 669 2549; x_wconf 91' lang='lat' dir='ltr'>bili</span> <span class='ocrx_word' id='word_1_207' title='bbox 721 2483 851 2547; x_wconf 87' lang='lat' dir='ltr'>viro</span> <span class='ocrx_word' id='word_1_208' title='bbox 898 2500 995 2545; x_wconf 91' lang='lat' dir='ltr'>ser</span> <span class='ocrx_word' id='word_1_209' title='bbox 1041 2482 1372 2544; x_wconf 88' lang='lat' dir='ltr'>Benedicto</span> <span class='ocrx_word' id='word_1_210' title='bbox 1418 2480 1788 2562; x_wconf 85' lang='lat' dir='ltr'>Superantio</span> <span class='ocrx_word' id='word_1_211' title='bbox 1828 2482 2207 2564; x_wconf 86' lang='lat' dir='ltr'>procuratori</span> <span class='ocrx_word' id='word_1_212' title='bbox 2252 2484 2573 2563; x_wconf 86' lang='lat' dir='ltr'>capitaneo</span> <span class='ocrx_word' id='word_1_213' title='bbox 2617 2484 2892 2564; x_wconf 84' lang='lat' dir='ltr'>generali</span> <span class='ocrx_word' id='word_1_214' title='bbox 2941 2484 3178 2568; x_wconf 80' lang='lat' dir='ltr'>culphy</span> <span class='ocrx_word' id='word_1_215' title='bbox 3228 2488 3287 2548; x_wconf 90' lang='lat' dir='ltr'>in</span> 
     </span>
     <span class='ocr_line' id='line_1_24' title="bbox 560 2569 1318 2646; baseline -0.007 -10"><span class='ocrx_word' id='word_1_216' title='bbox 560 2573 680 2636; x_wconf 89' lang='lat' dir='ltr'>hac</span> <span class='ocrx_word' id='word_1_217' title='bbox 728 2569 943 2646; x_wconf 85' lang='lat' dir='ltr'>forma,</span> <span class='ocrx_word' id='word_1_218' title='bbox 996 2569 1318 2632; x_wconf 88' lang='lat' dir='ltr'>videlicet:</span> 
     </span>
    </p>

    <p class='ocr_par' dir='ltr' id='par_1_8' title="bbox 555 2655 3295 3525">
     <span class='ocr_line' id='line_1_25' title="bbox 765 2655 3295 2740; baseline 0.001 -18"><span class='ocrx_word' id='word_1_219' title='bbox 765 2657 1086 2740; x_wconf 84' lang='lat' dir='ltr'>Sapientes</span> <span class='ocrx_word' id='word_1_220' title='bbox 1132 2656 1374 2720; x_wconf 89' lang='lat' dir='ltr'>consilii</span> <span class='ocrx_word' id='word_1_221' title='bbox 1423 2660 1487 2720; x_wconf 86' lang='lat' dir='ltr'>et</span> <span class='ocrx_word' id='word_1_222' title='bbox 1532 2657 1847 2738; x_wconf 88' lang='lat' dir='ltr'>sapientes</span> <span class='ocrx_word' id='word_1_223' title='bbox 1896 2657 2203 2721; x_wconf 89' lang='lat' dir='ltr'>ordinum.</span> <span class='ocrx_word' id='word_1_224' title='bbox 2274 2655 2508 2738; x_wconf 88' lang='lat' dir='ltr'>Capta:</span> <span class='ocrx_word' id='word_1_225' title='bbox 2583 2655 2710 2721; x_wconf 91' lang='lat' dir='ltr'>Nos</span> <span class='ocrx_word' id='word_1_226' title='bbox 2788 2659 3093 2723; x_wconf 86' lang='lat' dir='ltr'>Antonius</span> <span class='ocrx_word' id='word_1_227' title='bbox 3172 2661 3295 2724; x_wconf 60' lang='grc' dir='ltr'>Ψε-</span> 
     </span>
     <span class='ocr_line' id='line_1_26' title="bbox 555 2744 3284 2827; baseline -0.001 -16"><span class='ocrx_word' id='word_1_228' title='bbox 555 2746 725 2811; x_wconf 89' lang='lat' dir='ltr'>nerio</span> <span class='ocrx_word' id='word_1_229' title='bbox 770 2746 868 2809; x_wconf 90' lang='lat' dir='ltr'>dei</span> <span class='ocrx_word' id='word_1_230' title='bbox 915 2744 1119 2827; x_wconf 87' lang='lat' dir='ltr'>gratia</span> <span class='ocrx_word' id='word_1_231' title='bbox 1167 2746 1286 2807; x_wconf 84' lang='lat' dir='ltr'>dux</span> <span class='ocrx_word' id='word_1_232' title='bbox 1337 2744 1738 2808; x_wconf 86' lang='lat' dir='ltr'>Venetiarum</span> <span class='ocrx_word' id='word_1_233' title='bbox 1789 2746 1906 2807; x_wconf 88' lang='lat' dir='ltr'>etc.</span> <span class='ocrx_word' id='word_1_234' title='bbox 1952 2745 2405 2808; x_wconf 85' lang='lat' dir='ltr'>committimus</span> <span class='ocrx_word' id='word_1_235' title='bbox 2454 2744 2567 2807; x_wconf 90' lang='lat' dir='ltr'>tibi</span> <span class='ocrx_word' id='word_1_236' title='bbox 2621 2745 2808 2809; x_wconf 87' lang='lat' dir='ltr'>nobili</span> <span class='ocrx_word' id='word_1_237' title='bbox 2882 2747 3010 2811; x_wconf 88' lang='lat' dir='ltr'>viro</span> <span class='ocrx_word' id='word_1_238' title='bbox 3079 2747 3284 2811; x_wconf 89' lang='lat' dir='ltr'>Bene-</span> 
     </span>
     <span class='ocr_line' id='line_1_27' title="bbox 558 2832 3291 2916; baseline -0.001 -18"><span class='ocrx_word' id='word_1_239' title='bbox 558 2833 727 2898; x_wconf 87' lang='lat' dir='ltr'>dicto</span> <span class='ocrx_word' id='word_1_240' title='bbox 780 2832 1145 2914; x_wconf 87' lang='lat' dir='ltr'>Superantio</span> <span class='ocrx_word' id='word_1_241' title='bbox 1191 2833 1594 2912; x_wconf 80' lang='lat' dir='ltr'>procuratori,</span> <span class='ocrx_word' id='word_1_242' title='bbox 1644 2832 1961 2912; x_wconf 82' lang='lat' dir='ltr'>capitaneo</span> <span class='ocrx_word' id='word_1_243' title='bbox 2007 2832 2281 2914; x_wconf 86' lang='lat' dir='ltr'>generali</span> <span class='ocrx_word' id='word_1_244' title='bbox 2323 2832 2568 2915; x_wconf 84' lang='lat' dir='ltr'>culphy,</span> <span class='ocrx_word' id='word_1_245' title='bbox 2619 2832 2775 2913; x_wconf 90' lang='lat' dir='ltr'>quod</span> <span class='ocrx_word' id='word_1_246' title='bbox 2827 2834 2889 2896; x_wconf 91' lang='lat' dir='ltr'>in</span> <span class='ocrx_word' id='word_1_247' title='bbox 2957 2835 3111 2897; x_wconf 84' lang='lat' dir='ltr'>bona</span> <span class='ocrx_word' id='word_1_248' title='bbox 3146 2852 3291 2916; x_wconf 85' lang='lat' dir='ltr'>gra·</span> 
     </span>
     <span class='ocr_line' id='line_1_28' title="bbox 558 2919 3289 3001; baseline -0.001 -16"><span class='ocrx_word' id='word_1_249' title='bbox 558 2924 653 2986; x_wconf 83' lang='lat' dir='ltr'>tia</span> <span class='ocrx_word' id='word_1_250' title='bbox 698 2920 979 2984; x_wconf 88' lang='lat' dir='ltr'>recedere</span> <span class='ocrx_word' id='word_1_251' title='bbox 1025 2919 1248 2983; x_wconf 88' lang='lat' dir='ltr'>debeas</span> <span class='ocrx_word' id='word_1_252' title='bbox 1293 2938 1436 2982; x_wconf 89' lang='lat' dir='ltr'>cum</span> <span class='ocrx_word' id='word_1_253' title='bbox 1483 2919 1678 3001; x_wconf 87' lang='lat' dir='ltr'>galeis</span> <span class='ocrx_word' id='word_1_254' title='bbox 1728 2920 1842 2983; x_wconf 85' lang='lat' dir='ltr'>tibi</span> <span class='ocrx_word' id='word_1_255' title='bbox 1893 2920 2195 2996; x_wconf 87' lang='lat' dir='ltr'>comissis,</span> <span class='ocrx_word' id='word_1_256' title='bbox 2243 2922 2306 2982; x_wconf 88' lang='lat' dir='ltr'>et</span> <span class='ocrx_word' id='word_1_257' title='bbox 2382 2920 2681 3000; x_wconf 87' lang='lat' dir='ltr'>depositis</span> <span class='ocrx_word' id='word_1_258' title='bbox 2758 2922 3289 2985; x_wconf 86' lang='lat' dir='ltr'>ambasiatoribus</span> 
     </span>
     <span class='ocr_line' id='line_1_29' title="bbox 558 3007 3289 3091; baseline 0 -18"><span class='ocrx_word' id='word_1_259' title='bbox 558 3010 791 3073; x_wconf 89' lang='lat' dir='ltr'>nostris</span> <span class='ocrx_word' id='word_1_260' title='bbox 838 3007 915 3071; x_wconf 89' lang='lat' dir='ltr'>ad</span> <span class='ocrx_word' id='word_1_261' title='bbox 959 3010 1164 3088; x_wconf 88' lang='lat' dir='ltr'>partes</span> <span class='ocrx_word' id='word_1_262' title='bbox 1208 3007 1450 3087; x_wconf 78' lang='lat' dir='ltr'>Segnis,</span> <span class='ocrx_word' id='word_1_263' title='bbox 1503 3025 1654 3088; x_wconf 88' lang='lat' dir='ltr'>quos</span> <span class='ocrx_word' id='word_1_264' title='bbox 1704 3009 1907 3070; x_wconf 89' lang='lat' dir='ltr'>tecum</span> <span class='ocrx_word' id='word_1_265' title='bbox 1954 3008 2284 3082; x_wconf 82' lang='lat' dir='ltr'>mittimus,</span> <span class='ocrx_word' id='word_1_266' title='bbox 2337 3026 2474 3070; x_wconf 92' lang='lat' dir='ltr'>cum</span> <span class='ocrx_word' id='word_1_267' title='bbox 2529 3024 2650 3069; x_wconf 85' lang='lat' dir='ltr'>uua</span> <span class='ocrx_word' id='word_1_268' title='bbox 2699 3007 2794 3071; x_wconf 86' lang='lat' dir='ltr'>vel</span> <span class='ocrx_word' id='word_1_269' title='bbox 2839 3008 3121 3089; x_wconf 88' lang='lat' dir='ltr'>pluribus</span> <span class='ocrx_word' id='word_1_270' title='bbox 3174 3028 3289 3091; x_wconf 87' lang='lat' dir='ltr'>ga-</span> 
     </span>
     <span class='ocr_line' id='line_1_30' title="bbox 558 3093 3281 3175; baseline -0 -15"><span class='ocrx_word' id='word_1_271' title='bbox 558 3097 693 3173; x_wconf 81' lang='lat' dir='ltr'>leis,</span> <span class='ocrx_word' id='word_1_272' title='bbox 745 3096 905 3160; x_wconf 88' lang='lat' dir='ltr'>sicut</span> <span class='ocrx_word' id='word_1_273' title='bbox 953 3095 1069 3159; x_wconf 90' lang='lat' dir='ltr'>tibi</span> <span class='ocrx_word' id='word_1_274' title='bbox 1121 3093 1340 3157; x_wconf 90' lang='lat' dir='ltr'>melius</span> <span class='ocrx_word' id='word_1_275' title='bbox 1389 3094 1716 3169; x_wconf 87' lang='lat' dir='ltr'>videbitur,</span> <span class='ocrx_word' id='word_1_276' title='bbox 1766 3112 1837 3156; x_wconf 87' lang='lat' dir='ltr'>ac</span> <span class='ocrx_word' id='word_1_277' title='bbox 1884 3094 2155 3157; x_wconf 83' lang='lat' dir='ltr'>visitatis</span> <span class='ocrx_word' id='word_1_278' title='bbox 2188 3093 2341 3157; x_wconf 90' lang='lat' dir='ltr'>locis</span> <span class='ocrx_word' id='word_1_279' title='bbox 2377 3094 2625 3170; x_wconf 79' lang='lat' dir='ltr'>nostris,</span> <span class='ocrx_word' id='word_1_280' title='bbox 2661 3113 2779 3175; x_wconf 87' lang='lat' dir='ltr'>que</span> <span class='ocrx_word' id='word_1_281' title='bbox 2819 3097 3077 3159; x_wconf 83' lang='lat' dir='ltr'>suntad</span> <span class='ocrx_word' id='word_1_282' title='bbox 3114 3098 3281 3159; x_wconf 79' lang='lat' dir='ltr'>viam</span> 
     </span>
     <span class='ocr_line' id='line_1_31' title="bbox 558 3180 3284 3263; baseline -0.001 -16"><span class='ocrx_word' id='word_1_283' title='bbox 558 3185 732 3247; x_wconf 87' lang='lat' dir='ltr'>tuam</span> <span class='ocrx_word' id='word_1_284' title='bbox 778 3199 889 3263; x_wconf 89' lang='lat' dir='ltr'>pro</span> <span class='ocrx_word' id='word_1_285' title='bbox 937 3180 1213 3246; x_wconf 83' lang='lat' dir='ltr'>conforto</span> <span class='ocrx_word' id='word_1_286' title='bbox 1257 3197 1385 3251; x_wconf 86' lang='lat' dir='ltr'>suo,</span> <span class='ocrx_word' id='word_1_287' title='bbox 1434 3183 1498 3244; x_wconf 89' lang='lat' dir='ltr'>et</span> <span class='ocrx_word' id='word_1_288' title='bbox 1541 3182 1650 3256; x_wconf 77' lang='lat' dir='ltr'>eia,</span> <span class='ocrx_word' id='word_1_289' title='bbox 1698 3180 1749 3242; x_wconf 90' lang='lat' dir='ltr'>si</span> <span class='ocrx_word' id='word_1_290' title='bbox 1799 3199 2047 3245; x_wconf 88' lang='lat' dir='ltr'>necesse</span> <span class='ocrx_word' id='word_1_291' title='bbox 2097 3180 2286 3244; x_wconf 85' lang='lat' dir='ltr'>fuerit</span> <span class='ocrx_word' id='word_1_292' title='bbox 2334 3184 2578 3262; x_wconf 80' lang='lat' dir='ltr'>propter</span> <span class='ocrx_word' id='word_1_293' title='bbox 2626 3182 2897 3263; x_wconf 91' lang='lat' dir='ltr'>aliquam</span> <span class='ocrx_word' id='word_1_294' title='bbox 2933 3183 3284 3247; x_wconf 85' lang='lat' dir='ltr'>molestaci-</span> 
     </span>
     <span class='ocr_line' id='line_1_32' title="bbox 560 3267 3279 3352; baseline 0 -18"><span class='ocrx_word' id='word_1_295' title='bbox 560 3288 758 3346; x_wconf 89' lang='lat' dir='ltr'>onem,</span> <span class='ocrx_word' id='word_1_296' title='bbox 837 3288 954 3350; x_wconf 91' lang='lat' dir='ltr'>que</span> <span class='ocrx_word' id='word_1_297' title='bbox 1029 3269 1183 3350; x_wconf 90' lang='lat' dir='ltr'>ipsis</span> <span class='ocrx_word' id='word_1_298' title='bbox 1262 3267 1359 3331; x_wconf 88' lang='lat' dir='ltr'>vel</span> <span class='ocrx_word' id='word_1_299' title='bbox 1435 3268 1629 3349; x_wconf 85' lang='lat' dir='ltr'>aliqui</span> <span class='ocrx_word' id='word_1_300' title='bbox 1706 3286 1921 3331; x_wconf 88' lang='lat' dir='ltr'>eorum</span> <span class='ocrx_word' id='word_1_301' title='bbox 1969 3268 2161 3342; x_wconf 87' lang='lat' dir='ltr'>fieret,</span> <span class='ocrx_word' id='word_1_302' title='bbox 2213 3287 2353 3332; x_wconf 90' lang='lat' dir='ltr'>cum</span> <span class='ocrx_word' id='word_1_303' title='bbox 2401 3268 2737 3332; x_wconf 83' lang='lat' dir='ltr'>securitate</span> <span class='ocrx_word' id='word_1_304' title='bbox 2781 3269 3100 3352; x_wconf 85' lang='lat' dir='ltr'>galearum</span> <span class='ocrx_word' id='word_1_305' title='bbox 3150 3272 3279 3335; x_wconf 86' lang='lat' dir='ltr'>tibi</span> 
     </span>
     <span class='ocr_line' id='line_1_33' title="bbox 561 3354 3282 3437; baseline 0 -16"><span class='ocrx_word' id='word_1_306' title='bbox 561 3356 1056 3432; x_wconf 87' lang='lat' dir='ltr'>commissarum,</span> <span class='ocrx_word' id='word_1_307' title='bbox 1108 3356 1309 3418; x_wconf 89' lang='lat' dir='ltr'>dando</span> <span class='ocrx_word' id='word_1_308' title='bbox 1355 3355 1655 3419; x_wconf 83' lang='lat' dir='ltr'>auxilium</span> <span class='ocrx_word' id='word_1_309' title='bbox 1703 3359 1767 3418; x_wconf 87' lang='lat' dir='ltr'>et</span> <span class='ocrx_word' id='word_1_310' title='bbox 1813 3354 2082 3418; x_wconf 83' lang='lat' dir='ltr'>favorem</span> <span class='ocrx_word' id='word_1_311' title='bbox 2132 3358 2362 3437; x_wconf 89' lang='lat' dir='ltr'>quanto</span> <span class='ocrx_word' id='word_1_312' title='bbox 2410 3356 2674 3437; x_wconf 86' lang='lat' dir='ltr'>prestius</span> <span class='ocrx_word' id='word_1_313' title='bbox 2722 3359 2975 3437; x_wconf 77' lang='lat' dir='ltr'>poteriS,</span> <span class='ocrx_word' id='word_1_314' title='bbox 3034 3358 3152 3421; x_wconf 86' lang='lat' dir='ltr'>ibis</span> <span class='ocrx_word' id='word_1_315' title='bbox 3205 3360 3282 3422; x_wconf 87' lang='lat' dir='ltr'>ad</span> 
     </span>
     <span class='ocr_line' id='line_1_34' title="bbox 558 3441 1574 3525; baseline -0.001 -18"><span class='ocrx_word' id='word_1_316' title='bbox 558 3447 767 3525; x_wconf 81' lang='lat' dir='ltr'>partes</span> <span class='ocrx_word' id='word_1_317' title='bbox 813 3441 1377 3522; x_wconf 86' lang='lat' dir='ltr'>Constantinopolis</span> <span class='ocrx_word' id='word_1_318' title='bbox 1425 3491 1440 3505; x_wconf 93' lang='lat'>.</span> <span class='ocrx_word' id='word_1_319' title='bbox 1497 3490 1511 3504; x_wconf 91' lang='lat'>.</span> <span class='ocrx_word' id='word_1_320' title='bbox 1561 3493 1574 3506; x_wconf 90' lang='lat'>.</span> 
     </span>
    </p>

    <p class='ocr_par' dir='ltr' id='par_1_9' title="bbox 558 3526 3291 4754">
     <span class='ocr_line' id='line_1_35' title="bbox 769 3526 3276 3613; baseline 0.002 -22"><span class='ocrx_word' id='word_1_321' title='bbox 769 3526 1028 3607; x_wconf 84' lang='lat' dir='ltr'>Quando</span> <span class='ocrx_word' id='word_1_322' title='bbox 1074 3532 1286 3613; x_wconf 78' lang='lat' dir='ltr'>autem</span> <span class='ocrx_word' id='word_1_323' title='bbox 1336 3530 1706 3611; x_wconf 85' lang='lat' dir='ltr'>applicueris</span> <span class='ocrx_word' id='word_1_324' title='bbox 1752 3528 1829 3593; x_wconf 87' lang='lat' dir='ltr'>ad</span> <span class='ocrx_word' id='word_1_325' title='bbox 1879 3532 2085 3610; x_wconf 85' lang='lat' dir='ltr'>partes</span> <span class='ocrx_word' id='word_1_326' title='bbox 2135 3528 2723 3610; x_wconf 82' lang='lat' dir='ltr'>ConstantinopoliS,</span> <span class='ocrx_word' id='word_1_327' title='bbox 2772 3534 2993 3595; x_wconf 83' lang='lat' dir='ltr'>debeas</span> <span class='ocrx_word' id='word_1_328' title='bbox 3027 3551 3160 3596; x_wconf 89' lang='lat' dir='ltr'>esse</span> <span class='ocrx_word' id='word_1_329' title='bbox 3197 3532 3276 3596; x_wconf 90' lang='lat' dir='ltr'>ad</span> 
     </span>
     <span class='ocr_line' id='line_1_36' title="bbox 560 3615 3281 3700; baseline 0 -18"><span class='ocrx_word' id='word_1_330' title='bbox 560 3615 1033 3699; x_wconf 90' lang='lat' dir='ltr'>colloquendum</span> <span class='ocrx_word' id='word_1_331' title='bbox 1079 3635 1221 3680; x_wconf 90' lang='lat' dir='ltr'>cum</span> <span class='ocrx_word' id='word_1_332' title='bbox 1274 3616 1613 3681; x_wconf 88' lang='lat' dir='ltr'>vicebaiulo</span> <span class='ocrx_word' id='word_1_333' title='bbox 1662 3619 1724 3680; x_wconf 87' lang='lat' dir='ltr'>et</span> <span class='ocrx_word' id='word_1_334' title='bbox 1754 3616 2127 3680; x_wconf 87' lang='lat' dir='ltr'>consiliariis</span> <span class='ocrx_word' id='word_1_335' title='bbox 2161 3616 2388 3680; x_wconf 88' lang='lat' dir='ltr'>nostris</span> <span class='ocrx_word' id='word_1_336' title='bbox 2422 3615 3006 3700; x_wconf 53' lang='lat' dir='ltr'>Constantinopolis</span> <span class='ocrx_word' id='word_1_337' title='bbox 3042 3622 3107 3683; x_wconf 89' lang='lat' dir='ltr'>et</span> <span class='ocrx_word' id='word_1_338' title='bbox 3135 3638 3281 3683; x_wconf 88' lang='lat' dir='ltr'>cum</span> 
     </span>
     <span class='ocr_line' id='line_1_37' title="bbox 559 3703 3287 3785; baseline 0 -15"><span class='ocrx_word' id='word_1_339' title='bbox 559 3724 658 3770; x_wconf 86' lang='lat' dir='ltr'>ser</span> <span class='ocrx_word' id='word_1_340' title='bbox 700 3705 931 3769; x_wconf 88' lang='lat' dir='ltr'>Blanoo</span> <span class='ocrx_word' id='word_1_341' title='bbox 977 3704 1050 3768; x_wconf 91' lang='lat' dir='ltr'>de</span> <span class='ocrx_word' id='word_1_342' title='bbox 1097 3703 1258 3784; x_wconf 89' lang='lat' dir='ltr'>Ripa</span> <span class='ocrx_word' id='word_1_343' title='bbox 1305 3708 1512 3768; x_wconf 86' lang='lat' dir='ltr'>nostro</span> <span class='ocrx_word' id='word_1_344' title='bbox 1556 3703 1991 3784; x_wconf 85' lang='lat' dir='ltr'>supracomito,</span> <span class='ocrx_word' id='word_1_345' title='bbox 2040 3708 2104 3767; x_wconf 92' lang='lat' dir='ltr'>et</span> <span class='ocrx_word' id='word_1_346' title='bbox 2148 3705 2226 3767; x_wconf 88' lang='lat' dir='ltr'>ab</span> <span class='ocrx_word' id='word_1_347' title='bbox 2275 3704 2402 3767; x_wconf 90' lang='lat' dir='ltr'>illis</span> <span class='ocrx_word' id='word_1_348' title='bbox 2479 3706 2542 3767; x_wconf 89' lang='lat' dir='ltr'>te</span> <span class='ocrx_word' id='word_1_349' title='bbox 2601 3707 2872 3785; x_wconf 85' lang='lat' dir='ltr'>plenarie</span> <span class='ocrx_word' id='word_1_350' title='bbox 2920 3705 3287 3771; x_wconf 84' lang='lat' dir='ltr'>informabis</span> 
     </span>
     <span class='ocr_line' id='line_1_38' title="bbox 558 3790 3285 3875; baseline 0 -19"><span class='ocrx_word' id='word_1_351' title='bbox 558 3795 632 3856; x_wconf 91' lang='lat' dir='ltr'>de</span> <span class='ocrx_word' id='word_1_352' title='bbox 680 3792 966 3857; x_wconf 90' lang='lat' dir='ltr'>omnibus</span> <span class='ocrx_word' id='word_1_353' title='bbox 1009 3792 1198 3867; x_wconf 87' lang='lat' dir='ltr'>novis,</span> <span class='ocrx_word' id='word_1_354' title='bbox 1249 3791 1531 3855; x_wconf 87' lang='lat' dir='ltr'>terminis</span> <span class='ocrx_word' id='word_1_355' title='bbox 1581 3794 1645 3853; x_wconf 88' lang='lat' dir='ltr'>et</span> <span class='ocrx_word' id='word_1_356' title='bbox 1689 3790 2147 3855; x_wconf 87' lang='lat' dir='ltr'>condicionibus</span> <span class='ocrx_word' id='word_1_357' title='bbox 2180 3790 2450 3871; x_wconf 88' lang='lat' dir='ltr'>partium</span> <span class='ocrx_word' id='word_1_358' title='bbox 2486 3792 2722 3868; x_wconf 88' lang='lat' dir='ltr'>deinde,</span> <span class='ocrx_word' id='word_1_359' title='bbox 2757 3798 2820 3856; x_wconf 86' lang='lat' dir='ltr'>et</span> <span class='ocrx_word' id='word_1_360' title='bbox 2854 3795 3068 3857; x_wconf 88' lang='lat' dir='ltr'>habita</span> <span class='ocrx_word' id='word_1_361' title='bbox 3100 3795 3285 3875; x_wconf 87' lang='lat' dir='ltr'>plena</span> 
     </span>
     <span class='ocr_line' id='line_1_39' title="bbox 558 3877 3286 3959; baseline 0 -15"><span class='ocrx_word' id='word_1_362' title='bbox 558 3878 999 3944; x_wconf 89' lang='lat' dir='ltr'>informacione</span> <span class='ocrx_word' id='word_1_363' title='bbox 1043 3927 1056 3943; x_wconf 89' lang='lat'>.</span> <span class='ocrx_word' id='word_1_364' title='bbox 1110 3930 1120 3940; x_wconf 92' lang='lat'>.</span> <span class='ocrx_word' id='word_1_365' title='bbox 1174 3926 1187 3940; x_wconf 94' lang='lat'>.</span> <span class='ocrx_word' id='word_1_366' title='bbox 1239 3877 1358 3941; x_wconf 91' lang='lat' dir='ltr'>ibis</span> <span class='ocrx_word' id='word_1_367' title='bbox 1403 3877 1481 3941; x_wconf 86' lang='lat' dir='ltr'>ad</span> <span class='ocrx_word' id='word_1_368' title='bbox 1525 3880 1901 3959; x_wconf 81' lang='lat' dir='ltr'>presentiam</span> <span class='ocrx_word' id='word_1_369' title='bbox 1947 3877 2178 3942; x_wconf 90' lang='lat' dir='ltr'>domini</span> <span class='ocrx_word' id='word_1_370' title='bbox 2232 3877 2621 3959; x_wconf 85' lang='lat' dir='ltr'>imperatoris</span> <span class='ocrx_word' id='word_1_371' title='bbox 2691 3899 2829 3943; x_wconf 89' lang='lat' dir='ltr'>cum</span> <span class='ocrx_word' id='word_1_372' title='bbox 2896 3882 3124 3945; x_wconf 88' lang='lat' dir='ltr'>nostris</span> <span class='ocrx_word' id='word_1_373' title='bbox 3174 3882 3286 3946; x_wconf 90' lang='lat' dir='ltr'>lit·</span> 
     </span>
     <span class='ocr_line' id='line_1_40' title="bbox 558 3965 3288 4047; baseline 0 -15"><span class='ocrx_word' id='word_1_374' title='bbox 558 3969 710 4032; x_wconf 85' lang='lat' dir='ltr'>teris</span> <span class='ocrx_word' id='word_1_375' title='bbox 758 3965 1087 4041; x_wconf 76' lang='lat' dir='ltr'>credentis,</span> <span class='ocrx_word' id='word_1_376' title='bbox 1138 3984 1293 4047; x_wconf 86' lang='lat' dir='ltr'>quas</span> <span class='ocrx_word' id='word_1_377' title='bbox 1345 3965 1457 4028; x_wconf 86' lang='lat' dir='ltr'>tibi</span> <span class='ocrx_word' id='word_1_378' title='bbox 1508 3966 1770 4028; x_wconf 85' lang='lat' dir='ltr'>fecimus</span> <span class='ocrx_word' id='word_1_379' title='bbox 1817 3965 2112 4037; x_wconf 80' lang='lat' dir='ltr'>exhiberi,</span> <span class='ocrx_word' id='word_1_380' title='bbox 2161 3968 2223 4028; x_wconf 88' lang='lat' dir='ltr'>et</span> <span class='ocrx_word' id='word_1_381' title='bbox 2269 3966 2436 4029; x_wconf 87' lang='lat' dir='ltr'>sacta</span> <span class='ocrx_word' id='word_1_382' title='bbox 2482 3985 2590 4029; x_wconf 88' lang='lat' dir='ltr'>sue</span> <span class='ocrx_word' id='word_1_383' title='bbox 2641 3967 2949 4032; x_wconf 86' lang='lat' dir='ltr'>maiestati</span> <span class='ocrx_word' id='word_1_384' title='bbox 3001 3987 3288 4033; x_wconf 81' lang='lat' dir='ltr'>reveren-</span> 
     </span>
     <span class='ocr_line' id='line_1_41' title="bbox 559 4051 3289 4135; baseline 0 -17"><span class='ocrx_word' id='word_1_385' title='bbox 559 4054 653 4118; x_wconf 83' lang='lat' dir='ltr'>tia</span> <span class='ocrx_word' id='word_1_386' title='bbox 699 4057 764 4118; x_wconf 89' lang='lat' dir='ltr'>et</span> <span class='ocrx_word' id='word_1_387' title='bbox 807 4054 1181 4118; x_wconf 86' lang='lat' dir='ltr'>salutatione</span> <span class='ocrx_word' id='word_1_388' title='bbox 1232 4052 1440 4116; x_wconf 86' lang='lat' dir='ltr'>debita</span> <span class='ocrx_word' id='word_1_389' title='bbox 1481 4056 1551 4115; x_wconf 80' lang='lat' dir='ltr'>&#39;et</span> <span class='ocrx_word' id='word_1_390' title='bbox 1599 4051 1911 4117; x_wconf 89' lang='lat' dir='ltr'>oblatione</span> <span class='ocrx_word' id='word_1_391' title='bbox 1960 4053 2235 4135; x_wconf 77' lang='lat' dir='ltr'>generali</span> <span class='ocrx_word' id='word_1_392' title='bbox 2283 4072 2420 4116; x_wconf 88' lang='lat' dir='ltr'>cum</span> <span class='ocrx_word' id='word_1_393' title='bbox 2490 4053 2615 4116; x_wconf 87' lang='lat' dir='ltr'>illis</span> <span class='ocrx_word' id='word_1_394' title='bbox 2684 4055 2884 4119; x_wconf 86' lang='lat' dir='ltr'>verbis</span> <span class='ocrx_word' id='word_1_395' title='bbox 2945 4056 3174 4119; x_wconf 85' lang='lat' dir='ltr'>amoris</span> <span class='ocrx_word' id='word_1_396' title='bbox 3225 4060 3289 4122; x_wconf 86' lang='lat' dir='ltr'>et</span> 
     </span>
     <span class='ocr_line' id='line_1_42' title="bbox 558 4139 3286 4224; baseline 0 -18"><span class='ocrx_word' id='word_1_397' title='bbox 558 4141 928 4217; x_wconf 80' lang='lat' dir='ltr'>dilectionis,</span> <span class='ocrx_word' id='word_1_398' title='bbox 979 4160 1095 4223; x_wconf 92' lang='lat' dir='ltr'>que</span> <span class='ocrx_word' id='word_1_399' title='bbox 1146 4141 1248 4203; x_wconf 87' lang='lat' dir='ltr'>tue</span> <span class='ocrx_word' id='word_1_400' title='bbox 1296 4141 1603 4221; x_wconf 85' lang='lat' dir='ltr'>sapiencie</span> <span class='ocrx_word' id='word_1_401' title='bbox 1642 4139 2031 4216; x_wconf 82' lang='lat' dir='ltr'>videbuntur,</span> <span class='ocrx_word' id='word_1_402' title='bbox 2076 4187 2422 4204; x_wconf 88' lang='lat'>......</span> <span class='ocrx_word' id='word_1_403' title='bbox 2478 4142 2716 4220; x_wconf 78' lang='lat' dir='ltr'>debeaS,</span> <span class='ocrx_word' id='word_1_404' title='bbox 2751 4142 2909 4224; x_wconf 90' lang='lat' dir='ltr'>quod</span> <span class='ocrx_word' id='word_1_405' title='bbox 2944 4162 3050 4224; x_wconf 89' lang='lat' dir='ltr'>per</span> <span class='ocrx_word' id='word_1_406' title='bbox 3081 4144 3286 4207; x_wconf 88' lang='lat' dir='ltr'>virum</span> 
     </span>
     <span class='ocr_line' id='line_1_43' title="bbox 559 4227 3291 4312; baseline 0 -18"><span class='ocrx_word' id='word_1_407' title='bbox 559 4229 831 4294; x_wconf 88' lang='lat' dir='ltr'>nobilem</span> <span class='ocrx_word' id='word_1_408' title='bbox 880 4227 1230 4292; x_wconf 87' lang='lat' dir='ltr'>Blanchum</span> <span class='ocrx_word' id='word_1_409' title='bbox 1279 4227 1355 4291; x_wconf 91' lang='lat' dir='ltr'>de</span> <span class='ocrx_word' id='word_1_410' title='bbox 1404 4227 1583 4309; x_wconf 88' lang='lat' dir='ltr'>Ripa,</span> <span class='ocrx_word' id='word_1_411' title='bbox 1633 4246 1813 4308; x_wconf 88' lang='lat' dir='ltr'>quem</span> <span class='ocrx_word' id='word_1_412' title='bbox 1865 4246 2003 4290; x_wconf 89' lang='lat' dir='ltr'>cum</span> <span class='ocrx_word' id='word_1_413' title='bbox 2054 4227 2258 4291; x_wconf 88' lang='lat' dir='ltr'>tribus</span> <span class='ocrx_word' id='word_1_414' title='bbox 2306 4227 2503 4312; x_wconf 80' lang='lat' dir='ltr'>galeis</span> <span class='ocrx_word' id='word_1_415' title='bbox 2554 4230 2838 4293; x_wconf 88' lang='lat' dir='ltr'>misimus</span> <span class='ocrx_word' id='word_1_416' title='bbox 2885 4233 3116 4311; x_wconf 84' lang='lat' dir='ltr'>quanto</span> <span class='ocrx_word' id='word_1_417' title='bbox 3152 4251 3291 4312; x_wconf 87' lang='lat' dir='ltr'>pre-</span> 
     </span>
     <span class='ocr_line' id='line_1_44' title="bbox 559 4313 3289 4398; baseline 0 -17"><span class='ocrx_word' id='word_1_418' title='bbox 559 4317 719 4382; x_wconf 87' lang='lat' dir='ltr'>stius</span> <span class='ocrx_word' id='word_1_419' title='bbox 761 4315 1072 4398; x_wconf 85' lang='lat' dir='ltr'>potuimus</span> <span class='ocrx_word' id='word_1_420' title='bbox 1120 4313 1195 4377; x_wconf 88' lang='lat' dir='ltr'>ad</span> <span class='ocrx_word' id='word_1_421' title='bbox 1246 4316 1452 4395; x_wconf 85' lang='lat' dir='ltr'>partes</span> <span class='ocrx_word' id='word_1_422' title='bbox 1499 4314 1746 4395; x_wconf 90' lang='lat' dir='ltr'>imperii</span> <span class='ocrx_word' id='word_1_423' title='bbox 1795 4315 1888 4378; x_wconf 88' lang='lat' dir='ltr'>sui</span> <span class='ocrx_word' id='word_1_424' title='bbox 1937 4332 2043 4395; x_wconf 88' lang='lat' dir='ltr'>pro</span> <span class='ocrx_word' id='word_1_425' title='bbox 2090 4314 2381 4392; x_wconf 82' lang='lat' dir='ltr'>consorte,</span> <span class='ocrx_word' id='word_1_426' title='bbox 2432 4333 2723 4380; x_wconf 88' lang='lat' dir='ltr'>succursu</span> <span class='ocrx_word' id='word_1_427' title='bbox 2772 4318 2835 4379; x_wconf 89' lang='lat' dir='ltr'>et</span> <span class='ocrx_word' id='word_1_428' title='bbox 2880 4319 3289 4382; x_wconf 78' lang='lat' dir='ltr'>subventione</span> 
     </span>
     <span class='ocr_line' id='line_1_45' title="bbox 560 4401 3289 4485; baseline 0 -17"><span class='ocrx_word' id='word_1_429' title='bbox 560 4422 691 4479; x_wconf 83' lang='lat' dir='ltr'>sua,</span> <span class='ocrx_word' id='word_1_430' title='bbox 742 4402 1020 4485; x_wconf 85' lang='lat' dir='ltr'>plenarie</span> <span class='ocrx_word' id='word_1_431' title='bbox 1071 4402 1370 4465; x_wconf 87' lang='lat' dir='ltr'>maiestas</span> <span class='ocrx_word' id='word_1_432' title='bbox 1419 4419 1530 4465; x_wconf 88' lang='lat' dir='ltr'>sua</span> <span class='ocrx_word' id='word_1_433' title='bbox 1578 4401 1857 4464; x_wconf 85' lang='lat' dir='ltr'>extiterit</span> <span class='ocrx_word' id='word_1_434' title='bbox 1902 4401 2230 4465; x_wconf 80' lang='lat' dir='ltr'>informata</span> <span class='ocrx_word' id='word_1_435' title='bbox 2274 4401 2350 4465; x_wconf 90' lang='lat' dir='ltr'>de</span> <span class='ocrx_word' id='word_1_436' title='bbox 2398 4401 2812 4483; x_wconf 87' lang='lat' dir='ltr'>displicentia,</span> <span class='ocrx_word' id='word_1_437' title='bbox 2858 4423 3037 4484; x_wconf 89' lang='lat' dir='ltr'>quam</span> <span class='ocrx_word' id='word_1_438' title='bbox 3073 4411 3289 4469; x_wconf 84' lang='lat' dir='ltr'>nostra</span> 
     </span>
     <span class='ocr_line' id='line_1_46' title="bbox 559 4487 3289 4573; baseline 0.001 -20"><span class='ocrx_word' id='word_1_439' title='bbox 559 4489 905 4554; x_wconf 92' lang='lat' dir='ltr'>dominatio</span> <span class='ocrx_word' id='word_1_440' title='bbox 952 4506 1137 4570; x_wconf 85' lang='lat' dir='ltr'>passa</span> <span class='ocrx_word' id='word_1_441' title='bbox 1184 4487 1304 4551; x_wconf 86' lang='lat' dir='ltr'>fuit</span> <span class='ocrx_word' id='word_1_442' title='bbox 1354 4490 1418 4550; x_wconf 89' lang='lat' dir='ltr'>et</span> <span class='ocrx_word' id='word_1_443' title='bbox 1464 4488 1736 4569; x_wconf 86' lang='lat' dir='ltr'>partitur</span> <span class='ocrx_word' id='word_1_444' title='bbox 1784 4490 1856 4551; x_wconf 93' lang='lat' dir='ltr'>de</span> <span class='ocrx_word' id='word_1_445' title='bbox 1905 4488 2332 4552; x_wconf 87' lang='lat' dir='ltr'>infelicissimo</span> <span class='ocrx_word' id='word_1_446' title='bbox 2378 4507 2527 4554; x_wconf 89' lang='lat' dir='ltr'>casu</span> <span class='ocrx_word' id='word_1_447' title='bbox 2572 4508 2824 4554; x_wconf 89' lang='lat' dir='ltr'>occurso</span> <span class='ocrx_word' id='word_1_448' title='bbox 2879 4493 3045 4573; x_wconf 86' lang='lat' dir='ltr'>regie</span> <span class='ocrx_word' id='word_1_449' title='bbox 3096 4494 3289 4557; x_wconf 87' lang='lat' dir='ltr'>maie·</span> 
     </span>
     <span class='ocr_line' id='line_1_47' title="bbox 558 4575 3289 4661; baseline 0.001 -19"><span class='ocrx_word' id='word_1_450' title='bbox 558 4578 707 4642; x_wconf 88' lang='lat' dir='ltr'>stati</span> <span class='ocrx_word' id='word_1_451' title='bbox 740 4576 1061 4659; x_wconf 87' lang='lat' dir='ltr'>Hungarie</span> <span class='ocrx_word' id='word_1_452' title='bbox 1097 4577 1161 4639; x_wconf 89' lang='lat' dir='ltr'>et</span> <span class='ocrx_word' id='word_1_453' title='bbox 1191 4575 1487 4640; x_wconf 86' lang='lat' dir='ltr'>exercitui</span> <span class='ocrx_word' id='word_1_454' title='bbox 1520 4594 1646 4653; x_wconf 85' lang='lat' dir='ltr'>suc,</span> <span class='ocrx_word' id='word_1_455' title='bbox 1687 4579 1936 4657; x_wconf 84' lang='lat' dir='ltr'>propter</span> <span class='ocrx_word' id='word_1_456' title='bbox 1971 4577 2194 4639; x_wconf 91' lang='lat' dir='ltr'>damna</span> <span class='ocrx_word' id='word_1_457' title='bbox 2229 4577 2421 4640; x_wconf 87' lang='lat' dir='ltr'>totius</span> <span class='ocrx_word' id='word_1_458' title='bbox 2453 4577 2930 4642; x_wconf 83' lang='lat' dir='ltr'>christianitatis</span> <span class='ocrx_word' id='word_1_459' title='bbox 2962 4581 3026 4643; x_wconf 89' lang='lat' dir='ltr'>et</span> <span class='ocrx_word' id='word_1_460' title='bbox 3055 4580 3289 4661; x_wconf 85' lang='lat' dir='ltr'>princi-</span> 
     </span>
     <span class='ocr_line' id='line_1_48' title="bbox 558 4661 3285 4754; baseline 0.001 -24"><span class='ocrx_word' id='word_1_461' title='bbox 558 4663 763 4754; x_wconf 87' lang='lat' dir='ltr'>palius</span> <span class='ocrx_word' id='word_1_462' title='bbox 811 4664 906 4726; x_wconf 91' lang='lat' dir='ltr'>sui</span> <span class='ocrx_word' id='word_1_463' title='bbox 953 4662 1221 4747; x_wconf 85' lang='lat' dir='ltr'>imperii,</span> <span class='ocrx_word' id='word_1_464' title='bbox 1270 4661 1435 4746; x_wconf 91' lang='lat' dir='ltr'>quod</span> <span class='ocrx_word' id='word_1_465' title='bbox 1482 4661 1602 4727; x_wconf 90' lang='lat' dir='ltr'>nisi</span> <span class='ocrx_word' id='word_1_466' title='bbox 1649 4663 1889 4729; x_wconf 89' lang='lat' dir='ltr'>dictum</span> <span class='ocrx_word' id='word_1_467' title='bbox 1951 4662 2363 4729; x_wconf 87' lang='lat' dir='ltr'>infortunium</span> <span class='ocrx_word' id='word_1_468' title='bbox 2431 4665 2792 4747; x_wconf 84' lang='lat' dir='ltr'>occurisset,</span> <span class='ocrx_word' id='word_1_469' title='bbox 2861 4668 3036 4732; x_wconf 81' lang='lat' dir='ltr'>extra</span> <span class='ocrx_word' id='word_1_470' title='bbox 3104 4683 3285 4732; x_wconf 86' lang='lat' dir='ltr'>omne</span> 
     </span>
    </p>
   </div>
  </div>
 </body>
</html>
