3620 5282
2993 365 3124 429 393

401 540 610 603 nostra
657 539 923 604 intencio
964 528 1075 621 per¹
1115 538 1297 602 illum·
1343 541 1616 616 modum,
1653 537 1757 622 qui
1801 541 1905 604 isti
1941 541 2199 606 consilio
2233 540 2408 606 utilis
2433 540 2777 623 apparebit.
2828 542 2919 607 De
2956 543 3127 624 parte

405 625 509 705 23,
559 629 634 691 de
682 645 801 690 non
854 635 912 706 1,
960 645 1075 692 non
1124 628 1345 691 sinceri
1397 630 1499 692 10.

480 734 719 795 Secreta
771 734 1023 795 Consilii
1068 736 1436 810 Royatorum
1481 735 1556 794 R.
1608 738 1755 812 133,
1805 754 1848 794 u
1892 737 2051 797 mlet.
2099 739 2331 796 arkivu.

762 1030 1028 1112 DXL.
1081 1028 1286 1112 God.
1342 1029 1567 1112 1396.
1622 1030 1720 1112 16
1772 1031 2201 1131 prosince,
2253 1053 2310 1111 u
2370 1031 2762 1115 Mletcih.

396 1160 559 1247 Sazje
603 1190 664 1233 se
699 1170 1052 1247 pouzdanik
1094 1193 1134 1233 u
1194 1174 1486 1249 Uyarsku,
1536 1175 1689 1232 nelca
1733 1174 1983 1244 razvidi,
2017 1175 2164 1246 jada
2208 1175 2253 1232 li
2299 1192 2372 1233 su
2424 1175 2607 1234 Turci
2654 1193 2879 1249 upravo
2927 1195 2968 1234 u
3014 1193 3128 1234 ovu

857 1263 1071 1334 zemlju
1116 1264 1319 1331 unisli,
1361 1264 1385 1320 i
1427 1263 1580 1321 kako
1619 1280 1681 1320 se
1726 1279 1769 1320 u
1814 1262 1947 1320 obde
1984 1263 2158 1334 ondje
2204 1264 2396 1321 stvari
2439 1263 2668 1323 nalaze.

615 1380 1178 1446 1396.·indictione
1228 1382 1301 1457 V,
1351 1383 1447 1446 die
1503 1384 1576 1446 16
1624 1382 1990 1446 decembris,
2041 1380 2368 1462 Sapientes
2417 1383 2655 1446 consilii
2708 1388 2770 1446 et
2817 1384 3126 1464 sapientes

400 1468 703 1532 ordinum.
754 1467 975 1550 Capta:
1027 1471 1172 1551 quia
1219 1474 1314 1532 est
1360 1489 1452 1532 res
1502 1470 1748 1551 sapiens
1796 1470 2023 1533 habere
2070 1470 2315 1551 plenam
2387 1473 2451 1532 et
2511 1490 2721 1534 veram
2770 1470 3120 1535 informati-

399 1574 577 1620 onem
627 1557 700 1619 de
750 1557 921 1619 novis
973 1556 1310 1639 Hungarie‚
1361 1562 1424 1621 et
1470 1558 1542 1620 de
1589 1559 1706 1632 his,
1760 1577 1877 1641 que
1922 1557 2209 1622 dicuntur
2271 1560 2332 1620 et
2396 1556 2741 1621 referuntur
2803 1559 2876 1620 de
2937 1558 3119 1622 factis

398 1644 621 1720 Basiti,
669 1642 826 1725 quod
877 1645 1120 1709 videtur
1169 1645 1435 1709 intrasse
1482 1646 1718 1710 dictum
1770 1664 2057 1727 regnum3
2108 1645 2281 1709 vadit
2319 1664 2483 1727 pars,
2530 1647 2684 1728 quod
2718 1646 2915 1727 possit
2949 1647 3119 1709 mitti

399 1750 521 1794 una
568 1731 882 1795 sufficiens
930 1735 993 1795 et
1037 1733 1298 1797 discreta
1364 1752 1616 1814 persona
1678 1739 1739 1797 et
1801 1733 1956 1797 bene
2019 1733 2349 1797 informata
2410 1733 2484 1796 de
2546 1733 3000 1797 conditionibus
3063 1735 3126 1796 et

401 1818 735 1882 baronibus
772 1819 923 1883 dicti
969 1822 1142 1901 regni
1189 1822 1263 1885 ad
1311 1823 1520 1902 partes
1570 1820 1728 1898 illas,
1786 1840 1902 1902 que
1967 1821 2055 1883 ire
2117 1821 2406 1885 ostendat
2469 1820 2543 1884 de
2593 1821 2730 1884 inde
2777 1839 2885 1902 pro
2935 1820 3117 1884 factis

402 1907 551 1982 suis,
601 1907 665 1969 et
710 1908 956 1971 studeat
1002 1908 1229 1972 sentire
1305 1913 1368 1971 et
1442 1909 1818 1991 investigare
1892 1911 2072 1971 caute
2120 1912 2184 1972 et
2242 1914 2478 1972 secrete
2526 1910 2732 1972 omnia
2777 1926 2947 1981 nova,
3003 1927 3119 1989 que

398 1993 789 2058 habebuntur
866 1996 928 2058 in
1007 1995 1191 2060 dictis
1240 1997 1519 2078 partibus
1569 1997 1645 2058 ab
1694 1995 1821 2058 illis
1869 1996 2162 2077 personiS,
2213 2017 2328 2079 que
2378 1996 2495 2059 sibi
2548 1998 2935 2071 videbuntur,
2991 1997 3119 2057 tam

397 2081 473 2145 de
519 2081 703 2146 factis
748 2082 969 2160 Basiti,
1020 2102 1203 2164 quam
1255 2084 1329 2147 de
1377 2083 1768 2156 tractatibus
1821 2101 1970 2165 quos
2035 2084 2287 2148 haberet
2334 2083 2394 2147 in
2444 2103 2651 2166 regno,
2692 2089 2755 2146 et
2802 2082 2875 2146 de
2926 2083 3130 2163 dispo-

398 2169 730 2233 sitionibus
776 2172 1155 2251 prelatorum
1206 2173 1269 2234 et
1316 2173 1646 2244 baronum;
1696 2173 1761 2234 et
1807 2173 2007 2233 totum
2055 2167 2233 2247 illud,
2284 2173 2443 2253 quod
2494 2174 2717 2235 babere
2766 2177 2828 2233 et
2889 2172 3120 2234 sentire

399 2259 631 2337 poterit
706 2277 812 2338 per
882 2277 1340 2340 quemcumque
1413 2259 1682 2335 modum,
1754 2261 1982 2340 quanto
2031 2261 2300 2341 prestius
2351 2261 2593 2340 poterit.
2641 2259 2818 2322 nobis
2869 2257 3120 2321 studeat

399 2348 729 2425 reportare,
780 2348 850 2409 ut
893 2347 1089 2409 simus
1135 2347 1206 2409 de
1254 2346 1539 2410 omnibus
1586 2345 1902 2409 informati
1937 2349 2001 2409 et
2041 2348 2358 2429 providere
2396 2348 2723 2429 possimus,
2759 2347 2918 2409 sicut
2951 2345 3128 2408 nobis

402 2433 716 2496 videbitur
761 2451 915 2515 opus
964 2452 1129 2511 esse;
1181 2437 1244 2498 et
1290 2435 1451 2516 quod
1501 2435 1753 2497 nuntius
1802 2436 1969 2497 stare
2016 2436 2233 2499 debeat
2274 2435 2348 2498 de
2395 2436 2555 2510 inde,
2602 2435 2650 2498 si
2698 2434 3007 2497 videbitur
3040 2432 3127 2494 ibi

398 2538 575 2600 posse
624 2521 790 2584 stare
835 2539 976 2584 cum
1027 2523 1375 2600 securitate,
1425 2523 1745 2585 scribendo
1820 2522 2109 2586 continuo
2187 2526 2251 2587 et
2325 2523 2400 2585 de
2445 2526 2719 2603 tempore
2767 2522 2828 2584 in
2878 2523 3128 2602 tempus

398 2608 572 2687 illud,
624 2609 782 2691 quod
832 2607 1062 2673 sentiet
1109 2613 1173 2674 et
1218 2609 1489 2686 habebit,
1537 2612 1600 2674 et
1645 2608 1887 2692 quando
1924 2610 2232 2674 videbitur
2272 2610 2387 2674 sibi
2423 2629 2564 2674 cnm
2598 2609 2928 2674 securitate
2965 2615 3129 2671 stare

405 2716 518 2760 non
567 2716 763 2778 posse,
815 2697 1108 2761 Venetias
1156 2698 1524 2775 revertatur,
1576 2701 1646 2762 de
1693 2699 1982 2760 omnibus
2044 2698 2432 2762 infinmatus
2507 2698 2597 2761 De
2674 2700 2848 2779 parte
2899 2696 3004 2772 53,
3054 2697 3128 2759 de

400 2803 517 2849 non
567 2787 628 2862 4,
677 2802 793 2848 non
844 2784 1067 2849 sinceri
1124 2787 1176 2848 1.

484 2891 726 2952 Secreta
772 2891 948 2953 Gon-5.
992 2893 1142 2967 Roy.
1192 2893 1267 2952 R.
1320 2895 1462 2962 134,
1508 2910 1552 2951 u
1598 2894 1755 2953 mlet.
1802 2895 2041 2953 arkivu.

730 3185 1039 3268 DXLI.
1097 3186 1303 3268 God.
1358 3185 1585 3269 1396.
1650 3189 1747 3270 16
1804 3168 2232 3287 prosimu,
2285 3208 2345 3268 u
2398 3185 2790 3267 Mlctcih.

399 3329 692 3388 Mletd‘ani
736 3329 1109 3402 obaviescuju
1156 3330 1484 3401 kraljevske
1530 3331 1922 3388 namiestnike
1968 3348 2009 3387 u
2055 3329 2340 3402 Badimu,
2390 3330 2470 3387 da
2502 3331 2569 3398 je
2594 3328 2923 3401 uyarehrv.
2965 3328 3126 3399 Ισναζφ·

396 3417 599 3475 ενεόηο
631 3417 809 3475 (1οέαο
854 3435 896 3475 u
940 3418 1142 3491 njihov
1182 3418 1338 3492 yracl
1363 3419 1565 3477 Koron
1611 3436 1648 3474 ιι
1699 3417 1939 3491 Grc'koj.
1986 3418 2117 3476 Isto
2165 3419 2300 3476 tako
2323 3434 2385 3474 se
2407 3417 2541 3488 pise
2565 3417 2886 3474 rimskomu
2911 3432 3120 3474 cesaru

1367 3506 1391 3562 z·
1421 3507 1792 3578 austregjskim
1839 3507 2164 3577 vojvodam.

621 3624 805 3689 1396.
858 3624 1188 3689 indictione
1234 3626 1342 3702 IV,
1391 3626 1489 3688 die
1548 3625 1621 3688 16
1662 3625 2036 3689 decembris.
2090 3624 2414 3706 Sapientes
2440 3622 2685 3687 consilii
2719 3623 2783 3684 et
2815 3622 3124 3703 sapientes

401 3712 703 3776 ordinum.
753 3712 978 3794 Capta:
1026 3714 1183 3794 quod
1233 3715 1537 3777 scribatur
1584 3712 1851 3776 dominis
1901 3711 2242 3776 rectoribus
2276 3712 2338 3775 in
2381 3711 2559 3775 Buda
2590 3729 2699 3793 pro
2735 3711 3128 3775 serenissimo

401 3800 647 3864 domino
696 3820 839 3883 rege
888 3800 1209 3883 Hungarie
1260 3801 1317 3864 in
1368 3802 1482 3865 hac
1528 3800 1761 3864 forma:

609 3887 769 3966 Quia
813 3889 967 3952 certi
1016 3890 1346 3964 reddimur,
1398 3888 1555 3970 quod
1606 3907 1710 3951 vos
1781 3891 2075 3969 tanquam
2126 3887 2337 3951 fideles
2385 3889 2446 3949 et
2493 3886 2694 3950 devoti
2746 3904 2916 3949 sacre
2959 3885 3127 3967 regie

406 3977 751 4040 maiestatis
796 3978 1138 4058 Hungarie.
1186 3979 1423 4040 certum
1476 3979 1539 4039 et
1584 3975 1932 4039 incolumen
1980 3977 2110 4038 eius
2160 3975 2470 4038 redditum
2520 3976 2592 4037 ad
2644 3977 2852 4055 partes
2900 3972 3125 4037 Adria-

401 4065 507 4127 tici
559 4064 749 4129 maris
797 4083 1044 4128 summa
1086 4064 1406 4128 affectione
1455 4064 1680 4143 cupitis
1728 4064 2088 4144 persentire,
2138 4061 2551 4145 magnitudini
2617 4065 2819 4125 vestre
2870 4079 3123 4139 presen-

404 4152 571 4215 tibus
618 4152 1002 4227 nunciamur,
1058 4154 1216 4232 quod
1265 4172 1370 4233 per
1417 4170 1605 4214 unum
1658 4156 1935 4214 nostrum
1987 4150 2300 4232 navigium
2354 4151 2602 4213 veniens
2650 4149 2725 4210 de
2777 4148 2928 4212 locis
2961 4166 3122 4211 nos-

401 4238 515 4302 tris
563 4237 754 4304 Coron
802 4243 865 4303 et
931 4240 1185 4303 Mothon
1246 4239 1698 4321 presentialiter
1754 4239 2106 4314 habuimuS,
2170 4239 2437 4320 qualiter
2497 4239 2627 4318 ipse
2688 4236 2974 4299 dominus
3024 4254 3127 4297 rex

404 4343 543 4390 cum
619 4326 914 4391 comitiva
990 4345 1100 4391 sua
1176 4330 1239 4390 et
1313 4326 1622 4408 aliquibus
1670 4328 1900 4391 nostris
1944 4326 2138 4408 galeis
2183 4344 2252 4389 ac
2298 4325 2474 4407 galea
2518 4324 2980 4388 Jadratinorum
3029 4322 3130 4385 die

404 4416 572 4477 sexto
621 4415 854 4479 mensis
900 4413 1192 4478 instantis
1242 4415 1318 4478 ad
1367 4414 1498 4478 loca
1548 4417 1757 4478 nostra
1802 4413 2108 4495 applicuit
2148 4414 2757 4493 antedicta,p1·opter
2789 4408 2948 4491 quod
2983 4426 3129 4472 con-

402 4501 673 4566 siderato
720 4500 955 4566 dierum
1008 4503 1187 4583 lapsu
1229 4520 1298 4565 ac
1344 4503 1784 4583 preteritorum
1836 4506 2185 4582 temporum
2232 4500 2557 4581 qualitate,
2593 4515 2931 4580 speramus,
2966 4495 3126 4578 quod

400 4590 508 4652 deo
556 4589 708 4653 duce
778 4591 977 4670 ipsum
1030 4590 1105 4654 de
1153 4589 1317 4653 brevi
1369 4588 1650 4670 poteritis
1715 4587 2061 4651 incolumen
2125 4586 2417 4662 revidere,
2483 4587 2555 4649 de
2618 4603 2738 4667 quo
2801 4600 2910 4665 pro
2975 4585 3126 4645 bono

403 4675 894 4754 christianitatis,
945 4677 1221 4741 utilitate
1269 4678 1444 4758 regni
1487 4678 1563 4739 et·
1596 4695 1706 4739 sue
1741 4675 2088 4740 maiestatis
2124 4672 2645 4757 contemplatione
2670 4687 3126 4736 assummemus

403 4764 887 4831 consolationem
938 4765 1001 4828 et
1046 4763 1319 4828 letitiam
1360 4761 1713 4828 cordialem.
