3620 5282
528 382 649 449 186

519 561 613 623 tes
660 559 872 624 literas
926 558 1295 640 inspecturis
1351 577 1460 640 pro
1508 559 1684 625 nobis
1731 558 2060 623 heredibus
2106 561 2171 623 et
2218 557 2677 624 successoribus
2725 557 2974 634 nostris,
3001 555 3248 638 publice

519 648 1043 730 recognoscentes
1091 647 1248 728 quod
1297 645 1562 710 illustris
1604 650 1667 710 et
1694 646 2060 728 magnificus
2086 648 2372 711 dominus
2404 644 2689 710 Andreas
2721 644 3064 710 Contaneno
3098 645 3242 723 dux,

522 734 847 798 consilium
896 736 961 797 et
1004 734 1418 798 communitas
1445 733 1873 809 venetiarum,
1908 734 2092 798 amici
2138 733 2447 799 carissimi
2495 733 2711 809 nostri,
2762 751 2835 797 ac
2861 733 3031 814 regni
3064 732 3245 796 Hun-

516 821 688 903 garie
736 822 1014 903 perpetui
1062 820 1388 899 debitoreS,
1436 821 1613 886 annis
1656 821 1919 904 singulis
1965 823 2028 885 in
2068 824 2307 904 septem
2357 820 2633 885 millibus
2679 820 3047 885 ducatorum
3096 819 3241 884 boni

516 909 650 971 auri
703 909 970 990 iustique
1013 907 1298 991 ponderis
1324 909 1387 972 in
1413 909 1571 973 festo
1619 909 1786 974 beati
1835 907 2127 989 Stephani
2178 909 2342 992 regis
2382 907 2443 971 in
2470 907 2714 990 singulo
2757 927 2965 972 mense
2991 907 3242 990 augusti

519 994 710 1072 nobiS‚
759 996 1084 1060 heredibus
1132 998 1196 1059 et
1241 997 1700 1061 successoribus
1749 997 1976 1061 nostris
2023 996 2442 1077 persolvendis
2490 995 2749 1079 obligati
2776 994 2951 1077 juxta
2974 993 3239 1059 formam

514 1086 837 1164 pactorum
885 1085 1050 1164 pacis
1086 1083 1229 1147 hinc
1270 1082 1412 1148 inde
1458 1084 1728 1166 vigentis
1774 1084 2068 1149 initorum
2131 1102 2239 1166 pro
2297 1083 2498 1148 tribus
2551 1083 2751 1161 anniS,
2798 1081 3089 1146 videlicet
3129 1099 3240 1164 pro

515 1172 779 1234 secunda
846 1171 1147 1235 solutione
1216 1172 1452 1252 septem
1523 1171 1792 1235 millium
1862 1172 2225 1235 ducatorum
2295 1176 2503 1236 nostre
2561 1170 2875 1235 maiestati
2922 1189 3030 1252 per
3073 1171 3240 1251 ipsos

518 1257 716 1321 fienda
758 1258 819 1321 in
869 1257 1023 1322 festo
1068 1256 1237 1321 beati
1265 1257 1559 1341 Stephani
1585 1260 1752 1341 regis
1799 1259 1872 1323 de
1899 1277 2106 1322 mense
2165 1258 2414 1342 augusti
2453 1258 2730 1341 proxime
2776 1259 3032 1322 venturo
3076 1274 3235 1320 anno

512 1345 743 1409 domini
769 1344 1103 1410 millesimo
1146 1346 1585 1411 trecentesimo
1633 1346 2054 1430 octuagesimo
2104 1347 2387 1424 secundo,
2417 1347 2568 1410 item
2591 1347 2667 1410 de
2699 1345 2886 1410 tertia
2931 1343 3236 1409 solutione

515 1433 752 1514 septem
801 1432 1046 1497 milium
1093 1433 1461 1498 ducatorum
1508 1434 1802 1499 similiter
1849 1434 2050 1499 fienda
2094 1435 2157 1499 in
2202 1435 2367 1499 dicto
2410 1434 2568 1499 festo
2613 1433 2690 1498 de
2740 1451 2950 1497 mense
2984 1431 3238 1514 augusti

514 1519 589 1582 de
652 1519 987 1585 millesimo
1047 1523 1479 1587 trecentesimo
1540 1522 1962 1605 octuagesimo
2029 1523 2234 1599 tertio,
2300 1523 2450 1587 item
2520 1523 2593 1586 de
2636 1523 2859 1605 quarta
2927 1519 3238 1583 solutione

516 1611 752 1689 septem
821 1608 1090 1673 millium
1151 1610 1511 1674 ducatorum
1561 1611 1620 1674 in
1667 1611 1880 1675 eodem
1928 1609 2089 1674 festo
2136 1610 2301 1674 beati
2355 1608 2650 1692 Stephani
2695 1608 2858 1692 regis
2905 1608 2978 1672 de
3024 1625 3235 1671 mense

509 1695 756 1777 augusti
805 1695 1010 1760 fienda
1055 1697 1128 1760 de
1175 1697 1509 1761 millesimo
1574 1698 2013 1762 trecentesimo
2067 1697 2490 1781 octuagesimo
2536 1701 2771 1780 quarto,
2822 1715 2941 1778 que
2986 1695 3235 1778 quidem

510 1785 635 1846 tres
682 1782 1016 1846 solutiones
1063 1782 1367 1847 dictorum
1416 1785 1604 1849 trium
1653 1804 1951 1849 annorum
1978 1785 2317 1850 ascendunt
2341 1804 2651 1850 summam
2696 1784 2920 1866 viginti
2952 1785 3018 1847 et
3040 1800 3235 1846 unum

511 1870 710 1934 millia
754 1871 1115 1935 ducatorum
1185 1870 1327 1936 boni
1385 1871 1529 1935 anni
1575 1890 1646 1935 ac
1676 1872 1836 1954 justi
1886 1873 2190 1954 ponderis.
2258 1871 2390 1951 Que
2458 1871 2707 1955 quidem
2773 1868 2994 1954 viginti
3041 1887 3229 1934 unum

509 1957 708 2021 millia
769 1959 1126 2023 ducatorum
1189 1958 1251 2022 in
1313 1960 1537 2023 nostris
1596 1959 1891 2024 heredum
1960 1963 2023 2022 et
2060 1977 2488 2024 successorum
2549 1959 2902 2023 nostrorum
2951 1958 3231 2041 personis

508 2045 835 2126 magnifico
883 2046 948 2110 et
994 2045 1229 2127 potenti
1273 2045 1520 2109 domino
1581 2047 1909 2111 Francisco
1971 2047 2046 2110 de
2108 2045 2389 2111 Carraria
2450 2045 2669 2110 seniori
2727 2046 2974 2109 domino
3022 2045 3231 2108 Padue

506 2133 705 2196 amico
775 2132 1085 2197 communi
1157 2133 1286 2198 vice
1354 2134 1419 2197 et
1478 2135 1830 2197 nostrorum
1901 2135 2147 2198 nomine
2214 2134 2532 2216 recipienti
2601 2132 2773 2196 etin
2833 2149 3227 2214 compensam

508 2219 841 2301 aliqualem
887 2220 1101 2298 debiti,
1153 2222 1312 2302 quod
1359 2239 1468 2284 nos
1518 2221 1718 2284 eidem
1765 2240 1982 2285 sumus
2006 2222 2304 2286 debitorie
2349 2220 2609 2302 obligati
2655 2221 3002 2301 acceptanti
3047 2219 3230 2282 dede·

507 2310 652 2371 runt
694 2312 757 2370 et
803 2309 1077 2389 plenarie
1134 2308 1568 2373 satisfecerunt
1627 2309 1702 2372 de
1762 2308 2014 2372 eisdem.
2079 2309 2278 2391 Super
2333 2309 2557 2390 quibus
2604 2307 2852 2390 quidem
2898 2305 3120 2390 viginti
3168 2306 3233 2369 et

513 2412 629 2457 uno
678 2394 955 2459 millibus
997 2394 1360 2459 ducatorum
1430 2396 1567 2458 auri
1637 2395 1768 2460 vice
1830 2398 1896 2460 et
1941 2397 2186 2460 nomine
2249 2396 2476 2460 nostris
2522 2414 2630 2476 per
2683 2395 2995 2477 prefatum
3034 2393 3231 2458 domi·

507 2501 655 2545 num
702 2482 910 2546 Padue
959 2483 1020 2545 in
1062 2500 1450 2564 compensam
1513 2482 1849 2564 aliqualem
1917 2484 2107 2549 debiti
2156 2484 2253 2546 sui
2303 2485 2685 2565 receptorum
2725 2485 2791 2547 et
2835 2483 3074 2564 integre
3119 2480 3231 2544 ha·

507 2569 775 2632 bitorum
827 2572 1199 2632 memoratos
1245 2569 1560 2633 dominum
1588 2569 1903 2635 Andream
1929 2569 2267 2637 Contareno
2290 2571 2530 2650 ducem,
2578 2568 2905 2634 consilium
2950 2571 3015 2633 et
3060 2585 3232 2633 com·

507 2658 870 2720 munitatem
921 2656 1322 2722 Veneciarum
1350 2659 1413 2722 in
1440 2664 1650 2723 nostra
1672 2660 1961 2724 heredum
1989 2662 2053 2723 et
2085 2678 2503 2724 successorum
2550 2663 2901 2723 nostrorum
2949 2657 3229 2739 personis

505 2746 839 2826 quitamus,
903 2744 1304 2821 absolvimus,
1366 2745 1703 2811 liberamus
1750 2748 1814 2811 et
1860 2747 2172 2811 reddimus
2223 2765 2331 2828 pro
2359 2746 2541 2811 dictis
2570 2747 2785 2811 tribus'
2816 2744 3227 2810 solutionibus

507 2834 578 2896 ut
622 2850 803 2911 supra
849 2831 1162 2912 expeditos
1192 2856 1206 2909 ;
1234 2833 1682 2915 spopondentes
1710 2852 1817 2916 pro
1864 2835 2038 2899 nobis
2062 2833 2391 2898 heredibus
2416 2840 2477 2899 et
2508 2833 2962 2898 successoribus
2997 2831 3226 2896 nostris

508 2919 797 2999 predictis
843 2919 1000 2983 bona
1047 2920 1164 2984 fide
1212 2921 1445 3003 absque
1501 2917 1669 2985 omni
1732 2922 1871 2985 dolo
1917 2923 1981 2986 et
2042 2920 2257 2985 fraude
2302 2921 2572 3003 prefatos
2618 2921 2937 2986 dominum
2985 2920 3227 2995 ducem,

505 3006 833 3071 consilium
880 3008 944 3071 et
989 3025 1311 3072 commune
1359 3009 1758 3073 Venetiarum
1807 3027 1914 3089 pro
1962 3009 2146 3074 dictis
2194 3008 2395 3074 tribus
2441 3008 2618 3074 annis
2664 3010 2944 3091 superius
2981 3025 3228 3088 expres-

505 3094 679 3171 satis,
728 3092 1095 3159 facientibus
1142 3095 1361 3177 viginti
1431 3114 1620 3160 unum
1695 3096 1964 3160 millium
2009 3096 2396 3173 ducatorum,
2445 3097 2681 3162 ratione
2727 3095 3052 3161 solutionis
3097 3094 3229 3158 dic-

510 3183 710 3245 torum
782 3180 972 3245 trium
1039 3200 1340 3247 annorum
1385 3185 1457 3247 ut
1500 3200 1684 3264 supra
1752 3184 1979 3247 nostris
2049 3185 2107 3247 in
2154 3182 2432 3266 personis
2478 3183 2723 3249 domino
2779 3182 2990 3247 Padue
3040 3182 3224 3257 facte,

504 3270 775 3350 amplius
825 3286 943 3333 non
1002 3270 1300 3351 impetere
1346 3290 1454 3334 seu
1504 3270 1629 3334 ullo
1694 3272 1888 3347 modo,
1934 3270 2199 3354 ingenio,
2266 3270 2465 3335 colore
2505 3272 2608 3335 vel
2653 3289 2837 3335 causa
2884 3270 3228 3352 inquietare

507 3355 787 3436 qualibet
857 3358 1171 3420 occasione
1216 3359 1280 3421 et
1325 3358 1679 3439 exceptione
1749 3360 1987 3422 remota
2055 3359 2171 3422 sub
2215 3361 2421 3422 nostre
2483 3359 2831 3423 maiestatis
2877 3357 3071 3439 sigilli
3119 3374 3229 3437 ap·

506 3444 795 3523 pensione
837 3444 1190 3508 testimonio
1257 3446 1597 3508 literatum.
1645 3445 2049 3510 Presentibus
2109 3446 2619 3510 reverendissimo
2667 3446 2728 3509 in
2771 3446 3004 3510 christo
3052 3445 3229 3526 patre

502 3529 748 3594 domino
797 3530 1114 3594 Demetrio
1179 3531 1349 3595 tituli
1415 3534 1772 3596 sanctorum
1838 3533 2011 3596 lV.or
2057 3535 2483 3597 coronatorum
2540 3534 2880 3616 presbitero
2927 3531 3223 3597 cardinali

502 3616 912 3699 gubernatore
978 3619 1335 3700 metropolis
1401 3618 1864 3701 strigoniensis,
1925 3639 2210 3702 supremo
2257 3621 2621 3686 cancellario
2659 3621 2830 3700 regni
2878 3619 3220 3703 Hungarie‚

502 3705 746 3767 domino
793 3704 1044 3769 Nicolao
1103 3706 1179 3770 de
1244 3706 1444 3770 Garra
1494 3706 1769 3771 eiusdem
1833 3708 2008 3790 regni
2052 3708 2277 3772 comite
2326 3707 2614 3789 palatine,
2657 3727 2768 3772 nec
2815 3726 2932 3773 nou
2979 3705 3225 3771 domino

505 3791 751 3856 Nicolao
798 3791 877 3857 de
925 3791 1119 3857 Zeech
1170 3793 1367 3857 iudice
1410 3794 1578 3858 curie
1626 3797 1833 3859 nostre
1884 3794 2252 3872 maiestatiS,
2304 3795 2412 3877 qui
2458 3796 2806 3859 huiusmodi
2853 3795 3222 3877 quitationis

502 3881 692 3944 testes
738 3881 884 3944 sunt
930 3900 1038 3962 pro
1063 3881 1432 3945 certitudine
1474 3881 1779 3962 ampliori.
1821 3883 2050 3947 Datum
2097 3882 2269 3946 Bude
2325 3884 2526 3965 prima
2582 3881 2681 3947 die
2732 3883 2959 3948 mensis
3007 3881 3223 3966 aprilis

501 3967 563 4031 in
613 3968 881 4049 predicto
927 3985 1086 4032 anno
1136 3968 1366 4032 domiui
1412 3968 1741 4033 millesimo
1789 3971 2225 4034 trecentesimo
2263 3970 2683 4055 octuagesimo
2728 3971 3012 4037 secunde.
3164 3980 3173 3989 ⁴

592 4074 1160 4137 Commemorialium
1217 4073 1400 4136 VIII.
1452 4080 1553 4154 71,
1602 4096 1643 4136 u
1691 4077 1845 4136 mlet.
1894 4078 2131 4137 arkivu.

943 4247 1388 4330 CCLVIII.
1443 4247 1661 4330 1382.
1722 4246 1814 4329 12
1867 4250 2241 4350 travnja‚
2294 4272 2354 4330 u
2408 4249 2797 4331 Mletcih.

501 4387 856 4461 Dozvoljeno
900 4391 1362 4463 aaqrebadkomu
1407 4391 1684 4469 biskupu,
1732 4392 1815 4451 da
1857 4389 2121 4451 oborue'sa
2162 4411 2203 4451 u
2244 4393 2494 4452 Mletcih
2535 4393 2748 4467 ραῖϋα,
2789 4394 2980 4465 km'om
3029 4391 3228 4468 bipa-

506 4478 675 4531 tovao
720 4494 762 4533 u
807 4482 974 4535 svetu
1019 4478 1262 4552 zemlqu
1312 4482 1365 4536 te
1411 4479 1654 4549 deserto,
1701 4480 1781 4537 da
1823 4498 1903 4553 ya
1946 4482 2227 4541 mletacke
2283 4482 2484 4555 yalque,
2533 4498 2615 4539 na
2635 4482 2939 4554 pom-aum
2984 4484 3041 4541 iz
3084 4484 3227 4542 <mih

1142 4566 1403 4638 kraJ'eva,
1452 4568 1704 4639 ulcr-ceria
1749 4569 1773 4625 i
1809 4569 2099 4640 probi-ode
2141 4586 2183 4626 u
2228 4568 2556 4629 Hrvatsku.

716 4661 897 4726 1382.
945 4662 1130 4728 dieX
1176 4667 1410 4746 aprilis,
1461 4666 1834 4744 Consiliarii,
1868 4669 2074 4748 capita
2098 4671 2161 4733 et
2191 4670 2503 4752 sapientes
2549 4688 2758 4733 omnes
2814 4669 3042 4750 Capta:
3078 4690 3221 4735 cum

503 4746 1044 4815 reverendissimus
1072 4753 1132 4815 in
1159 4752 1390 4818 cbristo
1437 4755 1612 4835 pater
1637 4755 1920 4819 dominus
1956 4756 2400 4839 lsagrabiensis
2437 4776 2575 4823 cum
2625 4756 2891 4821 maxima
2917 4760 3228 4825 instancia
