3620 5282
2982 351 3106 418 185

366 527 677 593 dictorum
718 526 1105 611 provisorum
1152 527 1493 612 accipiatur
1539 529 1729 594 etiam
1777 547 1917 595 cum
1965 526 2282 594 ordinibus
2329 531 2511 595 terre.
2581 529 2720 594 Non
2770 528 2992 595 sinceri
3045 531 3097 608 1,

363 617 439 681 de
487 634 607 681 non
658 618 718 695 2,
770 616 877 681 alii
923 616 998 680 de
1046 618 1242 699 parte.
2213 654 2224 659 -

579 704 777 768 Electi
824 704 1165 787 provisores
1213 705 1274 769 in
1326 704 1759 771 Sclavoniam:
1828 724 1925 769 ser
1969 705 2242 769 Thomas
2294 704 2679 780 Gradonico,
2725 704 2959 788 plezius
3007 725 3107 772 ser

369 792 747 857 Laurentius
789 791 1066 857 Pollani:
1106 811 1205 856 ser
1252 792 1486 857 Paulus
1532 792 1817 869 Mudazo,
1868 793 2104 875 plezius
2169 812 2267 857 ser
2313 793 2616 875 Mapheus
2665 793 2938 868 Donato;
3013 813 3109 858 re-

374 880 825 945 nunciaverunt
871 879 1074 944 ambo.
1126 917 1199 928 -
1255 879 1507 945 Electus
1565 880 1809 963 sapiens
1857 897 1967 965 pro
2037 879 2217 945 factis
2268 880 2622 946 Sclavonie:
2682 899 2781 946 ser
2826 881 3107 947 Marinus

362 968 639 1034 Faletro.
688 968 945 1033 Electus
993 967 1237 1049 sapiens
1279 986 1389 1051 pro
1435 968 1613 1032 factis
1660 969 1847 1033 Istrie
1887 987 1986 1034 ser
2035 967 2318 1034 Andreas
2364 968 2638 1033 Foscolo.

448 1059 629 1118 Misti
667 1058 909 1119 XXVI.
955 1060 1060 1129 24,
1102 1076 1146 1118 u
1189 1059 1530 1119 mletad‘kom
1575 1060 1806 1118 arkivu.

717 1272 1065 1358 ccnxl.
1124 1274 1331 1357 eod.
1385 1212 1613 1358 1350.
1660 1274 1761 1358 25
1819 1248 2302 1377 svibnja,“u
2355 1275 2748 1358 materh.

1122 1402 1473 1461 Imenovam‘
1502 1402 1826 1474 providuri
1871 1419 1946 1460 za
1993 1400 2358 1476 Dalmaciju.

580 1539 766 1603 1350.
817 1538 914 1604 die
961 1539 1139 1604 XXV
1179 1539 1387 1605 madii.
1437 1539 1793 1605 Provisores
1840 1541 1902 1604 in
1940 1539 2295 1606 Sclavonia:
2344 1560 2444 1604 ser
2468 1539 2697 1605 Paulus
2722 1542 3098 1618 LauredanO,

373 1629 609 1780 91116ῑί1118
658 1648 754 1693 ser
802 1628 1082 1693 Donatus
1127 1628 1377 1704 Grioni;
1426 1647 1523 1693 ser
1568 1628 1842 1694 Jacobus
1892 1627 2182 1707 Coruaro,
2231 1630 2462 1712 plezius
2508 1648 2606 1692 ser
2654 1629 2934 1694 Marinus
2982 1629 3106 1692 Mi-

370 1735 403 1781 c
449 1737 562 1781 ae.

453 1808 635 1866 Misti
685 1805 927 1866 XXVI.
973 1808 1078 1877 26,
1126 1825 1168 1866 u
1208 1808 1424 1866 arkivu
1465 1807 1824 1867 mletadkom.

679 2021 1070 2105 CCLXll.
1142 2022 1350 2105 God.
1404 2023 1636 2107 1350.
1691 2024 1793 2108 25
1850 2025 2220 2126 svibnja,
2277 2047 2338 2105 u
2392 2024 2786 2107 Mleteih.

420 2149 632 2210 Srbski
677 2167 784 2209 car
827 2149 1077 2222 Stjepan
1116 2168 1189 2208 sa
1228 2151 1429 2209 §enom
1473 2152 1497 2209 i
1542 2150 1823 2212 bastinici
1867 2153 2180 2211 imenovan
2223 2152 2554 2211 mletackim
2596 2151 3046 2225 yradjaninom.

569 2286 974 2370 Privilegium
1022 2286 1261 2353 domiui
1308 2288 1605 2373 Stephani
1668 2291 1834 2374 regis
1885 2291 2073 2355 Raxie
2122 2292 2187 2355 et
2233 2289 2437 2355 uxoris
2501 2308 2572 2353 ac
2626 2290 2917 2354 heredum
2967 2306 3107 2354 suo-

362 2395 518 2440 rum.
568 2374 851 2440 Andreas
899 2376 1183 2442 Dandulo
1231 2379 1348 2442 etc.
1400 2378 1722 2443 Universis
1771 2381 1836 2443 et
1883 2377 2144 2462 singulis
2192 2397 2445 2461 presens
2479 2377 2874 2461 privilegium
2924 2394 3100 2441 cons-

362 2464 670 2548 pecturiS‚
721 2463 937 2528 amicis
985 2464 1271 2542 dilectis,
1339 2466 1605 2531 salutem
1655 2468 1720 2531 et
1765 2467 2003 2532 sincere
2064 2466 2407 2531 dilectionis
2466 2465 2779 2530 affectum.
2847 2465 3102 2529 Ducalis

358 2551 824 2635 magnificentia
887 2554 1033 2617 tunc
1095 2553 1473 2617 sublimioris
1545 2555 1791 2618 honoris
1856 2555 2121 2638 suscipit
2185 2555 2675 2632 incrementum,
2742 2573 2884 2619 cum
2937 2554 3102 2617 cives

364 2640 650 2723 acquirit,
717 2658 868 2722 quos
936 2640 1166 2706 exaltat
1230 2643 1412 2707 decus
1458 2644 1522 2708 et
1586 2644 1944 2709 sublimitas
2006 2643 2346 2726 imperialis
2395 2645 2457 2708 et
2502 2643 2669 2725 regie
2733 2641 3103 2707 maiestatis,

359 2728 599 2794 Scimus
646 2746 931 2810 namque,
980 2731 1136 2811 quod
1171 2731 1547 2795 serenissimi
1598 2731 1833 2795 domini
1883 2750 2057 2815 reges
2106 2731 2301 2795 Raxie
2349 2731 2423 2794 ad
2471 2731 2762 2794 ducatum
2818 2731 3104 2794 nostrum

358 2834 599 2898 semper
644 2834 922 2881 amorem
987 2817 1276 2882 intimum
1341 2823 1521 2902 grata
1587 2819 1967 2883 exhibicione
2030 2838 2282 2901 operum
2351 2818 2853 2883 demonstrarunt
2928 2817 3101 2896 adeo,

364 2904 519 2987 quod
568 2902 1045 2986 propinquitatis
1093 2905 1363 2970 affinitas
1411 2907 1553 2971 hinc
1600 2906 1740 2971 inde
1787 2906 2133 2988 antiquitus
2159 2907 2489 2972 emanavit.
2539 2906 2837 2988 Precipue
2884 2908 3098 2970 autem

359 3010 609 3075 presens
656 2991 1092 3057 serenissimus
1136 2994 1418 3059 dominus
1466 2992 1819 3076 Stephanus
1863 3013 2182 3077 grecorum
2230 2994 2565 3077 imperator
2611 3012 2856 3076 semper
2901 3011 3095 3076 augu-

360 3082 491 3145 stus
539 3080 605 3143 et
651 3079 843 3144 Raxie
890 3099 993 3144 rex
1023 3080 1287 3146 illustris
1323 3083 1685 3165 propensius
1722 3084 1999 3147 nostrum
2034 3082 2325 3146 ducatum
2354 3081 2612 3164 diligere
2658 3082 2722 3146 et
2767 3081 3095 3159 subiectOS,

364 3168 557 3252 ipsius
605 3166 862 3232 ducatus
910 3169 1168 3236 honores
1216 3173 1280 3235 et
1325 3171 1738 3236 subiectorum
1789 3173 2143 3235 nostrorum
2190 3170 2515 3235 commoda
2561 3168 2907 3252 graciosius
2953 3187 3094 3251 pro-

363 3254 683 3320 movendo,
731 3255 1070 3338 Propterea
1132 3259 1294 3339 quod
1357 3258 1486 3323 suis
1548 3261 1612 3323 et
1657 3276 1907 3323 suorum
1973 3257 2384 3340 solempnium
2452 3259 2920 3322 ambaxatorum
2989 3274 3096 3340 pro

363 3344 496 3428 ipso
545 3342 943 3408 serenissimo
988 3344 1236 3409 domino
1281 3345 1653 3428 imperatore
1699 3349 1763 3411 et
1808 3365 1953 3430 rege
2011 3345 2357 3428 potencium
2408 3346 2694 3429 precibus
2740 3349 3098 3425 annuenteS,

364 3439 688 3514 tamquam
735 3430 811 3496 ad
860 3451 968 3496 sue
1016 3433 1366 3499 maiestatis
1412 3434 1674 3499 honores
1720 3435 1944 3499 devota
1991 3438 2197 3499 mente
2229 3434 2533 3517 dispositi,
2582 3435 2784 3516 ipsum
2833 3432 3099 3497 serenis-

364 3520 588 3583 simum
638 3518 958 3583 dominum
1021 3520 1466 3602 imperatorem
1513 3525 1577 3586 et
1623 3541 1831 3606 regem
1897 3540 2038 3586 cum
2102 3520 2498 3586 serenissima
2563 3523 2812 3586 domina
2857 3520 3099 3585 Helena

365 3606 758 3690 imperatrice
822 3611 885 3672 et
945 3608 1162 3692 regina
1220 3609 1535 3675 coleterali
1582 3628 1696 3673 sua
1742 3611 1807 3674 et
1852 3628 1992 3674 cum
2042 3609 2558 3674 excellentissimo
2598 3609 2847 3674 domino
2879 3609 3099 3674 Urosio

365 3700 503 3760 nato
546 3713 676 3772 suc,
727 3696 790 3759 et
837 3714 978 3760 cum
1027 3696 1361 3762 heredibus
1408 3700 1473 3763 et
1519 3697 1731 3762 liberis
1778 3698 1909 3761 suis
1957 3698 2018 3762 in
2065 3697 2455 3762 honorabiles
2497 3698 2662 3762 cives
2708 3699 2953 3762 nostros
2996 3715 3100 3760 su-

366 3783 671 3866 scepimus
717 3784 902 3865 atque
952 3783 1343 3867 suscipimus,
1393 3787 1456 3849 et
1503 3788 1752 3850 venetos
1801 3787 1866 3850 et
1929 3786 2093 3851 cives
2143 3786 2382 3850 nostros
2429 3784 2688 3849 fecimus
2721 3786 2786 3848 et
2817 3783 3094 3860 facimuS,

361 3876 419 3934 et
464 3889 575 3953 pro
623 3871 859 3935 venetis
906 3872 971 3935 et
1017 3871 1256 3937 civibus
1333 3874 1576 3950 nostriS,
1627 3892 1808 3956 quem
1869 3875 1944 3938 ad
1992 3874 2238 3937 modum
2288 3872 2338 3937 si
2387 3872 2449 3936 in
2489 3871 2771 3936 Veneciis
2836 3871 2965 3935 nati
3014 3871 3101 3935 fo-

368 3961 518 4035 rent,
568 3959 630 4022 in
677 3957 963 4022 Veneciis
1026 3961 1091 4024 et
1162 3960 1390 4044 ubique
1450 3961 1722 4025 locorum
1789 3960 2076 4043 deinceps
2139 3959 2354 4025 haberi
2417 3963 2480 4024 et
2548 3959 2861 4041 procurari
2924 3959 3091 4022 omni

369 4045 585 4111 effectu
632 4046 696 4109 et
741 4045 1126 4128 plenitudine
1190 4048 1475 4113 volumus
1521 4052 1585 4113 et
1629 4048 1910 4126 tractari,
1953 4049 2118 4130 ipsos
2165 4047 2422 4113 sinceris
2454 4047 2723 4114 brachiis
2753 4046 3102 4111 dilectionis

369 4136 428 4197 et
471 4132 815 4199 devotionis
862 4134 1292 4217 amplexantes
1339 4140 1403 4200 et
1448 4136 1721 4201 finaliter
1765 4138 2110 4202 statuentes
2157 4135 2434 4200 omnium
2476 4134 2873 4199 consiliorum
2906 4134 2972 4198 et
3003 4154 3101 4200 or-

370 4220 868 4286 dinamentorum
916 4225 1260 4288 nostrorum
1311 4225 1655 4289 necessaria
1699 4224 2139 4307 solempnitate
2164 4227 2428 4301 servata,
2478 4224 2640 4307 quod
2688 4223 2921 4287 eisdem
2970 4240 3103 4286 om-

374 4308 551 4374 nibus
599 4308 1014 4387 libertatibuS,
1061 4311 1372 4376 beneficiis
1419 4314 1482 4377 et
1521 4312 1857 4376 honoribus
1904 4331 1972 4376 ac
2003 4311 2521 4388 immunitatibus,
2570 4310 2790 4393 quibus
2837 4310 2946 4375 alii
2991 4310 3102 4376 ho-

372 4397 677 4462 norabiles
723 4397 889 4462 cives
937 4399 1067 4462 nati
1115 4398 1397 4464 Veneciis
1465 4399 1731 4482 gaudere
1776 4402 1841 4464 et
1887 4398 2113 4481 perfrui
2162 4399 2622 4482 dignoscuntur,
2674 4398 2947 4482 prefatus
2993 4398 3100 4463 do-

374 4484 577 4549 minus
628 4486 966 4568 imperator
1009 4488 1074 4551 et
1119 4505 1219 4551 rex
1267 4488 1330 4552 et
1373 4486 1620 4551 domina
1663 4488 2018 4571 imperatrix
2069 4489 2133 4552 et
2177 4488 2391 4570 regina
2444 4505 2516 4550 ac
2549 4489 2730 4551 natus
2778 4505 2924 4551 suus
2957 4506 3094 4569 pre-

374 4571 603 4638 libatus
650 4575 710 4638 et
759 4572 1012 4638 heredes
1059 4575 1122 4638 et
1162 4574 1343 4639 liberi
1389 4575 1484 4639 sui
1532 4576 1593 4639 in
1642 4574 1927 4640 Veneciis
1974 4576 2038 4639 et
2079 4577 2250 4640 extra
2286 4574 2512 4656 ubique
2544 4573 2898 4655 plenissime
2946 4592 3097 4657 gau-

376 4658 560 4725 deant
604 4662 668 4726 et
714 4662 989 4726 utantur.
1040 4661 1111 4725 In
1159 4663 1417 4746 quorum
1466 4662 1649 4727 fidem
1693 4666 1757 4727 et
1802 4662 2183 4727 evidenciam
2230 4662 2569 4745 pleniorem
2614 4680 2864 4746 presens
2910 4661 3101 4745 privi-

377 4744 605 4831 legium
651 4746 786 4814 fieri
829 4749 1279 4832 mandavimuS,
1328 4750 1621 4833 bullaque
1666 4752 1878 4815 nostra
1921 4749 2212 4833 pendenti
2255 4767 2440 4814 aurea
2473 4749 2865 4814 communiri.
