3620 5282
2932 366 3062 433 363

330 539 463 605 fieri
508 558 603 619 ea,
647 559 766 623 que
811 541 1156 606 necessaria
1201 541 1410 606 forent
1452 539 1529 604 de
1576 539 1742 605 dicto
1787 539 2084 605 misterio.
2133 540 2392 624 Insuper
2438 541 2583 624 quia
2619 542 2915 624 provisor,
2954 542 3063 622 qui

330 647 650 693 remanere
715 628 964 692 debebit
1032 629 1271 704 deiude,
1342 628 1691 693 remanebit
1751 648 1894 693 cum
1965 630 2247 711 pluribus
2309 630 2604 712 personis,
2676 648 2863 713 quam
2934 630 3060 693 sint

326 716 536 780 eidem
584 716 876 795 limitato,
925 717 1168 798 quando
1214 716 1402 781 simul
1450 721 1615 792 sunt,
1665 716 1810 799 quia
1877 716 2224 780 remanebit
2292 736 2500 781 secum
2574 717 2852 781 notarius
2922 734 3062 780 cum

334 804 589 880 famu10,
638 804 866 868 cochus
914 807 978 869 et
1023 806 1345 887 interpres,
1396 805 1486 867 ita
1533 804 1691 886 quod
1739 805 1904 869 male
1950 806 2160 886 posset
2204 805 2405 870 facere
2451 823 2781 887 expensam
2829 804 2905 870 de
2954 805 3068 868 du-

334 893 491 955 catis
537 893 771 957 duobus
822 894 939 957 sibi
989 893 1239 969 taxatis,
1310 893 1642 969 ordinetur,
1710 892 1868 972 quod
1938 893 2014 955 de
2077 895 2370 974 tempore,
2442 911 2560 974 quo
2607 894 2741 973 ipse
2788 893 3066 975 provisor

335 981 686 1045 remanebit
724 981 914 1059 soluS,
963 981 1160 1063 possit
1203 982 1541 1062 expendere
1590 980 1844 1043 ducatos
1892 979 2045 1043 duos
2090 999 2229 1044 cum
2300 980 2560 1044 dimidio
2631 981 2692 1044 in
2764 982 2883 1057 die,
2956 979 3065 1044 ubi

336 1069 580 1150 poterat
625 1069 923 1150 spendere
957 1067 1159 1132 solum
1201 1068 1374 1132 duos.

545 1156 707 1220 Item
757 1156 1092 1234 ordinetur,
1137 1160 1206 1219 ut
1253 1156 1361 1219 alii
1408 1157 1527 1220 duo
1575 1154 1847 1219 habeant
1895 1155 2056 1221 viam
2099 1157 2162 1219 et
2194 1155 2444 1219 modum
2479 1155 2764 1238 possendi
2796 1152 3066 1235 repatri-

337 1262 466 1319 are,
511 1243 754 1326 quando
801 1247 983 1308 erunt
1021 1243 1311 1325 expediti,
1361 1244 1519 1326 quod
1566 1243 1930 1323 capitaneus
1978 1245 2186 1307 noster
2230 1243 2479 1326 culphy,
2527 1244 2580 1307 si
2608 1244 2870 1308 redisset
2902 1244 3066 1308 intra

340 1331 659 1413 culphum,
707 1333 771 1395 et
817 1332 870 1395 si
920 1349 1038 1394 non
1083 1331 1347 1395 redisset
1396 1331 1621 1395 nobilis
1662 1332 1756 1395 vir
1802 1330 2123 1396 ,lohannes
2171 1331 2549 1407 Lauredano,
2597 1332 2702 1414 qui
2748 1332 2931 1395 debet
2978 1332 3065 1396 ibi

337 1438 494 1497 esse,
545 1420 811 1484 debeant
856 1421 1067 1483 tenere
1116 1419 1389 1494 modum,
1434 1418 1596 1503 quod
1644 1436 1753 1483 suo
1800 1419 1934 1482 loco
1987 1422 2052 1482 et
2097 1422 2372 1500 tempore
2411 1419 2530 1501 ipsi
2565 1418 2839 1483 habeant
2874 1438 3061 1482 unam

340 1507 415 1571 de
464 1508 591 1570 suis
643 1507 860 1589 galeiS,
909 1525 1027 1588 que
1071 1526 1170 1570 eos
1218 1506 1520 1571 conducat
1565 1525 1755 1588 usque
1804 1506 2042 1582 Polam,
2089 1507 2251 1571 unde
2297 1509 2514 1588 postea
2560 1505 2827 1571 debeant
2869 1508 3065 1570 redire

336 1594 634 1659 Venetias
674 1613 784 1677 per
828 1594 1008 1657 illum
1058 1594 1334 1673 modum,
1382 1596 1486 1677 qui
1532 1596 1619 1660 eis
1667 1594 2000 1671 videbitur,
2049 1597 2113 1659 et
2153 1594 2332 1677 galea
2379 1593 2456 1659 ad
2502 1613 2684 1658 suam
2716 1595 3063 1659 custodiam

337 1685 703 1746 revertatur.

551 1767 781 1851 Capta:
831 1771 1125 1834 Preterea
1172 1770 1482 1835 scribatur
1529 1770 1731 1836 baiulo
1780 1775 1845 1835 et
1890 1769 2210 1853 capitaneo
2245 1771 2451 1833 nostro
2484 1768 2781 1833 Durachii
2816 1769 3066 1851 propter

331 1875 538 1933 casus,
588 1859 690 1938 qui
741 1862 992 1941 possent
1037 1876 1379 1936 occurrere,
1453 1860 1611 1940 quod
1675 1857 1750 1922 ad
1821 1878 2063 1923 omnem
2130 1857 2595 1940 requisitionem
2670 1860 3056 1939 provisorum

332 1944 752 2027 predictorum
800 1946 1053 2010 mittere
1101 1947 1190 2009 eis
1237 1946 1455 2010 debeat
1523 1946 1942 2027 brigantinum
2014 1964 2197 2011 suum
2263 1948 2596 2017 armatum,
2664 1948 2734 2008 ut
2802 1945 2876 2008 de
2947 1943 3055 2009 illo

330 2033 581 2115 possint
628 2032 831 2098 facere
873 2033 938 2096 et
983 2033 1325 2114 disponere,
1375 2037 1708 2098 secundum
1758 2036 1917 2117 quod
1965 2034 2054 2098 eis
2102 2033 2416 2097 videbitur
2462 2051 2614 2114 opus
2663 2051 2815 2096 esse.

544 2121 805 2201 Insuper
853 2123 997 2203 quia
1043 2123 1144 2186 hic
1192 2124 1338 2186 sunt
1382 2123 1864 2187 ambassiatores
1903 2121 2135 2186 domiui
2184 2120 2435 2203 Georgii
2486 2119 2871 2196 Stracimeri,
2920 2138 3064 2183 cum

331 2207 559 2291 quibus
608 2210 729 2273 ista
776 2209 1030 2290 negotia
1077 2210 1352 2274 tractata
1391 2211 1554 2289 sunt,
1606 2209 1947 2286 ordinetur,
1996 2210 2157 2292 quod
2201 2209 2323 2291 ipsi
2372 2208 2562 2272 levari
2612 2209 2876 2272 debeant
2920 2227 3065 2271 cum

338 2314 452 2360 sua
500 2295 740 2361 familia
787 2316 975 2378 super
1020 2297 1200 2379 galea
1246 2298 1544 2379 predicta,
1594 2301 1659 2363 et
1717 2297 1877 2379 quod
1946 2298 2102 2362 fiant
2167 2297 2256 2360 eis
2327 2315 2585 2377 expense
2655 2295 2801 2374 oris,
2875 2296 3066 2360 donec

334 2385 517 2448 erunt
561 2385 641 2447 ad
688 2386 940 2448 domum
992 2403 1188 2463 suam,
1237 2404 1350 2468 pro
1397 2384 1626 2450 honore
1674 2386 1870 2450 nostri
1917 2384 2198 2449 dominii.

548 2471 710 2535 Item
756 2473 900 2554 quia
944 2472 1209 2537 habetur
1253 2473 1630 2551 informatio,
1678 2472 1841 2558 quod
1888 2492 2008 2537 una
2057 2473 2131 2537 de
2197 2470 2582 2536 utilitatibus
2655 2469 2900 2536 Scutari
2967 2472 3065 2535 est

334 2558 398 2622 in
447 2560 702 2625 emendo
749 2562 942 2624 salem
989 2564 1053 2624 et
1093 2561 1273 2625 illum
1324 2562 1657 2637 vendendo,
1708 2561 1870 2643 quod
1921 2559 2056 2625 fieri
2102 2580 2219 2625 non
2269 2562 2477 2643 potest
2523 2578 2628 2641 per
2668 2559 2822 2623 alios
2870 2576 3059 2640 quam

329 2667 442 2730 per
482 2666 611 2729 nOS,
659 2649 802 2731 quia
851 2649 940 2713 ita
984 2669 1229 2731 semper
1292 2651 1696 2714 servaverunt
1769 2651 2000 2714 domini
2070 2648 2222 2712 dicti
2298 2648 2430 2724 loci,
2506 2647 2861 2719 ordinetur..
2894 2647 3058 2729 quod

331 2734 473 2800 istis
521 2738 755 2801 nostris
790 2737 1210 2819 provisoribus
1253 2738 1386 2801 dari
1434 2738 1698 2802 debeant
1743 2737 1950 2802 ducati
1991 2737 2118 2802 IIII
2166 2734 2366 2799 millia
2414 2738 2486 2799 de
2554 2736 2812 2817 pecunia
2863 2735 3059 2799 nostri

333 2825 699 2901 communiS,
742 2830 812 2888 ut
857 2825 923 2888 iu
970 2825 1090 2888 isto
1138 2826 1439 2907 principio
1481 2825 1719 2906 possint
1766 2825 2087 2906 providere
2134 2824 2209 2887 de
2258 2825 2376 2888 emi
2426 2823 2704 2888 faciendo
2766 2825 2832 2886 et
2879 2822 3061 2887 vendi

334 2911 572 2975 dictum
622 2911 837 2990 salem,
886 2917 955 2977 ut
1003 2931 1150 2976 usus
1196 2914 1415 2977 solitus
1467 2932 1582 2977 non
1646 2913 1975 2989 deficeret3
2045 2910 2489 2977 committendo
2554 2913 2662 2986 eiS,
2726 2910 2886 2993 quod
2958 2929 3066 2991 per

335 2999 476 3063 illos
523 3000 696 3078 duOS,
747 2999 851 3082 qui
894 3000 1188 3064 Venetias
1232 3004 1638 3078 revertentur,
1688 3001 1887 3074 nobis,
1936 3002 1989 3065 si
2033 2999 2166 3065 fieri
2198 2999 2447 3080 poterit,
2484 2999 2766 3079 portetur
2799 2998 3065 3081 pecunia

334 3088 647 3152 antedicta
692 3089 977 3170 capitalis
1026 3091 1290 3164 tantum,
1340 3092 1404 3152 et
1449 3090 1609 3171 quod
1659 3089 1734 3153 de
1782 3089 2022 3171 reliqua
2065 3087 2272 3152 teneat
2336 3089 2697 3168 computum
2761 3086 3061 3164 ordinate,

254 3258 259 3265 .
335 3178 404 3239 ut
448 3175 641 3239 videri
689 3177 888 3258 possit
937 3176 1196 3255 utilitaS,
1251 3195 1367 3259 que
1416 3178 1817 3259 consequitur
1865 3196 1934 3242 ex
1985 3176 2118 3259 ipsa
2162 3175 2313 3239 salis
2360 3175 2737 3239 vendicione.

423 3283 604 3343 Misti
654 3281 917 3346 XLIII.
971 3286 1114 3361 121,
1164 3302 1206 3343 u
1250 3285 1405 3345 mlet.
1456 3285 1692 3343 arkivu.

677 3473 1000 3555 DXIII.
1072 3473 1277 3556 θοὰ.
1342 3472 1570 3556 1396.
1627 3476 1714 3555 11
1771 3473 2149 3574 traana‚
2204 3494 2264 3554 u
2317 3471 2712 3554 Mletcih.

345 3618 687 3692 Uyar.-hrv.
735 3618 937 3692 kraljzc
977 3619 1138 3677 nude
1181 3635 1243 3677 sc
1289 3618 1458 3678 detiri
1499 3618 1685 3692 yalzje
1729 3635 1770 3675 u
1809 3618 2033 3694 pomoc‘,
2100 3617 2187 3675 ali
2247 3634 2349 3675 mu
2411 3633 2472 3675 se
2532 3616 2733 3689 odoija
2795 3616 2985 3674 molba
3031 3632 3064 3676 o

1443 3723 1650 3779 zaymu
1696 3724 1943 3764 novaca.

554 3808 739 3873 1396.
790 3808 1123 3873 indictione
1173 3809 1411 3890 quarta,
1460 3808 1559 3872 die
1607 3809 1695 3872 XI
1737 3808 1975 3889 apriliS.
2029 3807 2140 3873 Ser
2188 3808 2411 3871 Petrus
2459 3806 2804 3888 Mocenigo,
2838 3824 3057 3888 procu-

335 3898 520 3969 rator,
567 3915 665 3959 ser
712 3897 937 3961 Petrus
970 3896 1261 3961 Cornario
1308 3899 1692 3977 procurator,
1758 3916 1858 3959 ser
1928 3896 2181 3960 Marcus
2255 3895 2426 3958 Geno
2500 3898 2876 3975 procurator,
2950 3912 3050 3956 ser

335 3983 688 4048 Leonardus
735 3986 991 4058 Bemb0,
1042 4003 1141 4048 ser
1190 3984 1457 4047 Michael
1503 3982 1868 4061 ConterenO,
1919 4003 2016 4048 ser
2065 3984 2344 4047 Albanus
2376 3981 2703 4057 Baduario,
2739 3982 3058 4063 sapientes

336 4071 613 4146 consilii;
662 4092 760 4135 ser
807 4071 1100 4137 Nicolaus
1151 4070 1489 4154 Delphyno,
1538 4090 1637 4135 ser
1683 4073 1980 4136 Nicolaus
2027 4070 2407 4147 Lauredano,
2452 4089 2551 4133 ser
2585 4070 2864 4133 Andreas
2902 4066 3061 4132 Cou-

336 4163 568 4233 tareno‚
611 4178 709 4223 ser
756 4159 1081 4242 Philippus
1118 4160 1340 4242 Aymo,
1395 4158 1704 4240 sapientes
1751 4160 2056 4222 ordinum.
2107 4156 2342 4240 Capta:
2405 4158 2563 4240 quod
2617 4156 3063 4238 respondeatur

336 4247 444 4310 isti
490 4246 923 4313 ambassiatori
971 4248 1352 4311 serenissimi
1400 4246 1636 4310 domiui
1682 4249 1850 4328 regis
1894 4247 2215 4327 Hungarie
2278 4247 2354 4309 ad
2424 4246 2563 4308 illas
2629 4245 2780 4307 duas
2851 4247 3061 4324 partes

338 4353 445 4398 sue
493 4335 861 4410 ambasiate,
912 4335 1137 4417 quibus
1190 4353 1309 4398 non
1358 4342 1453 4398 est
1500 4334 1646 4398 data
1691 4335 2027 4415 responsiO.
2078 4335 2158 4397 Et
2200 4334 2397 4414 primo
2447 4332 2522 4396 ad
2573 4336 2809 4413 partem
2859 4331 3063 4414 requi-

337 4421 603 4496 sitioniS,
653 4441 836 4503 quam
887 4423 1017 4503 ipse
1062 4422 1216 4486 facit
1248 4421 1425 4486 nobis
1466 4424 1715 4503 propter
1747 4422 2258 4486 deliberationem
2294 4424 2357 4483 et
2383 4420 2846 4501 dispositionem
2882 4437 3057 4482 suam

338 4506 412 4571 de
459 4509 761 4573 movendo
802 4528 866 4574 se
914 4513 979 4573 et
1025 4512 1222 4574 eundo
1255 4528 1395 4574 cum
1443 4509 1682 4592 potenti
1732 4509 2001 4573 exercitu
2049 4513 2264 4573 contra
2309 4507 2604 4582 Turchos,
2650 4506 2807 4588 quod
2843 4507 2963 4569 erit
2995 4506 3059 4568 in

337 4594 497 4658 festo
550 4596 995 4676 penthecostes,
1044 4598 1220 4662 nobis
1268 4597 1508 4678 placeat
1551 4596 1874 4661 attendere
1922 4597 2095 4670 illud,
2177 4593 2342 4678 quod
2391 4594 2546 4659 alias
2594 4594 2714 4657 sibi
2762 4593 3051 4674 promisi-

341 4700 502 4757 muS,
554 4684 617 4746 et
663 4684 807 4748 dare
856 4684 973 4748 sibi
1023 4689 1298 4750 nostram
1347 4685 1815 4749 subventionem
1863 4687 1928 4746 in
1998 4683 2344 4747 subsidium
2418 4686 2547 4745 tam
2620 4682 2794 4745 utilis
2855 4682 3056 4762 operis

339 4788 450 4852 pro
492 4771 626 4835 tota
673 4770 1129 4837 christianitate
1176 4774 1241 4836 et
1287 4773 1406 4837 cet.
1457 4770 1633 4853 Quod
1678 4790 1785 4836 nos
1855 4790 2069 4837 sumus
2117 4771 2271 4835 satis
2318 4768 2493 4847 certi,
2543 4770 2700 4853 quod
2749 4768 2884 4851 ipse
2922 4786 3058 4832 am·
