3620 5282
449 304 581 372 216

826 476 1211 562 cccxx.
1268 477 1914 562 con.1351.3o
1967 452 2343 577 mauja,
2399 500 2460 558 ιι
2515 474 2808 577 sensu.

456 608 628 667 Knez
672 605 841 666 krcki
885 604 1113 664 Bartul
1156 604 1496 679 zahvaljuje
1541 621 1603 664 se
1647 604 1799 663 mlet.
1847 602 2130 677 republica·
2176 621 2258 661 na
2303 602 2498 661 milost
2531 602 2876 675 podieljenu
2934 602 3188 675 nJ‘eyovu

1433 693 1690 765 rodjaku
1730 692 1938 751 Nikon
1988 690 2216 750 Galelu.

664 830 1031 913 Exemplum
1083 830 1438 896 litterarum
1483 830 1818 895 missarum
1867 830 2066 895 ducali
2114 828 2384 894 dominio
2432 848 2542 911 per
2588 826 2882 892 comitem
2926 828 3191 892 Bartho-

453 920 725 986 lomeum
762 918 839 984 de
885 917 1089 1001 Vegla
1134 936 1252 1002 pro
1300 918 1462 983 facto
1528 917 1771 984 Nicolai
1821 918 2069 984 Galleli.
2142 917 2575 982 Illustrissime
2641 916 2925 999 princeps
2972 916 3035 979 et
3081 916 3189 980 do-

453 1009 619 1073 miue
665 1007 755 1070 mi
792 1008 1143 1085 reverende,
1201 1006 1418 1071 debita
1477 1005 2083 1071 recommendatione
2147 1006 2446 1087 premissa
2507 1004 2582 1067 de
2650 1004 2855 1086 gratia
2918 1003 3106 1067 michi
3154 1021 3191 1067 a

454 1096 660 1161 vestra
705 1093 1129 1159 dominatione
1179 1094 1444 1178 benigne
1489 1112 1776 1159 concessa
1824 1094 1900 1157 de
1945 1093 2194 1158 domino
2241 1093 2496 1157 Nicolao
2545 1091 2820 1169 Galleto,
2872 1093 2943 1155 ut
2987 1091 3048 1154 in
3098 1093 3191 1155 te-

456 1183 623 1248 nutis
670 1184 733 1248 et
775 1182 1062 1247 districtu
1110 1200 1267 1260 me0,
1318 1185 1524 1247 vostro
1569 1201 1867 1247 consensu
1915 1185 1977 1245 et
2018 1180 2290 1257 licentia,
2340 1181 2535 1264 possit
2581 1181 2764 1256 stare,
2827 1178 3189 1243 excellentie

454 1273 660 1339 vestre
707 1270 1012 1353 regratior
1061 1272 1359 1352 tanquam
1408 1269 1653 1335 domino
1701 1287 1838 1334 meo
1888 1269 2239 1346 reverendo,
2290 1288 2361 1332 ex
2412 1269 2524 1332 hoc
2571 1266 2739 1331 enim
2789 1285 2885 1331 me
2934 1266 2995 1329 in
3043 1284 3191 1329 cun-

440 1359 574 1424 „ctis
615 1359 839 1424 vestris
885 1358 1197 1427 mandatis
1245 1358 1688 1441 promptiorem
1738 1357 1926 1423 offero
1975 1359 2279 1457 paratum.
2364 1358 2448 1420 Et
2495 1355 2655 1419 sicut
2704 1354 2858 1419 alias
2905 1352 3187 1417 domina-

460 1445 617 1511 tioni
663 1448 865 1511 vestre
913 1464 1022 1528 pro
1068 1446 1201 1528 ipso
1250 1445 1501 1510 domino
1548 1445 1807 1509 Nicolao
1855 1445 2133 1528 promisi,
2177 1444 2267 1508 sic
2316 1463 2424 1526 per
2471 1444 2790 1525 presentes
2837 1443 2914 1505 ad
2946 1459 3190 1505 omnem

457 1535 730 1599 vestram
777 1534 1238 1617 requisitionem
1286 1535 1489 1615 ipsum
1553 1533 1726 1597 vobis
1783 1536 2162 1615 presentare.
2200 1532 2529 1614 promitto,
2582 1530 2731 1594 dum
2787 1530 3055 1612 primum
3107 1528 3185 1591 ad

457 1623 571 1688 hoc
617 1622 841 1687 vestris
884 1621 1113 1687 litteris
1160 1622 1330 1687 fuero
1375 1621 1729 1705 requisitus
1779 1621 2255 1685 Bartholomeus
2303 1638 2507 1683 comes
2555 1619 2748 1700 Vegle
2789 1620 2905 1682 etc.
2956 1617 3190 1681 Datum

464 1708 687 1793 Segnie
732 1708 832 1774 die
881 1709 1224 1792 penultimo
1273 1708 1441 1773 maii.

550 1800 732 1860 Misti
780 1799 1023 1859 XXVI.
1073 1803 1173 1870 56,
1219 1817 1262 1858 u
1300 1801 1515 1859 arkivu
1553 1800 1913 1861 mletackom.

834 1988 1273 2070 cccxxl.
1327 1989 1533 2071 con.
1589 1990 1824 2074 1351.·
1860 1993 1912 2074 c
1964 1991 2273 2094 npnja,
2328 2014 2385 2073 u
2440 1990 2828 2074 anetem.

480 2117 761 2193 Upuduju
801 2135 862 2177 se
896 2117 1197 2190 poslanici
1242 2134 1283 2176 u
1329 2115 1534 2190 Senju,
1579 2118 1738 2265 10sz
1778 2119 1860 2177 da
1904 2119 2184 2193 odyovore
2230 2120 2557 2194 aqam-hro.
2598 2117 2973 2190 poszanikom
3006 2134 3038 2175 0
3069 2118 3194 2189 m’e-

1677 2207 1699 2264 i
1783 2208 2033 2268 sevarih.

691 2325 877 2389 1351.
926 2323 1024 2390 die
1072 2326 1244 2390 sexto
1293 2324 1463 2402 iunii,
1514 2325 1602 2389 IV
1650 2325 2005 2404 indictione,
2053 2329 2271 2409 capta:
2338 2327 2496 2408 quod
2544 2325 2849 2390 scribatur
2896 2328 3189 2390 ambaxa·

479 2412 719 2479 toribus
764 2411 1013 2488 nostriS,
1063 2413 1167 2495 qui
1214 2414 1360 2477 sunt
1404 2411 1648 2496 Segnie,
1696 2414 1760 2478 in
1805 2413 2004 2478 forma
2051 2414 2463 2496 infrascripta.

493 2563 499 2568 .
687 2500 1118 2565 Intelleximus
1166 2499 1496 2583 diligenter
1542 2519 1632 2578 ea,
1681 2520 1798 2584 que
1848 2502 1939 2567 vir
1983 2503 2203 2566 nobilis
2228 2502 2501 2566 Marinus
2529 2501 2787 2565 Faledro
2836 2501 3194 2566 ambaxator

469 2589 678 2656 noster
723 2588 900 2654 nobis
946 2587 1226 2672 exposuit
1273 2588 1347 2652 de
1394 2588 1534 2668 hiis,
1575 2608 1690 2673 que
1738 2592 1916 2674 gesta
1960 2591 2134 2654 erant
2193 2608 2301 2672 per
2348 2607 2451 2654 vos
2498 2607 2636 2653 cum
2699 2588 3198 2654 ambaxatoribus

472 2677 712 2743 domini
759 2676 923 2760 regis
970 2675 1310 2760 Hungarie,
1359 2677 1437 2741 ad
1485 2696 1601 2760 que
1649 2681 1917 2744 vestram
1977 2677 2360 2760 prudentiam
2428 2679 2927 2740 commendantes
2977 2677 3194 2741 rescri-

475 2765 686 2830 bimus
735 2784 876 2830 cum
921 2766 1148 2829 nostris
1194 2765 1468 2830 consiliis
1516 2766 1757 2844 minori,
1825 2770 2183 2848 rogatorum
2244 2766 2310 2829 et
2354 2765 2481 2840 XL,
2528 2765 2687 2846 quod
2758 2764 3075 2834 volumus.
3126 2769 3197 2829 ut

471 2872 611 2919 cum
660 2853 1158 2917 ambaxatoribus
1205 2852 1357 2917 dicti
1405 2853 1590 2936 regiS,
1641 2855 1693 2916 si
1740 2853 2146 2918 conveneritis
2180 2871 2324 2916 cum
2370 2853 2476 2925 eiS,
2521 2851 2798 2916 debeatis
2847 2852 3195 2918 substinere

473 2944 537 3006 et
580 2940 924 3017 defendere,
975 2939 1132 3022 quod
1181 2960 1290 3022 per
1333 2959 1442 3005 nos
1489 2941 1552 3005 in
1599 2941 1804 3025 aliquo
1854 2959 1972 3005 non
2025 2943 2123 3004 est
2180 2940 2634 3004 contrafactum
2698 2941 3013 3022 trenguis,
3085 2942 3190 3005 sed

473 3048 546 3093 ex
592 3030 766 3111 parte
812 3027 1046 3092 domini
1091 3028 1291 3110 regis3
1340 3028 1429 3092 sic
1473 3028 1816 3113 allegantes
1863 3033 1928 3093 et
1972 3029 2343 3093 adducentes
2377 3029 2540 3092 circa
2580 3028 2694 3092 hoc
2727 3028 2869 3092 illas
2903 3029 3193 3104 rationeS,

475 3134 591 3198 que
639 3115 841 3180 vestre
888 3114 1242 3179 discretioni
1291 3115 1477 3181 utiles
1527 3116 1919 3181 videbuntur.
1971 3116 2090 3181 Sed
2133 3117 2182 3179 si
2230 3115 2381 3180 dicti
2407 3116 2836 3180 ambaxatores
2887 3135 2998 3197 pur
3045 3115 3195 3178 insi-

476 3203 733 3280 sterent,
781 3203 941 3285 quod
987 3221 1094 3285 per
1141 3221 1247 3268 nos
1294 3205 1458 3268 esset
1491 3205 1940 3270 contrafactum
1988 3204 2173 3268 dictis
2221 3203 2519 3286 treuguiS,
2578 3208 2641 3267 et
2687 3203 3197 3267 contentarentur

475 3288 978 3371 compromittere
1026 3290 1089 3353 in
1135 3289 1391 3372 aliquoS,
1443 3291 1550 3374 qui
1588 3294 2027 3377 cognoscerent
2067 3293 2140 3356 de
2186 3290 2579 3356 observantia
2645 3289 2964 3354 dictarum
3032 3292 3199 3353 treu-

478 3395 765 3462 guarum,
815 3378 1115 3454 volumuS,
1165 3379 1323 3460 quod
1370 3380 1624 3461 possitis
1685 3379 2184 3462 compromittere
2245 3381 2306 3443 in
2354 3376 2695 3463 quemlibet
2741 3376 3198 3457 inscriptorum,

481 3464 586 3549 qui
634 3483 995 3547 cognoscere
1038 3468 1101 3529 et
1142 3465 1550 3531 determinare
1597 3467 1826 3533 habeat
1871 3487 2051 3550 super
2093 3469 2225 3544 hoc,
2275 3465 2674 3531 substinendo
2724 3483 2987 3545 semper,
3036 3464 3200 3546 quod

480 3572 551 3618 ex
599 3554 772 3636 parte
823 3555 1031 3617 nostra
1077 3554 1259 3635 plene
1298 3558 1536 3619 servate
1603 3556 1749 3620 sunt
1794 3556 1859 3620 et
1903 3555 2134 3619 servari
2201 3554 2598 3619 intenduntur
2667 3551 2954 3617 continue
3009 3569 3200 3633 usque

482 3640 558 3706 ad
607 3639 1130 3723 complementum
1185 3660 1396 3706 earum
1444 3645 1843 3726 treuguarum
1894 3647 2186 3725 treuguee
2228 3641 2393 3706 dicte
2441 3639 2741 3723 superius

694 3727 963 3792 Nomina
1011 3748 1151 3793 vero
1183 3747 1414 3803 eorum,
1465 3730 1525 3792 in
1559 3729 1780 3811 quibus
1828 3731 2087 3812 potestis
2115 3729 2642 3811 compromittere,
2692 3729 2873 3792 sunt:
2922 3727 3204 3792 dominus

481 3835 642 3901 papa
685 3815 783 3880 vel
833 3816 1057 3899 aliquis
1103 3817 1178 3880 de
1226 3816 1461 3899 colegio
1510 3817 1914 3882 cardinalium
1942 3866 1957 3895 ,
2005 3817 2293 3880 dominus
2345 3816 2720 3899 imperator,
2770 3815 3056 3879 dominus
3104 3833 3206 3878 rex

478 3903 754 3981 Francie,
802 3904 1089 3968 dominus
1137 3923 1239 3968 rex
1281 3904 1658 3987 Aragonum,
1708 3905 1995 3969 dominus
2045 3904 2402 3988 patriarcha
2449 3902 2884 3987 Aquileiensis,
2933 3923 3042 3967 sen
3089 3901 3204 3966 ali-

483 3993 623 4074 quis
662 3992 823 4057 alius
868 3991 1159 4056 notabilis
1222 3993 1506 4075 princeps
1570 3994 1633 4057 et
1677 4011 1972 4075 persona,
2039 4012 2156 4075 que
2223 3993 2394 4055 vobis
2460 4010 2567 4056 seu
2629 3990 2848 4056 maiori
2896 3991 3059 4074 parti
3107 4010 3208 4055 ve·

486 4081 686 4145 strum
736 4080 1064 4145 videretur.

692 4165 758 4231 Si
809 4185 948 4232 vero
997 4166 1073 4231 ad
1120 4185 1334 4249 pacem
1380 4165 1475 4234 vel
1524 4167 1916 4232 concordium
1965 4188 2069 4249 per
2121 4166 2330 4231 modos
2379 4166 2576 4230 dictos
2613 4165 2891 4248 superius
2925 4185 3032 4230 seu
3057 4166 3207 4231 alios

485 4254 692 4318 modos
737 4255 801 4318 in
850 4255 1279 4320 commissione
1327 4256 1533 4320 vestra
1579 4258 1898 4320 contentos
1942 4254 2242 4337 perveniri
2302 4272 2421 4316 non
2469 4257 2702 4336 posset,
2745 4256 2809 4317 et
2853 4273 2962 4336 per
2993 4255 3206 4318 amba-

481 4341 722 4405 xatores
769 4343 932 4424 regis
981 4344 1378 4425 tangerentur
1424 4342 1532 4407 alii
1581 4343 1764 4419 modi,
1815 4362 1920 4424 per
1969 4361 2117 4424 qnos
2167 4341 2477 4406 videretur
2512 4360 2685 4422 posse
2734 4341 2812 4404 ad
2848 4341 3030 4405 finem
3059 4360 3228 4405 con«

484 4427 671 4502 cordii
709 4429 1054 4509 pervenire,
1111 4433 1257 4494 tunc
1322 4431 1501 4494 caute
1565 4431 1827 4495 trahatis
1888 4430 1967 4493 ab
2039 4430 2125 4493 eis
2191 4429 2487 4510 quidquid
2556 4428 2873 4510 poteritiS,
2925 4431 2987 4492 et
3034 4428 3209 4492 nobis

481 4514 854 4590 rescribatis,
903 4516 967 4579 et
1014 4519 1286 4581 vestrum
1332 4516 1677 4594 consilium,
1727 4521 2007 4582 nostrum
2057 4516 2425 4595 expectando
2483 4516 2864 4579 mandatum.

695 4602 779 4666 Et
819 4602 870 4667 si
912 4604 1341 4670 ambaxatores
1386 4604 1619 4669 domini
1663 4605 1830 4689 regis
1879 4623 1998 4669 non
2055 4605 2326 4669 redirent
2364 4605 2437 4666 ad
2482 4622 2608 4679 VOS,
2658 4603 2754 4667 vel
2803 4603 3092 4676 redirent,
3145 4605 3205 4664 ot

484 4689 843 4757 recedentur
888 4689 1217 4769 discordeS,
1266 4693 1412 4757 tunc
1458 4691 1766 4772 volumus,
1817 4693 1979 4774 quod
2026 4692 2298 4756 mittatis
2327 4709 2516 4755 unum
2550 4690 2624 4754 de
2657 4691 2912 4755 notariis
2958 4689 3208 4766 nostriS,
