3620 5282
3074 374 3162 439 45

462 544 696 609 minum
742 543 843 610 vel
886 543 1246 611 Forlivium.
1293 544 1378 609 Et
1420 545 1472 609 si
1518 545 1799 611 dominus
1845 563 1948 610 rex
1995 564 2098 611 eos
2145 547 2479 630 requireret
2501 548 2576 611 de
2622 546 2816 613 eundo
2860 550 2938 613 ad
2970 549 3164 634 Aqui-

462 633 607 712 lam,
654 633 945 698 excusent
989 651 1055 698 se
1101 633 1394 713 dicentes,
1443 633 1605 716 quod
1648 652 1767 699 non
1814 638 1956 698 sunt
2002 633 2215 699 fruniti
2263 635 2336 699 de
2384 636 2575 720 equiS.
2624 637 2686 700 4.

666 721 778 787 Ser
823 720 1117 787 Nicolaus
1152 721 1355 788 Leono
1401 720 1822 786 consiliarius:
1878 720 2051 800 Quod
2096 724 2420 789 ambaxata
2465 725 2652 801 vadit,
2701 725 2772 789 ut
2816 724 3164 790 continetur

461 808 522 875 in
564 812 743 892 parte
788 828 886 875 ser
931 809 1229 875 Bernardi
1278 808 1700 893 (Justiniano),
1750 810 1856 874 sed
1901 810 1953 875 si
2000 811 2283 876 dominus
2315 832 2418 878 rex
2465 813 2801 897 requireret
2841 832 2960 890 eos,
3009 814 3164 896 quod

460 897 621 962 irent
660 898 739 962 ad
786 897 1097 982 Aquilam,
1146 897 1418 964 fruniant
1459 917 1524 962 se
1569 898 1645 964 de
1700 898 1873 981 equis
1919 900 1982 963 et
2024 899 2164 965 aliis
2215 901 2656 985 ‘neccessariiffi
2714 902 2777 965 et
2822 902 3049 966 vadant
3088 903 3166 966 ad

460 984 785 1068 Aquilam3
834 990 899 1052 et
941 986 997 1052 si
1041 1006 1183 1051 eum
1228 1005 1350 1052 uon
1394 986 1738 1052 invenirent
1801 985 1864 1051 in
1910 986 2192 1052 Arimino
2257 988 2353 1054 vel
2401 988 2704 1065 Forlivio,
2754 991 2902 1054 tunc
2948 1007 3165 1072 procu-

458 1077 591 1138 rent
634 1075 776 1139 hinc
820 1074 1069 1140 lieteras
1112 1075 1497 1154 securitatis,
1551 1077 1615 1139 et
1658 1074 1810 1158 ipsis
1858 1075 2106 1155 habitis,
2166 1078 2392 1141 vadant
2437 1076 2516 1141 ad
2560 1077 2796 1143 dictum
2845 1077 3161 1143 dominum

460 1180 685 1247 regem.
731 1164 793 1240 4,
840 1165 913 1229 de
959 1183 1076 1229 non
1121 1165 1184 1241 Ο,
1234 1183 1351 1229 non
1397 1163 1618 1229 sinceri
1672 1167 1725 1228 l.

544 1253 702 1314 Scor.
748 1272 904 1315 cons.
948 1273 1069 1331 roy.
1115 1254 1192 1314 A.
1241 1246 1341 1325 94,
1389 1273 1433 1314 u
1476 1256 1692 1314 arkivu
1733 1255 2089 1315 mlctadkom.

788 1444 1091 1527 LXIV.
1154 1444 1359 1527 God.
1414 1445 1633 1528 1347.
1688 1445 1784 1527 18
1838 1445 2265 1546 prosinca,
2320 1467 2379 1526 u
2435 1444 2822 1527 Mletclh.

465 1570 762 1630 Naloicno
806 1572 999 1632 knew
1042 1573 1067 1630 i
1110 1572 1507 1631 komornikom
1536 1572 1787 1646 paikim,
1836 1572 1916 1631 da
1958 1572 2146 1630 svaka
2176 1574 2257 1629 tri
2289 1572 2538 1645 mjescca
2565 1588 2672 1631 sav
2705 1571 2952 1632 suvisan
2979 1590 3163 1632 novae

997 1659 1074 1719 od
1116 1661 1267 1720 ἀαέα
1309 1663 1334 1718 i
1378 1660 1593 1736 druqih
1637 1660 1946 1720 dohodaka
1992 1678 2031 1718 u
2075 1660 2301 1719 Mletke
2341 1660 2611 1733 odprave.
3121 1674 3128 1695 ⁸

673 1779 859 1844 1347.
905 1780 1005 1845 die
1050 1778 1265 1845 XVIII
1308 1782 1667 1859 decembriS,
1716 1782 1932 1864 capta:
1999 1779 2162 1864 quod
2222 1781 2529 1845 scribatur
2589 1780 2797 1846 comiti
2844 1782 2908 1847 et
2962 1800 3162 1846 came-

461 1867 638 1932 rariis
684 1867 911 1933 nostris
956 1868 1151 1951 Pagi,
1200 1868 1360 1952 quod
1421 1869 1680 1953 singulis
1739 1869 1940 1934 tribus
1991 1869 2305 1934 mensibus
2363 1869 2920 1935 debeant·mittere
2964 1869 3162 1935 Vene-

460 1956 585 2020 cias
630 1957 939 2040 introytus
986 1959 1051 2022 et
1095 1958 1293 2021 exitus
1339 1958 1496 2022 dacii
1541 1958 1735 2023 nostri
1783 1957 1934 2022 salis
1980 1959 2043 2022 et
2086 1955 2351 2022 aliorum
2386 1959 2675 2022 bonorum
2705 1957 3157 2040 pertinencium

459 2047 668 2109 nostro
716 2045 1030 2111 communi
1074 2045 1478 2112 Veneciarum
1544 2048 1608 2110 et
1669 2063 1881 2111 omnes
1926 2045 2207 2110 denarios
2270 2046 2877 2128 superhabundantes
2924 2045 3045 2122 eiS,
3094 2048 3160 2110 et

458 2132 549 2197 sic
609 2132 967 2218 iniungatur
1021 2133 1087 2197 in
1146 2134 1684 2200 commissionibus
1747 2134 2006 2199 aliorum
2073 2133 2366 2198 comitum
2414 2136 2477 2199 et
2537 2135 3011 2199 camerariorum
3057 2151 3162 2198 no-

459 2222 728 2286 strorum
768 2223 1045 2287 decetero
1087 2222 1408 2293 iturorum,
1457 2223 1615 2305 quod
1661 2221 1949 2286 similiter
2008 2222 2268 2287 debeant
2317 2222 2653 2287 observare.

667 2309 896 2393 Capta:
948 2309 1104 2393 quod
1148 2310 1245 2375 die
1307 2310 1459 2375 iovis
1519 2311 1583 2375 in
1647 2329 1825 2375 mane
1872 2309 1990 2374 XX
2036 2311 2264 2376 mensis
2324 2310 2624 2392 presentis
2685 2311 2937 2375 vocetur
2991 2307 3160 2376 istud

460 2397 784 2462 consilium
824 2417 933 2480 pro
975 2398 1154 2463 factis
1202 2396 1517 2464 Sclavonie
1562 2400 1674 2463 sub
1722 2417 1878 2481 pena
1932 2398 2260 2464 solidorum
2309 2398 2445 2464 XX.

545 2488 702 2549 Scor.
748 2506 902 2549 cons,
948 2494 1134 2565 roqat.
1173 2490 1270 2549 lib.
1315 2489 1391 2549 A.
1439 2493 1540 2560 94,
1586 2508 1630 2549 u
1674 2490 1890 2549 arkivu
1925 2490 2279 2550 mletadkom.

814 2680 1074 2762 LXV.
1129 2680 1335 2763 God.
1389 2680 1608 2763 1347.
1662 2681 1769 2764 20
1826 2680 2254 2783 mosmos,
2309 2702 2369 2762 u
2422 2679 2811 2762 Mletclh.

458 2808 623 2867 Rada·
660 2808 1013 2880 napadam'a
1070 2806 1234 2882 Uyra
1276 2825 1358 2865 na
1396 2807 1548 2866 mlet.
1594 2808 1794 2881 zemlJ‘e
1838 2809 1862 2865 i
1906 2825 1989 2866 na
2040 2825 2145 2866 one
2190 2809 2378 2867 kncza
2419 2807 2720 2877 Μῖαάὶπα,
2762 2807 2910 2880 §alja
2952 2823 3013 2866 se
3047 2824 3154 2879 po-

458 2896 658 2956 slanik
703 2913 746 2953 u
792 2894 1155 2968 Dalmaciju,
1202 2896 1354 2954 nelca
1399 2896 1628 2955 razvidi
1668 2901 1850 2966 stvar,
1885 2897 1909 2954 i
1952 2895 2210 2968 predzoii
2228 2941 2241 2965 ‚
2305 2897 2393 2955 §to
2440 2896 2603 2954 {reba
2645 2912 2719 2956 za
2761 2895 3161 2968 odstram‘cnje

463 3001 649 3059 onoya
693 2984 824 3052 zla,·
868 3002 1011 3057 neyo
1057 2984 1137 3041 da
1180 3000 1450 3056 opomenc
1495 2985 1680 3043 kneza
1723 2984 2008 3044 Mladina
2054 2984 2191 3042 radi
2234 2985 2400 3053 s'teta,
2445 2984 2572 3057 koje
2615 2985 2842 3059 m'eyovi
2881 2984 3160 3057 podanici

458 3090 680 3133 nanose
728 3059 1150 3141 Sibenicanom,
1196 3090 1235 3130 a
1271 3071 1580 3146 Spbec'ane
1640 3077 1803 3143 sate,
1864 3074 1953 3132 §to
2015 3090 2086 3130 su
2134 3072 2278 3131 brod
2318 3088 2391 3130 sa
2447 3073 2601 3146 solju
2645 3074 2830 3133 kneza
2874 3072 3160 3131 Mladina

1272 3161 1547 3235 uyrabili,
1591 3165 1645 3219 te
1689 3161 1770 3220 da
1803 3179 1906 3219 mu
1944 3178 2041 3220 sve
2073 3165 2342 3233 pom-ate.

676 3280 860 3345 1347.
909 3279 1006 3345 die
1053 3278 1348 3364 vigesimo
1389 3279 1748 3358 decembriS,
1795 3283 2010 3363 capta:
2057 3299 2200 3344 cum
2230 3280 2527 3344 habeatur
2573 3299 2642 3345 ex
2687 3280 2980 3346 relatione
3025 3299 3158 3345 am-

461 3370 822 3435 baxatorum
868 3367 1194 3434 civitatum
1256 3371 1603 3434 nostrarum
1651 3367 1916 3434 Sibenici
1939 3417 1954 3442 ,
1998 3369 2282 3452 Tragurii
2342 3372 2408 3434 et
2482 3367 2719 3452 Spalati
2781 3388 2853 3434 ac
2911 3368 3154 3435 comitis

460 3456 780 3535 Maladini,
829 3458 987 3540 quod
1032 3457 1108 3521 ab
1153 3457 1422 3540 Ungaris
1468 3455 1804 3535 Ostrovice,
1853 3457 2060 3522 Tinini
2105 3463 2168 3521 et
2229 3455 2488 3522 aliorum
2532 3459 2897 3535 castrorum,
2945 3457 3157 3522 subdi-

461 3550 667 3613 torum
712 3545 958 3611 domino
1005 3546 1138 3629 regi
1182 3545 1474 3630 Ungarie,
1523 3564 1734 3610 eorum
1800 3546 1957 3610 bona
2003 3548 2065 3609 et
2125 3544 2432 3609 territoria
2492 3545 2831 3627 spolientur
2876 3547 2939 3609 et
2983 3545 3159 3610 dero-

462 3635 705 3712 bentur,
751 3636 1005 3717 propter
1051 3635 1211 3716 quod
1258 3634 1704 3716 requisiverant
1748 3642 1809 3698 et
1854 3635 2172 3717 requirant
2224 3633 2527 3716 provideri
2572 3653 2681 3716 per
2724 3636 3000 3699 nostrum
3048 3634 3157 3699 do·

462 3723 720 3789 minium
766 3741 948 3804 super
994 3722 1134 3786 inde
1178 3741 1288 3806 pro
1352 3722 1809 3788 conservatione
1870 3723 1933 3786 et
1994 3722 2322 3787 securitate
2380 3740 2590 3786 eorum
2638 3723 2702 3787 et
2745 3725 3048 3786 terrarum
3094 3725 3159 3786 et

458 3811 733 3877 locorum
779 3829 1047 3889 suorum,
1096 3828 1238 3875 nam
1286 3811 1467 3875 aliter
1518 3812 1766 3893 propter
1830 3810 2030 3874 dictas
2095 3809 2551 3888 derobationes,
2599 3812 2671 3874 ut
2714 3811 2878 3874 clare
2922 3808 3153 3889 dicunt,

458 3900 549 3966 sic
592 3917 949 3983 permanere
995 3917 1112 3964 non
1157 3901 1441 3982 possent;
1512 3901 1576 3963 et
1616 3917 1728 3982 pro
1792 3899 1959 3962 statu
2005 3901 2213 3962 nostro
2257 3899 2320 3962 in
2364 3898 2641 3982 partibus
2686 3897 3002 3964 Sclavonie
3048 3898 3158 3962 ha·

456 3989 590 4054 beri
633 3988 899 4072 provisio
937 3988 1313 4070 requiratur,
1360 3988 1431 4051 ut
1492 3986 1725 4051 subditi
1785 3989 1851 4051 et
1913 3986 2125 4050 fideles
2186 3987 2381 4052 nostri
2442 3989 2744 4051 terrarum
2805 3989 3154 4051 nostrarum

456 4076 870 4161 predictarum
913 4077 978 4140 et
1021 4093 1228 4141 comes
1272 4075 1621 4140 Maladinus
1660 4075 1724 4140 in
1768 4074 2070 4139 fidelitate
2103 4075 2165 4138 et
2196 4074 2515 4141 devotione
2546 4075 2754 4139 nostra
2803 4076 3153 4140 constantes

459 4166 743 4244 existant,
792 4166 856 4229 et
897 4166 1150 4247 propter
1195 4181 1510 4228 accessum
1557 4162 1723 4246 regis
1768 4162 2043 4247 Ungarie
2102 4163 2179 4227 ad
2225 4165 2432 4246 partes
2481 4162 2716 4245 Apulee
2762 4164 2824 4226 in
2868 4181 3158 4246 processu

457 4253 749 4336 temporis
787 4252 1012 4318 melius
1076 4252 1303 4334 poterit
1360 4252 1661 4335 provideri
1723 4251 1891 4315 iuxta
1953 4251 2330 4316 condiciones
2392 4252 2455 4315 et
2514 4269 2670 4316 nova
2729 4250 2921 4334 ipsius
2968 4251 3152 4335 regi8‚

458 4361 573 4426 que
610 4340 1017 4419 habebuntur,
1066 4341 1396 4406 consulunt
1451 4340 1754 4422 sapientes
1779 4389 1795 4417 ,
1844 4338 2003 4422 quod
2065 4338 2330 4422 eligatur
2376 4340 2435 4402 in
2481 4340 2603 4403 isto
2647 4338 2901 4404 consilio
2947 4339 3154 4423 Roga-

456 4432 662 4495 torum
708 4448 866 4495 unus
912 4428 1270 4494 ambaxator
1315 4431 1378 4493 et
1421 4429 1695 4511 provisor
1743 4447 1851 4510 per
1899 4430 2159 4510 quatuor
2190 4443 2425 4505 manuS,
2474 4427 2580 4510 qui
2623 4427 2806 4493 vadat
2852 4427 2928 4493 ad
2959 4428 3153 4493 dictas

458 4520 657 4584 terras
697 4519 940 4583 nostras
987 4515 1273 4594 beenici,
1321 4516 1603 4600 Tragurii
1650 4518 1713 4580 et
1759 4515 2018 4598 Spalati,
2067 4517 2131 4580 et
2174 4514 2251 4579 ad
2298 4515 2589 4581 comitem
2616 4513 3020 4595 Maladinum‚
3052 4534 3154 4580 ex-

458 4607 732 4690 ponendo
783 4605 873 4671 eis
915 4623 1024 4688 pro
1069 4607 1243 4689 parte
1287 4607 1514 4683 nostra,
1563 4603 1825 4687 qualiter
1869 4622 1976 4686 per
2019 4603 2452 4686 expositionem
2502 4604 2967 4668 ambaxatorum
3015 4619 3154 4667 suo-

456 4714 594 4760 rum
637 4693 986 4773 habuimus,
1033 4692 1186 4776 quod
1236 4692 1470 4778 Ungari
1514 4694 1578 4757 et
1622 4691 1727 4756 alii
1778 4691 2001 4771 Sclavi,
2050 4692 2136 4756 eis
2175 4690 2440 4774 Ungaris
2486 4690 2849 4757 adherentes
2869 4740 2884 4770 ‚
2946 4690 3155 4770 aliqua

455 4801 571 4849 sua
615 4781 931 4849 territoria
973 4782 1340 4848 derobarunt
1383 4783 1448 4847 et
1491 4779 1780 4845 derobare
1826 4777 2170 4858 intendunt,
2218 4778 2377 4862 quod
2417 4779 2685 4844 multum
2733 4796 2919 4862 grave
2966 4778 3029 4841 et
3059 4775 3154 4838 di-

3219 3889 3240 3926 {-
