3620 5282
488 336 533 400 a

956 509 1101 591 IV·
1158 507 1366 590 God.
1420 507 1651 593 1358.
1702 508 1813 590 24
1864 508 2203 610 ozujka,
2259 530 2316 590 ιι
2370 507 2764 591 Mletcih.

491 635 745 696 Bis-§eno
815 636 1045 707 uputiti
1110 634 1431 707 poslanika
1473 635 1511 692 k
1571 634 1835 707 vojevodi
1902 635 2414 707 austrijanskomu
2475 635 2499 692 i
2545 633 2878 708 aqam-hrt).
2928 633 3132 706 kralju
3176 650 3219 691 ιι

481 723 663 796 poslu
709 722 964 781 dolazka
1007 739 1221 780 careva
1265 739 1307 779 u
1356 721 1577 794 Italiju
1626 725 1649 780 i
1693 722 1832 780 radi
1871 722 2084 796 yrada,
2131 722 2279 795 koqa
2320 722 2562 794 oqzejska·
2589 721 2862 794 patriJ'ah
2902 723 3026 793 πϋε
3068 721 3220 779 htico

1505 809 1869 867 Mlctc'anom
1908 811 2218 881 povratiti.

706 928 873 993 1358
919 929 1018 992 die
1065 927 1150 990 24
1199 929 1429 992 marcii.
1471 928 1788 1000 Dominus,
1840 928 2200 1004 consiliarii,
2246 926 2452 1009 capita
2495 927 2559 991 et
2606 926 2934 1008 sapientes.
2983 925 3212 1009 Capta:

494 1017 638 1099 quia
670 1015 822 1080 utile
854 1019 952 1080 est
998 1033 1107 1097 pro
1154 1016 1320 1079 omni
1368 1019 1645 1098 respectu
1675 1034 1780 1097 per
1815 1035 1902 1092 ea,
1938 1035 2053 1097 que
2089 1016 2311 1078 sonant
2342 1015 2416 1078 de
2445 1015 2711 1077 adventu
2746 1015 2976 1077 domini
3025 1014 3221 1096 impe-

496 1103 723 1168 ratoris
774 1101 850 1167 ad
877 1105 1089 1185 partes
1122 1101 1297 1177 istae,
1331 1102 1555 1166 habere
1587 1122 1831 1167 omnem
1865 1102 2386 1177 informationem,
2423 1119 2606 1183 quam
2641 1100 2970 1183 possimus
2998 1103 3073 1165 de
3106 1101 3214 1165 ad-

496 1191 686 1255 ventu
732 1190 930 1273 ipsius
975 1192 1040 1254 et
1082 1189 1539 1254 conditionibus
1589 1193 1653 1254 et
1698 1192 1873 1254 noris
1933 1191 2181 1253 illarum
2249 1190 2559 1271 partium:
2613 1190 2784 1253 vadit
2830 1207 2992 1271 pars,
3049 1189 3212 1272 quod

493 1276 801 1349 dominus,
841 1276 1197 1353 consiliarii,
1226 1276 1433 1358 capita
1479 1276 1553 1339 de
1600 1277 1709 1341 XL
1757 1279 1822 1341 et
1843 1276 2150 1358 sapientes
2176 1276 2507 1341 Trevisane
2555 1278 2617 1340 et
2664 1275 2872 1353 Ystrie
2931 1296 3038 1358 per
3085 1295 3215 1341 ma-

492 1365 684 1428 iorem
734 1368 971 1445 partem
1027 1364 1295 1428 habeant
1318 1364 1674 1427 libertatem
1716 1365 2008 1428 mittendi
2047 1366 2122 1427 ad
2163 1364 2480 1429 dominum
2514 1364 2730 1427 ducem
2766 1363 3017 1428 Austrie
3054 1364 3220 1429 dicta

491 1450 568 1514 de
614 1469 819 1529 causa,
867 1455 931 1514 et
970 1450 1046 1515 ad
1093 1469 1302 1534 regem
1351 1451 1670 1533 Hungarie
1717 1452 2008 1516 similiter
2053 1454 2117 1517 et
2164 1470 2269 1533 pro
2315 1452 2562 1533 negocio
2619 1452 2807 1515 etiam
2869 1451 3215 1527 Caxemate‚

492 1554 680 1619 quam
742 1539 1023 1602 dominus
1068 1537 1413 1619 patriarcha
1472 1538 1933 1622 Aquilegiensis
1995 1544 2242 1604 recusat
2301 1540 2476 1603 nobis
2538 1539 2885 1618 restituere,
2960 1544 3023 1603 et
3068 1538 3217 1603 alibi

494 1623 683 1689 etiam
732 1625 971 1708 aliquas
1020 1625 1368 1689 suficientes
1415 1644 1706 1707 personas
1753 1644 1896 1690 cum
1944 1625 2074 1691 illis
2123 1628 2324 1693 verbis
2369 1629 2432 1692 et
2492 1625 3056 1704 cominissionibuS‚
3105 1645 3221 1709 que

493 1710 659 1776 dicto
705 1712 939 1795 colegio
985 1713 1085 1776 vel
1130 1712 1348 1777 maiori
1397 1714 1553 1794 parti
1598 1713 1926 1778 videbitur.

576 1818 759 1878 Masta·
807 1817 1115 1878 XXVIII
1160 1820 1263 1889 37,
1313 1837 1356 1878 ιι
1400 1820 1553 1878 mlet.
1602 1821 1839 1879 arkivu.

953 2023 1048 2105 V.
1106 2023 1314 2106 God.
1371 2023 1592 2105 1:358.
1651 2025 1750 2107 14
1802 2028 2175 2129 travam,
2232 2049 2288 2110 u
2346 2027 2738 2109 Mletcih.

703 2161 858 2228 Cum
906 2182 1111 2230 comes
1154 2164 1412 2247 Ragusii
1462 2164 1666 2230 frusta
1709 2185 1746 2230 a
1776 2166 2035 2232 Nicolao
2083 2168 2319 2232 Bocalli
2366 2167 2441 2232 de
2489 2168 2745 2232 Mesana
2792 2167 3217 2250 requisiverat,

500 2250 570 2313 ut
630 2253 957 2332 argentum
1033 2253 1098 2316 et
1166 2270 1387 2315 aurum
1457 2253 1688 2317 civium
1749 2257 2107 2318 venetorum
2184 2256 2412 2320 valoris
2480 2255 2653 2321 2200
2720 2257 2855 2319 duc.
2932 2258 3219 2322 restitue-

494 2337 608 2415 ret,
650 2337 811 2418 quod
857 2339 1103 2402 cuidam
1147 2340 1369 2403 barcae
1416 2340 1586 2403 eunti
1636 2343 1707 2404 de
1756 2340 1976 2406 Cataro
2023 2342 2368 2424 Ragusium
2422 2342 2783 2417 abstulerat,
2831 2344 3213 2409 commititur

496 2422 817 2505 capitaneo
868 2426 1083 2503 maris,
1130 2425 1290 2507 quod
1344 2427 1656 2508 „requirat
1700 2429 1761 2491 et
1812 2428 2034 2510 requiri
2086 2428 2275 2494 faciat
2306 2429 2758 2494 satisfationem
2795 2433 2857 2493 et
2889 2432 3216 2496 emendam

491 2509 688 2592 ipsius
734 2511 941 2575 damni
987 2530 1130 2576 cum
1180 2512 1305 2576 iuis
1354 2514 1575 2591 verbis,
1627 2534 1740 2596 que
1789 2516 1906 2579 sibi
1956 2516 2320 2581 videbuntur
2364 2534 2471 2599 pro
2515 2518 2741 2582 honore
2788 2522 3055 2583 nostro.“

579 2616 758 2677 Misti
805 2617 1111 2678 XXVIII
1157 2620 1240 2677 40
1287 2637 1328 2679 u
1372 2619 1711 2680 mletackom
1743 2622 1978 2682 arkivu.

914 2822 1059 2905 VI.
1111 2822 1316 2906 God.
1370 2823 1594 2909 1358.
1647 2825 1748 2909 23
1803 2828 2169 2932 svibnja,
2211 2830 2394 2922 kod.
2433 2831 2802 2915 Metona.

703 2962 924 3026 Petrus
972 2960 1336 3045 Superantio
1384 2965 1743 3047 capitaneus
1789 2971 2094 3050 generalis
2143 2971 2333 3035 maris
2382 2971 2568 3036 refert
2598 2973 2867 3038 dominio
2901 2994 3009 3038 suo
3047 2975 3209 3056 quod

494 3048 748 3132 quidam
793 3049 1148 3131 capitaneus
1197 3053 1430 3116 venerit
1473 3053 1552 3116 ad
1601 3055 1865 3118 insulam
1915 3058 2088 3120 sante
2137 3058 2391 3122 Maurae
2461 3064 2673 3134 „erant
2736 3061 2998 3126 fortasse
3059 3062 3214 3126 XIII

499 3136 633 3200 dies
680 3136 895 3217 elapsi,
947 3136 1174 3201 missus
1220 3158 1359 3202 cum
1407 3138 1718 3220 aliquibus
1788 3143 2103 3222 peditibus
2166 3148 2230 3207 et
2285 3148 2672 3228 equestribus
2719 3168 2827 3230 per
2873 3150 3098 3230 dispoti
3147 3149 3218 3213 il-

495 3221 700 3285 larum
751 3222 1070 3303 parcium“
1121 3225 1186 3286 et
1230 3224 1387 3305 quod
1431 3225 1508 3288 ad
1549 3227 1920 3290 rebelionem
1975 3228 2116 3294 illos
2163 3231 2476 3297 insulanos
2522 3238 2733 3298 contra
2773 3238 3079 3319 proprium
3115 3237 3219 3300 do-

496 3307 740 3372 minum
794 3307 1162 3372 Gratianum
1209 3309 1475 3393 Georgio
1514 3313 1712 3375 civem
1762 3316 2048 3379 venetum
2098 3318 2473 3384 excitaverit.
2526 3321 2880 3404 Requisitus
2941 3322 3218 3408 (Petrus)

496 3393 573 3458 ab
623 3394 762 3468 isto,
813 3393 982 3458 dedit
1030 3394 1086 3459 ei
1128 3397 1433 3460 auxilium
1481 3399 1554 3461 de
1603 3398 1907 3463 militibus
1954 3404 2226 3482 navium,
2274 3406 2382 3469 sed
2409 3410 2572 3472 malo
2605 3429 2910 3475 successu.
2947 3411 3216 3476 Atamen

498 3480 916 3558 considerans,
964 3483 1124 3562 quod
1172 3485 1414 3563 quando
1463 3487 1629 3549 esset
1670 3486 1836 3550 dicta
1883 3489 2087 3551 insula
2152 3491 2213 3553 in
2279 3492 2435 3559 bono
2496 3499 2663 3560 statu
2732 3501 3093 3575 „annuatim
3155 3498 3218 3562 II

497 3566 676 3630 mille
722 3566 1089 3631 florenorum
1139 3570 1603 3635 extraherentur
1659 3592 1728 3636 ex
1775 3574 1910 3655 ipsa
1958 3577 2022 3639 et
2067 3577 2248 3654 ultro,
2298 3583 2360 3644 et
2404 3582 2590 3646 etiam
2638 3603 2777 3647 cum
2823 3589 3087 3651 maximo
3129 3587 3221 3650 iu-

499 3654 760 3718 comodo
809 3657 877 3752 et‘
917 3653 1172 3719 sinistro
1220 3659 1421 3721 vestre
1486 3658 1923 3725 dominationis
1988 3664 2373 3744 redundaret,
2421 3669 2474 3731 si
2534 3672 2735 3751 ipsum
2784 3677 3055 3737 castrum
3103 3674 3216 3738 sub

496 3738 771 3805 dominio
817 3738 1048 3822 dispoti
1096 3745 1319 3819 esset‚“
1391 3745 1525 3810 ideo
1591 3745 1713 3811 ista
1775 3747 1852 3811 de
1899 3768 2083 3815 causa
2129 3752 2379 3834 reliquit
2433 3773 2623 3837 usque
2670 3758 2748 3820 ad
2792 3760 3061 3825 reditum
3109 3778 3216 3842 pro

496 3825 848 3892 defensione
895 3829 1085 3892 castri
1133 3830 1366 3894 domini
1414 3832 1698 3898 Gratiani
1732 3836 2025 3899 tredecim
2061 3841 2412 3921 armigeros,
2466 3840 2768 3921 „Dicitur‚
2803 3848 2960 3930 quod
3007 3848 3212 3930 alique

499 3913 724 3978 barche
791 3914 1172 3980 Turchorum
1240 3921 1300 3981 in
1370 3920 1545 4001 aquis
1618 3920 1837 3986 Coroni
1883 3927 1946 3987 et
1991 3924 2053 3987 in
2101 3925 2228 3989 illis
2274 3928 2446 3991 colfis
2503 3930 2785 3994 furerunt
2825 3933 3020 4014 pridie
3067 3982 3082 3996 .
3135 3983 3150 3998 .
3203 3985 3217 3999 .

497 3999 662 4063 Data
703 4001 766 4064 in
814 4001 989 4083 aquis
1036 4003 1321 4068 Mothoni
1369 4006 1468 4070 die
1514 4007 1730 4071 XXIII
1778 4010 2007 4075 mensis
2054 4013 2201 4076 maii
2250 4012 2401 4078 hora
2454 4027 2880 4098 vesperarum“

589 4104 1161 4170 Commemorialium
1217 4112 1281 4171 V.
1331 4111 1479 4191 100,
1528 4133 1569 4174 u
1612 4116 1764 4177 mlet.
1817 4120 2051 4177 arkivu.

873 4277 1062 4359 VII.
1118 4278 1324 4362 God.
1375 4283 1601 4366 1358.
1654 4286 1759 4368 28
1813 4289 2177 4392 svibn1e3
2233 4315 2290 4375 ιι
2347 4293 2849 4396 visegradu.

499 4396 687 4471 Kralj
750 4403 999 4473 uyarslci
1053 4404 1340 4478 Ljudevit
1393 4409 1525 4481 pise
1586 4410 2056 4491 Lastovb'anom,
2121 4419 2201 4476 da
2253 4434 2329 4478 ua
2390 4437 2568 4496 svoya
2624 4423 2812 4484 Ionem
2848 4426 3216 4502 priponnnju

727 4504 933 4563 moyn,
981 4491 1132 4564 koya
1164 4494 1282 4565 jim
1329 4510 1403 4554 za
1449 4497 1635 4557 kneza
1684 4499 2082 4561 Dubrovacka
2127 4506 2336 4565 obcina
2381 4525 2419 4566 a
2465 4525 2538 4569 ne
2577 4510 2694 4570 ban
2729 4513 2981 4586 posalje.

598 4686 610 4699 ·
705 4601 1451 4709 Ludoyicusdei-gratia
1495 4632 1599 4679 rex
1658 4615 1931 4700 Ungarie
1991 4619 2279 4687 fidelibus
2336 4606 2463 4689 suis
2513 4629 2814 4695 universis
2860 4633 3116 4714 civibuS‚
3152 4635 3217 4700 in

497 4687 646 4755 colis
695 4690 757 4752 et
799 4689 940 4754 alus
985 4710 1260 4764 cumsvls
1321 4700 1524 4764 status
1585 4704 1647 4766 et
1707 4706 2078 4772 conditionis
2141 4708 2494 4778 hominibus
2553 4715 2619 4779 in
2687 4717 2892 4785 insula
2948 4721 3219 4809 Laguste
