3620 5282
481 374 608 439 140

688 553 919 636 Capta:
967 573 1104 618 cum
1146 556 1459 636 ‘optemus
1504 557 1575 617 ut
1620 572 1709 631 ea,
1758 572 1873 635 que
1930 552 2228 616 habemus
2288 551 2492 615 facere
2556 568 2696 614 cum
2752 550 2995 614 domino
3045 567 3208 631 rege,

476 640 720 704 felicem
771 643 1113 705 sorciantur
1159 641 1467 719 effectum,
1518 644 1581 705 et
1627 645 1952 724 propterea
1997 643 2409 722 opportunum
2460 639 2577 713 sit,
2644 640 2714 701 ut
2764 637 3204 701 ambaxatores

476 729 673 792 nostri
719 729 989 793 habeant
1038 730 1315 806 barones,
1366 729 1640 793 curiones
1687 733 1752 793 et
1799 729 1972 807 alios,
2022 730 2123 809 qui
2194 729 2339 790 sunt
2395 726 2470 789 de
2518 725 2771 789 consilio
2839 725 3042 807 regis,
3093 723 3211 787 sibi

480 816 804 898 propicios,
854 817 1224 882 favorabiles
1273 820 1335 880 et
1382 818 1675 899 benignos
1722 819 1854 881 tam
1916 836 2023 898 pro
2086 814 2365 878 habendo
2433 814 2709 896 introytu
2766 813 2841 876 ad
2889 813 3206 875 dominum

482 924 711 986 regem,
762 923 947 986 quam
991 924 1099 987 pro
1146 905 1515 987 disponendo
1558 906 1795 968 animos
1842 923 1982 968 suos
2032 906 2106 966 ad
2151 904 2374 966 bonum
2426 904 2721 973 nostrum,
2773 900 3010 982 possint
3044 900 3209 962 ultra

475 991 558 1069 id,
600 992 757 1072 quod
807 994 1064 1074 possunt
1109 994 1446 1073 expendere
1497 993 1655 1056 inter
1683 994 1942 1056 barones
1991 1011 2096 1073 per
2145 996 2386 1073 partem
2434 989 2918 1070 suprascriptam
2953 991 3202 1068 captam

477 1079 551 1143 de
599 1081 838 1143 ducatis
889 1080 997 1143 LX
1046 1081 1246 1144 millia
1294 1081 1629 1161 expendere
1678 1086 1741 1143 et
1786 1079 2016 1143 donare
2061 1078 2135 1141 de
2182 1077 2358 1141 bouis
2413 1077 2605 1140 nostri
2633 1077 2979 1139 communis
3016 1093 3208 1157 usque

478 1167 552 1231 ad
602 1168 851 1231 ducatos
897 1168 952 1231 V
1001 1174 1246 1232 centum
1299 1169 1392 1230 vel
1443 1168 1662 1239 minus,
1714 1170 1892 1248 prout
1939 1167 2163 1231 melius
2210 1166 2515 1247 poterunt,
2568 1163 2938 1226 remanendo
2983 1163 3047 1225 in
3096 1179 3210 1225 sua

478 1255 848 1318 discrecione
897 1256 1253 1336 providendi
1306 1257 1381 1318 de
1428 1256 1516 1318 eis
1552 1256 1646 1318 illi
1695 1256 1787 1318 vel
1836 1254 1982 1319 illis.
2034 1255 2134 1336 qui
2188 1253 2562 1317 videbuntur
2594 1251 2843 1325 eisdem,
2894 1253 2959 1314 et
2992 1250 3052 1314 in
3090 1267 3211 1313 una

481 1343 611 1406 vice
659 1345 722 1406 et
758 1342 1060 1425 pluribus,
1111 1344 1267 1407 sicut
1314 1361 1420 1424 pro
1470 1344 1624 1408 bono
1670 1344 2041 1425 agendorum
2091 1345 2434 1405 nostrorum
2498 1339 2615 1402 sibi
2666 1339 2996 1402 videbitur.
3068 1337 3204 1401 Non

479 1430 699 1494 sinceri
750 1431 808 1505 2,
859 1432 933 1494 de
981 1451 1094 1495 non
1147 1433 1205 1506 2,
1255 1431 1396 1494 aliis
1444 1432 1516 1494 de
1564 1436 1758 1513 parte.

699 1516 927 1600 Capta:
978 1522 1039 1582 et
1079 1521 1220 1582 ante
1280 1519 1791 1600 complementum
1859 1517 2117 1581 alicuius
2181 1518 2488 1581 tractatus
2554 1534 2657 1579 seu
2723 1512 3209 1595 composicionis,

488 1607 563 1668 ad
605 1625 787 1687 quem
838 1606 933 1670 vel
972 1605 1050 1669 ad
1099 1626 1279 1688 quam
1331 1608 1539 1669 essent
1583 1607 1938 1688 perventuri
1978 1605 2129 1668 dicti
2178 1605 2604 1668 ambaxatores
2674 1602 2867 1666 nostri
2912 1620 3054 1665 cum
3099 1597 3208 1663 do-

486 1693 654 1757 mino
704 1712 845 1776 rege
891 1692 1149 1776 prefato,
1195 1693 1523 1776 specialem
1574 1693 1801 1758 faciant
1851 1694 2227 1756 mencionem
2253 1692 2328 1755 de
2371 1693 2598 1756 comite
2631 1690 2818 1754 Paulo
2867 1692 2931 1752 et
2969 1691 3209 1770 nepote,

482 1799 557 1844 ac
604 1781 679 1844 de
727 1782 907 1844 terris
955 1782 1018 1844 et
1063 1782 1212 1845 locis
1260 1782 1406 1854 suis,
1457 1782 1743 1846 videlicet
1787 1781 1943 1862 quod
1995 1782 2384 1845 includantur
2427 1782 2485 1843 in
2538 1778 2910 1843 tractatibus
2944 1782 3005 1840 et
3037 1794 3206 1840 com-

478 1869 896 1950 posicionibus
943 1870 1258 1950 predictis,
1307 1873 1371 1933 et
1413 1869 1570 1950 quod
1639 1887 1755 1932 non
1820 1869 2221 1932 molestentur
2283 1869 2345 1929 in
2409 1867 2615 1948 aliquo
2683 1868 2744 1929 in
2807 1865 3082 1947 personis
3146 1866 3211 1928 et

456 1956 656 2019 bonis
704 1957 831 2020 suis
878 1957 1013 2020 ullo
1049 1960 1361 2039 tempore,
1413 1958 1476 2020 et
1524 1958 1683 2038 quod
1730 1956 2014 2020 dominus
2061 1975 2163 2019 rex
2211 1956 2522 2037 predictus
2566 1954 2894 2037 promittat
2940 1953 3028 2016 eis
3074 1970 3211 2034 per-

478 2047 730 2126 petuam
781 2063 1031 2127 pacem;
1080 2047 1131 2107 si
1200 2063 1340 2108 vero
1404 2045 1715 2126 predictus
1777 2043 2061 2107 dominus
2126 2062 2227 2107 rex
2294 2045 2406 2107 hoc
2467 2044 2664 2106 tacere
2728 2043 3058 2117 recusaret,
3122 2039 3211 2103 ita

476 2133 637 2213 quod
683 2136 1071 2214 permaneret
1104 2132 1485 2196 obstinatum
1529 2133 1742 2195 contra
1788 2133 1972 2212 ipSOS,
2024 2139 2167 2195 tunc
2211 2132 2401 2194 nostri
2428 2130 2857 2194 ambaxatores
2908 2146 3024 2192 non
3073 2145 3210 2208 pro·

477 2219 696 2283 cedant
748 2219 824 2282 ad
872 2218 1351 2284 affirmacionem
1400 2239 1594 2301 neque
1641 2219 2042 2300 perfecionem
2093 2219 2351 2282 alicuius
2400 2220 2741 2294 tractatuS,
2806 2216 2910 2280 sed
2972 2215 3210 2280 solicite

481 2307 658 2371 nobis
705 2306 998 2385 scribant,
1040 2307 1327 2389 quicquid
1376 2327 1557 2390 super
1602 2308 1712 2371 hoc
1760 2307 2088 2370 habuerint
2133 2306 2209 2370 ab
2265 2308 2400 2388 ipso
2445 2306 2690 2370 domino
2739 2323 2883 2387 rege
2916 2303 3210 2385 predict0‚

479 2398 542 2459 et
587 2397 863 2458 nostram
910 2395 1358 2477 responsionem
1409 2396 1745 2477 expectent.
1793 2393 1933 2458 Non
1980 2395 2199 2458 sinceri
2245 2399 2294 2471 l,
2343 2396 2413 2457 de
2465 2413 2583 2457 non
2625 2396 2686 2470 O,
2737 2392 2845 2455 alii
2893 2391 2968 2454 de
3014 2404 3209 2474 parte.

686 2480 918 2563 Capta:
968 2485 1237 2546 ceterum
1289 2482 1435 2565 quia
1481 2484 1604 2545 ista
1652 2487 1864 2546 nostra
1910 2482 2160 2565 negocia
2230 2484 2374 2546 sunt
2441 2499 2666 2563 magna
2727 2480 2791 2543 et
2849 2480 3080 2556 ardua,
3148 2481 3212 2542 et

477 2569 566 2634 sic
613 2569 890 2633 strictius
940 2571 1265 2654 tangencia
1312 2572 1549 2633 statum
1596 2573 1916 2647 nostrum,
1985 2574 2045 2632 et
2107 2573 2288 2653 prout
2347 2569 2638 2633 arbitrari
2707 2569 2932 2649 potest-
2963 2568 3209 2631 diversa

481 2658 857 2740 pertinencia
905 2658 982 2722 ad
1030 2678 1208 2722 casus
1255 2659 1405 2722 iuris
1452 2658 1606 2722 forte
1640 2663 1852 2723 contra
1902 2676 2010 2722 nos
2050 2658 2306 2740 allegari
2344 2660 2612 2739 possent,
2665 2659 2728 2719 et
2760 2655 2986 2719 bonum
3018 2657 3209 2736 atque

482 2746 637 2809 utile
686 2746 770 2810 sit
815 2746 1027 2810 taliter
1075 2748 1410 2827 providere,
1465 2747 1625 2829 quod
1658 2746 1793 2810 iura
1831 2750 2044 2810 nostra
2070 2765 2210 2810 cum
2240 2746 2466 2810 honore
2494 2745 2704 2808 nostro
2737 2742 3206 2806 substineantur

481 2838 545 2898 et
591 2833 1000 2912 defensentur,
1053 2838 1372 2917 propterea
1421 2835 1664 2898 videtur
1707 2834 2110 2915 sapientibus
2164 2833 2292 2897 fore
2338 2833 2806 2906 neccessarium,
2858 2829 3012 2912 quod
3065 2847 3206 2906 curn

481 2923 984 2986 ambaxatoribus
1035 2924 1259 2986 nostris
1302 2922 1482 2985 ituris
1532 2924 1595 2996 in
1640 2922 1797 2985 bona
1849 2921 2092 2985 fortuna
2134 2921 2209 2983 ad
2260 2921 2575 2984 dominum
2605 2938 2811 3001 regem
2859 2918 3208 3001 predictum

483 3010 771 3073 mittatur
819 3010 1066 3092 quidam
1119 3012 1613 3091 sapientissimus
1661 3014 1725 3072 et
1771 3009 2339 3073 sufficientissimus
2387 3010 2566 3072 iudex
2628 3007 2872 3090 legum,
2939 3005 3049 3088 qui
3098 3004 3213 3068 eli·

483 3099 664 3179 gatur
705 3116 813 3177 per
857 3097 1194 3175 dominum,
1244 3098 1627 3162 consiliarios
1669 3101 1731 3161 et
1777 3098 2002 3178 capita,
2047 3096 2141 3160 cui
2192 3097 2380 3159 etiam
2430 3096 2823 3178 provideatur
2888 3112 2996 3176 pro
3047 3092 3213 3156 dicta

484 3184 582 3248 via
630 3184 797 3247 sicut
838 3184 1145 3249 videbitur
1207 3185 1500 3267 predictis
1564 3185 1843 3261 domin0,
1909 3184 2276 3248 consiliariis
2340 3186 2403 3247 et
2467 3182 2807 3265 capitibus,
2859 3181 2963 3262 qui
3030 3180 3210 3243 iudex

483 3271 653 3335 nullo
707 3273 881 3335 modo
926 3291 991 3336 se
1038 3274 1241 3337 valeat
1301 3273 1715 3337 intromittere
1775 3272 1871 3336 vel
1932 3272 2228 3352 impedire
2275 3270 2338 3333 in
2393 3269 2704 3354 aliquibus
2766 3268 2946 3332 factis
2993 3267 3210 3330 amba·

485 3363 806 3434 xatorum,
871 3360 988 3423 nisi
1055 3361 1253 3424 solum
1320 3362 1380 3424 in
1431 3364 1708 3437 tantum,
1773 3361 2074 3442 quantum
2123 3356 2313 3421 fuerit
2357 3356 2689 3438 requisitus
2748 3358 2812 3419 et
2858 3353 3208 3436 postulatus
3251 3366 3268 3372 ’

483 3466 593 3529 per
630 3446 1060 3511 ambaxatores
1106 3451 1343 3513 nostros
1390 3449 1716 3530 predictos,
1763 3450 1827 3510 et
1871 3447 1930 3509 in
1978 3445 2087 3510 illo
2135 3446 2396 3521 tantum,
2444 3446 2507 3508 in
2555 3461 2673 3525 quo
2720 3441 2905 3506 fuerit
2952 3440 3212 3523 requisi-

482 3547 616 3611 ωε,
665 3533 945 3599 consulat
990 3536 1175 3617 prout
1215 3535 1332 3599 sibi
1381 3554 1489 3618 pro
1538 3537 1664 3600 iure
1713 3537 1776 3599 et
1820 3535 2044 3598 honore
2089 3534 2298 3596 nostro
2347 3531 2651 3595 videbitur
2677 3529 3019 3594 convenire.
3069 3526 3210 3592 Non

482 3622 702 3686 sinceri
764 3624 814 3699 l,
865 3623 939 3686 de
987 3641 1103 3686 non
1149 3623 1212 3698 O,
1263 3623 1370 3687 alii
1421 3625 1494 3688 de
1544 3626 1735 3706 parte.

697 3710 927 3792 Capta:
992 3710 1243 3792 insuper
1304 3711 1734 3775 committatur
1799 3708 2027 3775 nostris
2086 3706 2586 3772 ambaxatoribus
2649 3703 2981 3787 predictis,
3051 3704 3214 3786 quod

481 3801 657 3880 parte
706 3800 916 3863 nostra
964 3797 1194 3862 faciant
1239 3800 1682 3863 salutacionem
1717 3798 2141 3861 honorabilem
2176 3802 2240 3860 et
2272 3795 2590 3859 decentem
2625 3793 2926 3858 ambabus
2960 3792 3212 3876 reginiS‚

487 3886 536 3950 si
587 3888 771 3950 erunt
814 3886 922 3962 ibi,
973 3886 1075 3950 ubi
1124 3887 1243 3950 erit
1283 3888 1596 3969 presencia
1643 3886 1879 3949 domini
1926 3885 2126 3968 regis;
2197 3884 2249 3947 si
2313 3900 2454 3947 vero
2519 3901 2635 3947 non
2684 3882 2893 3945 essent
2936 3881 3023 3945 ibi
3052 3929 3067 3959 ,
3118 3901 3213 3944 re-

485 3978 731 4038 maneat
775 3973 837 4037 in
884 3993 1092 4038 eornm
1138 3973 1509 4038 discrecione
1548 3975 1612 4038 et
1657 3972 1946 4037 libertate
1980 3971 2161 4036 eundi
2194 3971 2273 4035 ad
2305 3971 2491 4054 ipsas,
2538 3970 2643 4036 ubi
2691 3972 2890 4045 erunt,
2934 3969 3032 4033 vel
3063 3986 3205 4046 non,

481 4063 663 4142 prout
726 4061 1037 4126 videbitur
1099 4062 1188 4125 eis
1251 4080 1358 4144 pro
1424 4061 1641 4125 maiori
1706 4060 2096 4143 expedicione
2158 4061 2223 4124 et
2281 4059 2484 4124 favore
2546 4060 2751 4122 nostre
2797 4055 3201 4142 intencionis:

483 4149 704 4229 quibus
738 4148 1042 4213 instanter
1087 4149 1594 4213 recommendant
1617 4150 1868 4231 negocia
1892 4148 2219 4211 ambaxate
2267 4165 2337 4211 eo
2384 4148 2563 4211 modo
2611 4148 2674 4210 et
2719 4144 2933 4222 forma,
2985 4143 3209 4225 quibus

485 4234 675 4298 etiam
727 4236 1128 4318 cognoverint
1172 4236 1473 4317 expedire.
1524 4236 1752 4300 Omnes
1799 4237 1873 4299 de
1920 4237 2116 4317 parte.

699 4322 929 4404 Capta:
976 4325 1040 4387 et
1082 4323 1237 4388 fiant
1283 4322 1492 4388 littere
1539 4322 1927 4388 credulitatis
1988 4340 2096 4404 pro
2158 4321 2341 4385 dictis
2405 4318 2912 4385 ambaxatoribus
2963 4317 3212 4385 domino

486 4408 626 4473 duci
672 4409 946 4488 Austrie,
997 4412 1061 4475 et
1105 4410 1489 4493 quibuslibet
1534 4411 1673 4475 aliis
1716 4411 1983 4475 dominis
2046 4412 2110 4474 et
2155 4409 2745 4484 communitatibuS,
2795 4426 2902 4488 per
2949 4424 3213 4489 quorum

487 4496 804 4561 territoria
847 4498 1179 4562 transitum
1214 4498 1444 4562 facient
1488 4498 1637 4562 dicti
1688 4499 1880 4562 nostri
1943 4498 2410 4572 ambaxatoreS,
2458 4514 2570 4559 nec
2624 4513 2744 4559 non
2781 4494 3029 4557 domino
3081 4511 3215 4557 car-

487 4582 682 4647 dinali
724 4582 931 4666 legato
978 4602 1136 4649 nunc
1182 4585 1468 4649 existenti
1534 4585 1593 4650 in
1659 4586 1940 4667 partibus
1987 4583 2152 4660 illis,
2217 4584 2279 4646 et
2323 4583 2441 4646 sibi
2502 4583 2902 4665 imponantur
2947 4600 3057 4664 per
3104 4579 3213 4643 do-

486 4671 754 4748 minum,
803 4671 1185 4736 consiliarios
1223 4675 1288 4736 et
1331 4672 1536 4755 capita
1581 4673 1692 4736 illa
1727 4673 1932 4747 verba,
1982 4690 2098 4753 que
2145 4670 2578 4735 conveniencia
2628 4669 3035 4745 videbuntur,
3084 4666 3208 4731 ref-

491 4756 743 4821 serenda
788 4760 923 4823 tam
970 4758 1243 4840 predicto
1290 4758 1537 4823 domino
1597 4759 1734 4824 duci
1801 4759 2087 4835 Austrie,
2136 4776 2320 4840 quam
2367 4757 2749 4838 quibuslibet
2793 4756 2934 4820 aliis
2985 4754 3214 4837 princi-
