3620 5282
488 350 612 416 126

486 522 735 589 comitis
781 525 846 588 et
889 520 1045 589 dicti
1086 523 1429 589 communis
1475 522 1765 606 Tragurii
1813 522 2071 603 iuratuS,
2120 522 2414 606 predictis
2458 524 2746 589 omnibus
2810 540 3062 607 presens
3110 541 3211 589 ro-

482 616 666 695 gatus
713 611 958 693 publice
1007 611 1245 694 scripsi.

571 702 908 778 Paetorum,
969 702 1032 761 V.
1082 704 1225 770 109,
1272 719 1315 760 u
1354 701 1695 760 mletackom
1739 699 1970 759 arkivu.

826 889 1209 972 CXCIII.
1260 889 1466 971 θοὰ.
1521 890 1751 971 1349.
1808 888 1904 971 12
1960 889 2329 990 svibnja,
2383 912 2443 971 u
2501 888 2865 991 Spljetu.

483 1016 789 1091 Spbeaeani
832 1017 996 1089 §aljzc
1062 1017 1219 1089 svoje
1268 1016 1698 1089 punamodnike
1742 1033 1785 1072 u
1832 1014 2056 1074 Mletke
2114 1032 2145 1074 s
2187 1017 2510 1088 naputkom
2530 1059 2545 1084 ‚
2608 1017 2689 1075 da
2739 1033 2811 1074 sa
2873 1016 3211 1090 troyirskim

482 1105 508 1164 i
569 1105 909 1165 §ibcnickim
975 1121 1014 1162 a
1055 1103 1174 1177 pod
1215 1105 1565 1176 ravnanjem
1626 1103 1905 1161 mletacke
1962 1103 2134 1161 vlade
2189 1107 2473 1163 ustanove
2525 1104 2706 1164 παῦἰη
2750 1103 2945 1164 εῖοέηε
2989 1105 3208 1164 ebranc

1376 1192 1545 1264 proti
1587 1190 1944 1263 napadauju
1989 1190 2299 1249 ‹iu-§mana

694 1307 1045 1375 Sindicatus
1093 1308 1572 1392 Spalatinorum.
1614 1312 1685 1374 In
1722 1310 1821 1376 dei
1856 1311 2102 1375 nomine
2148 1329 2351 1376 amen.
2400 1310 2579 1375 Anno
2612 1330 2646 1375 a
2673 1311 2997 1376 nativitate
3042 1308 3206 1374 eius-

483 1397 627 1462 dem
671 1398 1004 1462 millesimo
1070 1397 1500 1461 trecentesimo
1563 1399 2033 1480 quadragesimo
2095 1416 2288 1475 nono,
2349 1398 2686 1464 indictione
2755 1399 3056 1474 secunda,
3111 1416 3209 1462 re—

482 1487 712 1569 gnante
759 1485 1007 1549 domino
1053 1484 1352 1548 Lodovico
1413 1485 1802 1549 serenissimo
1869 1504 2010 1568 rege
2055 1485 2375 1568 Hungarie
2434 1503 2506 1550 ac
2549 1486 2797 1550 domino
2843 1488 3052 1551 nostro
3098 1485 3209 1548 do-

485 1573 652 1636 mino
698 1572 946 1636 Andrea
991 1571 1276 1636 Dandulo
1324 1572 1417 1635 dei
1465 1572 1670 1654 gratia
1716 1573 1931 1637 inclito
1980 1574 2130 1637 duce
2179 1573 2616 1652 Venetiarum,
2674 1575 3056 1655 temporibus
3102 1591 3207 1636 ve-

485 1658 780 1725 nerabilis
844 1659 1039 1741 patris
1086 1659 1150 1722 et
1197 1658 1431 1722 domini
1493 1660 1724 1723 domini
1786 1659 1999 1724 fratris
2062 1660 2380 1743 Peregrini
2426 1660 2525 1725 dei
2590 1661 2793 1744 gratia
2853 1660 3206 1725 archielecti

488 1746 890 1830 Spalatensis,
944 1746 1179 1829 egregii
1221 1748 1283 1810 et
1319 1740 1590 1828 potentis
1629 1748 1745 1812 viri
1786 1748 2022 1812 domini
2054 1748 2224 1813 Petri
2269 1748 2476 1839 Memo
2523 1747 2898 1813 honorabilis
2942 1747 3207 1827 comitis,

487 1852 558 1898 ac
603 1834 908 1898 nobilium
958 1836 1231 1898 virorum
1278 1833 1664 1898 dominorum
1712 1834 1930 1900 Nicole
1995 1835 2284 1914 ancari,
2348 1855 2446 1900 ser
2508 1835 2789 1901 Tomaxii
2848 1835 3098 1899 Alberti
3144 1836 3209 1899 et

483 1920 687 1987 Jancii
732 1920 974 1997 Leonis,
1023 1920 1293 1984 iudicum
1339 1922 1611 1985 civitatis
1657 1921 1932 2004 Spalati,
1981 1923 2079 1987 die
2144 1923 2500 1988 duodecimo
2564 1923 2749 2001 maii,
2813 1922 3100 2006 egregius
3145 1923 3210 1985 et

484 2012 702 2092 potens
752 2010 844 2072 vir
888 2007 1173 2072 dominus
1217 2007 1438 2072 Petrus
1484 2007 1692 2072 Memo
1757 2028 1965 2074 comes
2025 2009 2414 2093 supradictus
2472 2030 2595 2076 una
2654 2029 2797 2074 cum
2842 2013 2977 2075 octo
3025 2008 3204 2073 nobi-

482 2095 649 2160 libus
696 2097 762 2160 et
808 2095 1190 2178 sapientibus
1235 2113 1309 2159 ex
1355 2096 1611 2160 arbitrio
1659 2096 1747 2161 eis
1787 2115 2073 2162 concesso
2117 2117 2224 2180 per
2269 2097 2617 2181 generalem
2680 2099 3010 2162 consilium
3055 2096 3210 2162 civi-

484 2184 638 2248 tatis
682 2181 936 2264 Spaleti,
998 2184 1070 2246 ut
1113 2200 1187 2245 ex
1238 2182 1404 2249 dicto
1466 2201 1677 2248 eorum
1739 2184 1997 2249 arbitrio
2058 2186 2238 2267 plene
2300 2187 2476 2267 patet
2534 2204 2646 2269 per
2703 2184 3208 2250 reformacionem

484 2271 680 2352 ipsius
726 2270 1030 2352 generalis
1075 2268 1316 2333 consilii
1362 2269 1657 2352 scriptam
1703 2289 1812 2353 per
1876 2272 2178 2337 Jacobum
2237 2274 2492 2337 condam
2547 2273 2966 2338 Bartholomei
3011 2270 3207 2355 ipsius

486 2357 720 2422 domini
767 2358 1011 2421 comitis
1081 2356 1494 2421 cancelarium
1541 2357 1654 2422 sub
1702 2377 1861 2423 anno
1924 2361 1989 2423 et
2052 2358 2384 2425 indictione
2444 2360 2738 2442 predictis
2798 2364 2860 2424 et
2906 2359 3005 2425 die
3049 2377 3207 2425 nono

484 2443 788 2529 presentis
833 2444 1067 2509 mensis
1113 2443 1282 2522 maii,
1329 2462 1367 2508 a
1414 2464 1512 2509 me
1557 2445 1841 2511 Johanne
1887 2447 2123 2511 notario
2172 2446 2565 2530 interscripto
2612 2447 2744 2513 visa
2788 2449 2853 2511 et
2896 2448 3096 2524 lecta;
3146 2448 3211 2511 et

489 2531 613 2615 ipsi
654 2531 892 2597 nobiles
938 2550 1151 2596 omnes
1196 2531 1439 2598 nemine
1486 2533 1870 2597 discordante
1900 2553 1972 2599 ex
1997 2533 2364 2598 auctoritate
2388 2534 2664 2615 predicta
2712 2552 2834 2598 una
2882 2553 3024 2599 cum
3069 2552 3210 2617 pre-

426 2674 430 2678 .
485 2620 645 2685 facto
690 2618 938 2684 domino
980 2619 1206 2684 comite
1258 2619 1389 2685 vice
1436 2621 1499 2685 et
1546 2622 1791 2686 nomine
1837 2621 2031 2705 ipsius
2085 2621 2429 2686 communis
2475 2623 2539 2686 et
2582 2621 3007 2687 universitatis
3069 2640 3210 2705 pre-

481 2708 610 2772 fate
657 2707 930 2774 civitatis
973 2707 1212 2789 Spaleti
1259 2706 1554 2785 fecerunt,
1603 2709 2053 2774 constituerunt
2097 2710 2161 2773 et
2202 2708 2637 2775 ordinaverunt
2682 2710 2920 2775 nobiles
2971 2711 3036 2774 et
3079 2709 3206 2774 dis-

483 2799 683 2862 cretos
729 2796 895 2860 viros
935 2794 1334 2860 Franciscum
1379 2797 1669 2861 Damiani
1716 2801 2068 2880 presentem
2115 2801 2180 2861 et
2222 2796 2618 2878 recipientem
2683 2800 2747 2863 et
2792 2796 3207 2862 Laurencium

484 2882 706 2948 Nicole
744 2882 890 2949 licet
935 2882 1254 2947 absentem
1302 2884 1621 2966 tamquam
1670 2904 1922 2967 presens
1969 2888 2033 2951 et
2077 2884 2395 2967 quenlibet
2416 2903 2631 2949 eorum
2676 2885 2740 2949 in
2781 2884 3068 2963 solidum,
3117 2885 3209 2949 ita

485 2970 644 3053 quod
693 2971 1046 3052 occupantis
1092 2970 1366 3035 condicio
1416 2972 1615 3053 pocior
1656 2991 1772 3056 non
1821 2973 2067 3050 existat,
2115 2972 2221 3050 sed
2267 2973 2426 3054 quod
2459 2992 2618 3037 unus
2645 2991 2855 3038 eorum
2884 2972 3206 3055 inceperit,

484 3058 645 3122 alter
689 3059 887 3139 possit
931 3058 1220 3140 prosequi
1249 3061 1312 3122 et
1351 3058 1547 3137 finire,
1595 3078 1756 3137 suOS,
1801 3078 1946 3144 ymo
1989 3061 2188 3125 verius
2221 3059 2372 3124 dicti
2417 3061 2762 3126 communis
2808 3063 2871 3125 et
2913 3060 3215 3126 universi·-

485 3145 639 3210 tatis
687 3144 921 3226 prefate
962 3146 1233 3210 civitatis
1282 3144 1540 3227 Spaleti,
1593 3166 1767 3212 veros
1832 3150 1896 3212 et
1958 3148 2312 3230 legiptimos
2377 3148 2699 3231 syndicoS,
2762 3148 3206 3225 ambaxatoreS,

486 3235 935 3315 procuratores,
981 3234 1238 3312 actoreS,
1285 3232 1568 3313 factoreS,
1627 3236 2065 3318 negociatoreS,
2114 3239 2389 3318 gestores
2434 3237 2497 3300 et
2542 3255 2752 3300 eorum
2809 3237 3007 3300 certos
3053 3253 3209 3299 nun-

488 3320 617 3385 cios
655 3321 959 3402 speciales
1008 3321 1105 3384 vel
1150 3320 1214 3383 in
1259 3340 1380 3403 quo
1428 3321 1550 3386 alio
1597 3323 1843 3387 nomine
1889 3324 1962 3386 de
2003 3324 2134 3388 iure
2179 3323 2298 3387 dici
2336 3325 2543 3405 potest
2589 3324 2810 3387 melius
2857 3321 3206 3387 attenseri

485 3407 850 3490 specialiter,
900 3409 975 3471 ad
1021 3409 1498 3490 comparendum
1545 3428 1654 3492 pro
1697 3410 1785 3473 eis
1832 3412 1895 3474 et
1940 3429 2150 3474 eorum
2182 3411 2427 3475 nomine
2453 3428 2659 3475 coram
2686 3408 3203 3474 excellentissimo

487 3495 737 3559 domino
784 3496 1030 3560 domino
1077 3495 1328 3560 Andrea
1389 3497 1678 3562 Dandulo
1740 3498 1840 3562 dei
1897 3498 2109 3581 gracia
2168 3497 2533 3580 dignissimo
2594 3498 2750 3562 duce
2797 3495 3212 3562 Veneciarum'

485 3587 548 3648 et
586 3583 717 3647 eius
763 3583 1037 3647 consiliis
1080 3582 1159 3646 ad
1205 3584 1598 3661 audiendum,
1657 3585 2006 3662 videndum,
2057 3584 2469 3662 tractandum,
2518 3584 3038 3666 componendum,
3099 3583 3207 3647 fir-

486 3670 804 3746 mandum,
866 3669 1305 3753 perficiendum
1373 3674 1436 3736 et
1498 3672 1914 3755 recipiendum
1969 3692 2213 3738 omnem
2279 3672 2786 3754 compositionem
2834 3690 3203 3753 omnemque

484 3761 818 3824 tractatum
863 3776 1002 3822 cum
1065 3758 1555 3842 quibuscumque
1618 3761 1932 3842 personiS‚
2000 3760 2277 3843 collegiis
2317 3760 2389 3830 ,et
2434 3758 2944 3824 universitatibus
2995 3760 3205 3824 cuius-

484 3865 744 3928 cumque
790 3845 1080 3923 civitatis,
1121 3848 1286 3910 terre
1332 3849 1396 3910 et
1440 3847 1577 3925 loci,
1627 3850 1690 3912 et
1734 3867 1912 3912 omne
1983 3849 2345 3911 mandatum
2410 3866 2592 3930 super
2657 3849 2872 3929 quovis
2935 3847 3207 3931 negotio,

484 3935 666 4017 prout
711 3935 775 3997 et
818 3933 981 3997 sicut
1023 3934 1590 4016 quomodocumque
1637 3938 1700 3999 et
1745 3935 2273 4018 qualitercumque
2322 3935 2442 4017 ipsi
2486 3934 2693 4000 ducali
2727 3936 2994 4001 dominio
3041 3934 3211 4001 vide-

486 4022 652 4085 bitur
695 4023 759 4084 et
802 4020 1094 4103 placebit,
1143 4023 1207 4084 et
1250 4021 1302 4084 si
1337 4040 1581 4086 necesse
1611 4022 1815 4099 fuerit,
1862 4023 2337 4087 affirmationem
2364 4022 2798 4105 predictorum,
2842 4023 3000 4087 bona
3042 4040 3233 4088 com-r

486 4109 689 4173 munis
738 4109 803 4172 et
843 4107 1268 4173 universitatis
1317 4109 1591 4174 civitatis
1636 4109 1873 4191 Spaleti
1937 4111 2353 4192 obligandum,
2404 4112 2468 4174 et
2513 4111 2706 4176 etiam
2748 4111 2803 4175 si
2850 4111 3205 4193 expedierit,

460 4205 731 4258 ‘omnem
778 4197 1165 4259 contractum
1213 4196 1652 4278 cuiuscumque
1698 4198 1941 4279 generis
1987 4199 2050 4262 et
2095 4199 2210 4262 sub
2257 4216 2645 4280 quacumque
2693 4200 2890 4263 forma
2936 4199 3071 4263 fieri
3117 4197 3211 4262 fa-

486 4280 771 4346 ciendum
818 4301 958 4346 cum
1005 4283 1324 4364 rogationc
1373 4286 1769 4362 notariorum,
1818 4304 2117 4367 penarum
2163 4284 2505 4349 adiectione
2548 4287 2612 4350 et
2657 4287 2949 4350 bonorum
3014 4285 3210 4369 ipsius

484 4369 832 4433 communis
878 4370 1283 4453 obligatione,
1329 4374 1392 4435 et
1434 4373 1803 4454 generaliter
1866 4371 1943 4436 ad
2004 4372 2211 4436 omnia
2258 4375 2322 4436 et
2364 4372 2610 4455 singula
2670 4373 3055 4452 faciendum,
3104 4391 3213 4455 ge-

483 4457 761 4555 rendum,
810 4459 1207 4522 exercendum
1254 4461 1319 4523 et
1357 4461 1731 4541 operandum
1774 4478 1915 4524 cum
1981 4459 2267 4523 omnibus
2328 4458 2469 4524 aliis
2535 4461 2829 4544 capitulis
2891 4461 3100 4525 tacitis
3148 4461 3213 4524 et

486 4543 806 4625 expressiS,
854 4562 969 4625 que
1018 4544 1080 4609 in
1126 4546 1421 4627 predictis
1468 4550 1532 4611 et
1577 4547 1736 4611 circa
1780 4546 2061 4630 predicta
2107 4548 2171 4610 et
2213 4546 2290 4610 ab
2338 4546 2571 4612 eisdem
2614 4547 3102 4631 dependentibus
3149 4549 3213 4612 et

486 4630 790 4714 expressis
837 4632 902 4695 et
945 4650 1194 4714 prorsus
1240 4633 1545 4700 extraneis
1591 4634 1823 4699 fuerint
1868 4633 2250 4699 neccessaria
2290 4635 2356 4698 et
2400 4638 2759 4718 opportuna,
2802 4637 2868 4700 et
2911 4653 3029 4717 que
3075 4633 3212 4715 qui-

488 4718 646 4786 libet
690 4725 870 4785 verus
917 4722 980 4783 et
1026 4718 1388 4803 legiptimus
1434 4721 1745 4806 syndicus,
1788 4721 2170 4800 ambaxator,
2233 4727 2623 4804 procurator,
2685 4724 2858 4787 actor
2903 4725 2969 4786 et
3012 4720 3207 4786 factor
