3620 5282
484 356 614 423 224

485 529 743 612 gnificus
790 528 1076 592 dominns
1103 529 1387 593 dominus
1413 527 1687 592 Andreas
1716 527 2001 592 Dandulo
2049 526 2148 590 dei
2193 526 2397 608 gratia
2422 524 2848 600 Veneciarum,
2899 525 3215 589 Dalmacie

494 621 679 698 atque
726 615 1019 681 Chroacie
1067 616 1207 693 dux,
1272 615 1556 680 dominus
1604 617 1820 697 quarte
1866 614 2065 697 partis
2114 618 2176 677 et
2222 613 2484 677 dimidie·
2541 613 2736 676 totius
2799 612 3044 693 imperii
3092 613 3216 676 Ro-

496 705 696 769 manie
742 723 863 768 una
904 724 1042 768 cum
1092 723 1201 768 suo
1249 704 1504 767 consilio
1549 706 1612 765 et
1658 704 1862 784 ipsum
1913 702 2231 766 consilinm
2298 720 2438 765 cum
2502 702 2716 765 eodem
2770 702 3014 765 domino
3063 702 3211 765 duce

495 793 871 857 unanimiter
916 795 979 855 et
1026 791 1406 856 concorditer
1454 792 1696 855 nemine
1743 790 2131 872 discrepante
2181 808 2288 871 pro
2336 808 2402 853 se
2449 791 2513 852 et
2576 788 3032 853 successoribus
3093 789 3220 851 suis

493 899 567 944 ac
615 879 863 943 nomine
911 883 973 943 et
1018 880 1154 943 *vice
1202 879 1544 943 communis
1571 878 1981 941 Veneciarum
2027 877 2416 955 omnimodo,
2461 878 2610 951 iure,
2658 877 2854 941 forma
2903 878 2968 940 et
3012 894 3217 951 causa,

488 968 710 1050 quibus
757 967 988 1031 melius
1020 969 1371 1050 potuerunt,
1424 966 1716 1045 fecerunt,
1752 967 2132 1042 creaverunt,
2183 965 2636 1028 constit-uerunt
2678 966 2741 1027 et
2787 963 3222 1028 ordinaverunt

495 1074 638 1118 suos
687 1057 751 1119 et
797 1055 947 1118 dicti
997 1056 1338 1118 communis
1386 1053 1795 1118 veneciarum
1852 1055 2088 1117 certum
2140 1052 2469 1128 nuncium,
2535 1051 2840 1115 sindicum
2891 1055 2954 1115 et
3001 1069 3220 1133 procu-

491 1146 762 1207 ratorem
813 1142 1227 1224 negociorum,
1276 1145 1584 1221 gestorem
1634 1143 1698 1205 et
1745 1140 2032 1223 quicquid
2079 1140 2348 1222 amplius
2397 1139 2518 1203 dici
2565 1142 2766 1222 potest
2833 1139 3103 1202 nobilem
3153 1144 3216 1202 et

499 1231 845 1312 sapientem
907 1231 1105 1293 virum
1156 1230 1472 1293 dominum
1532 1228 1858 1293 Nicolaum
1925 1228 2118 1310 Volpe
2181 1226 2531 1309 specialiter
2592 1227 2668 1291 ad
2720 1226 3217 1301 conveniendum,

494 1320 896 1381 tractandni
944 1319 1008 1380 et
1058 1316 1507 1398 paciscendum,
1550 1336 1620 1381 ac
1665 1318 1991 1393 tractatuS,
2042 1316 2471 1379 conventiones
2521 1317 2584 1379 et
2628 1317 2811 1397 pacta
2870 1314 3215 1391 iniendum,

495 1406 868 1483 faciendum,
921 1404 1288 1469 firmandum
1338 1408 1401 1469 et
1443 1405 1870 1486 complendum
1914 1423 2052 1467 cum
2104 1421 2488 1485 quacumque
2520 1420 2780 1484 persona
2825 1404 2956 1465 tam
2999 1405 3219 1466 veneta

495 1512 682 1576 quam
732 1493 962 1557 forensi
1010 1512 1192 1575 super
1237 1491 1611 1574 accipiendis
1660 1492 1926 1555 denariis
1974 1510 2082 1573 per
2113 1491 2423 1554 cambium
2448 1490 2834 1572 assignandis
2881 1508 2990 1572 per
3019 1489 3221 1574 ipsum

501 1581 811 1645 sindicum
858 1581 1207 1645 nominibus
1254 1578 1630 1662 supradictis
1677 1580 1779 1644 hic
1827 1579 2109 1643 Venociis
2171 1580 2267 1643 vel
2328 1578 2519 1654 alibi,
2579 1581 2644 1642 et
2688 1576 3051 1661 recipiendis
3115 1596 3224 1660 per

494 1669 700 1750 ipsum
747 1668 1066 1732 dominum
1131 1667 1345 1731 ducem
1411 1671 1473 1732 et
1535 1687 1714 1731 suum
1771 1666 2099 1731 consilium
2165 1667 2262 1731 vel
2324 1665 2579 1730 nuncios
2628 1683 2770 1730 suos
2835 1665 2895 1728 in
2943 1665 3221 1748 partibus

493 1756 794 1820 Romanie
841 1758 905 1820 et
951 1755 1343 1838 ubicumque.
1395 1755 1568 1831 (Alia
1597 1758 1858 1833 desunt).

584 1846 1150 1906 Commemorialium
1183 1847 1221 1904 1
1236 1846 1297 1906 V.
1346 1846 1495 1915 207,
1540 1864 1584 1904 u
1621 1847 1963 1906 mletaclcom
2007 1846 2237 1905 arkivu.

704 2086 1347 2170 CCCXXXVII.
1411 2086 1618 2169 Gon.
1673 2087 1898 2171 1352.
1956 2088 2060 2171 29
2117 2088 2455 2189 offiujka,
2508 2111 2568 2170 u
2622 2087 3016 2171 metcih.

496 2232 788 2308 Poqodba,
826 2250 909 2304 po
958 2232 1116 2305 kojoj
1161 2232 1471 2305 republika
1495 2232 1631 2306 daje
1678 2251 1715 2290 u
1761 2234 1959 2307 zajam
1996 2234 2150 2292 Vidn
2176 2234 2477 2304 Guceticu,
2525 2233 3010 2302 Dubrovcaninu,
3041 2233 3222 2306 njeku

884 2348 891 2355 ·
1622 2325 1790 2378 scota
1836 2340 2078 2381 novaca.

702 2456 1084 2540 Compositio
1129 2459 1194 2522 et
1239 2460 1486 2539 pactum
1537 2457 1851 2524 firmatum
1919 2479 2061 2524 cum
2108 2458 2257 2525 Vita
2304 2462 2377 2524 de
2423 2459 2627 2525 Gozio.
2706 2460 2779 2524 In
2825 2457 3060 2525 Christi
3110 2477 3219 2523 no-

498 2547 660 2610 mine
707 2564 905 2621 amen,
945 2562 1105 2608 anno
1156 2546 1500 2611 nativitatis
1546 2547 1775 2611 domini
1826 2548 2158 2614 millesimo
2224 2548 2655 2613 trecentesimo
2711 2548 3220 2630 quinquagesimo

495 2633 783 2712 secundo,
834 2633 1064 2697 mensis
1112 2632 1327 2698 marcii
1374 2632 1473 2698 die
1534 2635 1835 2718 vigesimo
1898 2655 2090 2714 non0,
2159 2635 2462 2702 indicione
2523 2635 2774 2719 quinta,
2828 2635 3110 2701 Veneciis
3158 2636 3219 2701 in

505 2723 765 2787 ecclesia
811 2721 1010 2785 sancti
1058 2720 1253 2786 Marci
1302 2741 1486 2805 prope
1541 2723 1739 2787 altare
1788 2725 1985 2788 sancti
2043 2725 2299 2803 Jacobi,
2369 2724 2754 2806 presentibus
2819 2723 3026 2788 nobile
3088 2723 3220 2788 viro

500 2812 744 2875 domino
772 2809 1015 2873 Bellino
1063 2809 1137 2872 do
1167 2810 1400 2874 Molino
1447 2810 1523 2875 de
1549 2812 1832 2876 Veneciis
1879 2815 2157 2877 contr-ate
2205 2812 2404 2876 sancti
2428 2812 2770 2890 Eustachii,
2819 2829 2890 2875 ac
2937 2810 3220 2875 discretis

496 2901 559 2962 et
605 2897 875 2981 providis
923 2896 1072 2961 viris
1119 2897 1387 2962 dominis
1434 2899 1712 2963 Amadeo
1759 2900 1835 2964 de
1883 2900 2361 2984 Bonguadagnis
2410 2901 2685 2965 contrate
2717 2899 2913 2965 sancti
2955 2899 3218 2978 Proculi,

492 2985 751 3050 Nicolao
804 2984 905 3048 del
951 2984 1251 3049 Chamino
1300 2988 1577 3051 contrate
1625 2988 1821 3052 sancti
1868 2989 2104 3072 Moysi,
2174 2992 2236 3052 et
2284 2986 2633 3053 desiderato
2680 2990 2879 3054 Lucco
2943 2990 3221 3052 contrate

492 3076 700 3137 sancte
746 3072 942 3136 Marie
991 3072 1303 3152 Formose,
1354 3073 1639 3139 omnibus
1688 3076 1944 3144 notariis
1992 3078 2251 3141 ducatus
2297 3075 2743 3154 veneciarum,
2810 3075 3078 3141 testibus
3144 3074 3220 3139 ad

496 3160 610 3224 hec
659 3160 890 3225 vocatis
941 3163 1004 3223 et
1050 3162 1284 3244 rogatis
1345 3164 1407 3225 et
1453 3162 1613 3226 aliis,
1684 3162 1928 3228 Nobilis
1992 3166 2057 3229 et
2116 3162 2361 3247 sapiens
2424 3164 2519 3228 vir
2580 3163 2862 3228 dominus
2926 3162 3220 3227 Nicolaus

499 3246 694 3328 Volpe
741 3246 895 3311 civis
946 3247 1351 3312 Veneciarum
1401 3253 1758 3331 procurator
1802 3253 1868 3315 et
1913 3252 2182 3317 sindicus
2231 3250 2603 3317 constitutus
2649 3270 2756 3333 per
2803 3249 3110 3315 excelsum
3156 3251 3220 3312 et

498 3334 785 3399 inclitum
832 3334 1171 3417 principem
1222 3343 1284 3399 et
1328 3338 1642 3401 dominum
1686 3338 2001 3404 dominum
2052 3340 2366 3405 Andream
2392 3338 2673 3404 Dandulo
2722 3337 2819 3402 dei
2865 3337 3070 3420 gratia
3095 3336 3216 3401 Ve-

494 3421 842 3500 neciarum,
903 3422 1223 3487 Dalmacie
1285 3428 1468 3506 atque
1531 3425 1824 3492 Chroacie
1887 3428 2105 3492 ducem
2170 3432 2232 3494 et
2277 3426 2592 3492 dominum
2653 3427 2868 3508 quarte
2913 3425 3108 3508 partis
3156 3426 3221 3489 et

495 3509 751 3574 dimidie
815 3510 1007 3574 totius
1070 3509 1316 3598 imperii
1391 3514 1689 3579 Romanie
1765 3534 1839 3581 ac
1902 3517 2032 3581 eius
2098 3515 2337 3581 consilii
2406 3515 2486 3580 ad
2553 3513 2946 3597 infrascripta
3014 3512 3220 3579 omnia

494 3600 560 3664 et
604 3597 853 3680 singula
913 3598 1145 3662 habens
1192 3599 1441 3681 plenam
1489 3603 1924 3668 auctoritatem
1970 3606 2033 3668 et
2075 3605 2444 3694 potestatem
2493 3604 2558 3668 et
2604 3601 2931 3667 sindicario
2978 3603 3044 3667 et
3075 3620 3224 3685 pro·

496 3686 806 3751 curator-io
854 3684 1100 3750 nomine
1156 3705 1402 3767 eorum,
1466 3689 1695 3755 habens
1755 3693 1832 3755 ad
1893 3691 2287 3774 infrascripta
2330 3691 2582 3775 plenum
2626 3695 2691 3756 et
2736 3689 3003 3774 speciale
3047 3709 3225 3756 man·

493 3775 706 3840 datum
757 3774 921 3839 sicut
966 3777 1209 3838 constat
1251 3794 1361 3857 per
1408 3777 1720 3860 publicum
1769 3779 2252 3843 instrumentum
2301 3779 2376 3844 de
2422 3778 2606 3844 dictis
2661 3778 3024 3856 sindicaria,
3088 3798 3224 3859 pro-

491 3863 733 3927 curaria
793 3862 858 3926 et
916 3861 1206 3926 mandato
1269 3865 1618 3929 confectum
1680 3884 1789 3947 per
1837 3886 1934 3929 me
1995 3867 2303 3932 notarium
2367 3865 2828 3948 infrascriptum
2892 3885 3049 3931 anno
3114 3868 3222 3932 do-

493 3951 646 4015 mini
712 3948 1043 4013 millesimo
1107 3951 1539 4017 trecentesimo
1610 3954 2115 4036 quinquagesimo
2195 3954 2458 4018 secundo
2522 3955 2754 4019 mensis
2841 3953 3057 4020 marcii
3126 3953 3224 4019 die

493 4037 968 4119 vigesimononO,
1014 4036 1322 4102 iudicione
1387 4041 1637 4122 quinta,
1704 4060 1776 4105 ac
1838 4041 2082 4123 sapiens
2131 4042 2222 4106 vir
2268 4062 2368 4106 ser
2415 4041 2566 4106 Vita
2626 4041 2704 4105 de
2749 4041 2937 4107 Gozio
2979 4043 3052 4105 de
3098 4042 3225 4105 Ra-

494 4127 669 4207 gusio
731 4123 1050 4189 habitator
1112 4125 1516 4192 Veneciarum
1579 4127 1643 4192 in
1706 4131 1989 4193 contrata
2052 4129 2253 4193 sancti
2301 4128 2588 4194 Silvestri
2649 4147 2758 4192 suo
2806 4130 3050 4194 nomine
3082 4149 3226 4212 pro-

495 4212 628 4293 prio
675 4231 746 4276 ac
792 4210 1087 4276 heredum
1137 4214 1201 4277 et
1250 4233 1673 4280 successorum
1721 4235 1975 4281 suorum
2024 4218 2237 4301 sponte
2283 4219 2349 4282 et
2386 4236 2458 4281 ex
2504 4217 2672 4281 certa
2720 4216 2980 4281 scientia
3010 4217 3074 4281 et
3105 4236 3224 4282 non

494 4316 600 4378 per
648 4317 915 4397 errorem
962 4298 1041 4362 ad
1087 4300 1544 4384 infrascriptam
1590 4303 2096 4386 compositionem
2159 4307 2224 4368 et
2285 4308 2468 4387 pacta
2525 4304 2913 4368 concorditor
2960 4305 3221 4370 devene-

496 4387 658 4461 runt,
707 4384 995 4450 videlicet
1039 4389 1195 4469 quod
1247 4391 1554 4470 predictus
1605 4392 1859 4456 inclitus
1902 4391 2187 4456 dominus
2251 4394 2370 4456 dux
2431 4393 2494 4459 et
2559 4391 2690 4456 eius
2747 4391 3073 4457 consilium
3121 4410 3225 4457 su-

495 4473 841 4570 pradictum
889 4475 953 4536 et
995 4474 1123 4554 ipse
1171 4477 1440 4541 sindicus
1489 4478 1819 4544 sindicario
1868 4478 1932 4544 et
1976 4479 2395 4562 procuratorio
2432 4480 2685 4545 nomine
2733 4479 3084 4561 supradicto
3115 4479 3223 4544 da-

498 4560 669 4658 bunt,
718 4560 1123 4657 assignabunt
1172 4565 1236 4627 et
1281 4566 1701 4631 numerabunt
1746 4586 1854 4632 seu
1901 4567 2053 4645 dari,
2119 4568 2427 4631 numerari
2491 4569 2555 4631 et
2614 4567 2925 4649 assignari
2985 4565 3218 4631 facient

496 4645 694 4710 erdem
724 4646 1031 4747 ‘Vite-vel
1074 4649 1205 4747 eius
1254 4653 1473 4717 nuncio
1513 4652 1579 4716 in
1623 4654 1875 4720 civitate
1921 4653 2183 4738 Ragusii
2212 4653 2535 4720 duodecim
2569 4655 2742 4718 mille
2787 4653 3042 4720 ducatos
3074 4654 3223 4720 boni

420 4815 423 4818 ὴ
495 4737 558 4800 et
603 4754 743 4819 puri
787 4753 921 4799 auri
967 4736 1031 4800 et
1074 4737 1225 4802 iusti
1271 4739 1557 4822 ponderis
1605 4742 1781 4808 cunei
1828 4743 2257 4823 Veneciarum‚
2306 4760 2459 4825 quos
2492 4742 2745 4826 quidem
2794 4741 3048 4808 ducatos
3080 4742 3230 4808 duo-
