3620 5282
2977 350 3102 419 251

687 528 1108 613 CCCLXI.
1163 529 1367 614 θοὰ.
1423 529 1647 613 1388.
1700 529 1793 614 21
1844 532 2226 634 svibnja,
2283 553 2340 613 u
2393 530 2786 615 Mletcih.

383 675 678 735 Mletdani
723 675 984 751 nastoje,
1032 675 1113 733 da
1160 676 1277 748 jim
1323 676 1469 735 knez
1514 671 1740 735 dracki‘
1780 677 1970 734 izruci
2030 677 2214 748 njeku
2271 678 2536 749 ,qradsku
2619 676 2787 737 kulu.
2841 674 3102 737 Odredbe

383 762 566 823 tidude
610 780 672 823 se
718 764 875 832 onih,
922 765 1043 836 koji
1087 780 1159 823 su
1203 780 1265 823 se
1307 780 1365 824 ez
1408 762 1703 836 Arbanzje
1770 765 1883 823 kao
1939 766 2208 840 bjequnci
2249 766 2455 838 izpred
2505 765 2751 823 Turaka
2809 765 2986 825 vezili
3063 783 3106 823 u

1500 852 1778 913 mletadke
1822 857 2042 914 strane.

605 970 792 1035 1388.
841 970 940 1036 die
987 971 1137 1037 XXI
1207 971 1375 1036 maii.
1445 970 1767 1054 Sapientes
1817 972 2120 1036 ordinum.
2182 971 2410 1054 Capta:
2457 972 2616 1053 quod
2665 971 3106 1053 respondeatur

387 1060 529 1126 istis
575 1060 1095 1129 ambaxiatoribus
1144 1060 1375 1124 domini
1423 1059 1743 1139 Durachii,
1791 1060 1979 1142 quod,
2029 1060 2192 1125 sicut
2238 1062 2367 1141 ipse
2409 1059 2695 1125 dominus
2741 1066 2802 1123 et
2849 1058 3105 1140 predicti

392 1148 839 1214 ambaxiatores
909 1147 1370 1213 evidentissime
1418 1149 1928 1230 comprehendere
2000 1151 2365 1230 potuerunt,
2436 1165 2544 1212 nos
2592 1147 2669 1212 ob
2717 1147 3103 1230 singularem

392 1235 871 1303 benivolentiam
920 1239 986 1301 et
1030 1255 1324 1316 amorem,
1382 1255 1563 1319 quem
1611 1235 1691 1299 ad
1739 1237 1946 1319 ipsum
1998 1236 2317 1300 dominum
2366 1237 2673 1318 gessimus
2719 1237 2783 1300 et
2825 1234 3107 1318 gerimus

393 1327 694 1409 tanquam
734 1326 810 1391 ad
857 1324 1148 1390 intimum
1196 1325 1259 1389 et
1305 1324 1696 1389 carissimum
1743 1325 2006 1389 amicum
2056 1324 2312 1388 dominii
2361 1324 2573 1398 nostri,
2623 1341 2899 1387 essemus
2944 1341 3108 1388 sem-

393 1433 499 1496 per
545 1414 827 1496 dispositi
876 1413 955 1477 ad
1018 1420 1258 1491 omnia,
1324 1432 1442 1495 que
1487 1413 1772 1478 cederent
1837 1411 1915 1477 ad
1986 1413 2215 1477 bonum
2284 1415 2351 1478 et
2413 1413 2935 1477 conservationem
3007 1410 3107 1476 sui

396 1505 601 1567 status
649 1505 713 1566 et
775 1500 1054 1582 honoria,
1113 1503 1177 1566 et
1238 1501 1621 1566 revolventes
1689 1500 1751 1565 in
1802 1501 2115 1567 mentibus
2164 1501 2389 1565 nostris
2450 1500 2524 1565 ad
2574 1499 3104 1565 conservationem

402 1609 601 1668 suam,
651 1591 1018 1674 cogitamus,
1064 1591 1135 1653 nt
1178 1590 1308 1672 ipse
1354 1588 1643 1654 dominus
1690 1589 1935 1655 facilius
1981 1590 2176 1671 possit
2221 1590 2299 1654 ad
2335 1589 2725 1654 concordium
2773 1590 2839 1653 et
2883 1589 3106 1652 bonam

398 1680 668 1762 quietem
716 1698 857 1744 cum
906 1677 1168 1743 Turchis
1238 1678 1575 1761 pervenire,
1626 1676 1786 1761 quod
1854 1682 2019 1742 esset
2066 1677 2291 1742 bonum
2363 1682 2426 1742 et
2493 1677 2899 1754 fructuosum,
2950 1676 3106 1759 quod

398 1768 527 1850 ipse
595 1767 880 1832 dominus
927 1767 1315 1850 consignaret
1382 1767 1445 1830 in
1513 1767 1800 1832 manibus
1849 1767 2042 1832 nostri
2112 1766 2367 1831 dominii
2437 1766 2659 1832 turrim
2708 1764 3001 1830 Durachii
3066 1782 3103 1828 a

398 1854 670 1932 marina,
737 1874 921 1938 quam
969 1854 1307 1921 faceremus
1354 1854 1675 1920 fortificari
1745 1857 1809 1921 et
1870 1857 2071 1938 aptari
2120 1873 2191 1920 ac
2237 1855 2533 1921 custodiri
2602 1872 2744 1919 cum
2792 1852 3100 1937 aliquibus

397 1943 738 2009 balistariis
788 1944 1014 2009 nostris
1060 1945 1140 2009 ad
1201 1961 1497 2027 expensas
1544 1945 1738 2008 nostri
1790 1942 2171 2022 communis,
2234 1963 2350 2027 que
2398 1942 2641 2026 quidem
2699 1941 2891 2007 turris
2940 1944 3107 2006 esset

399 2051 644 2116 semper
683 2050 794 2116 pro
839 2032 1067 2098 honore
1102 2036 1167 2097 et
1211 2032 1367 2097 bono
1415 2032 1618 2097 status
1650 2031 1885 2097 domini
1932 2031 2193 2116 predicti
2239 2037 2303 2097 et
2349 2031 2702 2097 securitatis
2748 2032 2952 2095 status
2991 2030 3106 2106 sui,

401 2140 584 2204 quem
625 2120 804 2186 valde
849 2123 1247 2204 peroptamus
1279 2122 1597 2203 tamquam
1645 2121 1719 2184 de
1766 2120 2117 2204 magnificio
2149 2119 2347 2185 amico
2392 2120 2583 2185 nostri
2617 2119 2894 2196 dominii,
2926 2135 3107 2201 quem

398 2208 720 2274 intrinsice
771 2209 836 2274 et
881 2209 1139 2274 cordiali
1197 2208 1422 2274 affectu
1479 2207 1842 2292 diligimuS,
1913 2208 2098 2274 dante
2169 2208 2359 2273 etiam
2426 2207 2560 2291 ipso
2620 2207 2864 2272 domino
2934 2205 3107 2270 nobis

400 2299 648 2361 tantum
708 2302 1022 2361 terrenum
1071 2296 1232 2362 circa
1278 2296 1509 2361 dictam
1558 2297 1819 2369 turrim,
1868 2297 2024 2381 quod
2086 2295 2284 2379 possit
2346 2295 2490 2379 poni
2552 2296 2612 2360 in
2660 2293 2958 2359 sortilicia
3010 2293 3107 2359 vel

400 2383 535 2448 fieri
577 2403 698 2450 una
743 2384 918 2450 fovea
965 2384 1196 2470 circum
1245 2386 1429 2462 circa,
1479 2385 1641 2449 sicut
1687 2383 2014 2449 videbitur.
2055 2383 2149 2449 De
2193 2382 2473 2467 predicta
2519 2383 2765 2468 quidem
2809 2381 2967 2447 turri
3013 2381 3108 2446 di·

402 2471 602 2536 cimus
649 2491 760 2556 per
805 2474 1053 2538 modum
1104 2472 1450 2556 predictum
1515 2473 1631 2538 hac
1691 2471 1767 2537 de
1831 2491 2048 2549 causa,
2099 2472 2420 2538 videlicet:
2500 2470 2661 2555 quod
2722 2469 2970 2550 Turchi,
3018 2470 3111 2535 vi·

406 2560 619 2625 dentes
668 2580 733 2625 se
779 2559 1115 2627 destitutos
1161 2562 1386 2626 habere
1434 2561 1664 2627 dictam
1712 2561 1972 2634 turrim,
2038 2580 2155 2644 que
2201 2562 2299 2625 est
2359 2562 2570 2644 portus
2618 2577 2655 2624 a
2702 2559 2937 2624 marina
2980 2559 3112 2623 Du-

401 2648 619 2725 rachii‚
669 2651 732 2715 et
778 2651 935 2734 quod
980 2653 1146 2715 esset
1193 2650 1256 2714 in
1310 2650 1594 2715 manibus
1641 2650 1837 2716 nostri
1885 2650 2163 2729 dominii,
2211 2648 2408 2715 levius
2433 2648 2991 2715 condescenderent
3033 2646 3109 2713 ad

403 2738 792 2817 concordium
841 2743 904 2803 et
949 2736 1472 2820 tranquillitatem
1504 2755 1644 2803 cum
1683 2757 1773 2817 ec,
1822 2740 1976 2824 quod
2024 2738 2198 2803 nobis
2244 2758 2487 2803 summe
2520 2737 2793 2818 placeret
2822 2755 2930 2819 pro
2961 2753 3105 2801 con-

400 2826 745 2891 servatione
807 2829 871 2891 et
936 2827 1308 2910 augumento
1366 2826 1572 2891 status
1632 2826 1869 2891 domini
1935 2826 2361 2910 suprascripti,
2413 2824 2604 2891 etiam
2652 2824 2784 2908 ipse
2831 2825 3111 2889 dominus

399 2913 534 2980 sine
580 2914 765 2980 dubio
806 2915 926 2980 erit
970 2914 1241 2980 securior
1300 2932 1338 2979 a
1398 2913 1637 2979 civibus
1702 2917 1856 2990 suis,
1925 2915 2031 2999 qui
2092 2914 2394 2981 haberent
2453 2914 2640 2980 aliam
2702 2913 3111 2979 intencionem

398 3006 615 3068 contra
660 3022 822 3082 eum,
871 3002 977 3086 qui
1023 3003 1360 3068 manebunt
1408 3004 1485 3068 ad
1533 3003 1979 3069 subiectionem
2023 3003 2256 3069 domini
2303 3003 2582 3086 predicti,
2621 3001 2919 3076 videntes,
2954 3002 3112 3083 quod

397 3090 765 3157 haberemus
811 3091 1034 3157 turrim
1082 3090 1463 3174 predictam3
1529 3091 1756 3157 utendo
1816 3093 1937 3157 hiis
1995 3094 2061 3158 et
2126 3092 2268 3157 aliis
2337 3091 2538 3157 verbis
2608 3089 3002 3174 placibilibus
3050 3092 3113 3154 et

400 3179 597 3257 boniS,
646 3198 763 3262 que
811 3180 1199 3245 videbuntur.
2299 3218 2302 3223 -

616 3267 712 3333 Ad
762 3268 936 3345 illud,
986 3268 1145 3351 quod
1191 3267 1438 3346 dicitur,
1488 3269 1651 3352 quod
1698 3267 1833 3353 ipse
1880 3268 2163 3335 dominus
2211 3269 2402 3335 vellet
2446 3267 2721 3351 accipere
2755 3267 2818 3332 in
2863 3282 3111 3331 uxorem

403 3355 480 3421 de
528 3357 760 3422 nostris
806 3356 1119 3421 nobilibus
1164 3356 1548 3435 dominabus,
1598 3357 2059 3440 respondeatur,
2087 3357 2245 3441 quod
2271 3357 2556 3441 quicquid
2605 3355 2662 3421 ei
2708 3355 2913 3439 placet
2945 3352 3110 3419 circa

403 3445 540 3523 hoc,
593 3448 781 3511 etiam
831 3447 928 3510 est
975 3444 1154 3509 nobis
1200 3445 1513 3529 placidum
1580 3447 1642 3510 et
1702 3447 1951 3528 gratum
2015 3447 2333 3528 tamquam
2391 3445 2467 3509 de
2511 3441 2853 3509 honorabili
2900 3441 2964 3506 et
3008 3460 3108 3506 ca-

399 3534 649 3599 rissimo
696 3532 893 3598 amico
941 3534 1007 3598 et
1066 3534 1205 3599 cive
1266 3537 1492 3607 nostro,
1564 3536 1629 3597 et
1693 3533 1978 3599 dabimus
2027 3533 2234 3599 eidem
2282 3552 2459 3598 omne
2507 3531 2806 3598 auxilium
2853 3531 2919 3597 et
2964 3549 3109 3595 con-

399 3622 632 3697 silium,
680 3623 841 3686 sicut
887 3620 1230 3686 faceremus
1274 3640 1384 3704 pro
1431 3622 1658 3687 nostris
1706 3622 1991 3706 propriis.

604 3725 704 3791 Ad
766 3726 944 3802 illud,
1014 3729 1175 3810 quod
1243 3727 1473 3794 dicitur
1517 3727 1591 3793 de
1639 3728 2046 3793 subventione
2093 3727 2438 3803 bladorum,
2488 3727 2748 3805 dicatur,
2799 3724 2960 3809 quod
3007 3743 3116 3808 op-

400 3815 603 3880 tantes
645 3815 1173 3881 conservationem
1222 3818 1285 3879 et
1335 3816 1562 3881 bonum
1612 3816 1809 3897 ipsius
1842 3816 2072 3881 domini
2125 3834 2235 3900 pro
2280 3817 2801 3897 subventioneque
2847 3833 2975 3890 sua,
3024 3815 3115 3878 sic

401 3903 687 3982 dicimus,
713 3904 872 3988 quod
899 3904 1184 3968 dabimus
1212 3903 1510 3981 ordinem,
1546 3903 1709 3987 quod
1740 3906 2156 3969 conducentur
2187 3905 2566 3969 Durachium
2621 3903 2812 3967 staria
2851 3901 2910 3966 II
2941 3900 3114 3965 mille

403 3992 467 4055 in
514 3992 606 4056 111
655 3992 829 4057 mille
879 3996 1099 4056 veneta
1145 3991 1442 4056 frumenti
1488 4011 1596 4076 pro
1643 3992 1848 4074 precio
1911 3993 2213 4057 librarum
2277 3992 2485 4075 IIII¹l⁹
2538 4010 2645 4075 pro
2714 3990 2907 4054 stario
2952 3990 3114 4053 sicut

398 4080 567 4143 venit
613 4083 824 4145 nostro
872 4082 1209 4157 communi,
1260 4082 1562 4145 existente
1611 4080 1725 4145 hoc
1772 4082 1975 4162 primo
2025 4083 2206 4163 capto
2252 4100 2361 4164 per
2409 4078 2740 4161 collegium
2793 4076 2978 4142 bladi.

609 4167 703 4232 Ad
749 4167 984 4233 factum
1031 4174 1238 4233 autem
1290 4169 1461 4233 illius
1510 4170 1805 4234 territorii
1857 4170 2119 4252 ponendi
2170 4170 2230 4232 in
2278 4168 2572 4233 sortilicia
2618 4184 2728 4249 pro
2776 4164 3110 4231 securitate

402 4256 679 4321 Durachi
752 4259 1089 4322 secundum
1158 4259 1318 4340 quod
1381 4259 1478 4321 est
1537 4258 2000 4331 ratiocinatum,
2067 4258 2224 4340 quod
2287 4274 2429 4320 cum
2477 4255 2758 4319 dominus
2813 4252 3103 4318 Durachii

397 4343 635 4408 videbit
681 4345 928 4427 tempus
975 4346 1264 4428 possendi
1298 4344 1499 4410 facere
1531 4343 1665 4409 fieri
1699 4345 1932 4410 dictam
1969 4344 2227 4422 foveam,
2268 4362 2452 4427 quam
2483 4342 2747 4408 multum
2783 4342 3106 4405 hortamur

397 4432 552 4506 fieri,
599 4450 711 4497 nos
757 4433 1071 4497 offerimus
1104 4451 1214 4499 nos
1247 4434 1391 4498 dare
1424 4432 1544 4497 sibi
1577 4433 1649 4497 de
1675 4432 1978 4498 hedificiis
2022 4432 2247 4498 nostris
2283 4432 2644 4496 necessariis
2687 4450 2795 4515 pro
2836 4428 3114 4494 faciendo

396 4518 638 4585 dictum
679 4520 1072 4600 laborerium,
1112 4524 1180 4586 ut
1227 4522 1423 4604 possit
1466 4521 1655 4586 cicius
1689 4522 1767 4586 ad
1798 4522 2081 4604 optatum
2113 4520 2299 4585 finem
2332 4539 2439 4585 sue
2468 4518 2838 4585 intencionis
2886 4517 3110 4582 venire.

400 4608 483 4671 Et
526 4609 579 4672 si
626 4609 790 4673 idem
841 4610 1124 4675 dominus
1172 4610 1480 4693 indigeret
1524 4609 1734 4693 aliquo
1779 4608 2304 4693 prothomagistro
2351 4610 2599 4691 experto
2645 4606 2721 4673 ad
2767 4603 3112 4672 fatiendum

405 4693 783 4761 laborerium
834 4697 1350 4780 suprascriptum,
1386 4716 1495 4763 nos
1528 4696 2024 4781 complacebinus
2056 4698 2251 4762 eidem
2288 4697 2534 4762 domino
2564 4697 2639 4761 de
2670 4695 2834 4760 dicto
2865 4691 3114 4778 protho-

404 4784 716 4867 magistro
764 4784 1047 4849 alacriter
1094 4787 1158 4850 et
1202 4785 1487 4851 libenter.
1533 4786 1746 4852 Etiam
1792 4783 2077 4850 dabimus
2123 4784 2422 4866 ordinem,
2471 4784 2655 4851 etsie
2686 4780 3113 4850 mandabimus
