3620 5282
2975 322 3104 387 303

374 497 782 561 stituentibus
832 495 921 560 eis
968 496 1198 560 dictam
1247 495 1655 577 quantitatem
1702 493 1972 576 pecunie.
2054 494 2115 559 Si
2155 515 2302 558 *vero
2348 513 2522 559 casus
2569 495 2884 580 acciderit,
2939 496 3099 578 qnod

375 585 559 663 absit,
601 584 762 665 quod
812 584 957 647 ante
1005 582 1527 665 complementum
1576 583 1725 646 dicti
1766 584 2012 646 termini
2068 585 2275 646 decem
2331 601 2629 647 annorum
2676 601 2882 647 comes
2941 584 3104 648 Mla-

377 674 580 746 dinus,
631 672 762 736 eius
808 671 996 746 filius,
1063 670 1418 746 decederet,
1467 673 1532 733 et
1577 671 1869 734 similiter
1929 673 2070 752 post
2128 674 2389 734 mortem
2451 670 2565 734 filii
2612 671 2920 734 accideret
2960 690 3102 735 eam

386 760 543 825 mori
594 764 736 823 ante
783 757 1224 841 perfectionem
1273 758 1423 822 dicti
1472 760 1744 823 termini.
1794 758 2131 822 dominatio
2172 763 2459 822 teneatur
2502 758 2829 822 restituere
2863 758 3101 822 dictum

380 850 656 913 castrum
710 847 801 911 illi
850 846 949 911 vel
988 846 1137 922 illie,
1188 847 1407 928 quibus
1457 847 1592 928 ipsa
1639 866 1747 928 per
1808 847 2252 910 testamentum
2320 865 2499 909 snum
2549 844 2962 923 ordinaverit,
3011 866 3106 910 re-

383 935 792 1000 stituentibus
840 934 928 999 eis
976 935 1301 1018 pecuniam
1328 933 1768 1016 supradictam,
1820 936 1884 998 et
1929 935 2088 1015 qnod
2138 933 2304 997 dicta
2329 933 2577 997 domina
2626 933 2849 997 11611661
2894 952 3106 998 6111666

381 1025 511 1088 6166
558 1023 840 1088 redditus
887 1022 962 1087 de
1009 1020 1322 1086 Scardona
1380 1021 1572 1086 libere
1621 1023 1684 1086 et
1731 1020 2034 1105 expedite.
2083 1022 2313 1086 Verum
2362 1023 2435 1085 de
2482 1022 2670 1086 datiis
2733 1029 2796 1085 et
2844 1022 3107 1104 gabellis

386 1112 816 1195 spectantibus
864 1108 1172 1174 Scardona
1219 1115 1282 1173 et
1330 1111 1653 1173 comitatui
1680 1110 1978 1174 medietas
2021 1109 2105 1173 sit
2146 1112 2209 1173 et
2252 1128 2380 1172 6666
2413 1109 2636 1174 debeat
2667 1109 3107 1174 dominationis

385 1200 623 1264 ducalis
672 1202 736 1264 et
782 1197 905 1262 alia
951 1198 1250 1262 medietas
1297 1197 1462 1262 dicte
1509 1198 1773 1262 domine.
1823 1197 1905 1261 Et
1951 1197 2112 1279 quod
2163 1195 2248 1260 sit
2294 1196 2536 1261 licitum
2585 1196 2856 1260 dominio
2905 1195 3107 1261 facere

384 1288 447 1351 in
495 1287 662 1351 dicto
704 1286 836 1351 loco
884 1304 1131 1350 omnem
1194 1285 1646 1368 reparationem
1695 1290 1758 1350 et
1802 1283 2346 1360 fortificationem,
2411 1304 2592 1366 quam
2657 1284 2951 1362 voluerit,
3020 1286 3109 1348 ita
3202 1346 3207 1351 ,

383 1378 616 1454 tamen,
667 1374 827 1456 quod
873 1392 1153 1457 expense,
1203 1392 1319 1455 que
1367 1374 1585 1438 fierent
1628 1374 1744 1438 hoc
1783 1372 1985 1448 modo,
2035 1391 2152 1436 non
2201 1378 2636 1453 computentur
2684 1373 2823 1451 sibi,
2874 1391 2982 1437 666
3030 1374 3103 1437 66

387 1464 476 1527 616
525 1462 759 1527 sentiat
804 1461 1000 1526 ullum
1049 1479 1233 1537 onus;
1282 1462 1347 1525 et
1390 1462 1552 1543 quod
1598 1460 1943 1525 dominatio
1991 1460 2187 1541 possit
2247 1461 2436 1523 etiam
2500 1478 2723 1542 ponere
2784 1460 2848 1523 16
2896 1460 3110 1543 burgis

389 1549 593 1615 Clisse
641 1552 859 1631 gentes
908 1567 1069 1628 6666,
1118 1551 1285 1613 61661
1331 1549 1449 1613 61111
1500 1549 1809 1614 videbitur
1856 1550 1920 1613 et
1965 1547 2254 1630 placebit.

605 1634 766 1701 Item
814 1634 972 1719 quod
1020 1656 1126 1718 per
1168 1637 1647 1701 dominationem
1697 1636 1808 1701 fiat
1857 1634 2115 1699 munitio
2162 1635 2225 1698 in
2288 1638 2492 1699 castro
2540 1636 2715 1700 Clisii
2762 1638 2834 1699 de
2899 1635 3109 1700 statiis

396 1724 573 1790 mille
623 1725 819 1789 millei
866 1726 994 1789 sive
1041 1723 1338 1788 frumenti
1387 1724 1481 1787 vel
1530 1723 1717 1798 ordei,
1767 1723 1928 1787 sicut
1973 1723 2170 1786 eidem
2219 1721 2621 1787 dominationi
2675 1723 3001 1802 videbitur,
3036 1725 3111 1788 ad

393 1832 745 1878 mensuram
788 1815 1068 1877 venetam
1135 1813 1316 1876 etde
1362 1812 1533 1876 mille
1597 1810 1858 1894 galledis
1907 1810 2068 1887 vini,
2139 1810 2214 1873 66
2277 1829 2396 1892 (166
2458 1810 2705 1892 quidem
2770 1811 3110 1874 munitione

395 1920 513 1964 non
563 1901 923 1982 accipiatur,
974 1900 1090 1963 nisi
1140 1900 1199 1963 in
1248 1917 1394 1964 casu
1441 1900 1865 1972 necessitatis;
1914 1902 1977 1962 et
2023 1899 2075 1961 si
2122 1903 2436 1980 oporteret
2480 1898 2677 1981 accipi
2717 1898 2792 1961 de
2827 1917 2916 1974 ea,
2952 1900 3109 1979 quod

385 1988 788 2053 nihilominus
833 1988 1167 2052 refficiatui·
1206 2005 1315 2068 per
1363 1987 1841 2051 dominationem
1900 1986 2219 2061 ducalem,
2284 1988 2349 2048 et
2410 1988 2691 2049 teneatur
2759 2005 3001 2067 semper
3048 1986 3110 2049 iu

383 2076 675 2141 culmine.
726 2076 959 2140 Verum
1008 2075 1174 2139 61616
1211 2076 1476 2139 munitio
1524 2075 1858 2157 reponatur
1904 2077 1968 2137 et
2013 2079 2408 2137 conservetur
2455 2073 2518 2137 16
2552 2072 2775 2137 Clissio
2820 2074 2934 2136 sub
2966 2074 3113 2137 666-

382 2164 495 2227 bus
543 2164 840 2240 clavibuS,
886 2181 1142 2244 quarum
1195 2183 1316 2226 nna
1364 2163 1448 2227 sit
1492 2164 1652 2246 apud
1702 2161 1903 2236 illum,
1953 2163 2056 2243 qui
2109 2160 2417 2225 videbitur
2459 2161 2752 2237 dominio,
2805 2164 2870 2225 et
2915 2160 3113 2226 altera

382 2251 703 2316 remaneat
743 2251 904 2332 apud
953 2250 1282 2328 dominam,
1332 2252 1401 2314 ut
1448 2250 1522 2315 de
1571 2251 1706 2334 ipsa
1754 2268 1873 2313 non
1930 2249 2285 2330 accipiatur,
2335 2249 2452 2312 6161
2498 2249 2557 2313 16
2606 2268 2752 2313 6666
2804 2248 3110 2313 evidentis

382 2338 791 2403 necessitatis,

595 2427 754 2490 Item
803 2426 963 2508 quod
1009 2427 1186 2491 detur
1226 2424 1604 2508 stipendium
1650 2424 1726 2490 ab
1780 2443 1934 2507 equo
1981 2422 2301 2489 duodecim
2354 2444 2427 2488 ex
2474 2424 2828 2489 hominibus
2862 2426 2987 2488 suis
3035 2424 3109 2489 de

382 2513 607 2579 Clissio
654 2533 764 2596 pro
810 2532 970 2578 anno
1014 2532 1135 2578 uno
1181 2513 1390 2577 futuro
1415 2515 1661 2578 tantum
1712 2512 1789 2577 ad
1826 2512 2018 2577 libras
2063 2512 2275 2577 decem
2302 2532 2629 2596 parvorum
2678 2532 2786 2595 pro
2831 2512 3109 2595 quolibet

382 2603 444 2667 in
493 2621 722 2667 mense.

596 2691 755 2754 Item
803 2690 960 2772 quod
1014 2688 1232 2772 viginti
1280 2689 1548 2772 quinque
1594 2690 1874 2754 116611666
1918 2689 1992 2754 66
2019 2689 2166 2771 pede
2209 2690 2287 2753 ad
2333 2708 2629 2770 expensas
2654 2687 2913 2753 dominii
2946 2708 3115 2752 sem-

385 2797 492 2861 per
537 2782 601 2843 et
647 2780 933 2842 continue
1009 2778 1176 2841 stent
1224 2777 1299 2841 ad
1347 2777 1690 2842 custodiam
1739 2776 1956 2854 Clisse,
2008 2782 2071 2840 et
2117 2775 2517 2841 nihilominus
2581 2778 2643 2840 16
2690 2796 2838 2841 6666
2901 2795 3115 2841 66666-

386 2866 594 2930 sitatis
640 2866 1035 2947 provideatur
1081 2885 1188 2947 per
1234 2865 1573 2930 dominium
1615 2867 1689 2929 de
1739 2865 1957 2929 maiori
1998 2865 2366 2946 quantitate,
2417 2866 2579 2929 sicut
2624 2864 2744 2929 sibi
2789 2863 3109 2928 videbitur

384 2971 494 3035 pro
540 2953 869 3017 securitate
923 2952 1061 3017 loci.

602 3042 761 3105 Item
810 3041 862 3104 si
911 3059 1091 3105 casus
1158 3039 1501 3117 accideret,
1552 3041 1708 3123 quod
1772 3042 1920 3105 deus
1988 3040 2304 3115 advertat,
2378 3039 2540 3122 quod
2596 3043 2868 3103 castrum
2918 3038 3113 3104 Clisse

389 3128 782 3194 amitteretur
830 3149 936 3211 per
986 3129 1129 3205 vim,
1179 3127 1308 3191 sive
1355 3128 1523 3192 61166
1571 3148 1641 3193 ex
1688 3127 1964 3203 fortium,
2014 3129 2077 3192 et
2118 3127 2279 3210 quod
2315 3146 2435 3191 nou
2468 3127 2664 3209 possit
2693 3127 2910 3204 teneri,
2944 3127 3113 3191 facta

392 3215 559 3280 omni
605 3216 977 3280 deffensione
1019 3219 1081 3279 et
1127 3215 1470 3298 provisione
1520 3215 1865 3280 necessaria
1912 3220 1974 3281 et
2024 3215 2301 3297 possibili
2361 3234 2501 3280 cum
2550 3215 2780 3279 auxilio
2830 3215 3110 3280 domina-

396 3304 601 3382 116616,
648 3305 736 3368 116
784 3307 992 3368 166166
1039 3303 1197 3386 (1666
1247 3322 1364 3367 666
1411 3305 1739 3367 amittatur
1794 3323 1866 3368 ex
1900 3304 2161 3368 deffectu
2210 3303 2306 3368 vel
2340 3302 2718 3386 negligentia
2750 3323 2880 3380 sua,
2930 3304 3112 3368 detur

396 3391 513 3455 sibi
562 3395 625 3455 ct
674 3392 798 3457 filio
845 3395 1140 3474 perpetuo
1184 3391 1451 3473 provisio
1500 3393 1866 3456 ducatorum
1928 3395 2348 3456 sexcentorum
2405 3394 2647 3455 monete
2695 3391 2757 3454 in
2806 3410 3002 3468 6666,
3053 3396 3118 3456 61

399 3479 693 3543 reddatur
740 3478 829 3543 eis
877 3477 1209 3557 Scardona,
1257 3479 1729 3543 restituentibus
1773 3478 1924 3562 ipsis
1972 3479 2289 3561 pecuniam
2336 3481 2478 3543 6616
2525 3480 2778 3544 dictam.

603 3568 759 3631 Item
805 3567 963 3650 quod
1008 3567 1083 3630 de
1127 3566 1434 3643 omnibuS‚
1484 3586 1601 3649 que
1648 3567 1836 3630 habet
1880 3572 1944 3631 et
1990 3568 2258 3649 possidet
2305 3570 2367 3631 et
2413 3567 2561 3631 olim
2595 3568 2815 3631 habuit
2839 3568 2969 3631 6166
3002 3567 3115 3644 vir,

392 3657 455 3719 et
498 3674 617 3737 que
661 3657 1048 3737 recuperaret
1097 3654 1522 3738 imposterum,
1576 3654 1915 3720 dominatio
1957 3654 2127 3719 nullo
2177 3655 2356 3719 modo
2403 3675 2467 3719 se
2510 3653 2812 3737 impediat
2857 3654 2932 3717 de
2980 3654 3110 3719 iure

391 3742 486 3807 vel
532 3742 607 3806 de
653 3741 839 3808 facto.

602 3830 764 3895 Item
806 3830 966 3912 quod
1012 3829 1165 3912 ipsa,
1216 3829 1379 3894 filius
1440 3832 1505 3894 et
1563 3833 1778 3913 gentes
1842 3849 1949 3895 sue
2011 3832 2354 3896 tractentur
2402 3831 2627 3915 ubique
2676 3832 2740 3895 16
2810 3830 2961 3895 16616
3008 3828 3119 3894 66-

399 3916 592 3996 611611,
642 3919 806 3983 61661
849 3917 956 3982 6111
1002 3918 1215 3982 fideles
1279 3917 1751 3997 dominationis,
1816 3919 1881 3982 et
1933 3917 1996 3981 16
2044 3918 2183 3996 11116,
2237 3920 2296 3983 16
2361 3920 2583 4000 (1611166
2629 3919 3116 3983 molestarentur

403 4024 508 4069 666
555 4005 1100 4070 damnificarentur
1145 4022 1385 4088 quoquo
1421 4005 1601 4071 modo
1650 4007 1725 4071 ab
1772 4005 2000 4090 aliquo,
2050 4006 2161 4071 fiat
2205 4007 2293 4071 eis
2340 4008 2435 4071 166
2484 4006 2648 4071 61661
2693 4007 2918 4072 ceteris
2966 4003 3118 4070 fide-

394 4092 556 4157 libus
601 4093 1040 4158 dominationis
1087 4094 1377 4175 predicte.

601 4180 763 4246 Item
812 4181 973 4263 quod
1020 4180 1186 4244 filius
1228 4201 1395 4257 suus,
1443 4199 1647 4246 comes
1674 4182 2011 4261 Μ1661666,
2061 4182 2146 4246 611
2190 4182 2342 4247 civis
2380 4182 2654 4261 venetuS,
2700 4183 2764 4247 et
2809 4183 3118 4246 tractetur

397 4267 554 4333 sicut
600 4269 751 4333 olim
801 4270 975 4352 pater
1022 4288 1170 4333 suus
1217 4286 1422 4334 comes
1468 4269 1801 4347 Μ1661666,
1842 4272 1904 4334 et
1948 4269 2057 4334 fiat
2107 4270 2163 4334 ei
2210 4270 2625 4353 privilegium.

602 4357 760 4421 Item
807 4355 966 4439 quod
1012 4357 1366 4438 capitaneus
1414 4358 1541 4421 sive
1610 4360 1812 4422 rector
1872 4356 2114 4422 futurus
2171 4358 2234 4421 in
2299 4357 2603 4422 Scardona
2658 4358 2886 4422 habeat
2950 4356 3114 4421 iudi-

396 4462 530 4508 care
575 4443 639 4507 16
687 4444 974 4509 civilibus
1020 4446 1084 4507 et
1129 4443 1578 4521 61161166111166,
1629 4447 1897 4527 exceptis
1945 4445 2008 4509 in
2033 4445 2520 4527 possessionibus
2570 4449 2634 4510 et
2680 4445 2823 4509 aliis
2873 4446 3106 4510 iuribus

396 4531 656 4603 domine,
702 4550 820 4614 que
868 4534 1218 4614 spectarent
1257 4532 1335 4596 ad
1381 4551 1517 4597 eam
1567 4533 1785 4597 solam.

598 4621 760 4683 Item
805 4618 965 4702 quod
1007 4618 1060 4683 si
1093 4637 1212 4701 quo
1258 4621 1534 4701 tempore
1580 4621 1746 4684 dicta
1790 4622 2041 4685 domina
2085 4624 2294 4703 posset
2360 4638 2719 4701 recuperare
2787 4620 3102 4684 mediante

395 4707 615 4774 auxilio
661 4706 1098 4773 dominationis
1153 4707 1361 4794 aliqua
1407 4727 1519 4772 sua
1566 4710 1721 4774 bona
1768 4708 1866 4772 vel
1909 4708 2064 4787 iura,
2126 4727 2240 4792 que
2285 4711 2662 4792 occupantur
2707 4726 2814 4796 per
2844 4705 3095 4771 Sclavos
3191 4717 3204 4764 ‚²
