3620 5282
2944 393 3073 462 373

569 573 778 636 Factis
825 572 1035 635 autem
1076 570 1626 637 examinationibus
1684 572 1970 637 omnibus
2027 572 2338 654 predictiS,
2407 574 2473 635 et
2532 572 2891 654 adimpletis
2951 573 3066 652 his,

360 681 476 743 qne
525 662 804 741 superius
857 660 1024 724 dicta
1070 666 1234 736 sunt,
1285 662 1588 737 volumus,
1639 662 1778 742 quia
1839 661 2081 726 baiulus
2141 666 2207 725 et
2257 662 2619 743 capitaneus
2687 664 2897 726 noster
2944 662 3075 727 Du-

359 749 549 812 rachii
599 748 773 812 nobis
821 748 1069 830 scripsit
1116 750 1493 831 provisiones
1540 768 1673 812 esse
1721 749 1781 811 in
1831 750 1995 813 dicto
2059 750 2189 814 loco
2261 749 2659 825 necessariae,
2726 750 3072 815 secundum

359 838 516 919 quod
556 836 761 900 videre
804 838 1086 919 poteritis
1135 856 1239 918 per
1282 838 1517 918 copiam
1567 856 1796 910 earnm,
1848 856 2030 920 quam
2072 839 2241 901 vobis
2286 839 2414 902 dari
2468 837 2751 914 fecimus,
2820 843 2882 902 et
2928 837 3073 902 dato

357 925 585 1001 ordine,
637 926 793 1007 quod
839 944 998 989 unus
1045 929 1319 988 vestrum
1370 927 1687 989 remaneat
1756 945 1861 1006 per
1929 926 2322 990 concordium
2398 926 2492 987 vel
2556 929 2810 1002 texeraS,
2878 927 3071 992 donec

356 1013 812 1096 providebimus
859 1017 932 1077 de
978 1016 1236 1087 rectore,
1288 1010 1587 1087 volumus,
1637 1014 1793 1095 quod
1842 1013 1946 1077 alii
1991 1015 2108 1077 duo
2157 1015 2387 1078 vadant
2433 1013 2837 1088 Durachium,
2888 1019 2951 1078 et
2982 1014 3070 1078 ibi

354 1103 481 1165 sint
526 1120 664 1165 cum
717 1101 922 1165 baiulo
969 1104 1031 1164 et
1076 1104 1394 1184 capitaneo
1438 1101 1735 1182 predict0,
1790 1102 2034 1166 videant
2078 1105 2141 1165 et
2187 1103 2539 1166 examinent
2588 1107 2718 1164 tam
2754 1101 2895 1166 illas
2927 1121 3071 1184 pro-

354 1192 642 1260 visiones,
692 1209 843 1295 quas
893 1189 1063 1253 vobis
1112 1189 1397 1252 dabimus
1444 1190 1505 1252 in
1555 1188 1826 1271 scriptis,
1877 1209 2058 1271 quam
2109 1208 2320 1254 omnes
2367 1190 2544 1264 aliaS,
2617 1208 2771 1273 quas
2835 1190 3069 1256 diceret

356 1278 482 1341 fore
533 1278 925 1353 necessariaS,
975 1280 1040 1340 et
1087 1278 1211 1341 illis
1259 1296 1469 1341 secum
1514 1277 1666 1341 bene
1713 1278 1776 1341 et
1821 1275 2153 1361 diligenter
2201 1278 2565 1342 examinatis
2613 1283 2676 1341 et
2722 1278 2953 1342 notatis
3004 1280 3070 1343 et

357 1366 663 1437 omnibus,
753 1384 868 1450 que
948 1366 1295 1429 necessaria
1380 1365 1611 1429 fuerint
1680 1366 1889 1430 circha
1959 1365 2121 1443 illast,
2191 1364 2486 1430 Venetiae
2550 1367 2943 1430 revertantur
2989 1365 3065 1431 de

359 1455 646 1518 omnibus
694 1453 1028 1517 informati.

577 1542 798 1604 Verum
850 1545 920 1605 ut
967 1542 1139 1604 scitis
1189 1540 1503 1604 informati
1553 1542 1626 1605 de
1690 1543 1865 1606 modo
1928 1542 2203 1606 redditus
2265 1542 2541 1606 vestrum
2611 1541 2898 1619 duorum,
2964 1541 3070 1625 qui

362 1630 600 1693 debetis
650 1631 863 1706 redire,
912 1630 1290 1711 providimus
1336 1628 1411 1692 de
1458 1631 1655 1693 dando
1706 1630 1880 1694 vobis
1927 1633 2169 1695 nostras
2217 1630 2436 1694 literas
2483 1631 2804 1711 capitaneo
2852 1632 3062 1694 nostro

360 1717 568 1798 culpbi
617 1720 679 1780 et
725 1736 821 1780 ser
866 1717 1136 1782 ‚Iohanni
1185 1717 1559 1794 LauredanO,
1608 1719 1715 1801 qui
1763 1721 2040 1783 remanet
2087 1719 2249 1783 intra
2295 1718 2609 1800 culphum,
2660 1719 2725 1782 et
2769 1737 2875 1799 per
2922 1717 3065 1783 illas

359 1805 604 1886 utrique
653 1822 863 1869 eorum
916 1806 1300 1884 mandamuS,
1350 1809 1652 1888 quatenus
1697 1808 1772 1871 ad
1821 1824 2065 1871 omnem
2105 1809 2375 1871 vestram
2436 1806 2901 1889 requisitionem
2964 1806 3068 1871 de-

361 1896 543 1957 beant
594 1912 694 1956 vos
744 1893 934 1957 levari
981 1897 1045 1958 et
1091 1893 1347 1959 conduci
1392 1894 1591 1958 facere
1639 1913 1776 1959 cum
1825 1914 1948 1960 una
2009 1914 2080 1959 ex
2135 1895 2264 1959 suis
2327 1894 2524 1977 galeis
2584 1912 2775 1977 usque
2823 1893 3059 1972 Polam,

356 1983 512 2045 unde
563 1992 770 2062 postea
815 2000 953 2045 cum
1006 1982 1249 2047 barchis
1291 1982 1587 2046 Venetias
1636 1984 1917 2062 venietis,
1967 1986 2030 2047 et
2078 1987 2399 2065 propterea
2445 1983 2585 2047 sitis
2633 1982 2953 2046 informati
2985 1981 3062 2046 de

354 2070 552 2133 dando
605 2070 791 2134 talem
840 2070 1116 2134 ordinem
1165 2074 1226 2134 et
1274 2071 1552 2134 habendo
1596 2072 1787 2135 talem
1838 2073 2246 2153 provisionem
2296 2071 2503 2136 circha
2549 2071 2682 2147 hoc,
2731 2069 2894 2153 quod
2926 2089 3068 2153 pos-

354 2158 492 2222 sitis
539 2177 648 2222 suo
696 2158 831 2223 loco
879 2162 943 2222 et
984 2162 1260 2241 tempore
1303 2158 1527 2223 habere
1573 2178 1758 2224 unam
1808 2159 1883 2224 de
1926 2160 2121 2243 galeis
2167 2159 2484 2242 predictis,
2520 2161 2584 2223 et
2614 2158 3059 2224 nichilominus

352 2248 404 2310 si
449 2246 739 2309 videretis
800 2245 1046 2310 illarum
1111 2247 1384 2329 aliquam
1448 2246 1670 2311 habere
1731 2267 1852 2312 non
1921 2267 2118 2330 posse,
2182 2248 2589 2331 relinquimus
2651 2248 2714 2311 in
2759 2247 3057 2312 libertate

350 2338 558 2398 vestra
600 2334 898 2398 veniendo
946 2354 1054 2417 per
1099 2335 1289 2399 alium
1338 2337 1607 2411 modum,
1675 2335 2011 2401 secundum
2081 2337 2239 2420 quod
2300 2336 2471 2399 vobis
2542 2335 2873 2415 videbitur,
2947 2335 3061 2399 ha-

353 2422 551 2486 bendo
601 2426 947 2504 respectum
997 2424 1069 2488 ad
1122 2423 1348 2487 bonum
1397 2427 1460 2487 et
1506 2424 1845 2489 utilitatem
1895 2425 2089 2488 nostri
2136 2424 2502 2489 communis.

565 2510 645 2574 Et
690 2513 761 2573 ut
804 2512 1043 2583 possint
1086 2510 1218 2575 fieri
1258 2530 1439 2592 super
1484 2513 1625 2576 istis
1672 2511 1852 2577 factis
1879 2513 2008 2579 ,ille
2054 2513 2452 2596 provisiones,
2512 2532 2629 2596 que
2695 2512 2881 2578 utiles
2929 2511 3065 2578 fue-

352 2599 496 2674 rint,
546 2598 764 2663 damus
814 2600 984 2664 vobis
1032 2603 1095 2663 et
1127 2600 1384 2665 cuilibet
1417 2602 1688 2665 vestrum
1722 2601 2078 2666 libertatem
2115 2601 2397 2684 possendi
2430 2620 2624 2686 usque
2660 2603 2782 2667 tres
2818 2619 3065 2667 menses

354 2705 391 2750 a
439 2687 552 2764 die,
602 2705 722 2769 quo
770 2687 1060 2751 Venetias
1107 2688 1548 2770 applicueritis,
1600 2709 1818 2771 ponere
1865 2696 2107 2773 partem
2142 2695 2204 2754 et
2245 2692 2450 2770 partes
2499 2692 2560 2755 in
2593 2690 2849 2755 consilio
2884 2709 3067 2772 roga-

350 2777 555 2839 torum
604 2794 786 2857 super
831 2776 1117 2840 omnibus
1167 2777 1348 2841 factis
1395 2778 1564 2841 vobis
1612 2778 1917 2857 comissis,
1973 2779 2395 2860 spectantibus
2458 2779 2521 2842 et
2589 2778 3066 2861 pertinentibuS,

351 2883 456 2927 seu
499 2882 616 2946 que
659 2866 939 2946 spectare
987 2868 1051 2928 et
1094 2866 1398 2946 pertinere
1448 2869 1700 2947 possent
1737 2867 2196 2949 quomodolibet
2240 2866 2314 2932 ad
2364 2886 2465 2944 ea3
2517 2867 2812 2931 veniendo
2862 2867 3064 2948 primo

349 2970 486 3015 cum
539 2953 762 3016 vestris
811 2952 1200 3034 opinionibus
1250 2955 1324 3017 ad
1377 2972 1507 3025 nos,
1550 2955 1934 3019 consiliarios
1983 2959 2223 3020 nostros
2287 2956 2349 3019 et
2425 2956 2646 3038 capita,
2699 2958 2769 3019 ut
2818 2955 3069 3036 possint

348 3040 545 3103 audiri
594 3043 659 3104 et
704 3041 1043 3104 examinari
1097 3045 1161 3104 et
1204 3042 1392 3105 etiam
1437 3043 1777 3125 providere,
1829 3044 1878 3107 si
1926 3043 2111 3107 aliter
2154 3043 2486 3107 videretur.
2537 3043 2782 3108 Habere
2828 3043 3065 3111 debetis

349 3130 422 3191 de
470 3128 697 3192 salario
746 3129 842 3192 vel
892 3130 1233 3210 provisione
1280 3134 1343 3194 et
1388 3136 1505 3195 cet.
1557 3134 1627 3194 ut
1673 3131 1826 3195 alibi
1875 3131 1938 3194 in
1987 3130 2290 3215 partibus.
2337 3132 2614 3197 Jurastis
2663 3133 2955 3197 honorem
3003 3132 3067 3196 et

349 3216 687 3298 proficuum
769 3217 1171 3282 Venetiarum
1241 3223 1302 3282 et
1378 3222 1494 3282 cet.
1575 3219 1806 3285 Datum
1855 3222 1972 3284 etc.
2031 3220 2123 3284 De
2167 3223 2343 3302 parte
2390 3220 2494 3299 98,
2543 3219 2619 3286 de
2667 3239 2786 3285 non
2836 3220 2896 3298 1,
2945 3237 3063 3282 non

347 3304 570 3369 sinceri
612 3305 675 3369 Ο.

434 3411 619 3472 Misce·
665 3409 928 3474 XLIII.
980 3416 1123 3490 124,
1172 3433 1214 3473 u
1258 3417 1417 3476 mlet.
1466 3417 1702 3479 arkivu.

701 3602 1010 3684 DXVI.
1077 3603 1280 3686 God.
1340 3605 1570 3688 1396.
1626 3604 1720 3687 27
1765 3607 2141 3708 traana,
2195 3629 2252 3688 ιι
2307 3605 2707 3689 Mletclh.

347 3731 683 3806 Republika
748 3732 962 3820 iznovq
1029 3732 1228 3806 odsza
1290 3734 1565 3807 predloye
1625 3752 1794 3807 ηραν.
1822 3767 1844 3777 -
1867 3734 1994 3794 hrv.
2064 3735 2386 3806 poslanika
2445 3752 2487 3792 u
2538 3734 2797 3808 poyledu
2864 3735 3062 3807 mima

1524 3823 1880 3896 novcanoqa.

562 3922 752 3987 1396.
814 3922 1147 3986 indictione
1211 3927 1454 4005 quarta,
1517 3925 1615 3988 die
1683 3924 1984 4007 vigesimo
2041 3924 2307 4005 septimo
2374 3923 2591 4007 aprilis
2658 3943 2756 3990 ser
2801 3924 3061 3990 Pertrus

348 4011 670 4092 Mocenigo
716 4014 1090 4094 procurator,
1162 4030 1257 4074 ser
1317 4013 1539 4076 Petrus
1605 4012 1921 4077 Cormario
1988 4016 2360 4093 procurator,
2425 4031 2523 4076 ser
2588 4013 2839 4077 Marcus
2886 4012 3057 4078 Geno

344 4105 724 4181 procurator,
774 4118 871 4163 ser
916 4099 1270 4163 Leonardus
1318 4099 1569 4168 Bemb0.
1620 4120 1718 4163 ser
1765 4101 2036 4165 Michael
2083 4099 2427 4165 Contareno
2472 4104 2536 4165 et
2608 4120 2706 4163 ser
2774 4099 3060 4164 Albanus

346 4188 671 4264 Baduari0,
721 4188 1030 4269 sapientes
1079 4188 1356 4264 consilii;
1405 4209 1503 4252 ser
1532 4187 1825 4253 Nicolaus
1857 4188 2182 4270 Delphin0,
2221 4207 2320 4253 ser
2351 4189 2409 4253 N
2417 4189 2649 4253 icolaus
2683 4189 3057 4268 Lauredano,

344 4296 442 4341 ser
488 4276 767 4340 Andreas
816 4274 1157 4340 Contareno
1204 4296 1302 4340 ser
1379 4276 1725 4360 Phylipnus
1798 4277 2001 4360 Aymo
2063 4277 2375 4358 sapientes
2439 4277 2746 4340 ordinum.
2828 4274 3060 4358 Capta:

347 4365 505 4446 qnod
555 4366 988 4446 respondeatur
1036 4364 1477 4428 ambassiatori
1524 4363 1753 4429 domini
1804 4365 1969 4446 regis
2016 4364 2336 4448 Hungarie
2384 4364 2460 4427 ad
2505 4365 2668 4430 istad
2716 4364 2869 4427 duas
2914 4383 3058 4446 par-

348 4455 458 4529 tes,
507 4472 659 4534 quas
710 4454 782 4516 de
831 4471 986 4517 novo
1033 4452 1209 4516 nobis
1257 4453 1413 4516 dixit
1458 4472 1567 4516 seu
1614 4453 1941 4517 Francisco
1988 4452 2061 4515 de
2106 4453 2437 4528 Bernard0,
2500 4452 2664 4517 sicut
2723 4451 3055 4517 ordinavit.

344 4540 425 4603 Et
473 4541 668 4621 primo
717 4541 793 4604 ad
843 4542 1130 4623 primam,
1181 4542 1341 4623 quod
1392 4542 1450 4603 in
1499 4560 1643 4604 casu
1694 4560 1810 4623 quo
1872 4541 2004 4623 ipse
2067 4540 2344 4605 inveniat
2411 4540 2685 4624 aliquem
2735 4540 3055 4604 dominum

341 4628 438 4691 vel
487 4627 701 4702 alium,
751 4630 853 4709 qui
905 4629 1084 4693 vellit
1129 4630 1358 4693 servire
1410 4630 1525 4710 ipsi
1569 4628 1819 4692 domino
1860 4646 1972 4692 suo
2020 4628 2264 4692 domino
2310 4630 2440 4709 regi
2490 4631 2566 4692 de
2614 4626 2825 4709 aliqua
2856 4645 3058 4710 quan·-

346 4717 525 4779 titate
572 4718 843 4796 pecunie,
878 4719 1035 4798 qnod
1087 4717 1260 4779 uobis
1307 4714 1544 4796 place‘at
1591 4716 1687 4780 illi
1749 4717 1861 4780 tali
1932 4715 2177 4780 domino
2227 4716 2323 4779 vel
2366 4735 2619 4795 persone
2667 4714 2869 4778 facere
2915 4732 3060 4796 pro-

343 4803 697 4869 missionem
747 4806 810 4866 et
854 4804 1173 4887 obbligare
1220 4822 1331 4869 nos
1378 4805 1451 4868 de
1494 4804 1785 4868 solvendo
1833 4806 1895 4868 et
1940 4802 2139 4867 dando
2187 4804 2261 4867 de
2307 4821 2467 4866 anno
2512 4802 2573 4866 in
2608 4820 2841 4866 annum
2875 4798 3057 4878 illud,
