3620 5282
482 319 614 386 442

487 495 758 579 potentis
783 494 1017 559 domini
1052 492 1286 559 domini
1312 492 1958 570 FrancisciDandu10‚
2007 495 2102 559 dei
2128 492 2331 579 gratia
2354 493 2754 559 venetiarum
2779 493 2992 581 incliti
3011 493 3206 567 (inicis,

494 588 558 647 et
591 584 686 646 sui
722 582 979 658 consilii,
1028 584 1377 646 reverenter
1409 581 1779 663 supplicavit
1813 582 2076 659 nomine,
2125 600 2384 664 quorum
2431 583 2527 646 est
2571 584 2928 671 procurator
2959 584 3033 645 et
3078 581 3207 645 sin-

484 670 680 740 dicus,
727 669 973 733 domino
1023 669 1163 733 duci
1211 667 1446 750 prefato
1492 670 1556 732 et
1600 670 1911 733 antedicto
1979 669 2231 733 consilio
2287 670 2621 734 secundum
2684 666 2948 733 formam
2989 670 3203 750 pacto-

486 775 622 821 rum
673 758 971 820 initorum
1045 756 1207 820 inter
1275 773 1628 819 communes
1695 756 2095 820 Venetiarum
2156 758 2221 821 et
2272 775 2595 822 commuue
2643 754 2884 833 Jadre,
2905 755 3205 838 quatenus

486 862 627 908 cum
673 863 781 926 per
827 842 1151 924 predictos,
1202 860 1460 925 quorum
1503 844 1567 907 et
1611 842 1908 920 sindicuS,
1955 843 2123 907 facta
2153 843 2239 907 sit
2283 843 2506 908 electio
2552 843 2629 907 de
2675 844 2988 915 comitatu
3008 842 3246 942 Jadre,

487 950 593 1013 per
639 931 871 995 duobus
918 930 1094 994 annis
1142 930 1413 1011 proxime
1459 929 1685 994 futuris
1732 930 1795 994 in
1843 931 2045 994 virum
2091 930 2359 996 nobilem
2393 933 2457 995 et
2486 918 2830 1012 sapi‘entem
2878 930 3256 1009 dominum.

485 1018 832 1083 Johannem
883 1017 1191 1081 Marinum
1245 1015 1509 1099 Georgio
1556 1017 1977 1081 honorabilem
2025 1019 2222 1083 civem
2268 1018 2668 1083 Venetiarum
2714 1017 2884 1083 iuxta
2932 1020 3208 1083 tenorem

486 1105 894 1188 predictorum
944 1107 1262 1187 pactorum
1310 1106 1375 1168 et
1419 1104 1620 1168 eidem
1667 1104 1862 1168 nobili
1908 1104 2080 1169 iuxta
2127 1105 2381 1170 solitum
2407 1108 2471 1169 et
2496 1105 2772 1170 debitum
2807 1107 3197 1187 oresentata,

487 1193 849 1275 dignaretur
894 1192 1060 1256 idem
1106 1190 1391 1255 dominus
1431 1190 1552 1254 dux
1597 1190 1903 1273 prefatam
1951 1192 2317 1257 electionem
2359 1192 2435 1257 de
2482 1192 2673 1256 nobili
2719 1191 3028 1256 antedicto
3064 1190 3194 1256 fac-

488 1284 620 1343 tam
667 1299 738 1343 ex
783 1278 1166 1363 benignitate
1211 1278 1397 1342 solita
1440 1277 1834 1343 confirmare.
1875 1276 1995 1356 Qui
2043 1298 2310 1361 namque
2357 1279 2643 1344 dominus
2688 1278 2811 1343 dux
2857 1297 2999 1343 cum
3028 1277 3199 1343 dicto

489 1365 746 1431 consilio
792 1385 1065 1431 annuens
1112 1366 1274 1431 votis
1321 1368 1385 1430 et
1429 1365 1981 1448 supplicationibus
2044 1365 2436 1449 supradictis,
2483 1365 2788 1448 prefatam
2834 1364 3203 1430 electionem

488 1453 831 1519 liberaliter
874 1453 1281 1530 confirmavit,
1326 1454 1613 1535 presente
1659 1452 1935 1535 predicto
1979 1453 2170 1519 nobili
2216 1453 2463 1520 domino
2507 1453 2749 1519 Marino
2795 1452 3081 1535 Georgio‚
3141 1454 3207 1517 et

492 1540 724 1605 dictam
771 1540 1138 1606 electionem
1184 1541 1261 1604 de
1305 1558 1369 1604 se
1420 1540 1653 1605 factam
1706 1539 1894 1604 etiam
1945 1543 2321 1623 acceptante.

702 1627 773 1691 L.
822 1627 883 1693 S.
975 1628 1118 1711 Ego<
1177 1626 1469 1692 Nicolaus
1515 1627 1591 1691 de
1662 1625 1942 1691 Marsilio
1987 1629 2294 1712 imperiali
2356 1627 2739 1694 authoritate
2811 1628 3088 1694 notarius
3134 1630 3199 1693 et

495 1716 754 1779 ducatus
800 1715 1201 1780 Venetiarum
1244 1714 1465 1779 scriba.

576 1804 925 1891 Sindicptus
969 1805 1027 1868 1.
1077 1808 1135 1875 6,
1181 1822 1227 1865 u
1274 1804 1616 1865 mletackom
1659 1805 1892 1865 arkivu.

947 2080 1203 2163 CXII.
1258 2080 1464 2163 Gon.
1522 2079 1745 2163 1332.
1797 2079 1847 2162 3
1901 2080 2191 2181 rujna,
2242 2103 2302 2161 u
2356 2080 2747 2163 Mletcih.

579 2208 829 2281 Pubani
862 2206 1209 2281 proylaseni
1251 2207 1364 2265 kao
1410 2205 1668 2266 neduim’
1697 2207 2007 2354 {gh-Z
2034 2223 2096 2267 se
2135 2207 2310 2266 ticalo
2343 2207 2617 2279 zahtjeva
2650 2206 2904 2282 krekoya
2938 2206 3126 2267 Ionem

1852 2313 1910 2353 ra

705 2413 895 2477 1332.
945 2412 986 2476 3
1033 2413 1422 2495 septembris,
1471 2413 1623 2477 Visa
1686 2413 1981 2496 petitione
2039 2432 2149 2496 pro
2209 2415 2382 2495 parte
2445 2412 2690 2478 comitis
2752 2411 3029 2477 Federici
3075 2430 3216 2493 por-

491 2502 660 2566 recta
725 2520 835 2583 per
908 2498 1245 2564 Artuinum
1308 2501 1440 2565 eius
1502 2502 1959 2601 procuratorem
2027 2502 2341 2583 petentem
2402 2518 2440 2564 a
2500 2499 2870 2565 Polensibus
2915 2500 3108 2564 libras
3153 2499 3215 2563 X

495 2587 713 2667 millia,
762 2589 824 2653 in
880 2587 1104 2669 quibus
1149 2588 1483 2667 asserebat,
1534 2588 1588 2654 ei
1636 2606 1961 2653 commune
2011 2588 2158 2653 Pole
2202 2587 2399 2653 teneri
2425 2588 2639 2692 ⁸vigore
2669 2585 2992 2653 cuiusdam
3025 2586 3217 2652 refor-

493 2677 787 2741 mationis
834 2678 900 2740 et
946 2676 1373 2758 compromissi
1421 2694 1478 2741 a.
1538 2676 1721 2740 1331.
1771 2676 1855 2739 28
1904 2676 2136 2754 marcii,
2209 2678 2271 2739 et
2316 2675 2567 2757 insuper
2613 2674 3065 2740 satisfationem
3113 2693 3218 2738 ex-

500 2782 831 2846 pensarum
875 2763 1177 2828 factarum
1228 2765 1288 2827 in
1337 2763 1661 2828 servitium
1727 2762 2082 2828 Polensium
2129 2782 2235 2845 per
2279 2764 2531 2847 gentem
2578 2764 2643 2827 et
2687 2782 2872 2844 equos
2919 2761 3068 2827 dicti
3113 2779 3218 2826 co·
3257 2762 3264 2768 ’

499 2851 691 2927 mitis,
746 2853 810 2915 et
872 2852 1263 2933 responsione
1310 2850 1681 2914 sindicorum
1731 2850 2085 2914 Polensium
2147 2849 2225 2914 ad
2272 2850 2569 2931 premissa
2615 2851 2678 2913 et
2722 2851 2938 2914 multis
2984 2847 3216 2931 alliga-

498 2939 779 3004 cionibus
828 2939 1174 3019 superinde,
1225 2939 1289 3002 et
1332 2938 1546 3002 habito
1593 2937 1878 3019 diligenti
1931 2936 2204 3013 consilio,
2255 2939 2496 3001 constat
2542 2938 2804 3020 quatuor
2849 2955 2919 3001 ex
2965 2935 3209 3000 audito-

497 3026 690 3102 ribus,
740 3025 1026 3089 videlicet
1078 3024 1325 3089 domino
1362 3023 1627 3089 Nicolao
1673 3024 2061 3100 MaurocenO,
2110 3024 2293 3088 Petro
2340 3024 2720 3101 Lauredano,
2769 3024 2977 3089 Marco
3011 3022 3216 3087 Vituri

498 3115 561 3177 et
606 3111 943 3195 Pangratio
990 3111 1262 3194 Georgio
1318 3112 1556 3177 dictum
1626 3113 1941 3175 dominum
2010 3111 2299 3178 comitem
2355 3111 2419 3174 in
2489 3110 2780 3194 predictis
2821 3115 2968 3175 ¹non
3010 3107 3216 3174 fovere

494 3199 726 3263 iustam
774 3217 1023 3263 causam
1071 3200 1396 3281 potissima
1443 3200 1677 3264 ratione
1725 3198 1894 3263 illius
1939 3200 2310 3276 contractuS,
2345 3198 2451 3280 qui
2497 3197 2852 3281 producitur
2897 3198 2961 3262 in
3006 3195 3215 3262 favore

497 3287 711 3367 ipsius,
761 3285 864 3367 qui
908 3284 1155 3367 quidem
1204 3286 1561 3369 infringitur
1592 3286 2027 3369 multipliciter
2072 3288 2136 3351 et
2179 3285 2539 3350 annullatur
2586 3304 2693 3367 per
2739 3303 2828 3361 ea,
2878 3302 2995 3366 que
3040 3302 3077 3348 a
3112 3302 3215 3348 sa·

499 3372 812 3454 pientibus
860 3372 1011 3436 iuris
1058 3372 1382 3438 habentur.
1427 3374 1509 3438 Et
1555 3391 1935 3455 quamquam
1997 3375 2130 3455 ipse
2189 3390 2391 3438 comes
2438 3372 2763 3437 serviverit
2801 3371 2952 3453 ipsis
2991 3370 3212 3435 Polen-

500 3459 694 3537 sibu8‚
742 3462 805 3523 et
850 3459 939 3524 sic
987 3461 1283 3525 meruerit
1327 3461 1404 3525 ab
1466 3462 1695 3525 eisdem
1744 3460 2120 3543 aliqualiter,
2182 3462 2246 3524 et
2293 3462 2612 3541 propterea
2656 3458 2968 3523 auditores
3013 3457 3216 3522 liben-

499 3547 633 3611 cius
682 3547 1173 3628 composuissent
1220 3548 1573 3628 aliqualiter
1616 3547 1778 3612 inter
1829 3548 2078 3630 partes3
2136 3546 2243 3612 sed
2295 3546 2654 3611 Polensium
2700 3545 2921 3610 sindici
2965 3562 3215 3627 prorsus

496 3635 805 3710 recusant,
856 3634 1148 3712 dicenteS,
1198 3653 1262 3698 se
1311 3635 1388 3698 ad
1434 3635 1546 3699 hoc
1590 3634 1680 3697 nil
1725 3635 1787 3698 in
1833 3634 2139 3699 mandatis
2183 3634 2427 3711 habere,
2477 3652 2672 3715 neque
2715 3634 2936 3697 audere
2977 3630 3216 3713 aliquid

493 3722 782 3786 scribere.
829 3720 1281 3786 Nichilominus
1324 3721 1441 3803 ipsi
1483 3722 1790 3786 auditores
1859 3720 2186 3786 consulunt
2244 3722 2309 3785 et
2369 3722 2620 3803 captum
2666 3723 2780 3796 est,
2846 3719 3002 3803 quod
3048 3736 3219 3783 com-

496 3827 682 3875 mune
730 3810 795 3873 et
837 3807 1114 3873 homines
1162 3808 1308 3873 Pole
1354 3826 1391 3873 a
1451 3808 1742 3891 petitione
1808 3808 1962 3873 dicti
2017 3807 2262 3872 comitis
2310 3808 2435 3871 sint
2478 3809 2549 3872 de
2596 3807 2728 3872 iure
2775 3807 3054 3871 totaliter
3099 3807 3212 3871 ab·

493 3897 679 3963 soluti
756 3894 890 3980 39).

706 3895 970 4048 lgomino
1029 3981 1241 4047 Marco
1305 3981 1657 4046 Justiniano
1720 3984 1938 4065 quinto
2009 3982 2362 4047 auditorum
2422 3982 2682 4059 videtur,
2750 3980 2910 4064 quod
2978 3981 3215 4045 iustum

494 4072 675 4150 foret,
725 4070 1122 4136 consideratis
1170 4069 1482 4134 laboribus
1525 4073 1589 4134 et
1634 4071 1934 4152 expensiS,
1983 4089 2133 4152 quas
2166 4069 2359 4134 subiit
2405 4070 2534 4152 ipse
2582 4086 2788 4134 comes
2839 4086 2948 4169 pro
2994 4067 3221 4132 Polen-

497 4160 688 4235 sibus,
737 4157 840 4243 qui
890 4156 1153 4222 fuissent
1197 4158 1380 4221 aliter
1427 4158 1793 4259 consumpti,
1859 4162 1931 4223 ut
1990 4159 2086 4223 est
2145 4158 2475 4234 notorium,
2541 4159 2701 4239 quod
2749 4156 2868 4238 ipsi
2913 4155 3137 4219 fuisset
3180 4173 3220 4219 a

498 4245 861 4310 Polensibus
908 4245 1218 4327 provisum
1280 4263 1391 4327 pro
1466 4246 1802 4327 premissis,
1871 4244 2386 4327 quemadmodum
2449 4243 2652 4309 ducali
2715 4231 2984 4307 dominio
3049 4242 3221 4307 vide-

496 4334 684 4396 retur.
734 4333 817 4397 Et
860 4333 913 4397 si
959 4332 1073 4397 hoc
1107 4351 1223 4396 non
1271 4333 1402 4409 fiat,
1450 4332 1738 4409 consulit,
1787 4332 1950 4416 quod
2003 4335 2203 4397 totum
2237 4331 2468 4396 factum
2495 4331 2928 4396 committatur
2968 4330 3214 4412 sapien-

498 4418 666 4483 tibus
714 4419 863 4483 iuris
908 4419 987 4484 ad
1032 4420 1383 4484 habendum
1432 4419 1757 4484 consilium
1804 4419 1882 4484 ad
1930 4437 2223 4502 expensas
2277 4420 2493 4501 partis,
2559 4420 2772 4482 contra
2840 4435 3025 4501 quam
3071 4435 3217 4481 con-

501 4504 712 4567 silium
758 4505 1148 4587 proferretur.
1195 4506 1338 4571 Non
1384 4509 1605 4588 capta.
1655 4510 1695 4570 3
1742 4509 1816 4571 de
1862 4506 1974 4586 sic,
2022 4505 2066 4569 4
2112 4523 2252 4584 non,
2302 4505 2384 4568 28
2435 4523 2554 4570 non
2597 4505 2841 4570 sinceri.

588 4593 768 4654 Misti
817 4595 953 4656 XV.
1000 4597 1103 4671 34,
1154 4614 1195 4656 u
1240 4597 1392 4656 mlet.
1439 4598 1669 4656 arkivu.
