3620 5282
3026 315 3158 384 279

430 487 587 552 bono
641 487 844 553 status
891 489 989 552 sui
1037 489 1101 552 et
1147 486 1405 552 istorum
1452 486 1857 571 agendorum,
1902 487 2062 570 quod
2108 488 2240 570 ipse
2287 489 2512 555 debeat
2567 488 2714 553 dare
2758 507 3003 572 operam
3052 510 3163 576 per

418 574 609 640 illum
651 574 996 656 sapientem
1045 577 1110 640 et
1154 574 1437 639 dextrum
1486 576 1758 652 modum,
1803 577 1904 657 qui
1953 594 2063 640 sue
2109 576 2410 658 sapientie
2471 576 2799 652 videbitur,
2847 577 2921 642 de
2963 579 3163 643 senei·
3201 621 3204 624 -

431 662 616 739 endo,
664 661 717 726 si
766 662 1248 727 communitates
1294 662 1711 743 suprascripte
1756 681 1821 726 se
1869 662 2216 728 invenirent
2254 664 2320 729 in
2351 663 2566 728 eadem
2598 662 2995 744 dispositione
3018 684 3158 731 cum
3233 671 3238 674 ’

429 751 541 828 eis,
586 747 732 832 quia
778 749 1094 814 declarato
1143 749 1261 814 sibi
1308 750 1421 813 hoc
1468 752 1713 831 puncto,
1763 753 1911 813 tunc
1958 749 2224 815 lucidius
2297 751 2528 834 poterit
2597 751 2827 815 intrare
2885 751 2965 817 ad
3011 752 3163 818 faci-

431 838 656 900 endum
707 837 881 902 nobis
926 838 1324 914 mentionem,
1374 838 1437 902 et
1484 855 1605 902 non
1650 837 1921 914 dubitat,
1969 838 2129 920 quod
2174 839 2385 904 nostra
2428 835 2768 903 dominatio
2813 838 3161 906 invenietur

431 923 587 988 bene
636 924 947 1006 disposita
991 923 1070 988 ad
1119 922 1472 988 faciendum
1519 927 1594 990 de
1642 925 1826 988 rebus
1871 924 1961 988 eis
2007 924 2210 1007 gratis
2257 927 2322 991 et
2362 944 2478 1010 que
2522 927 2705 990 erunt
2735 943 2878 990 cum
2910 945 3160 992 conser-

429 1010 681 1076 vatione
727 1013 792 1075 et
830 1012 1164 1077 securitate
1208 1011 1414 1075 status
1457 1013 1575 1077 sui.
1668 1011 1750 1077 Et
1827 1010 2035 1076 circha
2101 1012 2288 1076 istam
2349 1016 2590 1094 partem
2636 1012 2899 1078 nuncius
2949 1015 3164 1079 noster

432 1098 667 1175 audiat,
717 1097 933 1162 trahat
976 1100 1042 1164 et
1088 1099 1327 1163 senciat
1372 1100 1574 1163 totum
1624 1100 1704 1176 id,
1753 1099 1913 1181 quod
1960 1099 2188 1163 sentire
2235 1101 2465 1181 poterit
2509 1099 2589 1164 ab
2627 1100 2828 1165 amico
2860 1102 3162 1184 predicto,

429 1189 494 1262 et
540 1202 681 1250 cum
724 1202 815 1264 eo,
863 1186 1024 1269 quod
1070 1186 1340 1262 habebit,
1388 1186 1677 1251 Venetias
1725 1187 2094 1266 revertatur,
2161 1189 2233 1251 ut
2281 1186 2564 1269 superius
2615 1186 2856 1251 dictum
2919 1191 3037 1269 est,
3084 1183 3161 1253 de

428 1271 715 1339 omnibus
762 1273 1151 1338 informatus.
1244 1272 1337 1337 De
1383 1276 1560 1356 parte
1613 1274 1709 1337 14.
2141 1345 2144 1348 ,

642 1359 757 1426 Ser
802 1360 1025 1425 Petrus
1072 1360 1275 1444 Aymo
1323 1360 1524 1438 mileS,
1575 1379 1672 1426 ser
1699 1360 2046 1425 Lodovicus
2090 1358 2483 1436 Mauroceno,
2531 1360 2838 1444 sapientes
2883 1360 3160 1439 consilii3

430 1466 531 1513 ser
576 1448 968 1531 Augustinus
1017 1447 1291 1526 Quirino,
1334 1466 1434 1512 ser
1480 1447 1777 1514 Nicolaus
1825 1447 2220 1525 Mauroceno,
2281 1465 2383 1513 ser
2440 1448 2704 1512 Marcus.
2744 1448 2949 1516 Barbo
2995 1449 3162 1533 sapi-

431 1538 606 1600 entes
649 1536 954 1600 ordinum.
1046 1533 1276 1615 Oapta:
1344 1534 1575 1601 Verum
1612 1550 1718 1601 ‘eo
1778 1537 2055 1617 tempore
2113 1552 2232 1616 quo
2301 1535 2554 1599 nuntius
2599 1536 2809 1599 noster
2854 1535 3052 1601 stabit
3096 1536 3162 1601 in

430 1621 755 1706 Tragurio,
800 1622 1022 1687 debeat
1067 1624 1210 1687 dare
1258 1640 1506 1704 operam
1582 1641 1691 1705 per
1753 1622 1932 1687 illum
1996 1624 2244 1687 cautum
2290 1622 2357 1687 et
2402 1623 2686 1686 dextrum
2730 1622 3005 1701 modum,
3053 1624 3159 1706 qui

431 1729 538 1775 sue
585 1710 943 1775 discretioni
993 1709 1325 1786 videbitur,
1375 1710 1449 1774 de
1495 1712 1752 1775 essendo
1799 1727 1942 1774 cum
1989 1709 2099 1774 illo
2130 1709 2351 1788 amico,
2379 1709 2486 1792 qui
2518 1707 2740 1774 scribit
2776 1709 2896 1775 civi
2929 1711 3159 1789 nostro,

432 1798 498 1861 et
542 1796 836 1862 similiter
877 1816 1019 1862 cum
1070 1796 1179 1862 illo
1220 1796 1362 1875 alie,
1411 1816 1592 1880 quem
1643 1797 1822 1862 modo
1856 1796 2216 1862 dubitamus
2248 1794 2817 1862 esse.informatum
2851 1795 2929 1861 de
2960 1797 3160 1863 omni·

432 1884 570 1963 bna,
615 1904 731 1967 que
777 1885 1050 1967 scripsit,
1099 1885 1153 1949 si
1201 1884 1402 1949 amico
1448 1884 1757 1950 videbitur
1803 1886 1871 1949 et
1906 1885 1959 1948 si
2006 1884 2128 1950 sibi
2174 1883 2497 1967 placuerit.
2560 1881 2799 1962 Quibus
2840 1883 3004 1950 facta
3048 1883 3160 1949 illa

432 1971 827 2051 salutatione,
877 1992 995 2055 que
1043 1971 1100 2036 ei
1147 1972 1476 2049 videbitur,
1525 1970 1724 2038 dicere
1769 1972 2010 2048 debeat,
2060 1971 2220 2054 quod
2268 1989 2378 2036 nos
2424 1969 2701 2036 volentes
2760 1971 2968 2053 ipsum
3011 1970 3163 2036 mit-

431 2061 565 2124 tere
611 2062 689 2123 ad
733 2059 1113 2142 presentiam
1161 2077 1336 2123 suam
1401 2061 1652 2143 propter
1722 2059 1852 2136 illa,
1921 2078 2039 2142 que
2086 2059 2339 2141 scripsit
2384 2058 2583 2123 amico
2630 2075 2761 2135 suo,
2808 2057 3160 2123 invenimus

433 2146 628 2211 istum
676 2145 945 2211 colorem
993 2149 1057 2211 et
1103 2146 1288 2212 istam
1338 2146 1505 2211 viam
1554 2165 1662 2230 pro
1725 2146 1968 2216 meliori
2023 2145 2424 2230 agendorum.
2519 2145 2640 2211 Sed
2703 2163 2796 2224 ea,
2866 2164 2985 2228 que
3029 2144 3163 2227 ipse

431 2233 623 2298 habet
669 2232 895 2299 referre
943 2236 1032 2299 eis
1080 2235 1257 2316 parte
1304 2235 1518 2298 nostra
1565 2236 1729 2313 sunt,
1776 2235 1933 2317 quod
1982 2252 2090 2298 nos
2136 2232 2409 2298 vidimus
2451 2233 2517 2296 et
2554 2231 2974 2298 intelleximus
3020 2232 3164 2298 lite-

434 2338 536 2384 ras
579 2338 722 2385 suas
771 2339 1004 2400 omnes,
1055 2340 1206 2402 quas
1255 2323 1454 2385 amico
1480 2340 1589 2386 suo
1621 2323 1816 2400 misit,
1853 2339 1959 2404 per
1990 2339 2141 2404 quas
2173 2319 2519 2385 clarissime
2550 2321 2831 2385 videmus
2862 2319 3163 2403 optimam

432 2407 927 2489 dispositionem,
976 2426 1161 2491 quam
1208 2408 1440 2473 habent
1485 2408 1558 2472 ad
1605 2426 1715 2473 nos
1761 2411 1826 2473 et
1892 2408 2185 2473 honorem
2256 2407 2556 2485 nostrum,
2599 2407 2674 2471 de
2719 2423 2842 2488 qua
2888 2406 2977 2472 eis
3025 2425 3163 2473 ren-

432 2497 783 2576 graciamur
826 2499 1130 2577 quantum
1177 2495 1318 2578 plus
1363 2513 1708 2578 possumus,
1756 2495 2149 2561 intendentes
2194 2513 2298 2560 eos
2358 2497 2423 2559 et
2489 2494 2701 2560 domos
2745 2511 2890 2559 suas
2935 2493 3159 2560 habere

434 2599 680 2664 semper
728 2585 790 2647 in
842 2584 1307 2667 quibuscunque
1354 2583 1601 2649 casibus
1650 2582 2104 2660 recommissoS,
2156 2583 2299 2667 quia
2330 2581 2478 2647 talis
2509 2581 2831 2666 dispositio
2866 2599 2976 2648 sua
3006 2601 3164 2649 nun-

433 2688 620 2752 quam
692 2672 870 2735 cadet
929 2690 964 2735 a
1032 2673 1246 2736 nostra
1314 2671 1615 2736 memoria
1658 2691 1771 2737 nec
1824 2673 2197 2736 nostrorum.
2289 2670 2404 2736 Sed
2452 2688 2563 2734 uos
2607 2669 3004 2735 notificamus
3050 2671 3161 2748 eiS,

430 2757 591 2839 quod
640 2758 914 2822 intencio
958 2760 1023 2823 et
1070 2756 1400 2841 disposicio
1448 2761 1660 2824 nostra
1727 2760 1939 2824 circha
1993 2757 2075 2837 id,
2143 2757 2304 2841 quod
2367 2756 2542 2822 uobis
2604 2756 2999 2839 scripserunt,
3064 2760 3163 2824 est

425 2845 674 2910 tantum
725 2845 1150 2910 sincerissima
1195 2849 1274 2917 et„
1304 2845 1759 2928 perfectissima
1804 2846 1884 2910 ad
1931 2844 2278 2910 faciendum
2327 2844 2402 2908 de
2448 2844 2631 2909 rebus
2677 2844 2806 2909 sibi·
2843 2845 3040 2927 gratis
3092 2848 3159 2910 et

427 2933 721 3016 acceptis,
771 2935 836 2997 et
882 2936 959 2997 ad
1007 2934 1393 3015 implendum
1456 2951 1634 2998 suam
1698 2933 2112 2999 intencionem
2174 2932 2476 3016 quantum
2539 2950 2672 2997 esse
2725 2931 2943 3015 possit.
3038 2931 3156 2997 Sed

429 3038 538 3084 nos
589 3022 1069 3098 consideramus,
1110 3020 1273 3104 quod
1322 3021 1442 3084 ista
1485 3020 1669 3098 facta,
1720 3040 1837 3102 que
1887 3021 2034 3084 sunt
2079 3038 2304 3102 magna
2349 3021 2412 3083 et
2463 3018 2657 3083 ardua
2719 3018 2880 3084 sicut
2925 3017 3156 3098 vident,

430 3108 620 3190 egent
666 3108 803 3172 fieri
849 3109 1121 3173 multum
1170 3108 1480 3189 sapienter
1525 3111 1586 3171 et
1626 3108 1976 3190 ponderate,
2011 3109 2246 3172 etcum
2284 3105 2396 3171 tali
2430 3104 2642 3171 ordine
2674 3107 2739 3171 et
2795 3104 3158 3188 provisione,

427 3194 588 3276 quod
641 3195 744 3260 ubi
794 3194 1146 3260 crederetur
1194 3195 1412 3261 fecisse
1458 3193 1534 3260 de
1580 3194 1699 3274 hie,
1769 3214 1884 3278 que
1946 3194 2247 3259 haberent
2312 3192 2633 3258 defendere
2692 3195 2756 3258 et
2796 3211 3158 3261 conservare

424 3284 665 3346 statum
717 3301 923 3359 suum,
972 3303 1089 3347 non
1138 3282 1315 3347 fieret
1360 3284 1794 3366 opportunum.
1886 3281 1971 3346 Et
2030 3281 2196 3346 inter
2253 3280 2377 3345 alia
2435 3280 2645 3359 dubia,
2693 3299 2811 3364 que
2858 3281 3158 3363 presenti·
3211 3324 3228 3337 -

421 3368 610 3433 aliter
660 3372 1016 3450 occurrunt,
1066 3375 1161 3434 est
1224 3389 1415 3434 unum
1465 3388 1757 3453 magnum
1826 3372 1889 3434 et
1950 3370 2232 3446 arduum,
2299 3367 2610 3446 videlicet,
2659 3366 2820 3451 quod
2868 3368 3155 3434 intrando

422 3457 515 3520 ad.
549 3456 712 3521 istud
772 3457 1007 3521 factum
1042 3458 1174 3521 sine
1208 3457 1526 3522 voluntate
1558 3459 1624 3522 et
1656 3457 2043 3539 beneplacito
2077 3455 2339 3521 aliarum
2371 3455 2917 3529 communitatum,
2950 3455 3159 3522 silicet
3182 3472 3197 3485 '

414 3542 630 3619 Jadre‚
681 3542 949 3609 Sibenici
975 3546 1039 3608 et
1086 3543 1349 3626 Spalati,
1372 3546 1481 3610 ubi
1513 3547 1903 3609 crederemus
1936 3561 2295 3627 procurasse
2327 3545 2389 3607 et
2436 3542 2652 3610 fecisse
2683 3541 2910 3609 bonum
2945 3562 3163 3622 suum,

417 3631 824 3696 securitatem
872 3634 938 3696 et
983 3631 1508 3697 conservationem
1558 3631 1654 3696 sui
1701 3632 1926 3709 statuS,
1974 3649 2087 3695 nos
2138 3631 2478 3696 faceremus
2525 3631 2896 3712 oppositum,
2946 3631 3011 3694 et
3058 3630 3154 3695 in-

414 3736 803 3783 curreremus
849 3718 1116 3782 maiores
1153 3737 1410 3797 erroreS,
1460 3719 1603 3800 quia
1651 3719 1895 3783 nullum
1941 3716 2199 3781 dubium
2250 3718 2366 3791 est,
2415 3717 2572 3801 quod
2609 3717 2772 3782 dicte
2804 3718 3152 3782 communi-

413 3806 579 3870 tates
626 3824 746 3871 non
789 3805 1205 3871 amicarentur
1251 3805 1391 3870 sibi.
1482 3806 1564 3868 Et
1611 3811 1933 3888 propterea
1980 3805 2158 3869 nobis
2207 3806 2437 3870 bonum
2505 3806 2570 3868 et
2614 3805 2769 3869 utile
2815 3804 3153 3883 videretur,

413 3894 572 3973 quod
620 3893 758 3975 ipsi,
808 3893 911 3975 qui
961 3892 1183 3957 melius
1228 3894 1294 3957 et
1335 3893 1657 3958 honestius
1701 3893 1819 3958 hoc
1865 3892 2066 3958 facere
2111 3894 2366 3975 possent
2424 3909 2608 3975 quam
2655 3909 2769 3956 nos
2816 3890 2915 3955 vel
2956 3889 3154 3974 aliqui

413 3979 541 4058 alii,
591 3979 888 4045 deberent
933 3998 1259 4062 procurare
1302 3980 1377 4045 de
1425 3980 1748 4045 sentiendo
1793 3980 2210 4044 intencionem
2256 3981 2322 4044 et
2372 3978 2760 4044 voluntatem
2805 3978 3155 4042 communi-

414 4066 618 4132 tatum
665 4067 1100 4150 predictarum,
1154 4069 1220 4131 et
1266 4067 1318 4131 si
1367 4068 1514 4132 sunt
1558 4069 1622 4131 in
1668 4068 1781 4134 illa
1827 4067 2253 4150 dispositione,
2304 4066 2368 4131 in
2417 4084 2539 4149 qua
2583 4066 2705 4149 ipsi
2753 4065 2920 4130 sunt.
2990 4062 3151 4143 Quia

415 4153 466 4217 si
510 4153 674 4219 dicte
720 4155 1204 4220 communitates
1257 4172 1375 4220 non
1422 4155 1626 4220 forent
1670 4156 1733 4219 in
1778 4155 1994 4220 eadem
2039 4153 2440 4237 dispositione
2486 4172 2628 4218 cum
2675 4152 2788 4231 eiS,
2820 4151 2997 4217 nobis
3041 4171 3154 4236 pe-

412 4239 679 4307 riculosa
744 4260 841 4306 res
914 4242 1224 4307 videretur
1293 4261 1401 4324 pro
1465 4242 1635 4307 statu
1704 4260 1817 4307 suo
1883 4242 2301 4307 intromittere
2371 4241 2538 4306 istud
2607 4238 2843 4305 factum
2889 4237 3144 4318 Quando

412 4330 623 4393 autem
670 4331 1099 4394 communitas·
1128 4329 1317 4395 Jadre
1366 4331 1431 4395 et
1476 4330 1597 4395 alie
1640 4329 2120 4395 communitates
2151 4329 2363 4394 essent
2390 4329 2455 4393 in
2488 4329 2703 4393 eadem
2736 4325 3149 4409 dispositione

413 4431 556 4479 cum
603 4416 712 4496 eis,
759 4419 972 4482 nostra
1010 4415 1351 4483 dominatio
1396 4417 1779 4482 inveniretur
1826 4417 1979 4482 bene
2026 4416 2327 4500 disposita
2358 4416 2437 4481 ad
2468 4414 2824 4481 faciendum
2854 4413 2930 4479 de
2964 4415 3148 4481 rebus

414 4502 533 4567 sibi
580 4505 780 4587 gratis
829 4523 935 4585 pro
982 4505 1139 4570 bono
1184 4509 1249 4570 et
1295 4505 1765 4571 conservatione
1809 4506 2012 4569 status
2056 4505 2175 4569 sui.

624 4591 709 4656 Et
753 4592 960 4657 circha
1006 4592 1403 4658 obtinendam
1451 4592 1641 4659 istam
1690 4593 1971 4657 nostram
2019 4592 2431 4657 intencionem
2495 4590 2656 4674 quod
2702 4588 2964 4674 predicti
3010 4607 3153 4671 pro-

415 4679 632 4744 curent
670 4679 903 4744 sentire
946 4679 1022 4746 de
1068 4680 1416 4747 intencione
1461 4683 1525 4746 et
1572 4679 1894 4746 voluntate
1941 4679 2462 4746 communitatum
2507 4677 2720 4759 Jadre,
2769 4674 3041 4742 Sibenici
3085 4681 3155 4742 et
