3620 5282
493 369 614 433 116

480 545 711 608 virtute
786 538 1291 604 commissionum
1366 540 1636 622 ipsorum
1686 539 2075 604 dominorum
2148 540 2612 621 capitaneorum
2684 541 2746 600 et
2815 540 3219 621 provisorum,

482 649 665 713 quam
736 628 997 692 alterius
1060 629 1501 709 cuiuscumque
1571 630 1847 692 mandati
1933 629 2030 691 vel
2098 629 2414 692 ducalium
2494 627 2846 692 litterarum
2928 628 3219 692 omnibus

483 719 684 792 modo,
732 717 831 780 via
876 718 938 778 et
985 715 1115 778 iure
1163 720 1225 779 et
1288 716 1505 792 forma,
1576 716 1798 798 quibus
1847 715 2069 779 melius
2118 715 2380 779 siverint
2447 718 2512 779 et
2573 716 2887 797 potuerint
2948 717 3078 779 tam
3143 714 3220 779 de

483 806 615 870 iure
676 822 860 887 quam
927 805 1000 866 de
1067 804 1511 867 consuetudine
1580 803 2003 886 quarumlibet
2075 802 2401 868 civitatum
2473 806 2537 867 et
2593 803 2866 867 locorum
2915 803 3213 881 fecerunt,

483 893 865 968 creaverunt,
937 892 1412 969 constituerunt,
1484 891 1922 956 ordinaverunt
1988 911 2170 955 suum
2235 910 2344 955 seu
2409 891 2561 955 dicti
2624 890 2856 954 domini
2919 889 3094 955 ducis
3155 893 3218 956 et

482 980 828 1045 communis
893 979 1299 1043 Veueciarum
1367 979 1690 1059 sindicum‚
1762 982 2079 1055 actorem,
2151 980 2445 1043 factorem
2518 980 2907 1062 negociorum
2978 977 3213 1043 domini

481 1069 654 1133 ducis
698 1068 1109 1133 Veneciarum
1157 1070 1222 1130 et
1266 1065 1398 1131 eius
1431 1067 1791 1140 communie,
1835 1071 2141 1150 gestorem
2189 1083 2259 1130 ac
2302 1067 2692 1149 legiptimum
2729 1068 3213 1148 procuratorem,

482 1175 588 1220 seu
638 1156 804 1221 aliud
843 1153 1130 1235 quicquid
1182 1154 1404 1218 melius
1448 1158 1509 1217 et
1555 1155 1761 1218 verius
1816 1154 1936 1219 dici
2004 1157 2229 1237 potest,
2280 1155 2481 1219 virum
2553 1154 2824 1218 nobilem
2895 1155 3211 1218 dominum

483 1244 850 1308 Lodovicum
903 1242 1261 1305 Lauredano
1311 1243 1651 1322 predictum
1695 1242 2089 1324 capitaneum
2138 1241 2348 1306 decem
2402 1241 2743 1324 galearum,
2807 1241 3211 1306 constitutum

481 1351 588 1412 per
633 1332 867 1395 ceteros
919 1328 1221 1411 prefactos
1262 1329 1544 1394 dominos
1592 1332 1653 1394 in
1702 1349 1813 1394 sua
1859 1329 2292 1394 terminatione
2337 1329 2575 1393 consilii
2611 1329 2891 1412 predicti,
2940 1330 3023 1392 ibi
3073 1348 3213 1412 pre-

478 1424 649 1484 sente
695 1424 758 1483 et
796 1417 1038 1481 volente
1100 1421 1164 1481 et
1207 1421 1623 1481 consentiente
1695 1421 1758 1481 et
1830 1417 1944 1481 boc
2014 1419 2347 1483 mandante
2416 1421 2630 1499 sponte
2699 1417 3071 1499 suscipiente
3136 1419 3212 1481 ad

479 1507 744 1572 eundum
794 1524 935 1569 cum
983 1507 1186 1588 gratia
1226 1506 1425 1569 sancti
1472 1505 1727 1587 spiritus
1767 1507 2124 1587 capitaneus
2171 1505 2383 1570 decem
2456 1507 2775 1588 galearum
2838 1508 2910 1569 de
2971 1509 3213 1570 armata

482 1597 645 1660 dicte
690 1594 1156 1659 communitatis
1205 1593 1609 1657 Veneciarum
1659 1594 1736 1657 ad
1779 1597 1987 1673 partes
2035 1594 2164 1657 sive
2212 1594 2375 1657 locos
2443 1593 2717 1658 civitatis
2780 1592 2937 1656 Arbi
2993 1595 3058 1656 et
3117 1593 3216 1657 di-

485 1683 847 1747 strictorum
897 1685 960 1744 et
1005 1681 1278 1745 locorum
1325 1700 1396 1745 ac
1433 1684 1735 1745 terrarum
1797 1682 2334 1745 circumstantium
2399 1684 2464 1744 et
2525 1681 2948 1762 quorumlibet
3005 1680 3212 1744 inimi-

480 1789 691 1835 corum
743 1772 808 1834 et
853 1768 1174 1832 rebellium
1225 1768 1662 1833 dominationis
1704 1769 2105 1833 Venetiarum
2155 1770 2441 1832 inimicos
2489 1773 2554 1832 et
2613 1769 2875 1832 rebelles
2935 1768 3212 1832 domina-

479 1859 663 1922 tionis
713 1857 1114 1920 Veneciarum
1167 1860 1294 1920 toto
1342 1874 1449 1920 suo
1498 1874 1678 1938 posse
1725 1855 2084 1921 offendendo
2130 1859 2196 1920 et
2254 1855 2764 1939 dampnifficando
2836 1856 3088 1921 realiter
3147 1858 3213 1920 et

475 1944 880 2028 personaliter
929 1943 1298 2026 ubicumque
1345 1945 1711 2026 compererit
1770 1963 1911 2008 cum
1960 1942 2145 2009 dictis
2193 1945 2403 2007 decem
2450 1943 2646 2026 galeis
2692 1943 2753 2008 in
2819 1945 2974 2008 mari
3039 1946 3103 2008 et
3149 1944 3210 2007 in

479 2037 662 2108 terra,
713 2034 776 2096 et
816 2030 894 2095 ad
947 2030 1422 2112 presentandum
1471 2051 1537 2095 se
1580 2051 1719 2096 cum
1763 2033 1948 2097 dictis
1995 2033 2193 2115 galeis
2242 2032 2317 2095 ad
2365 2035 2569 2113 partes
2615 2031 2773 2118 Arbi
2834 2034 2899 2096 et
2960 2030 3211 2096 distric-

476 2123 681 2184 torum
731 2123 796 2183 et
840 2118 1111 2183 locorum
1159 2121 1222 2183 et
1266 2122 1571 2183 terrarum
1620 2119 2182 2195 circumstantium,
2231 2122 2294 2183 et
2347 2120 2781 2202 requirendum
2822 2118 3101 2183 homines
3147 2122 3212 2183 et

479 2226 772 2291 personas
819 2206 1144 2290 quaslibet,
1217 2207 1497 2271 inimicos
1556 2208 1991 2272 dominationis
2051 2207 2478 2284 veneciarum,
2543 2210 2614 2272 ut
2671 2207 2748 2270 ad
2812 2206 3084 2290 gratiam
3148 2209 3212 2270 et

476 2296 890 2360 obedientiam
939 2294 1005 2357 et
1049 2293 1286 2358 fidelem
1339 2294 1778 2359 subiectionem
1831 2296 2187 2377 perpetuam
2236 2295 2466 2359 domini
2515 2295 2688 2358 ducis
2736 2297 2801 2358 et
2834 2295 3209 2358 ‘communis

478 2384 881 2448 Veneciarum
932 2383 1134 2447 venire
1177 2385 1239 2445 et
1279 2383 1588 2447 declinare
1637 2384 1857 2446 vellint
1904 2386 1969 2446 et
2012 2384 2284 2460 veniant,
2355 2401 2426 2447 ac
2489 2382 2655 2447 dicto
2720 2381 2968 2447 domino
3016 2382 3209 2446 Lodo—

476 2471 607 2535 vico
659 2470 985 2554 stipulanti
1037 2473 1100 2533 et
1146 2470 1464 2551 recipienti
1513 2472 1757 2535 nomine
1798 2470 2080 2552 predicto
2126 2472 2323 2535 dictas
2370 2472 2657 2534 civitates
2715 2474 2781 2534 et
2849 2472 3013 2535 locos
3059 2471 3207 2534 dare

424 2571 432 2579 ·
476 2561 541 2623 et
585 2561 827 2623 tradere
874 2576 1013 2621 cum
1062 2558 1349 2622 omnibus
1398 2559 1526 2622 suis
1572 2559 1827 2634 iuribuS,
1872 2559 2221 2622 actionibus
2268 2560 2333 2623 et
2376 2559 2722 2622 rationibus
2770 2561 2835 2623 et
2897 2558 3209 2640 pertinen-

477 2648 583 2711 tiis
624 2648 1141 2730 quibuscumque;
1192 2664 1425 2726 omneS‚
1471 2646 1573 2729 qui
1618 2647 1692 2710 ad
1740 2646 1998 2711 eandem
2047 2649 2311 2730 gratiam
2361 2649 2425 2711 et
2462 2647 2878 2711 obedientiam
2924 2648 3206 2710 domina-

476 2735 660 2799 tionis
708 2734 1114 2799 Veneciarum
1166 2735 1369 2799 venire
1418 2738 1482 2798 et
1526 2734 1837 2799 declinare
1883 2734 2181 2813 volentes,
2231 2733 2580 2817 benigniter
2619 2735 3031 2816 recipiendum
3098 2751 3206 2797 no-

477 2822 640 2888 mine
689 2826 752 2886 et
798 2822 931 2887 vice
980 2821 1272 2903 predictis
1337 2841 1475 2886 cum
1543 2822 1684 2885 fidei
1750 2822 2098 2887 iuramento
2167 2823 2242 2886 de
2313 2827 2607 2905 perpetua
2668 2821 2991 2903 fidelitate,
3064 2822 3208 2886 obe-

475 2910 706 2975 dientia
752 2914 816 2975 et
862 2910 982 2974 fide
1018 2909 1318 2974 servanda
1366 2910 1552 2974 dictis
1596 2911 1843 2974 domino
1893 2910 2030 2973 duci
2091 2912 2156 2974 et
2215 2911 2527 2974 communi
2584 2910 3004 2987 venetiarum,
3066 2926 3204 2973 cum

473 2998 760 3062 omnibus
809 2999 1028 3082 pactiS,
1078 2997 1560 3074 condicionibu8‚
1610 2997 1825 3061 formis
1891 2998 1956 3060 et
2017 2998 2329 3072 clausuliS,
2395 3017 2512 3079 que
2575 2998 2944 3062 videbuntur
3004 2997 3207 3079 provi-

472 3085 680 3150 dentie
743 3086 895 3150 dicti
964 3086 1310 3163 constituti,
1382 3090 1445 3150 et
1507 3087 1579 3149 ad
1644 3086 2128 3167 promittendum
2195 3088 2251 3150 in
2320 3104 2530 3149 eorum
2588 3086 3101 3151 constituentium
3144 3087 3207 3147 et

473 3175 953 3237 constitutorum
1001 3173 1184 3238 fidem
1234 3176 1298 3235 et
1343 3173 1666 3237 animabus
1708 3191 1848 3237 cum
1897 3173 2064 3236 omni
2112 3174 2318 3238 debito
2360 3178 2423 3238 et
2470 3175 2812 3239 necessario
2858 3175 3203 3237 iuramento

473 3262 720 3325 nomine
789 3263 853 3323 et
909 3261 1039 3324 vice
1104 3260 1300 3343 ipsius
1366 3262 1831 3325 communitatis
1897 3260 2300 3325 Veneciarum
2366 3280 2577 3325 omnes
2625 3261 2703 3325 ad
2753 3264 2884 3325 eius
2930 3262 3201 3342 gratiam

473 3350 679 3413 venire
742 3347 1017 3412 volentes
1069 3347 1146 3413 de
1207 3367 1419 3411 eorum
1486 3349 1551 3412 et
1611 3367 1862 3413 suorum
1912 3349 2185 3413 locorum
2247 3348 2637 3425 deffensione,
2696 3350 3077 3431 protectione
3143 3351 3208 3411 et

470 3434 913 3518 gubernatione
962 3438 1257 3518 perpetuo
1302 3437 1722 3500 conservanda
1764 3437 1843 3501 ab
1869 3437 2154 3501 omnibus
2187 3437 2541 3501 hominibus
2573 3441 2637 3500 et
2671 3438 2946 3518 personis
2990 3436 3204 3500 mundi

471 3527 537 3587 et
580 3523 655 3586 ad
702 3523 1121 3604 stipulandum
1173 3530 1236 3585 et
1282 3525 1712 3606 paciscendum
1777 3542 1915 3588 cum
1982 3524 2336 3589 hominibus
2397 3525 2819 3606 quarumlibet
2878 3525 3203 3588 civitatum

470 3610 535 3675 et
581 3610 874 3687 locorum,
924 3610 1246 3674 civitatum
1308 3613 1371 3675 et
1431 3611 1704 3675 locorum
1758 3611 1992 3679 muudi.
2041 3613 2572 3689 universitatibu3‚
2647 3612 3204 3676 communitatibus

470 3702 534 3763 et
578 3697 833 3779 colegiis
879 3698 1299 3780 quarumlibet
1345 3698 1671 3763 civitatum
1722 3701 1786 3762 et
1831 3699 2106 3763 locorum
2154 3702 2366 3764 mundi
2415 3700 2487 3764 ad
2538 3699 2873 3781 prefactam
2938 3699 3202 3781 gratiam

468 3786 674 3849 venire
720 3785 1074 3850 volentibus
1120 3786 1368 3850 nomine
1416 3806 1533 3869 quo
1583 3806 1771 3869 snpra
1828 3789 2026 3868 pacta,
2076 3788 2491 3852 instrumenta
2538 3790 2724 3867 atque
2781 3788 3205 3870 promissiones

467 3873 777 3955 quaslibet
822 3877 884 3936 et
930 3891 1142 3937 omnes
1191 3875 1564 3937 necessarias
1607 3878 1671 3938 et
1716 3877 2088 3957 opportunas
2151 3874 2534 3950 faciendum;
2591 3876 2812 3939 dantes
2875 3877 2940 3938 et
2997 3892 3208 3938 conce·

466 3961 682 4025 dentes
730 3961 1000 4043 predicti,
1035 3962 1479 4025 constituentes
1527 3961 1726 4025 eidem
1792 3962 2041 4026 domino
2090 3962 2393 4026 Lodovico
2441 3962 2799 4027 Lauredano
2850 3961 3202 4035 constituto,

468 4051 538 4113 ut
605 4049 840 4113 dictum
914 4053 1031 4123 est,
1080 4067 1324 4113 omnem
1395 4044 1855 4125 auctoritatem,
1929 4054 2324 4130 potest-atem,
2396 4049 2756 4115 libertatem
2821 4054 2886 4114 et
2932 4050 3202 4123 bailiam,

464 4154 652 4218 quam
717 4135 946 4201 habent
1005 4156 1040 4199 a
1102 4137 1528 4200 dominacione
1591 4136 2016 4211 Venetiarum,
2090 4137 2158 4199 ut
2202 4137 2437 4201 dictum
2487 4140 2615 4210 est;
2683 4138 2890 4202 omnia
2934 4135 3203 4221 predicta

464 4226 531 4288 et
560 4224 804 4307 singula
835 4224 1248 4306 predictorum
1285 4229 1347 4287 et
1378 4225 1465 4288 eis
1500 4243 1770 4288 connexa
1805 4226 1869 4286 et
1894 4224 1969 4287 ab
1997 4224 2148 4307 ipsis
2174 4224 2585 4306 dependentia
2616 4226 2880 4304 dicendi,
2918 4223 3200 4299 faciendi,

462 4312 843 4390 procurandi,
894 4312 1133 4375 iurandi
1179 4314 1242 4374 et
1286 4312 1683 4392 promittendi
1733 4312 1823 4376 sic
1895 4312 2144 4394 ipsimet
2214 4314 2662 4377 constituentes
2720 4317 2783 4376 et
2828 4312 3200 4377 constitutus

462 4396 536 4459 ad
586 4397 847 4462 invicem
898 4399 1253 4483 congregati
1303 4398 1500 4463 facere
1546 4402 1799 4481 possent
1845 4400 1917 4463 de
1964 4417 2075 4463 suo
2124 4400 2409 4465 concordi
2458 4404 2522 4463 et
2584 4401 2858 4463 unanimi
2923 4400 3197 4475 consilio,

462 4484 895 4563 promittentes
943 4486 1092 4550 dicti
1141 4487 1587 4551 constituentes
1635 4488 1861 4552 habere
1909 4488 2154 4551 firmum
2206 4492 2270 4552 et
2312 4491 2519 4553 ratum
2570 4491 2772 4551 toturn
2822 4492 2886 4551 et
2928 4490 3195 4570 gratum,

459 4569 619 4650 quod
671 4589 777 4650 per
825 4575 1169 4653 predictum
1231 4575 1547 4639 dominum
1609 4575 1983 4640 Ludovicum
2041 4575 2400 4641 Lauredano
2452 4577 2875 4640 ‚constitutum
2928 4575 3197 4653 dictum,

459 4658 729 4737 gestum,
778 4656 1010 4723 factum
1062 4664 1126 4725 et
1173 4665 1560 4743 procuratum
1613 4663 1800 4727 fuerit
1847 4664 1906 4725 in
1956 4662 2249 4744 predictis
2310 4667 2374 4728 et
2419 4662 2684 4746 singulis
2748 4663 3186 4745 predictorum,

456 4745 521 4806 et
566 4743 787 4820 cetera,
845 4750 1028 4826 prout
1072 4749 1133 4811 in
1181 4749 1343 4811 dicto
1391 4750 1797 4814 instrumento
1843 4749 2021 4832 plene
2075 4750 2321 4834 legitur,
2384 4769 2422 4816 a
2465 4769 2566 4816 me
2612 4748 3010 4836 infrascripto
3072 4765 3181 4813 no-
