3620 5282
554 395 685 460 210

552 567 999 634 ser-Nicolaum
1028 568 1182 632 bene
1227 569 1608 646 contentum,
1637 570 2061 651 sperabamus,
2091 567 2248 652 quod
2273 569 2388 633 hoc
2414 566 2593 633 modo
2622 567 2857 632 factum
2906 569 3087 645 esset,
3135 583 3285 631 con-

553 656 841 721 sideratis
889 656 1070 720 iustis
1118 659 1320 720 causis
1369 661 1431 719 et
1462 658 1644 740 longo
1691 662 1984 736 tempore,
2036 675 2154 739 quo
2197 655 2691 746 satisfactionem
2741 674 2922 719 suam
2973 654 3283 737 patienter

557 745 930 826 prestolatus
979 746 1093 807 est.
1143 744 1223 806 Et
1267 745 1408 825 quia
1456 745 1587 825 ipse
1637 764 1735 808 ser
1780 743 2080 808 Nicolans
2129 745 2204 807 ob
2254 743 2501 826 negotia
2543 744 2895 807 serenitatis
2947 753 3148 806 vestre
3183 745 3283 805 est

557 832 818 895 diversis
883 830 1158 911 personis
1204 831 1267 893 in
1316 831 1529 894 multis
1602 833 1880 913 pecuniis
1945 831 2278 912 obligatus,
2341 834 2405 894 91
2452 832 2572 912 ipsi
2619 830 2853 910 pluries
2900 829 3280 893 solutionem

559 936 735 981 suam
784 938 990 982 coram
1041 917 1211 982 nobis
1260 919 1712 982 instantissime
1756 920 2089 1000 petierunt,
2138 918 2449 999 predictus
2477 937 2575 981 ser
2602 917 2895 982 Nicolaus
2930 935 3047 980 non
3095 918 3284 979 audet

561 1005 688 1068 iam
737 1006 840 1068 diu
893 1024 1265 1086 comparere,
1314 1008 1417 1087 qui
1467 1025 1583 1069 non
1634 1007 1867 1069 habens
1915 1008 2072 1069 unde
2120 1006 2377 1083 solvere,
2426 1007 2613 1069 timet
2657 1005 3008 1069 carceribus
3043 1004 3284 1067 manci-

520 1092 712 1174 «pari,
761 1093 918 1173 quod
966 1112 1074 1156 nos
1117 1095 1376 1172 agravat
1422 1097 1485 1156 et
1527 1095 1868 1174 perturbat,
1917 1093 2244 1173 presertim
2279 1111 2385 1173 pro
2432 1093 2660 1156 honore
2695 1094 2884 1172 regie,
2923 1111 3105 1172 quem
3139 1093 3282 1154 tan·

555 1182 687 1242 tum
736 1180 1073 1259 diligimuS,
1123 1185 1187 1243 et
1234 1199 1339 1260 pro
1385 1181 1607 1244 damno
1642 1186 1703 1242 et
1735 1180 2122 1244 incommodo
2169 1181 2321 1243 civis
2388 1181 2579 1243 nostri
2628 1183 2692 1244 91
2736 1181 2999 1243 aliorum
3050 1178 3280 1241 civium

560 1270 909 1330 nostrorum
968 1267 1325 1330 debentium
1388 1268 1654 1349 recipere
1726 1269 2070 1330 mercedem
2119 1286 2316 1330 suam.
2367 1265 2569 1345 Quare
2616 1285 2758 1330 cum
2805 1266 3134 1348 propinqui
3182 1266 3282 1328 sui

559 1373 701 1434 sepe
746 1354 1201 1434 comparuerint
1248 1372 1454 1417 coram
1525 1355 1721 1428 991119,
1795 1354 2196 1436 19991199199,
2266 1355 2428 1435 quod
2500 1355 2906 1435 provideatur,
2961 1355 3030 1415 ut
3075 1353 3282 1416 dictus

559 1459 658 1505 ser
702 1440 995 1504 Nicolaus
1043 1443 1237 1523 possit
1283 1460 1463 1504 suam
1510 1442 1991 1505 satisfactionem
2041 1443 2281 1517 habere,
2330 1445 2400 1505 ut
2443 1460 2795 1521 comparere
2826 1440 3027 1522 possit
3077 1440 3285 1503 Vene-

559 1529 665 1592 tiis
708 1534 771 1592 et
808 1528 1187 1603 satisfacere,
1236 1531 1460 1608 quibus
1502 1548 1686 1592 causa
1735 1529 2050 1592 maiestati
2121 1532 2324 1592 vostre
2385 1531 2646 1604 tenetur,
2696 1528 3128 1592 celsitudinem
3178 1546 3290 1590 ve-

559 1622 757 1679 stram
805 1618 1035 1698 regiam
1096 1617 1544 1680 instantissime
1615 1617 2033 1697 deprecamur,
2104 1622 2407 1696 quatenus
2480 1636 2585 1697 pro
2635 1617 2858 1679 honore
2931 1614 3286 1677 maiestatis

558 1709 761 1766 vestre
802 1708 867 1766 et
912 1707 983 1766 ut
1025 1705 1340 1785 predictus
1387 1705 1538 1767 civis
1610 1709 1815 1766 noster
1877 1707 2053 1765 exeat
2083 1703 2157 1764 de
2198 1703 2512 1766 laboribus
2560 1705 2719 1778 istis,
2768 1706 2833 1766 et
2874 1706 2944 1765 ut
2974 1701 3120 1775 illis,
3173 1700 3283 1783 qui

563 1790 791 1854 habere
857 1790 1101 1865 debent,
1152 1791 1392 1871 possint
1459 1791 1682 1853 habere
1752 1790 2122 1852 solutionem
2187 1808 2383 1865 suam,
2432 1790 2722 1871 dignatur
2771 1796 2979 1853 tenere
3028 1788 3284 1851 modum

556 1880 787 1959 absque
834 1879 974 1940 aliis
1026 1879 1304 1950 induciiS,
1352 1878 1509 1960 quod
1562 1880 1689 1959 ipse
1737 1877 1964 1940 babeat
2010 1878 2071 1939 in
2120 1878 2403 1940 omnibus
2453 1879 2673 1942 merito
2706 1876 3085 1950 contentari;
3119 1876 3286 1956 quod

556 1966 607 2028 si
657 1965 781 2037 fiet,
832 1965 1164 2046 plurimum
1236 1965 1409 2027 nobis
1480 1964 1764 2045 placebit,
1810 1967 1874 2026 et
1920 1966 2038 2027 erit
2100 1983 2361 2046 maguus
2409 1965 2600 2028 honor
2649 1965 2993 2028 maiestatis
3044 1969 3285 2038 vestre3

554 2054 619 2116 et
667 2054 724 2115 in
771 2072 916 2115 casu
965 2071 1081 2133 quo
1130 2070 1248 2115 non
1291 2052 1465 2115 fieret
1496 2053 1732 2115 civibus
1768 2052 1994 2115 nostris
2028 2051 2088 2114 in
2121 2052 2357 2114 iuribus
2404 2053 2530 2114 suis
2567 2053 2905 2116 secundum
2956 2050 3286 2124 iustitiam,

555 2138 840 2205 defficere
885 2158 997 2203 non
1049 2159 1385 2220 possemus,
1435 2140 1538 2216 84,
1588 2142 1661 2203 de
1709 2158 1828 2202 non
1876 2141 1935 2216 6,
1988 2157 2105 2202 non
2151 2139 2374 2202 sinceri
2427 2136 2528 2199 10.

640 2247 822 2305 Misti
872 2246 1185 2304 XXXIX.
1233 2250 1336 2320 27,
1385 2265 1428 2304 u
1472 2243 1632 2306 mlet.
1681 2248 1916 2305 arkivu.

900 2450 1338 2532 CCXCIX.
1396 2452 1604 2534 God.
1642 2450 1867 2535 1385.
1913 2455 2010 2534 16
2050 2453 2402 2555 sicema,
2457 2476 2514 2536 u
2550 2452 2941 2534 Mlctcih.

641 2595 982 2671 Republika
1016 2597 1337 2668 prilcazuje
1382 2613 1442 2655 se
1482 2598 1685 2669 voljna
1733 2598 1949 2669 stupui
2000 2616 2038 2655 u
2083 2614 2256 2657 savcz
2300 2614 2331 2657 s
2376 2597 2710 2672 aqam-hri).
2761 2596 3177 2669 kraljevinom.

776 2716 962 2780 1384.
1012 2717 1110 2779 die
1163 2716 1243 2778 16
1280 2718 1507 2780 mensis
1556 2719 1841 2781 ianuarii.
1891 2718 2254 2801 Exemplum
2283 2718 2603 2781 literarum
2666 2718 2738 2780 de
2788 2716 3065 2796 partibus
3109 2715 3295 2781 Hun—

554 2806 724 2889 garie
751 2807 1084 2869 missarum
1120 2823 1226 2886 per
1274 2805 1340 2867 F.
1369 2805 1443 2868 de
1469 2805 1539 2867 Β.
1569 2824 1666 2869 ser
1716 2806 1941 2869 Karolo
1991 2806 2158 2870 Geno
2204 2806 2510 2869 91999119.
2560 2805 2699 2867 Dat.
2751 2805 2849 2867 die
2894 2804 2997 2867 20.
3051 2804 3291 2869 mensis

552 2894 921 2958 decembris.

536 3052 537 3055 ,
762 2997 813 3059 Ε
863 2995 964 3077 piu
1011 3015 1085 3059 ue
1131 2995 1330 3071 dicho,
1381 2997 1493 3059 che
1565 2998 1776 3060 siando
1826 2996 1886 3059 in
1936 2998 2364 3060 rasonamento
2412 2997 2484 3059 de
2536 2995 2776 3061 diverse
2824 3012 2996 3058 cosse
3042 3014 3184 3059 cum
3226 2996 3290 3061 lo

550 3104 702 3169 gran
745 3091 943 3160 conte,
995 3084 1052 3145 io
1099 3083 1140 3146 li
1193 3084 1335 3147 haui
1382 3083 1598 3160 adire,
1648 3085 1798 3147 ezio
1843 3104 2012 3157 vene,
2052 3086 2294 3165 perche
2329 3082 2688 3165 parlauamo
2732 3082 2808 3146 de
2848 3081 2961 3145 fati
3009 3083 3082 3145 de
3115 3100 3290 3147 mare

550 3192 583 3236 e
631 3172 706 3235 de
752 3171 933 3253 galie.
986 3166 1173 3245 Dissi,
1223 3171 1278 3233 el
1329 3190 1424 3233 me
1466 3190 1597 3252 par,
1632 3171 1766 3235 chel
1814 3190 2035 3234 comun
2084 3175 2157 3234 de
2197 3172 2458 3235 Venezia
2493 3190 2678 3237 vorra
2716 3188 2863 3234 auer
2908 3168 3037 3234 fato
3080 3171 3291 3252 que10,

546 3260 622 3323 de
669 3258 779 3322 che
821 3258 982 3321 altra
1029 3258 1196 3320 uolta
1257 3257 1314 3319 lo
1386 3259 1740 3325 recheristi:
1791 3259 1976 3334 disse,
2019 3277 2195 3322 como
2222 3260 2280 3322 el
2327 3277 2450 3340 say,
2503 3278 2536 3321 e
2586 3261 2700 3322 che
2749 3276 2823 3321 ne
2849 3257 3056 3334 senti;
3100 3256 3284 3327 dissi.

548 3366 656 3429 per
701 3346 926 3427 algune
965 3363 1156 3421 cosse,
1207 3342 1322 3407 che
1368 3365 1466 3409 me
1513 3366 1624 3428 par
1670 3346 1896 3408 sentire
1946 3365 2054 3426 per
2102 3366 2269 3409 mare
2317 3366 2348 3409 e
2395 3362 2501 3426 per
2549 3349 2740 3410 terra.
2790 3343 2985 3408 Diche
3027 3345 3134 3426 luy
3190 3365 3291 3410 me

552 3435 735 3509 disse,
788 3451 818 3495 9
867 3449 1074 3513 prego,
1138 3431 1249 3494 che
1298 3432 1354 3493 io
1402 3452 1476 3495 ne
1538 3435 1789 3497 deuesse
1855 3435 2108 3509 scriuer,
2168 3454 2199 3496 e
2248 3433 2333 3496 sel
2381 3430 2554 3495 99191
2609 3452 2706 3497 me
2732 3450 2855 3507 era,
2910 3431 3023 3495 9119
3093 3449 3129 3493 a
3177 3433 3289 3516 luy

553 3521 804 3603 plaseua
852 3519 1059 3594 molto,
1110 3520 1276 3581 eche
1324 3538 1388 3582 se
1430 3540 1559 3603 nuy
1600 3522 1795 3583 volem
1861 3522 2167 3595 attender,
2225 3521 2336 3584 9119
2405 3519 2715 3584 mandasti
2768 3536 3023 3599 persona
3067 3521 3148 3583 da
3193 3521 3288 3584 zio

552 3627 696 3672 cum
744 3606 952 3688 quella
991 3606 1348 3679 intentione,
1397 3608 1507 3669 che
1553 3608 1847 3681 bastasse,
1920 3610 2030 3671 che
2080 3610 2154 3671 de
2197 3627 2315 3689 qua
2365 3610 2712 3671 trouereste
2761 3607 2968 3670 nostro
3017 3607 3288 3671 intendi-

547 3698 791 3767 mento;
840 3692 1021 3756 houel
1068 3694 1273 3769 scrito,
1302 3693 1482 3773 quelo
1529 3696 1638 3758 che
1665 3714 1737 3757 99
1784 3713 1915 3774 1191,
1966 3715 2040 3758 99
2083 3695 2227 3770 fate,
2263 3699 2325 3756 et
2371 3694 2494 3757 ami
2547 3712 2626 3757 ne
2677 3693 3059 3775 respondete,
3109 3713 3176 3757 se
3208 3714 3288 3759 99

548 3802 713 3866 pare,
762 3780 815 3843 si
861 3780 971 3843 che
1015 3797 1197 3861 possa
1244 3781 1534 3843 renderue
1582 3783 1810 3862 alguna
1858 3788 2160 3864 resposta.

762 3884 1084 3962 DominuS,
1134 3904 1231 3947 ser
1288 3884 1601 3949 Johannes
1667 3887 2030 3961 Barbadico,
2096 3908 2193 3950 ser
2254 3884 2543 3949 Nicolaus
2611 3885 2956 3961 ValareSSO,
3006 3906 3104 3949 ser
3160 3886 3286 3951 Mi-

548 3974 675 4039 cael
725 3972 1091 4047 contareno,
1142 3972 1519 4050 consiliarii3
1557 3993 1654 4036 ser
1726 3973 2028 4053 Mapheus
2083 3975 2158 4038 de
2208 3974 2450 4043 Pesaro,
2501 3989 2604 4034 ser
2653 3971 2953 4053 Mapheus
3011 3972 3283 4055 Capello,

549 4060 751 4142 capita
791 4060 934 4133 XL;
984 4062 1048 4122 et
1094 4080 1189 4121 ser
1241 4060 1590 4122 [leonardus
1640 4060 1946 4134 Dandulo,
1998 4081 2098 4125 ser
2144 4061 2458 4126 Johannes
2492 4056 2863 4134 GradenicO,
2901 4065 3288 4141 procurator,

543 4167 640 4213 ser
692 4147 976 4236 Zacarias
1025 4144 1385 4220 CentarenO,
1437 4167 1533 4209 ser
1560 4147 1893 4210 Lodovicus
1927 4148 2316 4222 ManrocenO,
2346 4167 2442 4211 ser
2468 4145 2742 4211 Karolus
2792 4146 2981 4223 Geno,
3033 4149 3285 4230 sapien·

541 4239 638 4300 tes
662 4234 921 4298 consilii.
957 4233 1150 4314 Capta
1196 4232 1369 4310 Quod
1397 4234 1835 4315 respondeatur
1865 4254 1969 4315 per
1997 4256 2095 4299 ser
2124 4236 2418 4300 Karolum
2446 4235 2616 4300 Geno
2642 4238 2707 4299 et
2732 4236 2921 4299 sotios
2948 4236 3282 4302 Francisco

548 4324 619 4386 de
666 4322 996 4394 Bernardo,
1058 4322 1453 4385 monstrando
1516 4322 1676 4402 quod
1741 4329 2110 4401 responeant
2156 4329 2219 4388 et
2265 4321 2540 4386 scribant
2584 4341 2733 4395 ase,
2785 4323 2846 4385 in
2895 4324 3009 4386 hac
3051 4323 3290 4399 forma,-

544 4409 866 4472 videlicet:
915 4408 1171 4488 Aquelo
1219 4409 1328 4469 che
1379 4428 1500 4490 uuy
1546 4411 1805 4471 sci-iuete
1854 4409 1990 4473 dele
2020 4412 2222 4491 parole
2256 4410 2564 4472 raxionate
2592 4428 2735 4472 cum
2771 4410 2830 4473 lo
2875 4428 3054 4492 gram
3098 4418 3280 4475 conte

544 4511 725 4556 scura
771 4494 896 4557 fato
943 4495 1015 4556 de
1063 4496 1190 4575 liga
1238 4496 1301 4556 et
1348 4500 1566 4557 unione
1613 4499 1726 4558 etc.
1781 4515 1851 4558 ve
1900 4500 2200 4578 rispondo,
2235 4498 2341 4560 9119
2385 4500 2669 4559 rezeuuta
2702 4496 2762 4559 la
2796 4500 3004 4559 vostra
3051 4496 3272 4574 letera,

543 4577 602 4638 19
647 4578 710 4639 fu
758 4581 899 4642 dala
962 4582 1084 4643 mia
1151 4581 1444 4661 signoria.
1495 4601 1525 4643 e
1572 4581 1833 4645 conferri
1898 4602 2038 4648 cum
2107 4588 2233 4648 loro
2281 4582 2354 4644 de
2398 4585 2613 4663 questo
2664 4582 2814 4658 fato,
2864 4602 2896 4646 e
2945 4599 3158 4663 parme
3209 4585 3273 4648 lo

541 4658 668 4754 fato
712 4662 768 4757 li·
804 4666 996 4742 plaxe.
1046 4666 1096 4727 Ε
1155 4667 1376 4745 perche
1422 4667 1481 4730 io
1525 4685 1660 4732 som
1721 4670 2020 4747 dexiroso‚
2085 4674 2196 4737 che
2237 4673 2333 4733 tra
2393 4669 2451 4732 lo
2501 4689 2704 4734 reame
2752 4671 2825 4733 de
2850 4670 2912 4732 la
2952 4689 2984 4732 e
3032 4668 3095 4733 la
3144 4673 3274 4735 mia

546 4759 814 4822 signona
858 4750 931 4812 de
970 4767 1089 4828 qua
1149 4751 1242 4814 sia
1299 4771 1422 4816 una
1483 4755 1636 4818 bona
1698 4757 2192 4824 confederatione
2237 4775 2346 4838 per
2392 4757 2532 4821 bem
2575 4758 2647 4821 de
2700 4774 2824 4820 una
2870 4757 3047 4838 parte
3085 4775 3119 4820 e
3167 4758 3271 4821 del
