3620 5282
2866 360 2994 429 259

494 537 1048 623 CCCLXXII.
1108 536 1308 621 God.
1364 536 1590 620 1388.
1640 538 1731 619 11
1782 535 2237 638 listopada,
2284 557 2346 618 u
2397 535 2787 619 Mletclh.

458 683 795 758 Povracaju
839 700 901 743 se
945 683 1383 743 Dalmatincem
1428 683 1596 757 njekc
1640 683 1859 754 etvari,
1908 682 2037 755 koje
2082 698 2156 741 su
2189 682 2307 756 jim
2351 681 2461 741 bile
2507 681 2819 756 uzapccnc.

506 804 696 870 1388.
746 804 1079 869 indictione
1124 803 1282 881 XII,
1344 803 1444 868 die
1491 802 1813 867 undecimo
1862 803 2090 867 mensis
2138 801 2427 868 octobris.
2507 802 2814 867 Dominus
2860 821 3002 867 con—

298 893 538 969 siliarii,
587 893 791 976 capita
835 899 899 957 et
944 892 1255 975 sapientes
1300 891 1561 956 consilii.
1613 890 1814 955 Missa
1858 891 2125 955 dominis
2172 890 2247 955 de
2295 893 2491 955 nocte.
2564 889 2793 973 Capta:
2841 891 2999 975 quod

294 1002 407 1066 pro
454 981 673 1047 multis
720 982 898 1045 bonis
944 980 1324 1063 respectibus
1371 982 1435 1045 et
1472 997 1580 1062 pro
1642 980 1866 1044 honore
1928 980 2131 1043 nostre
2177 978 2621 1044 dominationis
2667 979 2998 1053 ordinetur,

297 1071 462 1153 quod
508 1070 666 1135 illud
710 1068 1048 1153 navigium,
1097 1088 1212 1145 reS,
1263 1072 1665 1133 mercationes
1712 1069 1776 1131 et
1837 1067 2016 1144 bona,
2067 1085 2186 1150 que
2234 1067 2482 1131 fuerunt
2530 1067 2831 1132 conducta
2874 1068 2996 1133 Ve-

297 1159 500 1224 netiae
548 1176 656 1240 per
703 1163 921 1241 gentes
965 1157 1136 1222 illius
1182 1157 1359 1241 galee
1406 1158 1479 1222 de
1512 1155 1709 1235 Barri,
1760 1154 1857 1219 vel
1889 1173 2005 1238 que
2038 1158 2134 1220 est
2177 1155 2255 1219 ad
2289 1157 2529 1220 soldum
2565 1154 2800 1220 domini
2831 1154 3005 1221 ducis

299 1246 783 1330 Andegavensis,
832 1247 896 1310 et
940 1245 1188 1309 fuerunt
1232 1245 1589 1309 intromissa
1636 1263 1743 1326 per
1790 1242 2067 1308 dominos
2114 1244 2188 1309 de
2229 1246 2408 1309 nocte
2455 1245 2528 1308 de
2576 1246 2863 1308 mandato
2902 1262 3007 1308 no-

296 1336 411 1400 stri
457 1333 733 1411 dominii‚
783 1333 1047 1399 debeant
1091 1333 1337 1398 restitui
1371 1331 1749 1399 Dalmatinis
1799 1336 1863 1396 et
1906 1332 2187 1397 omnibus
2234 1332 2378 1396 aliis
2423 1333 2714 1414 personis,
2747 1333 2824 1398 ad
2857 1350 3006 1415 quas
3091 1367 3126 1406 c·

295 1425 580 1507 spectant
625 1428 689 1486 et
733 1441 995 1504 quorum
1043 1424 1208 1486 sunt.
1256 1421 1340 1485 Et
1385 1420 1814 1486 committatur
1862 1419 2128 1485 dominis
2175 1419 2250 1485 de
2298 1422 2494 1498 nocte,
2529 1421 2689 1502 quod
2721 1420 2871 1486 dent
2902 1439 3006 1484 ex-

295 1511 672 1596 peditionem
720 1509 864 1575 huic
904 1510 1068 1575 facto
1115 1529 1222 1592 pro
1265 1510 1494 1575 honore
1540 1508 1735 1573 nostri
1783 1508 2061 1573 dominii.
2103 1508 2243 1574 Non
2289 1507 2514 1574 sinceri
2564 1507 2621 1588 7,
2670 1509 2745 1574 de
2792 1527 2911 1574 non
2948 1508 3008 1575 7.

388 1620 625 1682 Secreta
669 1636 827 1680 cons.
872 1635 995 1695 roy.
1041 1619 1116 1678 R.
1169 1621 1270 1689 40,
1316 1636 1361 1678 u
1404 1619 1559 1689 mlet,
1604 1617 1840 1678 arkivu.

511 1806 1119 1892 CCCLXXIII.
1174 1806 1370 1890 God
1416 1807 1642 1890 1388.
1680 1806 1782 1890 23
1816 1805 2272 1908 listopada,
2318 1829 2379 1889 u
2414 1806 2802 1889 Mlctclh.

305 1935 614 2008 Ovzascuje
661 1953 722 1996 sc
770 1935 1070 2008 pomorski
1100 1935 1377 2009 kapctan,
1408 1935 1488 1993 da
1518 1952 1683 1995 uzmc
1713 1952 1755 1993 u
1788 1935 1947 2008 svojc
1991 1934 2136 1992 ruke
2169 1934 2461 2008 poylavite
2493 1934 2758 2007 terdiavc
2786 1933 3009 1995 Draca.

729 2026 842 2084 ako
888 2026 1034 2083 kncz
1079 2025 1202 2097 myc
1245 2040 1290 2082 u
1332 2024 1557 2098 stanju,
1607 2024 1686 2082 da
1727 2041 1808 2098 qa
1843 2024 2012 2096 proti
2065 2022 2322 2082 Turkom
2367 2024 2597 2081 ebrani.

520 2144 704 2211 1388.
753 2145 852 2209 die
899 2143 1114 2209 XXIII
1161 2142 1456 2208 octubris
1526 2142 1845 2226 Sapientes
1909 2142 2191 2208 ordinum
2234 2162 2332 2208 ser
2377 2142 2591 2207 Victor
2636 2142 3007 2224 Vallaresso,

306 2253 405 2299 ser
451 2234 724 2300 Jacobus
773 2231 1140 2297 contareno.
1204 2230 1433 2315 Capta:
1484 2250 1622 2296 cum
1669 2233 1827 2297 alias
1876 2235 2123 2313 captum
2180 2232 2366 2296 fuerit
2428 2232 2487 2295 in
2537 2232 2788 2296 consilio
2833 2251 3014 2317 roga-

306 2327 513 2387 torum
561 2326 625 2385 et
671 2321 1033 2397 additionis,
1082 2321 1461 2385 considerato
1510 2321 1774 2386 maximo
1822 2320 2154 2402 preiudicio
2203 2325 2265 2384 et
2312 2320 2582 2396 sinistro,
2632 2322 2787 2402 quod
2834 2324 3012 2386 cede-

308 2412 405 2474 ret
449 2408 633 2474 factis
679 2408 927 2484 nostris,
976 2407 1029 2472 'si
1064 2410 1278 2473 civitas
1317 2409 1612 2473 Durachii
1654 2409 2003 2492 perveniret
2046 2408 2124 2472 ad
2158 2427 2379 2472 manus
2412 2408 2814 2486 Turchorum,
2850 2411 3009 2491 quod

308 2497 447 2580 ipsa
494 2496 715 2562 civitas
762 2498 1011 2561 deberet
1053 2497 1247 2579 accipi
1298 2498 1361 2561 et
1406 2499 1754 2563 conservari
1800 2497 1878 2561 ad
1925 2498 2220 2561 honorem
2269 2497 2460 2561 nostri
2494 2496 2746 2561 dominii
2776 2499 2838 2560 in
2870 2516 3018 2563 casu

311 2603 430 2669 quo
467 2585 750 2650 dominus
800 2585 1093 2651 Durachii
1161 2586 1359 2668 ipsam
1407 2586 1722 2651 defendere
1770 2603 1890 2651 non
1939 2587 2161 2669 posset,
2207 2603 2325 2669 que
2372 2585 2636 2668 provisio
2686 2585 2853 2650 facta
2898 2585 3019 2651 fuit

310 2692 419 2756 pro
462 2675 616 2739 bono
662 2677 727 2738 et
771 2675 1232 2739 conservatione
1281 2679 1481 2738 status
1529 2676 1745 2747 nostri,
1787 2675 1946 2739 sicut
1977 2674 2262 2739 omnibus
2296 2677 2464 2739 extat
2493 2675 2646 2739 satis
2682 2676 3014 2740 notorium.

314 2762 399 2828 Et
444 2761 779 2827 intellectis
826 2760 1089 2841 litteris,
1155 2782 1307 2844 quas
1355 2762 1579 2826 nobilis
1630 2765 1722 2828 vir
1782 2782 1882 2827 ser
1926 2763 2230 2829 Johannis
2279 2761 2527 2845 Capello
2588 2761 2905 2845 sapienter
2951 2768 3015 2828 et

310 2851 589 2916 ordinate
643 2848 1003 2933 descripsit,
1053 2850 1407 2933 plenissime
1451 2852 2010 2931 comprehenditur,
2060 2852 2217 2935 quod
2279 2855 2478 2916 status
2527 2852 2686 2915 dicte
2732 2852 3008 2917 civitatis

311 2959 430 3005 non
475 2940 599 3004 fuit
642 2940 843 3003 adhuc
884 2938 945 3002 in
992 2942 1123 3002 tam
1174 2939 1389 3002 stricto
1435 2943 1663 3021 puncto
1717 2943 1780 3005 et
1826 2940 2094 3003 evidenti
2143 2939 2432 3020 periculo,
2482 2939 3006 3022 quemadmodum

309 3030 385 3092 ad
432 3047 684 3111 presens
731 3029 844 3092 est.
891 3026 975 3091 Et
1019 3045 1124 3109 pro
1172 3027 1603 3092 conformando
1651 3047 1712 3090 se
1762 3027 2257 3092 determinationi
2302 3026 2465 3091 facte
2510 3047 2617 3109 per
2665 3027 2831 3092 istud
2877 3046 3020 3092 con-

313 3116 526 3183 silium
572 3115 665 3179 ita
709 3115 1084 3194 solemniter,
1135 3118 1197 3179 et
1261 3133 1367 3197 pro
1440 3135 1555 3179 non
1626 3116 1929 3180 mittendo
1977 3116 2150 3191 illud,
2214 3117 2373 3199 quod
2435 3115 2696 3181 fecimus
2761 3117 2823 3179 in
2873 3135 3017 3181 con-

316 3205 607 3270 struendo
651 3204 879 3268 turrim
944 3203 1272 3276 Durachii,
1336 3205 1753 3269 necessarium
1816 3208 1908 3266 est
1952 3204 2277 3286 superinde
2327 3206 2683 3286 opportunis
2733 3206 3017 3269 remediis

315 3293 667 3378 providere;
730 3291 902 3355 vadit
963 3310 1107 3374 pars
1150 3293 1214 3355 in
1260 3293 1502 3356 nomine
1549 3293 1679 3357 iesu
1726 3292 1960 3369 christi,
2019 3294 2176 3375 quod
2238 3294 2539 3356 scribatur
2584 3293 2648 3355 et
2694 3295 3019 3358 mandetur

316 3382 638 3464 capitaneo
686 3382 893 3444 nostro
941 3379 1102 3455 culfi,
1150 3380 1307 3463 quod
1355 3382 1576 3446 debeat
1636 3399 1954 3446 corvocare
2002 3399 2215 3445 omnes
2280 3381 2728 3462 supracomitos
2777 3387 3018 3446 nostros

322 3469 487 3546 culfi,
536 3469 638 3551 qui
686 3487 895 3533 secum
943 3474 1139 3542 erunt,
1203 3469 1267 3533 et
1329 3468 1598 3534 conferre
1643 3488 1783 3533 cum
1832 3470 2081 3534 consule
2128 3471 2334 3533 nostro
2398 3468 2633 3545 deinde,
2682 3473 2743 3533 et
2789 3470 3020 3534 exami-

320 3557 487 3622 natis
531 3558 862 3640 diligenter
909 3560 974 3619 et
1020 3558 1260 3621 mature
1307 3557 1758 3621 conditionibus
1804 3558 2076 3622 civitatis
2127 3557 2419 3622 Durachii
2467 3561 2533 3621 et
2577 3556 2807 3622 domini
2870 3558 3020 3623 dicti

316 3645 470 3723 loci,
519 3645 574 3709 si
621 3644 931 3709 videbitur
976 3643 1142 3708 dicto
1185 3647 1499 3726 capitaneo
1544 3647 1608 3710 et
1652 3646 2086 3727 supracomitis
2129 3647 2354 3709 nostris
2417 3645 2514 3710 vel
2557 3647 2771 3713 maiori
2834 3648 3019 3729 parti,

320 3734 481 3816 quod
525 3734 745 3798 civitas
774 3732 1069 3796 Durachii
1116 3733 1430 3797 subiaceat
1476 3734 1753 3798 evidendi
1799 3733 2071 3817 periculo
2101 3733 2503 3805 Turchorum,
2540 3734 2685 3815 quia
2731 3734 3017 3799 dominus

323 3822 622 3886 Durachii
667 3820 752 3885 sit
811 3820 873 3883 in
921 3821 1098 3884 tanta
1144 3822 1534 3885 extremitate
1580 3818 1711 3886 tam
1759 3841 2009 3903 persone
2056 3840 2239 3904 quam
2286 3820 2549 3899 baveris,
2599 3823 2766 3886 sicut
2814 3821 3014 3886 notifi-

324 3913 532 3974 catum
580 3911 674 3974 est
718 3908 892 3974 nobis
940 3928 1045 3990 per
1092 3927 1190 3972 ser
1219 3908 1565 3974 Johannem
1600 3908 1853 3992 Capello
1898 3910 2264 3993 predictum,
2314 3911 2400 3973 ita
2433 3911 2597 3993 quod
2645 3910 2717 3974 de
2761 3930 3021 3992 persona

326 3997 559 4062 domini
607 3997 901 4062 Durachii
949 4016 1065 4061 non
1114 3997 1389 4061 videatur
1435 4016 1566 4061 esse
1615 3999 1987 4072 remedium,
2036 4002 2183 4062 tunc
2227 4015 2336 4080 pro
2396 4016 2512 4062 non
2562 3999 3020 4077 subcumbendo

324 4088 502 4150 tauto
549 4084 891 4150 discrimini
940 4104 1044 4167 per
1090 4087 1363 4168 tempore
1410 4084 1638 4163 futura,
1665 4087 1888 4151 debeat
1933 4086 2094 4150 idem
2141 4086 2492 4168 capitaneus
2537 4085 2765 4151 instare
2797 4089 2860 4151 et
2887 4105 3027 4169 pro-

326 4192 539 4238 curare
587 4193 727 4239 cum
776 4174 903 4237 illis
963 4172 1328 4251 baronibuS,
1379 4175 1441 4238 in
1488 4193 1748 4256 quorum
1795 4174 2086 4239 libertate
2133 4173 2262 4237 sive
2308 4176 2610 4256 potestate
2656 4178 2800 4238 sunt
2845 4175 3024 4239 forti-

324 4261 468 4326 licie
514 4260 827 4341 Durachii,
874 4264 1208 4326 secundum
1257 4262 1417 4345 quod
1464 4262 1678 4326 scribit
1723 4281 1821 4326 ser
1860 4262 2174 4328 ,Iohannes
2207 4260 2455 4344 Capello
2493 4261 2824 4343 predictuS,
2861 4263 3025 4346 quod

327 4350 462 4433 ipse
506 4348 791 4415 fortilicie
840 4352 1144 4432 ponantur
1191 4349 1253 4414 in
1303 4351 1586 4414 manibus
1635 4353 1700 4414 et
1741 4349 1936 4415 forcia
1985 4352 2189 4414 nostre
2236 4349 2696 4419 dominacionis,
2749 4352 3027 4432 ponendo

328 4438 485 4503 bene
514 4440 806 4514 mentem,
851 4438 1008 4522 quod
1039 4437 1146 4502 ille
1187 4437 1496 4514 fortilicie,
1531 4458 1645 4520 que
1676 4440 2187 4522 consignarentur
2229 4456 2335 4520 per
2369 4436 2617 4502 modurn
2659 4438 3025 4519 predictum,

330 4525 459 4592 sint
503 4524 970 4609 principaliores
1015 4529 1080 4591 et
1118 4526 1208 4591 ita
1252 4527 1499 4603 situate,
1548 4529 1705 4611 quod
1750 4528 1872 4593 alie
1917 4525 2206 4591 fortilicie
2252 4530 2412 4590 terre
2460 4544 2574 4589 non
2620 4526 2860 4608 possint
2890 4527 3027 4591 istis

329 4615 576 4680 obstare
623 4632 734 4678 nec
780 4615 1069 4678 damnum
1119 4613 1341 4679 inferre
1388 4616 1525 4679 istis
1572 4614 1901 4695 fortiliciis,
1973 4635 2088 4698 que
2155 4617 2526 4696 ponerentur
2597 4615 2658 4677 in
2720 4616 3026 4694 manibus,

329 4704 581 4782 nostris,
629 4702 887 4767 dicendo
930 4701 1221 4785 predictis
1268 4702 1613 4782 baronibus,
1662 4703 1821 4785 quod
1870 4704 2037 4767 novit
2081 4700 2251 4779 deus,
2292 4701 2451 4786 quod
2503 4700 2581 4765 ad
2610 4701 2798 4767 istam
2830 4702 3023 4767 intro-

330 4791 690 4857 missionem
738 4808 857 4856 non
902 4790 1277 4856 attendimus
1323 4790 1443 4855 nisi
1492 4809 1596 4873 pro
1629 4791 1781 4857 bono
1827 4795 1891 4856 et
1918 4791 2374 4858 conservatione
2419 4791 2716 4855 baronum
2760 4792 2824 4854 et
2854 4789 3021 4855 illius

2590 4892 2630 4936 n
