3620 5282
471 354 600 420 356

475 527 742 595 dominis
789 526 916 593 suis
955 526 1234 609 apperire
1281 530 1344 591 et
1381 525 1783 591 manifestare
1852 526 2049 591 totam
2121 525 2539 590 condicionem
2611 543 2807 603 suam,
2872 544 2989 609 que
3049 528 3210 602 erat,

475 617 638 701 quod
686 616 760 680 de
809 616 1209 680 neccessitate
1255 633 1358 680 eos
1410 615 1777 697 opportebat
1827 633 1892 678 se
1938 613 2308 679 submittere
2355 613 2562 690 alicui,
2611 613 2758 696 quia
2805 613 3031 678 inistis
3080 615 3212 678 ter-

478 705 665 769 minis
712 705 879 768 stare
921 722 1040 767 non
1100 704 1406 785 poterant,
1473 704 1537 768 et
1606 704 1927 785 propterea
1997 720 2117 767 non
2187 701 2652 766 attendentibus
2715 703 2890 766 nobis
2937 700 3017 765 ad
3064 702 3201 776 hoc,

358 855 385 882 ,Ι
475 792 631 874 ipsis
679 796 809 856 erat
857 791 1268 855 necessarium
1319 810 1383 855 se
1434 792 1808 874 subgiugare
1878 790 1987 854 aut
2054 789 2516 854 Albanensibus
2584 790 2696 853 aut
2764 790 3020 864 Sclavis,
3096 793 3212 853 aut

474 880 756 958 Turchis,
805 882 869 943 et
915 878 1077 961 quod
1123 880 1172 943 si
1223 898 1288 943 se
1334 878 1742 961 subiugarent
1791 877 2010 960 primis
2052 879 2303 946 duobus,
2351 877 2802 960 cognoscebant
2846 897 2909 943 se
2957 896 3028 942 ex
3076 879 3212 941 toto

344 965 363 992 '¹
477 969 776 1045 desertos,
824 969 886 1031 et
931 967 1256 1048 propterea
1302 967 1510 1049 potius
1555 965 1861 1048 eligerent
1907 966 2198 1030 adherere
2244 965 2514 1043 Turch0‚
2565 964 2712 1047 quia
2757 986 2874 1031 non
2905 965 3208 1029 haberent

475 1056 567 1120 ita
614 1056 1014 1138 propinquam
1066 1054 1548 1118 destructionem
1596 1073 1793 1132 suam,
1856 1052 1931 1117 de
1992 1070 2111 1136 quo
2168 1052 2373 1117 forent
2431 1052 2705 1118 excusati
2753 1053 3210 1124 rationabiliter

478 1145 588 1208 deo
639 1144 703 1207 et
749 1142 1001 1220 mundo,
1039 1161 1179 1206 nam
1215 1140 1479 1225 quilibet
1514 1142 1667 1206 bene
1693 1142 1936 1224 poterat
1965 1140 2371 1218 considerare,
2406 1144 2706 1224 quantum
2743 1141 2902 1206 male
2937 1141 3212 1205 libenter

477 1231 644 1295 istud
695 1229 986 1308 facerent,
1030 1249 1171 1295 nam
1210 1231 1374 1294 inter
1419 1230 1576 1294 alios
1624 1247 1878 1294 suarum
1924 1228 2193 1311 partium
2228 1228 2349 1309 ipsi
2380 1248 2623 1312 semper
2662 1230 2907 1295 catolici
2940 1229 3209 1304 fuerant,

478 1325 540 1384 et
583 1320 670 1384 ita
720 1318 773 1382 si
816 1318 929 1382 deo
979 1318 1249 1400 placeret
1295 1337 1426 1382 esse
1473 1316 1723 1395 vellent,
1773 1317 2100 1400 allegando
2139 1316 2554 1382 condicionem
2620 1317 2792 1382 illius
2852 1319 3037 1393 terre,
3087 1336 3210 1399 que

479 1409 613 1472 erat
650 1410 795 1488 apta
840 1408 918 1470 ad
965 1425 1152 1484 mare,
1203 1405 1473 1470 habebat
1519 1407 1789 1488 portum,
1841 1405 2107 1487 navigia,
2169 1404 2513 1487 lignamina
2574 1406 2638 1469 et
2701 1406 3209 1488 magistrantiam

475 1512 582 1577 pro
629 1494 821 1578 galeis
865 1497 928 1559 et
961 1493 1099 1557 aliis
1133 1493 1417 1576 navigiis,
1453 1496 1517 1557 et
1540 1494 1698 1576 quod
1731 1511 1840 1574 pro
1873 1494 1986 1557 deo
2013 1494 2510 1573 compateremur
2538 1493 2597 1557 X
2625 1493 2794 1557 mille
2826 1492 3207 1568 animarum,

481 1600 597 1665 que
641 1584 818 1645 erant
860 1582 976 1645 sub
1009 1582 1310 1663 regimine
1357 1583 1517 1646 dicte
1565 1581 1858 1659 civitati8‚
1909 1583 1971 1645 et
2010 1581 2443 1659 concludendo,
2493 1581 2656 1663 quod
2706 1580 2759 1645 si
2792 1580 3025 1646 scirent
3055 1600 3212 1645 cau-

481 1688 635 1747 sam,
682 1671 931 1751 propter
975 1687 1156 1751 quam
1198 1687 1306 1733 nos
1349 1670 1639 1733 nolumus
1701 1670 1766 1734 et
1810 1687 2170 1733 recusamus
2235 1686 2343 1732 1103
2413 1669 2830 1733 intromittere
2896 1668 2973 1733 de
3033 1669 3210 1750 ipsiS,

483 1777 624 1822 cum
658 1757 786 1821 suis
823 1758 1100 1838 personis
1133 1758 1196 1819 et
1236 1776 1377 1821 cum
1410 1758 1538 1820 suis
1573 1757 1864 1821 carnibus
1901 1757 2018 1838 ipsi
2052 1755 2285 1820 vellent
2315 1755 2599 1820 laborare
2624 1757 2699 1821 ad
2728 1758 3208 1838 procurandum,

482 1847 639 1927 quod
689 1848 1081 1910 removeatur
1129 1844 1296 1908 dicta
1343 1863 1524 1908 causa
1570 1849 1633 1909 et
1680 1846 1915 1908 dictum
1949 1843 2359 1922 obstaculum,
2392 1863 2535 1908 cum
2569 1844 2786 1908 multis
2819 1845 2962 1908 aliis
2996 1844 3209 1909 verbis

480 1952 704 2014 magne
750 1932 1193 2015 compassionis
1240 1934 1304 1996 et
1348 1951 1570 2014 magne
1620 1932 1969 2009 umilitatiS,
2017 1933 2273 2015 propter
2317 1950 2433 2014 que
2481 1931 2601 1997 fuit
2673 1930 2729 1996 ei
2801 1933 3036 1996 dictum
3101 1950 3212 2013 per

481 2020 823 2084 dominium
872 2023 943 2083 de
986 2019 1243 2084 volendo
1291 2020 1516 2084 habere
1562 2020 1831 2102 aliquem
1882 2021 2227 2103 respectum
2277 2020 2627 2101 superinde,
2690 2021 2757 2083 et
2824 2022 3042 2102 postea
3087 2019 3208 2083 sibi

483 2111 733 2173 daretur
775 2109 1126 2191 responsio;
1177 2108 1348 2172 vadit
1390 2127 1549 2190 pars,
1600 2111 1759 2190 quod
1803 2106 2047 2172 dicatur
2092 2108 2291 2171 eidem
2339 2107 2792 2183 ambassiatori,
2828 2108 3005 2188 quod,
3042 2108 3209 2172 sicut

482 2197 613 2279 ipse
661 2196 830 2271 dicit,
882 2198 969 2260 ita
1016 2198 1112 2259 est
1158 2196 1244 2259 rei
1294 2196 1539 2272 veritas,
1583 2198 1739 2278 quod
1789 2215 1895 2258 nos
1944 2215 2189 2277 semper
2219 2195 2554 2259 habuimus
2587 2197 2650 2259 et
2680 2197 2995 2259 tenuimus
3030 2195 3205 2259 illam

483 2286 998 2349 communitatem
1047 2283 1108 2346 in
1158 2286 1396 2348 nostros
1447 2283 1761 2348 benivolos
1812 2286 1876 2347 et
1924 2284 2172 2358 amicos,
2223 2286 2286 2347 et
2327 2283 2487 2347 inter
2533 2283 2690 2347 alias
2754 2284 3016 2347 istarum
3063 2301 3207 2365 par-

487 2374 641 2436 tium
693 2392 826 2436 eain
877 2373 1224 2436 amavimus
1272 2377 1334 2434 et
1380 2391 1662 2435 amamus
1710 2390 1781 2434 ac
1830 2390 2038 2435 amore
2085 2370 2375 2453 dispositi
2425 2390 2658 2443 sumus,
2706 2375 2768 2433 et
2814 2370 2981 2435 dolet
3029 2370 3208 2435 nobis

485 2460 656 2538 satis,
706 2459 867 2541 quod
916 2479 979 2522 se
1028 2460 1339 2540 reperiant
1368 2461 1427 2522 in
1476 2460 1757 2536 termine,
1810 2461 1870 2522 in
1920 2478 2037 2541 quo
2084 2459 2260 2523 nobis
2287 2459 2442 2523 dixit
2474 2459 2533 2521 in
2569 2460 2834 2536 tantum,
2870 2461 3029 2542 quod
3065 2458 3214 2522 sub-

483 2547 829 2610 levaremus
876 2566 979 2611 eos
1030 2548 1311 2610 libenter.
1363 2547 1485 2610 Sed
1533 2549 1694 2610 sicut
1736 2547 1835 2610 eis'
1873 2552 1936 2610 et
1982 2547 2093 2611 toti
2147 2547 2369 2611 mundo
2417 2547 2724 2610 notorium
2796 2565 2932 2611 esse
2982 2547 3210 2629 potest,

486 2637 698 2699 nostra
746 2635 1082 2700 dominatio
1134 2656 1377 2718 semper
1426 2635 1544 2700 fuit
1590 2638 1653 2700 et
1699 2636 1796 2699 est
1841 2634 2142 2716 disposita
2187 2634 2346 2699 velle
2394 2634 2712 2699 attendere
2782 2634 3032 2698 domino
3083 2633 3214 2717 regi

485 2724 806 2805 Hungarie
856 2729 919 2787 et
964 2724 1248 2787 omnibus
1296 2724 1438 2787 aliis
1488 2724 1567 2798 id,
1619 2723 1775 2806 quod
1848 2724 1935 2787 eis
2001 2723 2374 2805 promissum
2445 2726 2543 2788 est
2588 2743 2695 2805 per
2741 2742 2976 2804 pacem,
3026 2740 3214 2806 quam

487 2812 787 2875 habemus
833 2830 974 2875 cum
1024 2831 1109 2886 eo,
1157 2830 1277 2876 non
1327 2830 1652 2891 possumus
1696 2830 1807 2875 nos
1850 2811 2147 2892 impedire
2194 2811 2269 2875 de
2319 2812 2450 2875 loco
2497 2811 2606 2875 illo
2653 2809 2882 2886 Catari,
2933 2814 2997 2874 et
3029 2829 3217 2892 prop-

490 2902 659 2963 terea
708 2901 823 2981 ipsi
872 2903 1015 2963 sunt
1068 2900 1217 2962 bene
1273 2900 1601 2980 sapienteS,
1654 2902 1717 2962 et
1766 2899 2056 2980 poterunt
2116 2900 2433 2980 providere
2492 2900 2821 2981 superinde
2877 2898 3218 2962 secundum

493 2989 651 3069 quod
699 2988 787 3051 eis
836 2987 1146 3051 videbitur
1192 2989 1579 3069 oportunum.
1629 2987 1721 3050 De
1769 2989 1945 3068 parte
1992 2985 2095 3063 86,
2146 2987 2220 3051 de
2267 3004 2385 3052 non
2435 2986 2495 3065 6,
2547 3007 2662 3051 non
2709 2987 2932 3050 sinceri
2981 2988 3039 3048 2.

578 3094 818 3155 Secreta
867 3094 1040 3155 Cons.
1088 3096 1234 3169 Roy.
1281 3095 1355 3155 R.
1411 3097 1556 3174 121,
1604 3113 1646 3154 u
1692 3096 1846 3155 mlet.
1897 3096 2134 3154 arkivu.

808 3291 827 3308 ’
928 3336 1146 3418 nvl.
1202 3336 1408 3418 eeu.
1463 3337 1690 3421 1300.
1744 3338 1795 3419 3
1848 3337 2211 3440 veljaee,
2265 3360 2324 3419 u
2380 3337 2773 3420 metam.

497 3502 706 3574 Gjorqj
753 3500 1069 3559 Slracimir
1106 3501 1405 3575 yospoclar
1448 3503 1634 3561 zetski
1686 3502 1936 3574 predaje
2008 3502 2373 3560 Mletcanom
2429 3502 2587 3575 yrad
2631 3501 2873 3560 Skadar
2917 3518 2994 3560 uz
3039 3460 3223 3575 njeke

1748 3592 1958 3648 aviete.

712 3707 896 3771 1385.
939 3707 1267 3772 indictione
1309 3708 1415 3787 IV,
1467 3708 1563 3773 die
1611 3710 1650 3773 8
1693 3709 2006 3774 februarii.
2056 3707 2167 3773 Ser
2215 3708 2483 3773 Michael
2536 3707 2915 3774 Contarenus
2961 3711 3220 3792 sapiens

497 3795 759 3861 consilii.
811 3795 1040 3876 Capta:
1088 3797 1231 3877 quia
1279 3816 1385 3875 pro
1434 3798 1609 3860 nobis
1656 3800 1717 3861 et
1764 3799 1932 3861 statu
1981 3802 2209 3874 nostro,
2276 3798 2677 3862 consideratis
2739 3798 3046 3873 omnibus,
3092 3818 3219 3879 que

501 3885 937 3949 consideranda
983 3889 1126 3946 sunt
1176 3886 1231 3947 in
1282 3883 1463 3947 factis
1511 3882 1750 3948 Scutari
1800 3889 1864 3948 et
1911 3886 2168 3948 istorum
2217 3886 2511 3962 locorum,
2548 3905 2663 3969 que
2696 3884 2872 3948 nobis
2905 3887 3050 3949 dare
3076 3887 3227 3951 vult

504 3974 869 4056 magnificus
917 3973 1195 4035 domiuus
1243 3970 1548 4054 Georgius
1595 3971 1966 4051 Stracimiri,
2020 3973 2186 4044 facit,
2235 3976 2395 4057 quod
2446 3975 2576 4055 ipsa
2648 3974 2783 4037 loca
2848 3973 3225 4055 perveniant

501 4060 579 4124 ad
632 4079 847 4124 manus
895 4063 1138 4123 nostras
1185 4062 1249 4123 et
1294 4060 1407 4123 snb
1454 4063 1662 4123 nostro
1710 4061 1976 4124 dominio
2017 4066 2344 4142 antequam
2397 4061 2621 4124 v‘adant
2663 4063 2736 4125 ad
2791 4079 3010 4126 manus
3057 4061 3226 4126 Tur-

501 4150 775 4223 chorum,
820 4149 982 4211 sicut
1027 4148 1421 4211 infalibilit-er
1469 4149 1646 4220 irent,
1694 4148 1809 4211 nisi
1861 4148 1971 4211 illa
2021 4149 2466 4230 acciperemus3
2516 4148 2683 4212 vadit
2728 4167 2888 4228 parS,
2937 4149 3102 4231 quod
3155 4152 3222 4214 in

500 4238 746 4300 nornine
795 4237 924 4299 iesu
970 4235 1183 4298 christi
1232 4239 1295 4298 et
1340 4235 1606 4317 gloriose
1653 4235 1911 4315 virginis
1968 4236 2163 4299 Mai-ie
2211 4237 2429 4301 matris
2491 4236 2621 4300 eius
2670 4234 2732 4299 et
2788 4235 2951 4300 beati
3016 4238 3224 4303 Marci

501 4324 866 4406 protectoris
915 4324 1106 4386 nostri
1157 4324 1350 4404 accipi
1397 4327 1462 4387 et
1506 4325 1812 4405 acceptari
1861 4324 2123 4387 debeant
2169 4323 2305 4387 loca
2351 4325 2486 4406 ipsa
2548 4325 2792 4387 nomine
2865 4326 3058 4388 nostri
3107 4328 3226 4389 do-

501 4410 683 4476 minii
727 4430 864 4475 011111
917 4412 1112 4492 pactis
1159 4415 1222 4474 et
1268 4411 1724 4474 condicionibus
1770 4410 2181 4493 infrascriptis
2229 4414 2293 4475 et
2329 4431 2472 4475 cum
2522 4412 2658 4476 istis
2694 4411 3226 4477 declarationibus

503 4502 579 4564 ad
628 4499 899 4579 capitula
945 4500 1121 4563 nobis
1169 4499 1311 4563 data
1381 4518 1490 4581 per
1559 4499 2015 4564 ainbassatores
2087 4518 2247 4578 31103,
2315 4500 2376 4563 111
2422 4518 2568 4564 casu
2629 4518 2747 4583 quo
2797 4500 2914 4582 ipsi
2992 4501 3228 4565 conde-

505 4587 792 4651 scendere
841 4584 1032 4650 velint
1079 4585 1154 4649 ad
1205 4587 1367 4667 ipsas
1415 4586 1878 4650 declarationes,

716 4673 923 4736 Primo
965 4674 1040 4737 ad
1086 4674 1355 4755 primum
1403 4674 1744 4755 capitulum
1793 4676 2132 4748 continens,
2180 4676 2362 4757 quod,
2410 4676 2472 4740 in
2505 4694 2649 4740 casu
2680 4693 2797 4757 quo
2828 4676 3226 4757 acceptemus

507 4759 670 4825 dicta
745 4759 896 4844 loca,
970 4762 1140 4825 nobis
1213 4762 1453 4844 placeat
1520 4761 1725 4843 ipsum
1787 4762 2108 4828 dominum
2180 4763 2516 4847 Georgium
2565 4781 2702 4828 cum
2750 4763 3041 4828 omnibus
3088 4766 3227 4830 suis
