<?xml version="1.0" encoding="UTF-8"?>
<!DOCTYPE html PUBLIC "-//W3C//DTD XHTML 1.0 Transitional//EN"
    "http://www.w3.org/TR/xhtml1/DTD/xhtml1-transitional.dtd">
<html xmlns="http://www.w3.org/1999/xhtml" xml:lang="en" lang="en">
 <head>
  <title>
</title>
<meta http-equiv="Content-Type" content="text/html;charset=utf-8" />
  <meta name='ocr-system' content='tesseract 3.04.00' />
  <meta name='ocr-capabilities' content='ocr_page ocr_carea ocr_par ocr_line ocrx_word'/>
</head>
<body>
  <div class='ocr_page' id='page_1' title='image "./monumentaspecta02umjegoog_0993.png"; bbox 0 0 3620 5282; ppageno 0'>
   <div class='ocr_carea' id='block_1_1' title="bbox 2968 343 3101 409">
    <p class='ocr_par' dir='ltr' id='par_1_1' title="bbox 2968 343 3101 409">
     <span class='ocr_line' id='line_1_1' title="bbox 2968 343 3101 409; baseline 0 -2"><span class='ocrx_word' id='word_1_1' title='bbox 2968 343 3101 409; x_wconf 74' lang='lat'><strong>436</strong></span> 
     </span>
    </p>
   </div>
   <div class='ocr_carea' id='block_1_2' title="bbox 374 511 3192 3383">
    <p class='ocr_par' dir='ltr' id='par_1_2' title="bbox 374 511 3192 1118">
     <span class='ocr_line' id='line_1_2' title="bbox 381 511 3102 597; baseline 0.002 -18"><span class='ocrx_word' id='word_1_2' title='bbox 381 516 479 580; x_wconf 91' lang='lat' dir='ltr'><strong>cui</strong></span> <span class='ocrx_word' id='word_1_3' title='bbox 524 515 729 597; x_wconf 81' lang='lat' dir='ltr'><strong>placet</strong></span> <span class='ocrx_word' id='word_1_4' title='bbox 774 511 1194 579; x_wconf 79' lang='lat' dir='ltr'><strong>misericordia</strong></span> <span class='ocrx_word' id='word_1_5' title='bbox 1235 514 1300 577; x_wconf 90' lang='lat' dir='ltr'><strong>et</strong></span> <span class='ocrx_word' id='word_1_6' title='bbox 1343 513 1561 596; x_wconf 87' lang='lat' dir='ltr'><strong>pietas,</strong></span> <span class='ocrx_word' id='word_1_7' title='bbox 1609 515 1676 577; x_wconf 92' lang='lat' dir='ltr'><strong>et</strong></span> <span class='ocrx_word' id='word_1_8' title='bbox 1717 512 1976 579; x_wconf 90' lang='lat' dir='ltr'><strong>honores</strong></span> <span class='ocrx_word' id='word_1_9' title='bbox 2022 513 2234 579; x_wconf 89' lang='lat' dir='ltr'><strong>mundi</strong></span> <span class='ocrx_word' id='word_1_10' title='bbox 2281 530 2319 577; x_wconf 89' lang='lat' dir='ltr'><strong>a</strong></span> <span class='ocrx_word' id='word_1_11' title='bbox 2381 515 2556 594; x_wconf 89' lang='lat' dir='ltr'><strong>parte</strong></span> <span class='ocrx_word' id='word_1_12' title='bbox 2615 534 2758 590; x_wconf 88' lang='lat' dir='ltr'><strong>sua,</strong></span> <span class='ocrx_word' id='word_1_13' title='bbox 2823 535 2936 582; x_wconf 89' lang='lat' dir='ltr'><strong>nec</strong></span> <span class='ocrx_word' id='word_1_14' title='bbox 2979 519 3102 585; x_wconf 88' lang='lat' dir='ltr'><strong>dici</strong></span> 
     </span>
     <span class='ocr_line' id='line_1_3' title="bbox 387 599 3104 688; baseline 0.002 -22"><span class='ocrx_word' id='word_1_15' title='bbox 387 601 599 684; x_wconf 79' lang='lat' dir='ltr'><strong>possit,</strong></span> <span class='ocrx_word' id='word_1_16' title='bbox 648 600 805 684; x_wconf 88' lang='lat' dir='ltr'><strong>quod</strong></span> <span class='ocrx_word' id='word_1_17' title='bbox 865 599 1313 684; x_wconf 78' lang='lat' dir='ltr'><strong>denegaverint</strong></span> <span class='ocrx_word' id='word_1_18' title='bbox 1380 600 1525 665; x_wconf 89' lang='lat' dir='ltr'><strong>dare</strong></span> <span class='ocrx_word' id='word_1_19' title='bbox 1594 618 1805 682; x_wconf 90' lang='lat' dir='ltr'><strong>pacem</strong></span> <span class='ocrx_word' id='word_1_20' title='bbox 1876 600 2262 683; x_wconf 88' lang='lat' dir='ltr'><strong>recipereque</strong></span> <span class='ocrx_word' id='word_1_21' title='bbox 2330 602 2406 666; x_wconf 88' lang='lat' dir='ltr'><strong>ad</strong></span> <span class='ocrx_word' id='word_1_22' title='bbox 2468 602 2736 684; x_wconf 80' lang='lat' dir='ltr'><strong>gratiam</strong></span> <span class='ocrx_word' id='word_1_23' title='bbox 2786 602 2948 684; x_wconf 90' lang='lat' dir='ltr'><strong>illos,</strong></span> <span class='ocrx_word' id='word_1_24' title='bbox 2994 607 3104 688; x_wconf 89' lang='lat' dir='ltr'><strong>qui</strong></span> 
     </span>
     <span class='ocr_line' id='line_1_4' title="bbox 389 687 3103 775; baseline 0.002 -23"><span class='ocrx_word' id='word_1_25' title='bbox 389 708 530 753; x_wconf 90' lang='lat' dir='ltr'><strong>cum</strong></span> <span class='ocrx_word' id='word_1_26' title='bbox 604 687 1026 753; x_wconf 88' lang='lat' dir='ltr'><strong>misericordia</strong></span> <span class='ocrx_word' id='word_1_27' title='bbox 1104 707 1242 751; x_wconf 88' lang='lat' dir='ltr'><strong>eam</strong></span> <span class='ocrx_word' id='word_1_28' title='bbox 1319 689 1636 770; x_wconf 89' lang='lat' dir='ltr'><strong>postulant</strong></span> <span class='ocrx_word' id='word_1_29' title='bbox 1680 690 1745 752; x_wconf 92' lang='lat' dir='ltr'><strong>et</strong></span> <span class='ocrx_word' id='word_1_30' title='bbox 1788 689 2130 770; x_wconf 89' lang='lat' dir='ltr'><strong>requirunt,</strong></span> <span class='ocrx_word' id='word_1_31' title='bbox 2208 688 2451 771; x_wconf 86' lang='lat' dir='ltr'><strong>placeat</strong></span> <span class='ocrx_word' id='word_1_32' title='bbox 2526 690 2894 769; x_wconf 90' lang='lat' dir='ltr'><strong>consentire,</strong></span> <span class='ocrx_word' id='word_1_33' title='bbox 2940 693 3103 775; x_wconf 88' lang='lat' dir='ltr'><strong>quod</strong></span> 
     </span>
     <span class='ocr_line' id='line_1_5' title="bbox 389 774 3104 857; baseline 0.001 -16"><span class='ocrx_word' id='word_1_34' title='bbox 389 775 583 857; x_wconf 77' lang='lat' dir='ltr'><strong>possit</strong></span> <span class='ocrx_word' id='word_1_35' title='bbox 626 778 689 840; x_wconf 87' lang='lat' dir='ltr'><strong>te</strong></span> <span class='ocrx_word' id='word_1_36' title='bbox 733 776 940 839; x_wconf 90' lang='lat' dir='ltr'><strong>nostro</strong></span> <span class='ocrx_word' id='word_1_37' title='bbox 988 776 1235 840; x_wconf 86' lang='lat' dir='ltr'><strong>nomine</strong></span> <span class='ocrx_word' id='word_1_38' title='bbox 1281 776 1669 856; x_wconf 70' lang='lat' dir='ltr'><strong>interponere</strong></span> <span class='ocrx_word' id='word_1_39' title='bbox 1692 774 1773 838; x_wconf 90' lang='lat' dir='ltr'><strong>ad</strong></span> <span class='ocrx_word' id='word_1_40' title='bbox 1821 775 2214 839; x_wconf 87' lang='lat' dir='ltr'><strong>tractandum</strong></span> <span class='ocrx_word' id='word_1_41' title='bbox 2259 774 2491 840; x_wconf 84' lang='lat' dir='ltr'><strong>dictam</strong></span> <span class='ocrx_word' id='word_1_42' title='bbox 2546 795 2782 857; x_wconf 90' lang='lat' dir='ltr'><strong>pacem,</strong></span> <span class='ocrx_word' id='word_1_43' title='bbox 2826 777 3104 845; x_wconf 86' lang='lat' dir='ltr'><strong>faciendo</strong></span> 
     </span>
     <span class='ocr_line' id='line_1_6' title="bbox 374 861 3105 944; baseline 0.003 -22"><span class='ocrx_word' id='word_1_44' title='bbox 374 865 553 927; x_wconf 81' lang='lat' dir='ltr'><strong>‚circa</strong></span> <span class='ocrx_word' id='word_1_45' title='bbox 595 862 708 927; x_wconf 90' lang='lat' dir='ltr'><strong>hoc</strong></span> <span class='ocrx_word' id='word_1_46' title='bbox 754 861 896 925; x_wconf 87' lang='lat' dir='ltr'><strong>illas</strong></span> <span class='ocrx_word' id='word_1_47' title='bbox 942 862 1292 939; x_wconf 81' lang='lat' dir='ltr'><strong>instantias,</strong></span> <span class='ocrx_word' id='word_1_48' title='bbox 1340 881 1456 944; x_wconf 89' lang='lat' dir='ltr'><strong>que</strong></span> <span class='ocrx_word' id='word_1_49' title='bbox 1524 861 1640 926; x_wconf 90' lang='lat' dir='ltr'><strong>tibi</strong></span> <span class='ocrx_word' id='word_1_50' title='bbox 1710 862 2100 940; x_wconf 90' lang='lat' dir='ltr'><strong>videbuntur,</strong></span> <span class='ocrx_word' id='word_1_51' title='bbox 2171 864 2241 926; x_wconf 89' lang='lat' dir='ltr'><strong>ut</strong></span> <span class='ocrx_word' id='word_1_52' title='bbox 2286 864 2479 943; x_wconf 87' lang='lat' dir='ltr'><strong>possis</strong></span> <span class='ocrx_word' id='word_1_53' title='bbox 2526 867 2801 928; x_wconf 83' lang='lat' dir='ltr'><strong>nostram</strong></span> <span class='ocrx_word' id='word_1_54' title='bbox 2848 866 3105 932; x_wconf 86' lang='lat' dir='ltr'><strong>intenti-</strong></span> 
     </span>
     <span class='ocr_line' id='line_1_7' title="bbox 389 948 3192 1037; baseline 0.003 -25"><span class='ocrx_word' id='word_1_55' title='bbox 389 968 568 1013; x_wconf 89' lang='lat' dir='ltr'><strong>onem</strong></span> <span class='ocrx_word' id='word_1_56' title='bbox 615 949 897 1033; x_wconf 89' lang='lat' dir='ltr'><strong>implere.</strong></span> <span class='ocrx_word' id='word_1_57' title='bbox 944 949 1028 1013; x_wconf 86' lang='lat' dir='ltr'><strong>Et</strong></span> <span class='ocrx_word' id='word_1_58' title='bbox 1071 951 1123 1013; x_wconf 92' lang='lat' dir='ltr'><strong>si</strong></span> <span class='ocrx_word' id='word_1_59' title='bbox 1172 948 1450 1032; x_wconf 88' lang='lat' dir='ltr'><strong>optinere</strong></span> <span class='ocrx_word' id='word_1_60' title='bbox 1496 949 1670 1013; x_wconf 89' lang='lat' dir='ltr'><strong>illam</strong></span> <span class='ocrx_word' id='word_1_61' title='bbox 1721 950 1976 1031; x_wconf 90' lang='lat' dir='ltr'><strong>poteris,</strong></span> <span class='ocrx_word' id='word_1_62' title='bbox 2009 948 2199 1014; x_wconf 81' lang='lat' dir='ltr'><strong>facias</strong></span> <span class='ocrx_word' id='word_1_63' title='bbox 2230 953 2294 1013; x_wconf 90' lang='lat' dir='ltr'><strong>et</strong></span> <span class='ocrx_word' id='word_1_64' title='bbox 2334 951 2612 1032; x_wconf 87' lang='lat' dir='ltr'><strong>sequaris</strong></span> <span class='ocrx_word' id='word_1_65' title='bbox 2645 954 2710 1015; x_wconf 91' lang='lat' dir='ltr'><strong>et</strong></span> <span class='ocrx_word' id='word_1_66' title='bbox 2739 952 3103 1037; x_wconf 82' lang='lat' dir='ltr'><strong>adimpleas,</strong></span> <span class='ocrx_word' id='word_1_67' title='bbox 3185 1026 3192 1031; x_wconf 63' lang='grc'><em>,</em></span> 
     </span>
     <span class='ocr_line' id='line_1_8' title="bbox 384 1036 1214 1118; baseline -0.001 -17"><span class='ocrx_word' id='word_1_68' title='bbox 384 1040 455 1101; x_wconf 90' lang='lat' dir='ltr'><strong>ut</strong></span> <span class='ocrx_word' id='word_1_69' title='bbox 495 1037 779 1118; x_wconf 87' lang='lat' dir='ltr'><strong>superius</strong></span> <span class='ocrx_word' id='word_1_70' title='bbox 818 1036 1050 1099; x_wconf 89' lang='lat' dir='ltr'><strong>dictum</strong></span> <span class='ocrx_word' id='word_1_71' title='bbox 1098 1040 1214 1101; x_wconf 90' lang='lat' dir='ltr'><strong>est.</strong></span> 
     </span>
    </p>

    <p class='ocr_par' dir='ltr' id='par_1_3' title="bbox 385 1121 3111 3383">
     <span class='ocr_line' id='line_1_9' title="bbox 599 1121 3103 1206; baseline 0.003 -20"><span class='ocrx_word' id='word_1_72' title='bbox 599 1121 854 1201; x_wconf 86' lang='lat' dir='ltr'><strong>Quando</strong></span> <span class='ocrx_word' id='word_1_73' title='bbox 903 1126 1108 1186; x_wconf 88' lang='lat' dir='ltr'><strong>autem</strong></span> <span class='ocrx_word' id='word_1_74' title='bbox 1161 1123 1436 1187; x_wconf 88' lang='lat' dir='ltr'><strong>obtinere</strong></span> <span class='ocrx_word' id='word_1_75' title='bbox 1483 1142 1599 1187; x_wconf 92' lang='lat' dir='ltr'><strong>non</strong></span> <span class='ocrx_word' id='word_1_76' title='bbox 1645 1140 1876 1204; x_wconf 77' lang='lat' dir='ltr'><strong>possea,</strong></span> <span class='ocrx_word' id='word_1_77' title='bbox 1939 1124 2084 1206; x_wconf 92' lang='lat' dir='ltr'><strong>quia</strong></span> <span class='ocrx_word' id='word_1_78' title='bbox 2128 1121 2441 1187; x_wconf 85' lang='lat' dir='ltr'><strong>Jadratini</strong></span> <span class='ocrx_word' id='word_1_79' title='bbox 2488 1143 2554 1187; x_wconf 90' lang='lat' dir='ltr'><strong>se</strong></span> <span class='ocrx_word' id='word_1_80' title='bbox 2621 1129 2982 1193; x_wconf 83' lang='lat' dir='ltr'><strong>excusarent</strong></span> <span class='ocrx_word' id='word_1_81' title='bbox 3022 1130 3103 1195; x_wconf 91' lang='lat' dir='ltr'><strong>ab</strong></span> 
     </span>
     <span class='ocr_line' id='line_1_10' title="bbox 387 1210 3100 1296; baseline 0.003 -23"><span class='ocrx_word' id='word_1_82' title='bbox 387 1211 512 1273; x_wconf 85' lang='lat' dir='ltr'><strong>ista</strong></span> <span class='ocrx_word' id='word_1_83' title='bbox 559 1212 771 1275; x_wconf 89' lang='lat' dir='ltr'><strong>nostra</strong></span> <span class='ocrx_word' id='word_1_84' title='bbox 816 1210 1268 1290; x_wconf 87' lang='lat' dir='ltr'><strong>intepositione,</strong></span> <span class='ocrx_word' id='word_1_85' title='bbox 1319 1215 1383 1274; x_wconf 88' lang='lat' dir='ltr'><strong>et</strong></span> <span class='ocrx_word' id='word_1_86' title='bbox 1424 1214 1663 1275; x_wconf 88' lang='lat' dir='ltr'><strong>starent</strong></span> <span class='ocrx_word' id='word_1_87' title='bbox 1726 1211 2081 1275; x_wconf 86' lang='lat' dir='ltr'><strong>constantes</strong></span> <span class='ocrx_word' id='word_1_88' title='bbox 2147 1212 2210 1274; x_wconf 92' lang='lat' dir='ltr'><strong>in</strong></span> <span class='ocrx_word' id='word_1_89' title='bbox 2278 1212 2480 1292; x_wconf 91' lang='lat' dir='ltr'><strong>prima</strong></span> <span class='ocrx_word' id='word_1_90' title='bbox 2526 1230 2638 1275; x_wconf 89' lang='lat' dir='ltr'><strong>sua</strong></span> <span class='ocrx_word' id='word_1_91' title='bbox 2682 1217 3100 1296; x_wconf 88' lang='lat' dir='ltr'><strong>responsione,</strong></span> 
     </span>
     <span class='ocr_line' id='line_1_11' title="bbox 388 1296 3102 1384; baseline 0.004 -26"><span class='ocrx_word' id='word_1_92' title='bbox 388 1300 535 1361; x_wconf 91' lang='lat' dir='ltr'><strong>tunc</strong></span> <span class='ocrx_word' id='word_1_93' title='bbox 580 1298 905 1378; x_wconf 79' lang='lat' dir='ltr'><strong>procedere</strong></span> <span class='ocrx_word' id='word_1_94' title='bbox 952 1296 1178 1360; x_wconf 86' lang='lat' dir='ltr'><strong>debeas</strong></span> <span class='ocrx_word' id='word_1_95' title='bbox 1226 1297 1488 1362; x_wconf 88' lang='lat' dir='ltr'><strong>ulterius</strong></span> <span class='ocrx_word' id='word_1_96' title='bbox 1534 1301 1598 1361; x_wconf 91' lang='lat' dir='ltr'><strong>et</strong></span> <span class='ocrx_word' id='word_1_97' title='bbox 1644 1297 1863 1375; x_wconf 82' lang='lat' dir='ltr'><strong>dicere,</strong></span> <span class='ocrx_word' id='word_1_98' title='bbox 1913 1300 2095 1380; x_wconf 90' lang='lat' dir='ltr'><strong>quod,</strong></span> <span class='ocrx_word' id='word_1_99' title='bbox 2142 1298 2303 1362; x_wconf 85' lang='lat' dir='ltr'><strong>sicut</strong></span> <span class='ocrx_word' id='word_1_100' title='bbox 2371 1299 2460 1361; x_wconf 87' lang='lat' dir='ltr'><strong>eis</strong></span> <span class='ocrx_word' id='word_1_101' title='bbox 2526 1298 2683 1363; x_wconf 89' lang='lat' dir='ltr'><strong>alias</strong></span> <span class='ocrx_word' id='word_1_102' title='bbox 2756 1303 2828 1364; x_wconf 90' lang='lat' dir='ltr'><strong>tu</strong></span> <span class='ocrx_word' id='word_1_103' title='bbox 2872 1302 3102 1384; x_wconf 84' lang='lat' dir='ltr'><strong>dixisti,</strong></span> 
     </span>
     <span class='ocr_line' id='line_1_12' title="bbox 385 1383 3104 1467; baseline 0.003 -21"><span class='ocrx_word' id='word_1_104' title='bbox 385 1384 545 1464; x_wconf 90' lang='lat' dir='ltr'><strong>apud</strong></span> <span class='ocrx_word' id='word_1_105' title='bbox 596 1384 693 1449; x_wconf 88' lang='lat' dir='ltr'><strong>dei</strong></span> <span class='ocrx_word' id='word_1_106' title='bbox 765 1385 1196 1463; x_wconf 88' lang='lat' dir='ltr'><strong>reverentiam,</strong></span> <span class='ocrx_word' id='word_1_107' title='bbox 1245 1404 1364 1467; x_wconf 91' lang='lat' dir='ltr'><strong>que</strong></span> <span class='ocrx_word' id='word_1_108' title='bbox 1409 1386 1486 1448; x_wconf 90' lang='lat' dir='ltr'><strong>ad</strong></span> <span class='ocrx_word' id='word_1_109' title='bbox 1535 1385 1697 1449; x_wconf 87' lang='lat' dir='ltr'><strong>istud</strong></span> <span class='ocrx_word' id='word_1_110' title='bbox 1743 1384 1976 1449; x_wconf 86' lang='lat' dir='ltr'><strong>factum</strong></span> <span class='ocrx_word' id='word_1_111' title='bbox 2022 1383 2428 1467; x_wconf 89' lang='lat' dir='ltr'><strong>principalem</strong></span> <span class='ocrx_word' id='word_1_112' title='bbox 2497 1403 2607 1449; x_wconf 91' lang='lat' dir='ltr'><strong>nos</strong></span> <span class='ocrx_word' id='word_1_113' title='bbox 2655 1386 2944 1452; x_wconf 84' lang='lat' dir='ltr'><strong>induxere</strong></span> <span class='ocrx_word' id='word_1_114' title='bbox 2989 1390 3104 1455; x_wconf 91' lang='lat' dir='ltr'><strong>du-</strong></span> 
     </span>
     <span class='ocr_line' id='line_1_13' title="bbox 389 1471 3102 1553; baseline 0.003 -18"><span class='ocrx_word' id='word_1_115' title='bbox 389 1471 559 1535; x_wconf 90' lang='lat' dir='ltr'><strong>bium</strong></span> <span class='ocrx_word' id='word_1_116' title='bbox 597 1475 662 1534; x_wconf 90' lang='lat' dir='ltr'><strong>et</strong></span> <span class='ocrx_word' id='word_1_117' title='bbox 705 1472 1196 1553; x_wconf 86' lang='lat' dir='ltr'><strong>compassionem</strong></span> <span class='ocrx_word' id='word_1_118' title='bbox 1228 1471 1648 1552; x_wconf 86' lang='lat' dir='ltr'><strong>dispositionis</strong></span> <span class='ocrx_word' id='word_1_119' title='bbox 1695 1475 1792 1535; x_wconf 89' lang='lat' dir='ltr'><strong>tot</strong></span> <span class='ocrx_word' id='word_1_120' title='bbox 1821 1471 2097 1537; x_wconf 91' lang='lat' dir='ltr'><strong>fidelium</strong></span> <span class='ocrx_word' id='word_1_121' title='bbox 2130 1472 2500 1550; x_wconf 89' lang='lat' dir='ltr'><strong>animarum,</strong></span> <span class='ocrx_word' id='word_1_122' title='bbox 2533 1475 2875 1538; x_wconf 88' lang='lat' dir='ltr'><strong>certissime</strong></span> <span class='ocrx_word' id='word_1_123' title='bbox 2915 1479 3102 1542; x_wconf 90' lang='lat' dir='ltr'><strong>etiam</strong></span> 
     </span>
     <span class='ocr_line' id='line_1_14' title="bbox 392 1557 3105 1644; baseline 0.004 -24"><span class='ocrx_word' id='word_1_124' title='bbox 392 1575 500 1621; x_wconf 91' lang='lat' dir='ltr'><strong>nos</strong></span> <span class='ocrx_word' id='word_1_125' title='bbox 550 1558 745 1621; x_wconf 87' lang='lat' dir='ltr'><strong>movit</strong></span> <span class='ocrx_word' id='word_1_126' title='bbox 791 1559 981 1622; x_wconf 89' lang='lat' dir='ltr'><strong>honor</strong></span> <span class='ocrx_word' id='word_1_127' title='bbox 1027 1561 1091 1622; x_wconf 90' lang='lat' dir='ltr'><strong>et</strong></span> <span class='ocrx_word' id='word_1_128' title='bbox 1139 1557 1304 1623; x_wconf 88' lang='lat' dir='ltr'><strong>fama</strong></span> <span class='ocrx_word' id='word_1_129' title='bbox 1349 1558 1447 1622; x_wconf 89' lang='lat' dir='ltr'><strong>sui</strong></span> <span class='ocrx_word' id='word_1_130' title='bbox 1488 1559 1857 1636; x_wconf 90' lang='lat' dir='ltr'><strong>communis,</strong></span> <span class='ocrx_word' id='word_1_131' title='bbox 1906 1559 2049 1641; x_wconf 89' lang='lat' dir='ltr'><strong>quia</strong></span> <span class='ocrx_word' id='word_1_132' title='bbox 2095 1577 2206 1623; x_wconf 91' lang='lat' dir='ltr'><strong>nos</strong></span> <span class='ocrx_word' id='word_1_133' title='bbox 2272 1559 2504 1624; x_wconf 84' lang='lat' dir='ltr'><strong>scimus</strong></span> <span class='ocrx_word' id='word_1_134' title='bbox 2568 1563 2632 1624; x_wconf 90' lang='lat' dir='ltr'><strong>et</strong></span> <span class='ocrx_word' id='word_1_135' title='bbox 2676 1565 3105 1644; x_wconf 87' lang='lat' dir='ltr'><strong>cognoscimus</strong></span> 
     </span>
     <span class='ocr_line' id='line_1_15' title="bbox 394 1644 3107 1731; baseline 0.003 -23"><span class='ocrx_word' id='word_1_136' title='bbox 394 1644 738 1720; x_wconf 80' lang='lat' dir='ltr'><strong>manifeste,</strong></span> <span class='ocrx_word' id='word_1_137' title='bbox 833 1645 994 1728; x_wconf 90' lang='lat' dir='ltr'><strong>quod</strong></span> <span class='ocrx_word' id='word_1_138' title='bbox 1044 1664 1164 1709; x_wconf 90' lang='lat' dir='ltr'><strong>una</strong></span> <span class='ocrx_word' id='word_1_139' title='bbox 1208 1646 1283 1710; x_wconf 89' lang='lat' dir='ltr'><strong>de</strong></span> <span class='ocrx_word' id='word_1_140' title='bbox 1356 1646 1562 1727; x_wconf 77' lang='lat' dir='ltr'><strong>rebuS,</strong></span> <span class='ocrx_word' id='word_1_141' title='bbox 1628 1665 1744 1728; x_wconf 90' lang='lat' dir='ltr'><strong>que</strong></span> <span class='ocrx_word' id='word_1_142' title='bbox 1816 1645 2237 1728; x_wconf 88' lang='lat' dir='ltr'><strong>principaliter</strong></span> <span class='ocrx_word' id='word_1_143' title='bbox 2303 1646 2600 1711; x_wconf 83' lang='lat' dir='ltr'><strong>exaltavit</strong></span> <span class='ocrx_word' id='word_1_144' title='bbox 2667 1649 2974 1731; x_wconf 86' lang='lat' dir='ltr'><strong>principes</strong></span> <span class='ocrx_word' id='word_1_145' title='bbox 3042 1655 3107 1716; x_wconf 87' lang='lat' dir='ltr'><strong>et</strong></span> 
     </span>
     <span class='ocr_line' id='line_1_16' title="bbox 388 1731 3104 1815; baseline 0.002 -19"><span class='ocrx_word' id='word_1_146' title='bbox 388 1732 865 1796; x_wconf 84' lang='lat' dir='ltr'><strong>communitates</strong></span> <span class='ocrx_word' id='word_1_147' title='bbox 912 1731 1081 1796; x_wconf 91' lang='lat' dir='ltr'><strong>orbis</strong></span> <span class='ocrx_word' id='word_1_148' title='bbox 1127 1735 1290 1796; x_wconf 90' lang='lat' dir='ltr'><strong>terre</strong></span> <span class='ocrx_word' id='word_1_149' title='bbox 1337 1735 1402 1796; x_wconf 92' lang='lat' dir='ltr'><strong>et</strong></span> <span class='ocrx_word' id='word_1_150' title='bbox 1439 1733 1676 1797; x_wconf 84' lang='lat' dir='ltr'><strong>exaltat</strong></span> <span class='ocrx_word' id='word_1_151' title='bbox 1741 1733 1820 1796; x_wconf 91' lang='lat' dir='ltr'><strong>ad</strong></span> <span class='ocrx_word' id='word_1_152' title='bbox 1866 1751 2137 1814; x_wconf 86' lang='lat' dir='ltr'><strong>presens,</strong></span> <span class='ocrx_word' id='word_1_153' title='bbox 2210 1736 2308 1797; x_wconf 90' lang='lat' dir='ltr'><strong>est</strong></span> <span class='ocrx_word' id='word_1_154' title='bbox 2352 1733 2701 1815; x_wconf 86' lang='lat' dir='ltr'><strong>compassio</strong></span> <span class='ocrx_word' id='word_1_155' title='bbox 2748 1737 2815 1799; x_wconf 91' lang='lat' dir='ltr'><strong>et</strong></span> <span class='ocrx_word' id='word_1_156' title='bbox 2860 1738 3104 1803; x_wconf 81' lang='lat' dir='ltr'><strong>miseri·-</strong></span> 
     </span>
     <span class='ocr_line' id='line_1_17' title="bbox 387 1817 3104 1904; baseline 0.003 -22"><span class='ocrx_word' id='word_1_157' title='bbox 387 1818 613 1895; x_wconf 89' lang='lat' dir='ltr'><strong>cordia,</strong></span> <span class='ocrx_word' id='word_1_158' title='bbox 653 1838 836 1900; x_wconf 90' lang='lat' dir='ltr'><strong>quam</strong></span> <span class='ocrx_word' id='word_1_159' title='bbox 883 1817 959 1883; x_wconf 92' lang='lat' dir='ltr'><strong>de</strong></span> <span class='ocrx_word' id='word_1_160' title='bbox 1005 1818 1135 1882; x_wconf 90' lang='lat' dir='ltr'><strong>suis</strong></span> <span class='ocrx_word' id='word_1_161' title='bbox 1181 1818 1451 1884; x_wconf 90' lang='lat' dir='ltr'><strong>inimicis</strong></span> <span class='ocrx_word' id='word_1_162' title='bbox 1498 1823 1563 1884; x_wconf 91' lang='lat' dir='ltr'><strong>et</strong></span> <span class='ocrx_word' id='word_1_163' title='bbox 1607 1820 1947 1884; x_wconf 89' lang='lat' dir='ltr'><strong>minoribus</strong></span> <span class='ocrx_word' id='word_1_164' title='bbox 2022 1820 2390 1898; x_wconf 88' lang='lat' dir='ltr'><strong>habuerunt,</strong></span> <span class='ocrx_word' id='word_1_165' title='bbox 2454 1821 2599 1902; x_wconf 89' lang='lat' dir='ltr'><strong>quia</strong></span> <span class='ocrx_word' id='word_1_166' title='bbox 2651 1840 2876 1904; x_wconf 85' lang='lat' dir='ltr'><strong>magna</strong></span> <span class='ocrx_word' id='word_1_167' title='bbox 2924 1824 3104 1890; x_wconf 88' lang='lat' dir='ltr'><strong>laude</strong></span> 
     </span>
     <span class='ocr_line' id='line_1_18' title="bbox 386 1905 3106 1993; baseline 0.003 -25"><span class='ocrx_word' id='word_1_168' title='bbox 386 1906 561 1987; x_wconf 87' lang='lat' dir='ltr'><strong>digni</strong></span> <span class='ocrx_word' id='word_1_169' title='bbox 609 1905 858 1970; x_wconf 88' lang='lat' dir='ltr'><strong>fuerunt</strong></span> <span class='ocrx_word' id='word_1_170' title='bbox 902 1908 968 1969; x_wconf 91' lang='lat' dir='ltr'><strong>et</strong></span> <span class='ocrx_word' id='word_1_171' title='bbox 1011 1908 1157 1969; x_wconf 85' lang='lat' dir='ltr'><strong>sunt</strong></span> <span class='ocrx_word' id='word_1_172' title='bbox 1199 1907 1282 1984; x_wconf 91' lang='lat' dir='ltr'><strong>hi,</strong></span> <span class='ocrx_word' id='word_1_173' title='bbox 1331 1908 1438 1989; x_wconf 89' lang='lat' dir='ltr'><strong>qui</strong></span> <span class='ocrx_word' id='word_1_174' title='bbox 1483 1906 1726 1971; x_wconf 89' lang='lat' dir='ltr'><strong>iniuriis</strong></span> <span class='ocrx_word' id='word_1_175' title='bbox 1773 1907 2069 1986; x_wconf 88' lang='lat' dir='ltr'><strong>lacessiti,</strong></span> <span class='ocrx_word' id='word_1_176' title='bbox 2119 1926 2258 1973; x_wconf 89' lang='lat' dir='ltr'><strong>cum</strong></span> <span class='ocrx_word' id='word_1_177' title='bbox 2323 1907 2660 1972; x_wconf 88' lang='lat' dir='ltr'><strong>vindictam</strong></span> <span class='ocrx_word' id='word_1_178' title='bbox 2708 1928 2953 1974; x_wconf 91' lang='lat' dir='ltr'><strong>sumere</strong></span> <span class='ocrx_word' id='word_1_179' title='bbox 2998 1931 3106 1993; x_wconf 82' lang='lat' dir='ltr'><strong>po·-</strong></span> 
     </span>
     <span class='ocr_line' id='line_1_19' title="bbox 385 1992 3105 2074; baseline 0.002 -18"><span class='ocrx_word' id='word_1_180' title='bbox 385 1992 670 2070; x_wconf 89' lang='lat' dir='ltr'><strong>tuissent,</strong></span> <span class='ocrx_word' id='word_1_181' title='bbox 722 2011 972 2074; x_wconf 89' lang='lat' dir='ltr'><strong>parcere</strong></span> <span class='ocrx_word' id='word_1_182' title='bbox 1019 1993 1367 2071; x_wconf 89' lang='lat' dir='ltr'><strong>voluerunt,</strong></span> <span class='ocrx_word' id='word_1_183' title='bbox 1410 2012 1552 2058; x_wconf 89' lang='lat' dir='ltr'><strong>nam</strong></span> <span class='ocrx_word' id='word_1_184' title='bbox 1600 1994 1836 2058; x_wconf 84' lang='lat' dir='ltr'><strong>sufficit</strong></span> <span class='ocrx_word' id='word_1_185' title='bbox 1900 1995 1988 2058; x_wconf 85' lang='lat' dir='ltr'><strong>eis</strong></span> <span class='ocrx_word' id='word_1_186' title='bbox 2060 1998 2124 2058; x_wconf 88' lang='lat' dir='ltr'><strong>et</strong></span> <span class='ocrx_word' id='word_1_187' title='bbox 2191 1994 2377 2059; x_wconf 89' lang='lat' dir='ltr'><strong>debet</strong></span> <span class='ocrx_word' id='word_1_188' title='bbox 2424 1994 2725 2072; x_wconf 85' lang='lat' dir='ltr'><strong>sufficere,</strong></span> <span class='ocrx_word' id='word_1_189' title='bbox 2772 1996 2989 2062; x_wconf 89' lang='lat' dir='ltr'><strong>ulcisci</strong></span> <span class='ocrx_word' id='word_1_190' title='bbox 3039 2004 3105 2064; x_wconf 93' lang='lat' dir='ltr'><strong>et</strong></span> 
     </span>
     <span class='ocr_line' id='line_1_20' title="bbox 387 2079 3108 2164; baseline 0.003 -21"><span class='ocrx_word' id='word_1_191' title='bbox 387 2080 627 2143; x_wconf 88' lang='lat' dir='ltr'><strong>vincere</strong></span> <span class='ocrx_word' id='word_1_192' title='bbox 673 2080 977 2161; x_wconf 83' lang='lat' dir='ltr'><strong>potuisse3</strong></span> <span class='ocrx_word' id='word_1_193' title='bbox 1026 2082 1090 2143; x_wconf 92' lang='lat' dir='ltr'><strong>et</strong></span> <span class='ocrx_word' id='word_1_194' title='bbox 1137 2081 1191 2143; x_wconf 90' lang='lat' dir='ltr'><strong>si</strong></span> <span class='ocrx_word' id='word_1_195' title='bbox 1234 2081 1527 2157; x_wconf 90' lang='lat' dir='ltr'><strong>dicerent,</strong></span> <span class='ocrx_word' id='word_1_196' title='bbox 1575 2081 1690 2145; x_wconf 93' lang='lat' dir='ltr'><strong>hoc</strong></span> <span class='ocrx_word' id='word_1_197' title='bbox 1736 2100 1876 2145; x_wconf 86' lang='lat' dir='ltr'><strong>cum</strong></span> <span class='ocrx_word' id='word_1_198' title='bbox 1927 2080 2312 2164; x_wconf 86' lang='lat' dir='ltr'><strong>Pagensibus</strong></span> <span class='ocrx_word' id='word_1_199' title='bbox 2339 2079 2567 2162; x_wconf 88' lang='lat' dir='ltr'><strong>pluries</strong></span> <span class='ocrx_word' id='word_1_200' title='bbox 2615 2083 2995 2163; x_wconf 84' lang='lat' dir='ltr'><strong>observasse,</strong></span> <span class='ocrx_word' id='word_1_201' title='bbox 3043 2090 3108 2150; x_wconf 86' lang='lat' dir='ltr'><strong>et</strong></span> 
     </span>
     <span class='ocr_line' id='line_1_21' title="bbox 388 2167 3108 2252; baseline 0.003 -22"><span class='ocrx_word' id='word_1_202' title='bbox 388 2168 597 2230; x_wconf 90' lang='lat' dir='ltr'><strong>tamen</strong></span> <span class='ocrx_word' id='word_1_203' title='bbox 645 2185 749 2231; x_wconf 91' lang='lat' dir='ltr'><strong>eos</strong></span> <span class='ocrx_word' id='word_1_204' title='bbox 797 2186 1039 2248; x_wconf 90' lang='lat' dir='ltr'><strong>semper</strong></span> <span class='ocrx_word' id='word_1_205' title='bbox 1082 2167 1339 2231; x_wconf 88' lang='lat' dir='ltr'><strong>iniurias</strong></span> <span class='ocrx_word' id='word_1_206' title='bbox 1385 2168 1705 2251; x_wconf 90' lang='lat' dir='ltr'><strong>repetisse,</strong></span> <span class='ocrx_word' id='word_1_207' title='bbox 1754 2170 1832 2232; x_wconf 89' lang='lat' dir='ltr'><strong>ad</strong></span> <span class='ocrx_word' id='word_1_208' title='bbox 1903 2169 2068 2232; x_wconf 89' lang='lat' dir='ltr'><strong>istud</strong></span> <span class='ocrx_word' id='word_1_209' title='bbox 2138 2168 2342 2233; x_wconf 90' lang='lat' dir='ltr'><strong>dicere</strong></span> <span class='ocrx_word' id='word_1_210' title='bbox 2415 2168 2658 2247; x_wconf 79' lang='lat' dir='ltr'><strong>poteris,</strong></span> <span class='ocrx_word' id='word_1_211' title='bbox 2730 2170 2888 2252; x_wconf 90' lang='lat' dir='ltr'><strong>quod</strong></span> <span class='ocrx_word' id='word_1_212' title='bbox 2933 2177 3108 2238; x_wconf 85' lang='lat' dir='ltr'><strong>tanto</strong></span> 
     </span>
     <span class='ocr_line' id='line_1_22' title="bbox 390 2253 3107 2337; baseline 0.003 -21"><span class='ocrx_word' id='word_1_213' title='bbox 390 2255 592 2336; x_wconf 89' lang='lat' dir='ltr'><strong>magis</strong></span> <span class='ocrx_word' id='word_1_214' title='bbox 638 2253 801 2335; x_wconf 90' lang='lat' dir='ltr'><strong>apud</strong></span> <span class='ocrx_word' id='word_1_215' title='bbox 849 2254 1149 2318; x_wconf 88' lang='lat' dir='ltr'><strong>mundum</strong></span> <span class='ocrx_word' id='word_1_216' title='bbox 1199 2255 1494 2320; x_wconf 87' lang='lat' dir='ltr'><strong>maiorem</strong></span> <span class='ocrx_word' id='word_1_217' title='bbox 1521 2255 1750 2320; x_wconf 88' lang='lat' dir='ltr'><strong>famam</strong></span> <span class='ocrx_word' id='word_1_218' title='bbox 1797 2254 2153 2333; x_wconf 86' lang='lat' dir='ltr'><strong>etlaudem,</strong></span> <span class='ocrx_word' id='word_1_219' title='bbox 2199 2257 2359 2337; x_wconf 87' lang='lat' dir='ltr'><strong>apud</strong></span> <span class='ocrx_word' id='word_1_220' title='bbox 2398 2253 2722 2334; x_wconf 86' lang='lat' dir='ltr'><strong>christum,</strong></span> <span class='ocrx_word' id='word_1_221' title='bbox 2754 2258 2930 2322; x_wconf 89' lang='lat' dir='ltr'><strong>cuius</strong></span> <span class='ocrx_word' id='word_1_222' title='bbox 2961 2258 3107 2325; x_wconf 88' lang='lat' dir='ltr'><strong>doc-</strong></span> 
     </span>
     <span class='ocr_line' id='line_1_23' title="bbox 390 2340 3103 2425; baseline 0.003 -22"><span class='ocrx_word' id='word_1_223' title='bbox 390 2341 620 2404; x_wconf 87' lang='lat' dir='ltr'><strong>trinam</strong></span> <span class='ocrx_word' id='word_1_224' title='bbox 665 2340 780 2405; x_wconf 89' lang='lat' dir='ltr'><strong>hoc</strong></span> <span class='ocrx_word' id='word_1_225' title='bbox 823 2342 1005 2405; x_wconf 91' lang='lat' dir='ltr'><strong>modo</strong></span> <span class='ocrx_word' id='word_1_226' title='bbox 1051 2342 1352 2423; x_wconf 91' lang='lat' dir='ltr'><strong>parcendo</strong></span> <span class='ocrx_word' id='word_1_227' title='bbox 1398 2344 1793 2419; x_wconf 84' lang='lat' dir='ltr'><strong>servaverint,</strong></span> <span class='ocrx_word' id='word_1_228' title='bbox 1839 2343 2065 2406; x_wconf 89' lang='lat' dir='ltr'><strong>bonum</strong></span> <span class='ocrx_word' id='word_1_229' title='bbox 2114 2344 2420 2425; x_wconf 86' lang='lat' dir='ltr'><strong>premium</strong></span> <span class='ocrx_word' id='word_1_230' title='bbox 2491 2344 2915 2425; x_wconf 87' lang='lat' dir='ltr'><strong>reportabunt,</strong></span> <span class='ocrx_word' id='word_1_231' title='bbox 2963 2365 3103 2412; x_wconf 89' lang='lat' dir='ltr'><strong>cum</strong></span> 
     </span>
     <span class='ocr_line' id='line_1_24' title="bbox 389 2427 3109 2515; baseline 0.003 -24"><span class='ocrx_word' id='word_1_232' title='bbox 389 2427 606 2493; x_wconf 89' lang='lat' dir='ltr'><strong>iubeat</strong></span> <span class='ocrx_word' id='word_1_233' title='bbox 647 2446 765 2492; x_wconf 90' lang='lat' dir='ltr'><strong>non</strong></span> <span class='ocrx_word' id='word_1_234' title='bbox 812 2429 1041 2510; x_wconf 90' lang='lat' dir='ltr'><strong>septies</strong></span> <span class='ocrx_word' id='word_1_235' title='bbox 1087 2428 1194 2492; x_wconf 89' lang='lat' dir='ltr'><strong>sed</strong></span> <span class='ocrx_word' id='word_1_236' title='bbox 1240 2430 1664 2512; x_wconf 85' lang='lat' dir='ltr'><strong>septuagesies</strong></span> <span class='ocrx_word' id='word_1_237' title='bbox 1709 2431 1941 2511; x_wconf 90' lang='lat' dir='ltr'><strong>septies</strong></span> <span class='ocrx_word' id='word_1_238' title='bbox 1987 2448 2122 2494; x_wconf 88' lang='lat' dir='ltr'><strong>esse</strong></span> <span class='ocrx_word' id='word_1_239' title='bbox 2188 2431 2595 2512; x_wconf 79' lang='lat' dir='ltr'><strong>parcendum3</strong></span> <span class='ocrx_word' id='word_1_240' title='bbox 2668 2435 2732 2495; x_wconf 91' lang='lat' dir='ltr'><strong>et</strong></span> <span class='ocrx_word' id='word_1_241' title='bbox 2793 2434 3109 2515; x_wconf 90' lang='lat' dir='ltr'><strong>propterea</strong></span> 
     </span>
     <span class='ocr_line' id='line_1_25' title="bbox 390 2514 3106 2598; baseline 0.003 -20"><span class='ocrx_word' id='word_1_242' title='bbox 390 2515 624 2578; x_wconf 89' lang='lat' dir='ltr'><strong>scimus</strong></span> <span class='ocrx_word' id='word_1_243' title='bbox 672 2514 932 2579; x_wconf 89' lang='lat' dir='ltr'><strong>suadere</strong></span> <span class='ocrx_word' id='word_1_244' title='bbox 979 2517 1068 2578; x_wconf 91' lang='lat' dir='ltr'><strong>eis</strong></span> <span class='ocrx_word' id='word_1_245' title='bbox 1111 2517 1176 2578; x_wconf 91' lang='lat' dir='ltr'><strong>et</strong></span> <span class='ocrx_word' id='word_1_246' title='bbox 1220 2533 1459 2597; x_wconf 89' lang='lat' dir='ltr'><strong>rogare,</strong></span> <span class='ocrx_word' id='word_1_247' title='bbox 1497 2517 1669 2598; x_wconf 78' lang='lat' dir='ltr'><strong>quod·</strong></span> <span class='ocrx_word' id='word_1_248' title='bbox 1705 2519 2000 2598; x_wconf 90' lang='lat' dir='ltr'><strong>tanquam</strong></span> <span class='ocrx_word' id='word_1_249' title='bbox 2049 2517 2287 2581; x_wconf 91' lang='lat' dir='ltr'><strong>nobiles</strong></span> <span class='ocrx_word' id='word_1_250' title='bbox 2332 2522 2396 2580; x_wconf 89' lang='lat' dir='ltr'><strong>et</strong></span> <span class='ocrx_word' id='word_1_251' title='bbox 2439 2516 2696 2581; x_wconf 89' lang='lat' dir='ltr'><strong>virtuosi</strong></span> <span class='ocrx_word' id='word_1_252' title='bbox 2745 2518 2865 2583; x_wconf 91' lang='lat' dir='ltr'><strong>viri</strong></span> <span class='ocrx_word' id='word_1_253' title='bbox 2895 2520 2959 2583; x_wconf 91' lang='lat' dir='ltr'><strong>iu</strong></span> <span class='ocrx_word' id='word_1_254' title='bbox 3010 2523 3106 2585; x_wconf 91' lang='lat' dir='ltr'><strong>dei</strong></span> 
     </span>
     <span class='ocr_line' id='line_1_26' title="bbox 391 2602 3109 2690; baseline 0.003 -25"><span class='ocrx_word' id='word_1_255' title='bbox 391 2602 799 2667; x_wconf 90' lang='lat' dir='ltr'><strong>reverentiam</strong></span> <span class='ocrx_word' id='word_1_256' title='bbox 850 2603 1248 2685; x_wconf 89' lang='lat' dir='ltr'><strong>nostramque</strong></span> <span class='ocrx_word' id='word_1_257' title='bbox 1295 2603 1810 2687; x_wconf 84' lang='lat' dir='ltr'><strong>complacentiam</strong></span> <span class='ocrx_word' id='word_1_258' title='bbox 1858 2606 1922 2670; x_wconf 89' lang='lat' dir='ltr'><strong>et</strong></span> <span class='ocrx_word' id='word_1_259' title='bbox 1966 2621 2244 2669; x_wconf 89' lang='lat' dir='ltr'><strong>amorem</strong></span> <span class='ocrx_word' id='word_1_260' title='bbox 2306 2603 2502 2670; x_wconf 91' lang='lat' dir='ltr'><strong>velint</strong></span> <span class='ocrx_word' id='word_1_261' title='bbox 2571 2605 2725 2668; x_wconf 90' lang='lat' dir='ltr'><strong>istos</strong></span> <span class='ocrx_word' id='word_1_262' title='bbox 2792 2604 2868 2669; x_wconf 91' lang='lat' dir='ltr'><strong>de</strong></span> <span class='ocrx_word' id='word_1_263' title='bbox 2939 2605 3109 2690; x_wconf 90' lang='lat' dir='ltr'><strong>Pago</strong></span> 
     </span>
     <span class='ocr_line' id='line_1_27' title="bbox 389 2690 3110 2771; baseline 0.003 -19"><span class='ocrx_word' id='word_1_264' title='bbox 389 2708 529 2752; x_wconf 90' lang='lat' dir='ltr'><strong>cum</strong></span> <span class='ocrx_word' id='word_1_265' title='bbox 580 2690 804 2754; x_wconf 89' lang='lat' dir='ltr'><strong>havere</strong></span> <span class='ocrx_word' id='word_1_266' title='bbox 852 2693 916 2754; x_wconf 93' lang='lat' dir='ltr'><strong>et</strong></span> <span class='ocrx_word' id='word_1_267' title='bbox 976 2690 1275 2771; x_wconf 79' lang='lat' dir='ltr'><strong>personiS,</strong></span> <span class='ocrx_word' id='word_1_268' title='bbox 1324 2691 1536 2755; x_wconf 90' lang='lat' dir='ltr'><strong>habito</strong></span> <span class='ocrx_word' id='word_1_269' title='bbox 1583 2691 1854 2756; x_wconf 89' lang='lat' dir='ltr'><strong>dominio</strong></span> <span class='ocrx_word' id='word_1_270' title='bbox 1900 2693 2122 2768; x_wconf 89' lang='lat' dir='ltr'><strong>insule,</strong></span> <span class='ocrx_word' id='word_1_271' title='bbox 2170 2694 2333 2756; x_wconf 79' lang='lat' dir='ltr'><strong>terre</strong></span> <span class='ocrx_word' id='word_1_272' title='bbox 2381 2695 2445 2756; x_wconf 89' lang='lat' dir='ltr'><strong>et</strong></span> <span class='ocrx_word' id='word_1_273' title='bbox 2518 2693 2729 2769; x_wconf 89' lang='lat' dir='ltr'><strong>castri,</strong></span> <span class='ocrx_word' id='word_1_274' title='bbox 2774 2693 2997 2759; x_wconf 88' lang='lat' dir='ltr'><strong>habere</strong></span> <span class='ocrx_word' id='word_1_275' title='bbox 3043 2700 3110 2759; x_wconf 89' lang='lat' dir='ltr'><strong>et</strong></span> 
     </span>
     <span class='ocr_line' id='line_1_28' title="bbox 389 2776 3109 2862; baseline 0.002 -23"><span class='ocrx_word' id='word_1_276' title='bbox 389 2778 659 2859; x_wconf 90' lang='lat' dir='ltr'><strong>recipere</strong></span> <span class='ocrx_word' id='word_1_277' title='bbox 706 2776 783 2862; x_wconf 84' lang='lat' dir='ltr'><strong>ad</strong></span> <span class='ocrx_word' id='word_1_278' title='bbox 831 2778 1101 2860; x_wconf 85' lang='lat' dir='ltr'><strong>gratiam</strong></span> <span class='ocrx_word' id='word_1_279' title='bbox 1149 2778 1213 2841; x_wconf 91' lang='lat' dir='ltr'><strong>et</strong></span> <span class='ocrx_word' id='word_1_280' title='bbox 1245 2777 1733 2842; x_wconf 89' lang='lat' dir='ltr'><strong>misericordiam</strong></span> <span class='ocrx_word' id='word_1_281' title='bbox 1781 2796 1985 2855; x_wconf 90' lang='lat' dir='ltr'><strong>suam,</strong></span> <span class='ocrx_word' id='word_1_282' title='bbox 2019 2779 2109 2842; x_wconf 91' lang='lat' dir='ltr'><strong>ita</strong></span> <span class='ocrx_word' id='word_1_283' title='bbox 2134 2780 2457 2860; x_wconf 89' lang='lat' dir='ltr'><strong>quodcum</strong></span> <span class='ocrx_word' id='word_1_284' title='bbox 2506 2779 2683 2843; x_wconf 91' lang='lat' dir='ltr'><strong>bonis</strong></span> <span class='ocrx_word' id='word_1_285' title='bbox 2729 2780 2796 2844; x_wconf 88' lang='lat' dir='ltr'><strong>et</strong></span> <span class='ocrx_word' id='word_1_286' title='bbox 2834 2783 3109 2862; x_wconf 90' lang='lat' dir='ltr'><strong>personis</strong></span> 
     </span>
     <span class='ocr_line' id='line_1_29' title="bbox 389 2863 3109 2948; baseline 0.003 -22"><span class='ocrx_word' id='word_1_287' title='bbox 389 2865 518 2927; x_wconf 91' lang='lat' dir='ltr'><strong>suis</strong></span> <span class='ocrx_word' id='word_1_288' title='bbox 564 2863 722 2927; x_wconf 92' lang='lat' dir='ltr'><strong>salvi</strong></span> <span class='ocrx_word' id='word_1_289' title='bbox 770 2863 916 2941; x_wconf 88' lang='lat' dir='ltr'><strong>siut,</strong></span> <span class='ocrx_word' id='word_1_290' title='bbox 966 2865 1109 2946; x_wconf 90' lang='lat' dir='ltr'><strong>quia</strong></span> <span class='ocrx_word' id='word_1_291' title='bbox 1158 2881 1275 2927; x_wconf 91' lang='lat' dir='ltr'><strong>non</strong></span> <span class='ocrx_word' id='word_1_292' title='bbox 1324 2864 1700 2943; x_wconf 76' lang='lat' dir='ltr'><strong>dubitamuS,</strong></span> <span class='ocrx_word' id='word_1_293' title='bbox 1749 2867 1911 2948; x_wconf 91' lang='lat' dir='ltr'><strong>quod</strong></span> <span class='ocrx_word' id='word_1_294' title='bbox 1979 2882 2080 2929; x_wconf 89' lang='lat' dir='ltr'><strong>eos</strong></span> <span class='ocrx_word' id='word_1_295' title='bbox 2149 2866 2462 2930; x_wconf 91' lang='lat' dir='ltr'><strong>habebunt</strong></span> <span class='ocrx_word' id='word_1_296' title='bbox 2526 2866 2716 2930; x_wconf 89' lang='lat' dir='ltr'><strong>bonos</strong></span> <span class='ocrx_word' id='word_1_297' title='bbox 2788 2869 2852 2931; x_wconf 90' lang='lat' dir='ltr'><strong>et</strong></span> <span class='ocrx_word' id='word_1_298' title='bbox 2895 2866 3109 2933; x_wconf 85' lang='lat' dir='ltr'><strong>fideles</strong></span> 
     </span>
     <span class='ocr_line' id='line_1_30' title="bbox 390 2951 3109 3035; baseline 0.002 -21"><span class='ocrx_word' id='word_1_299' title='bbox 390 2952 738 3027; x_wconf 82' lang='lat' dir='ltr'><strong>servitoreS,</strong></span> <span class='ocrx_word' id='word_1_300' title='bbox 787 2951 962 3015; x_wconf 89' lang='lat' dir='ltr'><strong>nobis</strong></span> <span class='ocrx_word' id='word_1_301' title='bbox 1011 2952 1200 3014; x_wconf 89' lang='lat' dir='ltr'><strong>etiam</strong></span> <span class='ocrx_word' id='word_1_302' title='bbox 1252 2952 1656 3033; x_wconf 88' lang='lat' dir='ltr'><strong>singulariter</strong></span> <span class='ocrx_word' id='word_1_303' title='bbox 1699 2953 2193 3035; x_wconf 90' lang='lat' dir='ltr'><strong>complacebunt.</strong></span> <span class='ocrx_word' id='word_1_304' title='bbox 2263 2952 2346 3016; x_wconf 83' lang='lat' dir='ltr'><strong>Et</strong></span> <span class='ocrx_word' id='word_1_305' title='bbox 2415 2953 2577 3017; x_wconf 89' lang='lat' dir='ltr'><strong>circa</strong></span> <span class='ocrx_word' id='word_1_306' title='bbox 2621 2954 2807 3017; x_wconf 88' lang='lat' dir='ltr'><strong>istam</strong></span> <span class='ocrx_word' id='word_1_307' title='bbox 2855 2956 3109 3020; x_wconf 91' lang='lat' dir='ltr'><strong>intenti-</strong></span> 
     </span>
     <span class='ocr_line' id='line_1_31' title="bbox 387 3037 3106 3124; baseline 0.002 -22"><span class='ocrx_word' id='word_1_308' title='bbox 387 3055 566 3102; x_wconf 89' lang='lat' dir='ltr'><strong>onem</strong></span> <span class='ocrx_word' id='word_1_309' title='bbox 613 3038 1012 3101; x_wconf 89' lang='lat' dir='ltr'><strong>obtinendam</strong></span> <span class='ocrx_word' id='word_1_310' title='bbox 1049 3037 1273 3101; x_wconf 88' lang='lat' dir='ltr'><strong>debeas</strong></span> <span class='ocrx_word' id='word_1_311' title='bbox 1322 3057 1459 3102; x_wconf 89' lang='lat' dir='ltr'><strong>cum</strong></span> <span class='ocrx_word' id='word_1_312' title='bbox 1509 3037 1803 3120; x_wconf 78' lang='lat' dir='ltr'><strong>predictis</strong></span> <span class='ocrx_word' id='word_1_313' title='bbox 1851 3042 1916 3104; x_wconf 90' lang='lat' dir='ltr'><strong>et</strong></span> <span class='ocrx_word' id='word_1_314' title='bbox 1959 3039 2099 3104; x_wconf 91' lang='lat' dir='ltr'><strong>aliis</strong></span> <span class='ocrx_word' id='word_1_315' title='bbox 2169 3041 2371 3103; x_wconf 88' lang='lat' dir='ltr'><strong>verbis</strong></span> <span class='ocrx_word' id='word_1_316' title='bbox 2441 3041 2505 3103; x_wconf 89' lang='lat' dir='ltr'><strong>et</strong></span> <span class='ocrx_word' id='word_1_317' title='bbox 2573 3040 2944 3120; x_wconf 82' lang='lat' dir='ltr'><strong>rationibus„</strong></span> <span class='ocrx_word' id='word_1_318' title='bbox 2986 3060 3106 3124; x_wconf 89' lang='lat' dir='ltr'><strong>que</strong></span> 
     </span>
     <span class='ocr_line' id='line_1_32' title="bbox 389 3124 3106 3212; baseline 0.002 -24"><span class='ocrx_word' id='word_1_319' title='bbox 389 3128 495 3188; x_wconf 91' lang='lat' dir='ltr'><strong>tue</strong></span> <span class='ocrx_word' id='word_1_320' title='bbox 542 3124 843 3205; x_wconf 88' lang='lat' dir='ltr'><strong>sapientie</strong></span> <span class='ocrx_word' id='word_1_321' title='bbox 893 3125 1280 3204; x_wconf 85' lang='lat' dir='ltr'><strong>videbuntur,</strong></span> <span class='ocrx_word' id='word_1_322' title='bbox 1322 3125 1523 3190; x_wconf 84' lang='lat' dir='ltr'><strong>facere</strong></span> <span class='ocrx_word' id='word_1_323' title='bbox 1570 3143 1751 3208; x_wconf 85' lang='lat' dir='ltr'><strong>posse</strong></span> <span class='ocrx_word' id='word_1_324' title='bbox 1797 3130 2001 3205; x_wconf 89' lang='lat' dir='ltr'><strong>tuum,</strong></span> <span class='ocrx_word' id='word_1_325' title='bbox 2050 3128 2245 3193; x_wconf 88' lang='lat' dir='ltr'><strong>eundo</strong></span> <span class='ocrx_word' id='word_1_326' title='bbox 2272 3128 2347 3190; x_wconf 90' lang='lat' dir='ltr'><strong>ad</strong></span> <span class='ocrx_word' id='word_1_327' title='bbox 2386 3128 2896 3192; x_wconf 88' lang='lat' dir='ltr'><strong>communitatem</strong></span> <span class='ocrx_word' id='word_1_328' title='bbox 2931 3128 3106 3212; x_wconf 87' lang='lat' dir='ltr'><strong>Pagi,</strong></span> 
     </span>
     <span class='ocr_line' id='line_1_33' title="bbox 387 3210 3111 3298; baseline 0.002 -24"><span class='ocrx_word' id='word_1_329' title='bbox 387 3212 625 3292; x_wconf 86' lang='lat' dir='ltr'><strong>quando</strong></span> <span class='ocrx_word' id='word_1_330' title='bbox 673 3210 985 3276; x_wconf 84' lang='lat' dir='ltr'><strong>Jadratini</strong></span> <span class='ocrx_word' id='word_1_331' title='bbox 1027 3213 1360 3293; x_wconf 90' lang='lat' dir='ltr'><strong>preberent</strong></span> <span class='ocrx_word' id='word_1_332' title='bbox 1408 3213 1526 3277; x_wconf 89' lang='lat' dir='ltr'><strong>tibi</strong></span> <span class='ocrx_word' id='word_1_333' title='bbox 1575 3214 1955 3277; x_wconf 89' lang='lat' dir='ltr'><strong>audientiam</strong></span> <span class='ocrx_word' id='word_1_334' title='bbox 2004 3215 2082 3277; x_wconf 90' lang='lat' dir='ltr'><strong>ad</strong></span> <span class='ocrx_word' id='word_1_335' title='bbox 2129 3214 2313 3278; x_wconf 89' lang='lat' dir='ltr'><strong>istam</strong></span> <span class='ocrx_word' id='word_1_336' title='bbox 2356 3215 2617 3294; x_wconf 87' lang='lat' dir='ltr'><strong>partem,</strong></span> <span class='ocrx_word' id='word_1_337' title='bbox 2667 3214 2744 3277; x_wconf 91' lang='lat' dir='ltr'><strong>ad</strong></span> <span class='ocrx_word' id='word_1_338' title='bbox 2781 3233 3111 3298; x_wconf 86' lang='lat' dir='ltr'><strong>procuran-</strong></span> 
     </span>
     <span class='ocr_line' id='line_1_34' title="bbox 386 3298 3019 3383; baseline 0.002 -21"><span class='ocrx_word' id='word_1_339' title='bbox 386 3298 557 3379; x_wconf 92' lang='lat' dir='ltr'><strong>dum,</strong></span> <span class='ocrx_word' id='word_1_340' title='bbox 606 3298 767 3380; x_wconf 89' lang='lat' dir='ltr'><strong>quod</strong></span> <span class='ocrx_word' id='word_1_341' title='bbox 814 3317 928 3363; x_wconf 89' lang='lat' dir='ltr'><strong>sua</strong></span> <span class='ocrx_word' id='word_1_342' title='bbox 1005 3299 1265 3364; x_wconf 88' lang='lat' dir='ltr'><strong>libertas</strong></span> <span class='ocrx_word' id='word_1_343' title='bbox 1308 3300 1578 3380; x_wconf 90' lang='lat' dir='ltr'><strong>intersit,</strong></span> <span class='ocrx_word' id='word_1_344' title='bbox 1632 3301 1720 3365; x_wconf 88' lang='lat' dir='ltr'><strong>ita</strong></span> <span class='ocrx_word' id='word_1_345' title='bbox 1765 3302 1925 3383; x_wconf 89' lang='lat' dir='ltr'><strong>quod</strong></span> <span class='ocrx_word' id='word_1_346' title='bbox 1974 3300 2137 3366; x_wconf 87' lang='lat' dir='ltr'><strong>istud</strong></span> <span class='ocrx_word' id='word_1_347' title='bbox 2185 3319 2296 3382; x_wconf 89' lang='lat' dir='ltr'><strong>per</strong></span> <span class='ocrx_word' id='word_1_348' title='bbox 2349 3304 2411 3364; x_wconf 92' lang='lat' dir='ltr'><strong>te</strong></span> <span class='ocrx_word' id='word_1_349' title='bbox 2456 3300 2749 3382; x_wconf 89' lang='lat' dir='ltr'><strong>compleri</strong></span> <span class='ocrx_word' id='word_1_350' title='bbox 2797 3302 3019 3368; x_wconf 88' lang='lat' dir='ltr'><strong>valeat.</strong></span> 
     </span>
    </p>
   </div>
   <div class='ocr_carea' id='block_1_3' title="bbox 381 3397 3156 4705">
    <p class='ocr_par' dir='ltr' id='par_1_4' title="bbox 381 3397 3156 4705">
     <span class='ocr_line' id='line_1_35' title="bbox 597 3397 3107 3488; baseline 0.002 -22"><span class='ocrx_word' id='word_1_351' title='bbox 597 3402 662 3466; x_wconf 90' lang='lat' dir='ltr'><strong>Si</strong></span> <span class='ocrx_word' id='word_1_352' title='bbox 708 3421 852 3467; x_wconf 90' lang='lat' dir='ltr'><strong>vero</strong></span> <span class='ocrx_word' id='word_1_353' title='bbox 900 3397 1215 3468; x_wconf 85' lang='lat' dir='ltr'><strong>Jadratini</strong></span> <span class='ocrx_word' id='word_1_354' title='bbox 1263 3406 1587 3470; x_wconf 88' lang='lat' dir='ltr'><strong>attendere</strong></span> <span class='ocrx_word' id='word_1_355' title='bbox 1636 3404 1851 3470; x_wconf 90' lang='lat' dir='ltr'><strong>nolent</strong></span> <span class='ocrx_word' id='word_1_356' title='bbox 1896 3405 1973 3469; x_wconf 90' lang='lat' dir='ltr'><strong>ad</strong></span> <span class='ocrx_word' id='word_1_357' title='bbox 2020 3405 2204 3469; x_wconf 89' lang='lat' dir='ltr'><strong>istam</strong></span> <span class='ocrx_word' id='word_1_358' title='bbox 2252 3407 2512 3487; x_wconf 88' lang='lat' dir='ltr'><strong>partem,</strong></span> <span class='ocrx_word' id='word_1_359' title='bbox 2584 3407 2731 3470; x_wconf 90' lang='lat' dir='ltr'><strong>tunc</strong></span> <span class='ocrx_word' id='word_1_360' title='bbox 2776 3406 2922 3488; x_wconf 88' lang='lat' dir='ltr'><strong>quia</strong></span> <span class='ocrx_word' id='word_1_361' title='bbox 2968 3425 3107 3472; x_wconf 89' lang='lat' dir='ltr'><strong>ora-</strong></span> 
     </span>
     <span class='ocr_line' id='line_1_36' title="bbox 390 3490 3109 3575; baseline 0.003 -22"><span class='ocrx_word' id='word_1_362' title='bbox 390 3493 555 3553; x_wconf 86' lang='lat' dir='ltr'><strong>tores</strong></span> <span class='ocrx_word' id='word_1_363' title='bbox 602 3490 932 3571; x_wconf 77' lang='lat' dir='ltr'><strong>PageuseS,</strong></span> <span class='ocrx_word' id='word_1_364' title='bbox 982 3492 1086 3572; x_wconf 90' lang='lat' dir='ltr'><strong>qui</strong></span> <span class='ocrx_word' id='word_1_365' title='bbox 1131 3493 1280 3555; x_wconf 91' lang='lat' dir='ltr'><strong>sunt</strong></span> <span class='ocrx_word' id='word_1_366' title='bbox 1324 3492 1401 3555; x_wconf 90' lang='lat' dir='ltr'><strong>ad</strong></span> <span class='ocrx_word' id='word_1_367' title='bbox 1453 3493 1725 3556; x_wconf 89' lang='lat' dir='ltr'><strong>nostram</strong></span> <span class='ocrx_word' id='word_1_368' title='bbox 1758 3493 2153 3574; x_wconf 84' lang='lat' dir='ltr'><strong>presentiam,</strong></span> <span class='ocrx_word' id='word_1_369' title='bbox 2179 3492 2448 3555; x_wconf 89' lang='lat' dir='ltr'><strong>dixerint</strong></span> <span class='ocrx_word' id='word_1_370' title='bbox 2490 3492 2685 3569; x_wconf 78' lang='lat' dir='ltr'><strong>nobiS,</strong></span> <span class='ocrx_word' id='word_1_371' title='bbox 2744 3493 2907 3575; x_wconf 92' lang='lat' dir='ltr'><strong>quod</strong></span> <span class='ocrx_word' id='word_1_372' title='bbox 2957 3495 3109 3561; x_wconf 87' lang='lat' dir='ltr'><strong>fina-</strong></span> 
     </span>
     <span class='ocr_line' id='line_1_37' title="bbox 386 3576 3107 3655; baseline 0.003 -16"><span class='ocrx_word' id='word_1_373' title='bbox 386 3576 531 3640; x_wconf 89' lang='lat' dir='ltr'><strong>liter</strong></span> <span class='ocrx_word' id='word_1_374' title='bbox 577 3579 784 3640; x_wconf 88' lang='lat' dir='ltr'><strong>essent</strong></span> <span class='ocrx_word' id='word_1_375' title='bbox 828 3579 1118 3655; x_wconf 91' lang='lat' dir='ltr'><strong>contenti,</strong></span> <span class='ocrx_word' id='word_1_376' title='bbox 1167 3579 1384 3643; x_wconf 87' lang='lat' dir='ltr'><strong>relicta</strong></span> <span class='ocrx_word' id='word_1_377' title='bbox 1429 3578 1632 3644; x_wconf 90' lang='lat' dir='ltr'><strong>insula</strong></span> <span class='ocrx_word' id='word_1_378' title='bbox 1698 3583 1762 3643; x_wconf 87' lang='lat' dir='ltr'><strong>et</strong></span> <span class='ocrx_word' id='word_1_379' title='bbox 1820 3581 2026 3644; x_wconf 91' lang='lat' dir='ltr'><strong>castro</strong></span> <span class='ocrx_word' id='word_1_380' title='bbox 2096 3598 2168 3644; x_wconf 89' lang='lat' dir='ltr'><strong>ac</strong></span> <span class='ocrx_word' id='word_1_381' title='bbox 2239 3579 2415 3644; x_wconf 90' lang='lat' dir='ltr'><strong>bonis</strong></span> <span class='ocrx_word' id='word_1_382' title='bbox 2464 3580 2817 3655; x_wconf 72' lang='lat' dir='ltr'><strong>mobilibuS,</strong></span> <span class='ocrx_word' id='word_1_383' title='bbox 2867 3581 3107 3648; x_wconf 88' lang='lat' dir='ltr'><strong>salvare</strong></span> 
     </span>
     <span class='ocr_line' id='line_1_38' title="bbox 385 3665 3106 3749; baseline 0.002 -22"><span class='ocrx_word' id='word_1_384' title='bbox 385 3665 585 3727; x_wconf 90' lang='lat' dir='ltr'><strong>solum</strong></span> <span class='ocrx_word' id='word_1_385' title='bbox 638 3682 953 3746; x_wconf 68' lang='lat' dir='ltr'><strong>personaS,</strong></span> <span class='ocrx_word' id='word_1_386' title='bbox 1003 3665 1289 3729; x_wconf 87' lang='lat' dir='ltr'><strong>volumus</strong></span> <span class='ocrx_word' id='word_1_387' title='bbox 1348 3668 1411 3728; x_wconf 92' lang='lat' dir='ltr'><strong>et</strong></span> <span class='ocrx_word' id='word_1_388' title='bbox 1473 3667 1930 3731; x_wconf 89' lang='lat' dir='ltr'><strong>committimus</strong></span> <span class='ocrx_word' id='word_1_389' title='bbox 1993 3668 2129 3745; x_wconf 91' lang='lat' dir='ltr'><strong>tibi,</strong></span> <span class='ocrx_word' id='word_1_390' title='bbox 2200 3667 2360 3749; x_wconf 88' lang='lat' dir='ltr'><strong>quod</strong></span> <span class='ocrx_word' id='word_1_391' title='bbox 2393 3665 2711 3742; x_wconf 57' lang='lat' dir='ltr'><strong>‚intrarare</strong></span> <span class='ocrx_word' id='word_1_392' title='bbox 2757 3667 2982 3732; x_wconf 89' lang='lat' dir='ltr'><strong>debeas</strong></span> <span class='ocrx_word' id='word_1_393' title='bbox 3027 3669 3106 3733; x_wconf 91' lang='lat' dir='ltr'><strong>ad</strong></span> 
     </span>
     <span class='ocr_line' id='line_1_39' title="bbox 386 3752 3107 3835; baseline 0.002 -21"><span class='ocrx_word' id='word_1_394' title='bbox 386 3752 578 3815; x_wconf 90' lang='lat' dir='ltr'><strong>istam</strong></span> <span class='ocrx_word' id='word_1_395' title='bbox 630 3755 869 3832; x_wconf 88' lang='lat' dir='ltr'><strong>partem</strong></span> <span class='ocrx_word' id='word_1_396' title='bbox 920 3769 1061 3814; x_wconf 90' lang='lat' dir='ltr'><strong>cum</strong></span> <span class='ocrx_word' id='word_1_397' title='bbox 1109 3753 1217 3817; x_wconf 92' lang='lat' dir='ltr'><strong>illo</strong></span> <span class='ocrx_word' id='word_1_398' title='bbox 1264 3755 1476 3817; x_wconf 88' lang='lat' dir='ltr'><strong>ordine</strong></span> <span class='ocrx_word' id='word_1_399' title='bbox 1523 3757 1585 3815; x_wconf 89' lang='lat' dir='ltr'><strong>et</strong></span> <span class='ocrx_word' id='word_1_400' title='bbox 1632 3772 1771 3818; x_wconf 91' lang='lat' dir='ltr'><strong>cum</strong></span> <span class='ocrx_word' id='word_1_401' title='bbox 1827 3753 1936 3817; x_wconf 93' lang='lat' dir='ltr'><strong>illo</strong></span> <span class='ocrx_word' id='word_1_402' title='bbox 1983 3755 2160 3817; x_wconf 89' lang='lat' dir='ltr'><strong>modo</strong></span> <span class='ocrx_word' id='word_1_403' title='bbox 2204 3754 2266 3817; x_wconf 83' lang='lat' dir='ltr'><strong>et</strong></span> <span class='ocrx_word' id='word_1_404' title='bbox 2313 3754 2374 3816; x_wconf 88' lang='lat' dir='ltr'><strong>in</strong></span> <span class='ocrx_word' id='word_1_405' title='bbox 2423 3752 2535 3817; x_wconf 92' lang='lat' dir='ltr'><strong>illa</strong></span> <span class='ocrx_word' id='word_1_406' title='bbox 2574 3754 2787 3829; x_wconf 85' lang='lat' dir='ltr'><strong>forma,</strong></span> <span class='ocrx_word' id='word_1_407' title='bbox 2822 3773 2942 3835; x_wconf 86' lang='lat' dir='ltr'><strong>que</strong></span> <span class='ocrx_word' id='word_1_408' title='bbox 2990 3755 3107 3820; x_wconf 91' lang='lat' dir='ltr'><strong>tibi</strong></span> 
     </span>
     <span class='ocr_line' id='line_1_40' title="bbox 390 3837 3108 3923; baseline 0.001 -21"><span class='ocrx_word' id='word_1_409' title='bbox 390 3837 720 3914; x_wconf 88' lang='lat' dir='ltr'><strong>videbitur,</strong></span> <span class='ocrx_word' id='word_1_410' title='bbox 770 3838 1148 3919; x_wconf 86' lang='lat' dir='ltr'><strong>procurando</strong></span> <span class='ocrx_word' id='word_1_411' title='bbox 1194 3858 1334 3903; x_wconf 91' lang='lat' dir='ltr'><strong>cum</strong></span> <span class='ocrx_word' id='word_1_412' title='bbox 1383 3839 1514 3904; x_wconf 88' lang='lat' dir='ltr'><strong>illis</strong></span> <span class='ocrx_word' id='word_1_413' title='bbox 1561 3840 1766 3904; x_wconf 88' lang='lat' dir='ltr'><strong>verbis</strong></span> <span class='ocrx_word' id='word_1_414' title='bbox 1807 3842 1873 3903; x_wconf 89' lang='lat' dir='ltr'><strong>et</strong></span> <span class='ocrx_word' id='word_1_415' title='bbox 1917 3841 2286 3918; x_wconf 81' lang='lat' dir='ltr'><strong>rationibuS,</strong></span> <span class='ocrx_word' id='word_1_416' title='bbox 2337 3859 2455 3921; x_wconf 87' lang='lat' dir='ltr'><strong>que</strong></span> <span class='ocrx_word' id='word_1_417' title='bbox 2503 3845 2608 3904; x_wconf 91' lang='lat' dir='ltr'><strong>tue</strong></span> <span class='ocrx_word' id='word_1_418' title='bbox 2653 3842 2953 3923; x_wconf 89' lang='lat' dir='ltr'><strong>sapientie</strong></span> <span class='ocrx_word' id='word_1_419' title='bbox 2999 3862 3108 3923; x_wconf 91' lang='lat' dir='ltr'><strong>ap·</strong></span> 
     </span>
     <span class='ocr_line' id='line_1_41' title="bbox 388 3925 3110 4011; baseline 0.002 -24"><span class='ocrx_word' id='word_1_420' title='bbox 388 3926 711 4006; x_wconf 89' lang='lat' dir='ltr'><strong>parebunt,</strong></span> <span class='ocrx_word' id='word_1_421' title='bbox 760 3925 920 4006; x_wconf 91' lang='lat' dir='ltr'><strong>quod</strong></span> <span class='ocrx_word' id='word_1_422' title='bbox 969 3925 1136 3989; x_wconf 89' lang='lat' dir='ltr'><strong>istud</strong></span> <span class='ocrx_word' id='word_1_423' title='bbox 1205 3926 1435 3991; x_wconf 87' lang='lat' dir='ltr'><strong>factum</strong></span> <span class='ocrx_word' id='word_1_424' title='bbox 1500 3925 1905 3992; x_wconf 89' lang='lat' dir='ltr'><strong>concludatur</strong></span> <span class='ocrx_word' id='word_1_425' title='bbox 1964 3947 2073 4010; x_wconf 87' lang='lat' dir='ltr'><strong>per</strong></span> <span class='ocrx_word' id='word_1_426' title='bbox 2119 3926 2372 3991; x_wconf 91' lang='lat' dir='ltr'><strong>modum</strong></span> <span class='ocrx_word' id='word_1_427' title='bbox 2429 3927 2794 4007; x_wconf 89' lang='lat' dir='ltr'><strong>predictum,</strong></span> <span class='ocrx_word' id='word_1_428' title='bbox 2840 3929 2907 3991; x_wconf 91' lang='lat' dir='ltr'><strong>et</strong></span> <span class='ocrx_word' id='word_1_429' title='bbox 2950 3930 3110 4011; x_wconf 91' lang='lat' dir='ltr'><strong>quod</strong></span> 
     </span>
     <span class='ocr_line' id='line_1_42' title="bbox 388 4011 3107 4098; baseline 0.001 -22"><span class='ocrx_word' id='word_1_430' title='bbox 388 4011 704 4076; x_wconf 90' lang='lat' dir='ltr'><strong>Jadratini</strong></span> <span class='ocrx_word' id='word_1_431' title='bbox 753 4012 881 4076; x_wconf 90' lang='lat' dir='ltr'><strong>sint</strong></span> <span class='ocrx_word' id='word_1_432' title='bbox 928 4012 1220 4090; x_wconf 89' lang='lat' dir='ltr'><strong>contenti,</strong></span> <span class='ocrx_word' id='word_1_433' title='bbox 1272 4015 1436 4094; x_wconf 89' lang='lat' dir='ltr'><strong>quod</strong></span> <span class='ocrx_word' id='word_1_434' title='bbox 1483 4032 1744 4095; x_wconf 89' lang='lat' dir='ltr'><strong>persone</strong></span> <span class='ocrx_word' id='word_1_435' title='bbox 1787 4016 1960 4079; x_wconf 85' lang='lat' dir='ltr'><strong>salve</strong></span> <span class='ocrx_word' id='word_1_436' title='bbox 1992 4015 2136 4091; x_wconf 90' lang='lat' dir='ltr'><strong>sint,</strong></span> <span class='ocrx_word' id='word_1_437' title='bbox 2176 4032 2287 4078; x_wconf 89' lang='lat' dir='ltr'><strong>nec</strong></span> <span class='ocrx_word' id='word_1_438' title='bbox 2330 4018 2604 4095; x_wconf 88' lang='lat' dir='ltr'><strong>pereant,</strong></span> <span class='ocrx_word' id='word_1_439' title='bbox 2638 4013 2836 4079; x_wconf 90' lang='lat' dir='ltr'><strong>eundo</strong></span> <span class='ocrx_word' id='word_1_440' title='bbox 2867 4014 3107 4098; x_wconf 85' lang='lat' dir='ltr'><strong>Pagum</strong></span> 
     </span>
     <span class='ocr_line' id='line_1_43' title="bbox 393 4099 3109 4187; baseline 0.002 -26"><span class='ocrx_word' id='word_1_441' title='bbox 393 4104 458 4162; x_wconf 91' lang='lat' dir='ltr'><strong>et</strong></span> <span class='ocrx_word' id='word_1_442' title='bbox 503 4099 812 4162; x_wconf 88' lang='lat' dir='ltr'><strong>redeundo</strong></span> <span class='ocrx_word' id='word_1_443' title='bbox 851 4101 914 4163; x_wconf 90' lang='lat' dir='ltr'><strong>et</strong></span> <span class='ocrx_word' id='word_1_444' title='bbox 960 4099 1235 4163; x_wconf 86' lang='lat' dir='ltr'><strong>faciendo</strong></span> <span class='ocrx_word' id='word_1_445' title='bbox 1284 4119 1421 4166; x_wconf 89' lang='lat' dir='ltr'><strong>cum</strong></span> <span class='ocrx_word' id='word_1_446' title='bbox 1471 4102 1693 4165; x_wconf 89' lang='lat' dir='ltr'><strong>honore</strong></span> <span class='ocrx_word' id='word_1_447' title='bbox 1741 4105 1950 4166; x_wconf 90' lang='lat' dir='ltr'><strong>nostro</strong></span> <span class='ocrx_word' id='word_1_448' title='bbox 1998 4104 2161 4187; x_wconf 82' lang='lat' dir='ltr'><strong>circa</strong></span> <span class='ocrx_word' id='word_1_449' title='bbox 2208 4102 2535 4164; x_wconf 88' lang='lat' dir='ltr'><strong>materiam</strong></span> <span class='ocrx_word' id='word_1_450' title='bbox 2585 4120 2660 4165; x_wconf 78' lang='lat' dir='ltr'><strong>ea</strong></span> <span class='ocrx_word' id='word_1_451' title='bbox 2718 4102 2944 4178; x_wconf 87' lang='lat' dir='ltr'><strong>omnia,</strong></span> <span class='ocrx_word' id='word_1_452' title='bbox 2991 4122 3109 4183; x_wconf 90' lang='lat' dir='ltr'><strong>que</strong></span> 
     </span>
     <span class='ocr_line' id='line_1_44' title="bbox 386 4185 3108 4270; baseline 0.001 -21"><span class='ocrx_word' id='word_1_453' title='bbox 386 4185 506 4249; x_wconf 88' lang='lat' dir='ltr'><strong>tibi</strong></span> <span class='ocrx_word' id='word_1_454' title='bbox 584 4186 932 4252; x_wconf 87' lang='lat' dir='ltr'><strong>necessaria</strong></span> <span class='ocrx_word' id='word_1_455' title='bbox 1010 4186 1406 4252; x_wconf 87' lang='lat' dir='ltr'><strong>videbuntur.</strong></span> <span class='ocrx_word' id='word_1_456' title='bbox 1481 4187 1565 4250; x_wconf 90' lang='lat' dir='ltr'><strong>Et</strong></span> <span class='ocrx_word' id='word_1_457' title='bbox 1610 4189 1660 4250; x_wconf 91' lang='lat' dir='ltr'><strong>si</strong></span> <span class='ocrx_word' id='word_1_458' title='bbox 1709 4188 2071 4252; x_wconf 87' lang='lat' dir='ltr'><strong>concludere</strong></span> <span class='ocrx_word' id='word_1_459' title='bbox 2117 4188 2363 4270; x_wconf 84' lang='lat' dir='ltr'><strong>poteris,</strong></span> <span class='ocrx_word' id='word_1_460' title='bbox 2444 4188 2772 4251; x_wconf 90' lang='lat' dir='ltr'><strong>concludas</strong></span> <span class='ocrx_word' id='word_1_461' title='bbox 2827 4206 2968 4251; x_wconf 89' lang='lat' dir='ltr'><strong>cum</strong></span> <span class='ocrx_word' id='word_1_462' title='bbox 3011 4189 3108 4253; x_wconf 91' lang='lat' dir='ltr'><strong>dei</strong></span> 
     </span>
     <span class='ocr_line' id='line_1_45' title="bbox 388 4272 3107 4357; baseline 0.001 -22"><span class='ocrx_word' id='word_1_463' title='bbox 388 4273 608 4355; x_wconf 88' lang='lat' dir='ltr'><strong>gratia,</strong></span> <span class='ocrx_word' id='word_1_464' title='bbox 656 4276 720 4335; x_wconf 92' lang='lat' dir='ltr'><strong>et</strong></span> <span class='ocrx_word' id='word_1_465' title='bbox 748 4272 909 4337; x_wconf 83' lang='lat' dir='ltr'><strong>facta</strong></span> <span class='ocrx_word' id='word_1_466' title='bbox 945 4273 1350 4354; x_wconf 91' lang='lat' dir='ltr'><strong>conclusione,</strong></span> <span class='ocrx_word' id='word_1_467' title='bbox 1395 4274 1634 4357; x_wconf 88' lang='lat' dir='ltr'><strong>quando</strong></span> <span class='ocrx_word' id='word_1_468' title='bbox 1666 4275 1783 4339; x_wconf 92' lang='lat' dir='ltr'><strong>tibi</strong></span> <span class='ocrx_word' id='word_1_469' title='bbox 1816 4274 2144 4352; x_wconf 90' lang='lat' dir='ltr'><strong>videbitur,</strong></span> <span class='ocrx_word' id='word_1_470' title='bbox 2177 4274 2429 4355; x_wconf 86' lang='lat' dir='ltr'><strong>accepto</strong></span> <span class='ocrx_word' id='word_1_471' title='bbox 2460 4273 2773 4338; x_wconf 88' lang='lat' dir='ltr'><strong>amicabili</strong></span> <span class='ocrx_word' id='word_1_472' title='bbox 2806 4278 3107 4352; x_wconf 90' lang='lat' dir='ltr'><strong>comeatu,</strong></span> 
     </span>
     <span class='ocr_line' id='line_1_46' title="bbox 385 4359 3107 4442; baseline 0.001 -20"><span class='ocrx_word' id='word_1_473' title='bbox 385 4359 689 4422; x_wconf 86' lang='lat' dir='ltr'><strong>Venecias</strong></span> <span class='ocrx_word' id='word_1_474' title='bbox 737 4360 1069 4440; x_wconf 84' lang='lat' dir='ltr'><strong>revertaris</strong></span> <span class='ocrx_word' id='word_1_475' title='bbox 1115 4361 1190 4424; x_wconf 90' lang='lat' dir='ltr'><strong>de</strong></span> <span class='ocrx_word' id='word_1_476' title='bbox 1236 4361 1524 4426; x_wconf 89' lang='lat' dir='ltr'><strong>omnibus</strong></span> <span class='ocrx_word' id='word_1_477' title='bbox 1570 4362 1961 4426; x_wconf 84' lang='lat' dir='ltr'><strong>informatus.</strong></span> <span class='ocrx_word' id='word_1_478' title='bbox 2041 4361 2106 4425; x_wconf 88' lang='lat' dir='ltr'><strong>Si</strong></span> <span class='ocrx_word' id='word_1_479' title='bbox 2186 4380 2325 4426; x_wconf 89' lang='lat' dir='ltr'><strong>vero</strong></span> <span class='ocrx_word' id='word_1_480' title='bbox 2387 4379 2505 4424; x_wconf 90' lang='lat' dir='ltr'><strong>non</strong></span> <span class='ocrx_word' id='word_1_481' title='bbox 2552 4378 2762 4442; x_wconf 88' lang='lat' dir='ltr'><strong>posses</strong></span> <span class='ocrx_word' id='word_1_482' title='bbox 2808 4361 3107 4440; x_wconf 90' lang='lat' dir='ltr'><strong>obtinere,</strong></span> 
     </span>
     <span class='ocr_line' id='line_1_47' title="bbox 383 4447 3156 4530; baseline 0.001 -20"><span class='ocrx_word' id='word_1_483' title='bbox 383 4463 496 4510; x_wconf 88' lang='lat' dir='ltr'><strong>nec</strong></span> <span class='ocrx_word' id='word_1_484' title='bbox 542 4447 731 4511; x_wconf 87' lang='lat' dir='ltr'><strong>etiam</strong></span> <span class='ocrx_word' id='word_1_485' title='bbox 778 4466 887 4527; x_wconf 89' lang='lat' dir='ltr'><strong>per</strong></span> <span class='ocrx_word' id='word_1_486' title='bbox 933 4448 1185 4511; x_wconf 89' lang='lat' dir='ltr'><strong>modum</strong></span> <span class='ocrx_word' id='word_1_487' title='bbox 1235 4447 1603 4528; x_wconf 88' lang='lat' dir='ltr'><strong>predictum,</strong></span> <span class='ocrx_word' id='word_1_488' title='bbox 1654 4453 1801 4512; x_wconf 88' lang='lat' dir='ltr'><strong>tunc</strong></span> <span class='ocrx_word' id='word_1_489' title='bbox 1849 4449 1992 4530; x_wconf 91' lang='lat' dir='ltr'><strong>quia</strong></span> <span class='ocrx_word' id='word_1_490' title='bbox 2038 4467 2153 4512; x_wconf 91' lang='lat' dir='ltr'><strong>non</strong></span> <span class='ocrx_word' id='word_1_491' title='bbox 2203 4450 2301 4512; x_wconf 91' lang='lat' dir='ltr'><strong>est</strong></span> <span class='ocrx_word' id='word_1_492' title='bbox 2348 4448 2737 4529; x_wconf 88' lang='lat' dir='ltr'><strong>sperandum,</strong></span> <span class='ocrx_word' id='word_1_493' title='bbox 2785 4447 2946 4528; x_wconf 90' lang='lat' dir='ltr'><strong>quod</strong></span> <span class='ocrx_word' id='word_1_494' title='bbox 2992 4447 3109 4512; x_wconf 81' lang='lat' dir='ltr'><strong>Ja-</strong></span> <span class='ocrx_word' id='word_1_495' title='bbox 3152 4509 3156 4512; x_wconf 76' lang='grc'>,</span> 
     </span>
     <span class='ocr_line' id='line_1_48' title="bbox 382 4531 3128 4617; baseline 0.001 -23"><span class='ocrx_word' id='word_1_496' title='bbox 382 4531 614 4596; x_wconf 88' lang='lat' dir='ltr'><strong>dratini</strong></span> <span class='ocrx_word' id='word_1_497' title='bbox 653 4533 862 4616; x_wconf 89' lang='lat' dir='ltr'><strong>aliquo</strong></span> <span class='ocrx_word' id='word_1_498' title='bbox 911 4533 1090 4598; x_wconf 90' lang='lat' dir='ltr'><strong>modo</strong></span> <span class='ocrx_word' id='word_1_499' title='bbox 1137 4536 1334 4601; x_wconf 91' lang='lat' dir='ltr'><strong>velint</strong></span> <span class='ocrx_word' id='word_1_500' title='bbox 1378 4553 1482 4599; x_wconf 90' lang='lat' dir='ltr'><strong>eos</strong></span> <span class='ocrx_word' id='word_1_501' title='bbox 1528 4535 1604 4597; x_wconf 88' lang='lat' dir='ltr'><strong>ad</strong></span> <span class='ocrx_word' id='word_1_502' title='bbox 1648 4537 1943 4617; x_wconf 87' lang='lat' dir='ltr'><strong>gratiam,</strong></span> <span class='ocrx_word' id='word_1_503' title='bbox 2019 4538 2268 4615; x_wconf 88' lang='lat' dir='ltr'><strong>accepto</strong></span> <span class='ocrx_word' id='word_1_504' title='bbox 2331 4532 2648 4597; x_wconf 90' lang='lat' dir='ltr'><strong>amicabili</strong></span> <span class='ocrx_word' id='word_1_505' title='bbox 2694 4535 2984 4597; x_wconf 89' lang='lat' dir='ltr'><strong>comeatu</strong></span> <span class='ocrx_word' id='word_1_506' title='bbox 3029 4535 3128 4598; x_wconf 86' lang='lat' dir='ltr'><strong>ab.</strong></span> 
     </span>
     <span class='ocr_line' id='line_1_49' title="bbox 381 4619 3110 4705; baseline -0 -22"><span class='ocrx_word' id='word_1_507' title='bbox 381 4619 490 4695; x_wconf 91' lang='lat' dir='ltr'><strong>eis,</strong></span> <span class='ocrx_word' id='word_1_508' title='bbox 545 4621 693 4700; x_wconf 91' lang='lat' dir='ltr'><strong>quia</strong></span> <span class='ocrx_word' id='word_1_509' title='bbox 744 4638 917 4684; x_wconf 90' lang='lat' dir='ltr'><strong>mora</strong></span> <span class='ocrx_word' id='word_1_510' title='bbox 978 4622 1086 4685; x_wconf 91' lang='lat' dir='ltr'><strong>tua</strong></span> <span class='ocrx_word' id='word_1_511' title='bbox 1140 4621 1224 4686; x_wconf 90' lang='lat' dir='ltr'><strong>ibi</strong></span> <span class='ocrx_word' id='word_1_512' title='bbox 1292 4623 1505 4705; x_wconf 86' lang='lat' dir='ltr'><strong>posset</strong></span> <span class='ocrx_word' id='word_1_513' title='bbox 1546 4622 1634 4685; x_wconf 91' lang='lat' dir='ltr'><strong>eis</strong></span> <span class='ocrx_word' id='word_1_514' title='bbox 1681 4641 1816 4686; x_wconf 87' lang='lat' dir='ltr'><strong>esse</strong></span> <span class='ocrx_word' id='word_1_515' title='bbox 1862 4622 2168 4703; x_wconf 87' lang='lat' dir='ltr'><strong>suspecta,</strong></span> <span class='ocrx_word' id='word_1_516' title='bbox 2218 4619 2512 4684; x_wconf 88' lang='lat' dir='ltr'><strong>similiter</strong></span> <span class='ocrx_word' id='word_1_517' title='bbox 2559 4619 2858 4683; x_wconf 89' lang='lat' dir='ltr'><strong>Venecias</strong></span> <span class='ocrx_word' id='word_1_518' title='bbox 2906 4639 3110 4685; x_wconf 89' lang='lat' dir='ltr'><strong>rever-</strong></span> 
     </span>
    </p>
   </div>
   <div class='ocr_carea' id='block_1_4' title="bbox 384 4704 2936 4848">
    <p class='ocr_par' dir='ltr' id='par_1_5' title="bbox 384 4704 2936 4848">
     <span class='ocr_line' id='line_1_50' title="bbox 384 4704 559 4772; baseline -0.029 0"><span class='ocrx_word' id='word_1_519' title='bbox 384 4704 559 4772; x_wconf 74' lang='lat' dir='ltr'><strong>tatis.</strong></span> 
     </span>
     <span class='ocr_line' id='line_1_51' title="bbox 2896 4805 2936 4848; baseline 0 -8"><span class='ocrx_word' id='word_1_520' title='bbox 2896 4805 2936 4848; x_wconf 51' lang='grc' dir='ltr'><strong><em>ἡ</em></strong></span> 
     </span>
    </p>
   </div>
  </div>
 </body>
</html>
