3620 5282
3031 318 3157 385 163

638 494 766 558 Nos
828 493 1037 559 autem
1100 491 1411 559 Amedeus
1471 510 1695 571 comeS,
1760 492 2069 559 Sabaudie
2128 493 2445 577 princepe,
2503 495 2620 560 dux
2682 494 3038 579 Chablaysii
3094 496 3159 561 et

428 581 734 665 Auguste,
784 584 848 647 et
893 581 1165 648 marchio
1211 581 1483 648 Ythalie.
1530 585 1758 646 Notum
1805 583 1940 648 fieri
1984 582 2269 649 volumus
2317 586 2525 649 tenore
2580 585 2964 665 presencium
3021 585 3158 649 uni-

430 672 624 737 versis
670 673 829 753 quod
874 717 1237 737 ........
1285 671 1701 753 suprascripto
1768 672 1834 736 et
1902 671 2185 736 omnibus
2254 673 2318 736 et
2389 671 2654 755 singulis
2723 672 3027 738 contentis
3093 673 3160 737 in

435 759 646 824 eodem
693 760 1065 824 attestantes
1111 761 1174 823 et
1218 758 1481 824 veridice
1529 759 1888 842 profitentes
1934 778 2007 824 ea
2049 758 2254 824 omnia
2300 761 2365 825 et
2409 760 2656 845 singula
2699 759 2828 826 fore
2889 779 3034 826 vera
3095 761 3159 825 et

437 849 781 931 procesisse
825 850 1007 930 prout
1051 855 1115 912 et
1147 893 1475 912 .......
1523 847 1871 912 reverendis
1916 846 1981 912 in
2028 848 2259 913 christo
2307 847 2591 932 patribus
2639 847 2901 915 dominis
2932 848 3160 915 Valen-

440 936 573 1001 tino
618 934 1218 1019 Quinquecclesiensi
1264 937 1327 1000 et
1374 935 1568 1000 Paulo
1614 936 2011 1019 Zagrabiensi
2057 935 2379 1019 episcopie,
2424 937 2942 1014 ambaxatoribus‚
3005 956 3161 1003 nun-

433 1025 567 1103 ciiS‚
619 1025 1118 1106 procuratoribus
1167 1026 1231 1088 et
1279 1023 1578 1106 legitimis
1638 1023 1805 1107 regie
1851 1024 2196 1090 maiestatis
2252 1024 2527 1107 Ungarie
2562 1074 2830 1092 ......
2891 1026 2955 1090 in
3017 1045 3161 1109 pre-

434 1115 764 1178 missorum
812 1112 996 1177 robur
1064 1114 1129 1176 et
1189 1111 1612 1176 testimonium
1673 1130 1925 1194 presens
1993 1115 2473 1179 instrumentum
2526 1113 2845 1197 publicum
2906 1114 3160 1180 maioris

432 1201 626 1284 sigilli
652 1198 791 1266 'sub
832 1203 1046 1266 contra
1090 1199 1297 1285 SIgiIlo
1338 1204 1548 1265 nostro
1582 1199 1890 1265 iubsimus
1929 1203 2295 1284 appensione
2351 1201 2594 1267 muniri.
2636 1202 2867 1268 Datum
2905 1203 3162 1269 Taurini

429 1289 529 1355 die
575 1289 822 1354 XXIIII
867 1290 1135 1373 augusti,
1183 1306 1341 1354 anno
1387 1288 1621 1352 domini
1660 1288 1992 1355 millesimo
2032 1290 2459 1355 trecentesimo
2491 1291 2906 1376 octuagesimo
2937 1292 3165 1375 primo.

642 1395 760 1460 Per
806 1395 1156 1460 dominum:
1426 1393 1701 1459 Amedeo
1752 1395 1827 1459 de
1875 1395 2178 1461 Sabaudia
2208 1397 2414 1479 genito

644 1484 1033 1565 presentibus
1079 1481 1377 1548 dominis:
1425 1480 1701 1547 Amedeo
1742 1482 1817 1546 de
1854 1482 2161 1549 Sabaudia
2199 1484 2470 1567 prinpre
2513 1483 2744 1550 Achaie

1420 1570 1693 1635 Amedeo
1733 1571 1980 1636 domino
2043 1571 2431 1638 Urteriarum
2823 1573 3049 1640 Bavais

1421 1658 1495 1724 G.
1538 1657 1613 1723 de
1661 1657 1833 1724 Stres
1881 1658 2247 1725 cancellario
2294 1658 2599 1726 Sabaudie

1421 1746 1498 1812 G.
1543 1746 1619 1810 de
1663 1745 1877 1812 Monte
1924 1747 2159 1813 Maiore
2860 1805 2873 1818 .
2909 1803 2923 1817 .
2964 1801 2977 1815 .

1419 1835 1637 1900 Franc.
1686 1835 1760 1901 de
1806 1836 2117 1902 Arentone
2792 1803 3100 1869 mllmbus

1421 1922 1683 1988 Ricardo
1729 1923 2007 1990 Musardi
3058 1943 3059 1946 ’

1413 2009 1513 2076 Jo.
1559 2010 1635 2075 de
1685 2010 1952 2076 Verneto
2001 2013 2064 2077 et

1411 2097 1633 2165 Savino
1679 2099 1754 2165 de
1799 2100 2062 2166 Florano
2102 2101 2318 2184 legum
2364 2095 2632 2167 docto‘re.

539 2208 602 2269 U
637 2207 793 2267 mlet.
844 2207 1078 2267 arkivu.
1147 2207 1320 2266 Pata·
1369 2208 1564 2267 sciolti
1606 2209 1758 2268 serie
1818 2209 1859 2267 1
1915 2227 2009 2270 nr.
2069 2211 2220 2270 270.
2286 2207 2512 2286 Oriqin.
2572 2228 2948 2287 perqamena.
3009 2211 3164 2271 Item

442 2296 614 2356 Patti
657 2295 853 2355 sciolti
891 2312 1002 2355 ser.
1048 2294 1137 2353 II
1174 2313 1269 2355 nr.
1320 2296 1469 2356 366.
1522 2294 1750 2372 Oriqin.
1787 2314 2172 2372 perqamcna.
2218 2299 2390 2358 Pacci
2447 2299 2542 2358 VI
2578 2298 2781 2374 Copia.

771 2502 1172 2586 GCXLII.
1227 2502 1433 2587 God-
1488 2502 1701 2587 1381.
1754 2503 1807 2587 8
1862 2503 2305 2606 kolovoza,
2356 2527 2417 2588 ιι
2470 2506 2835 2590 Turinu.

645 2645 1148 2711 Ambasciatores
1203 2645 1441 2729 Ungari
1514 2649 1577 2712 et
1622 2646 1844 2712 Veneti
1917 2646 1993 2711 de
2055 2648 2371 2712 communi
2437 2666 2736 2716 consensu
2804 2652 3145 2719 observant

438 2735 603 2817 quod
647 2734 712 2799 in
757 2736 1077 2799 contractu
1117 2734 1287 2817 pacis
1338 2735 1432 2801 die
1479 2736 1748 2816 presenti
1794 2735 2078 2801 firmatae
2121 2736 2473 2819 appositum
2534 2740 2623 2803 sit
2667 2739 3031 2823 capitulum,
3100 2743 3162 2806 in

436 2841 554 2906 quo
600 2822 847 2902 dicitur,
895 2822 1056 2906 quod
1094 2823 1304 2904 partes
1355 2842 1581 2906 „super
1639 2825 1926 2888 omnibus
1986 2826 2051 2888 et
2112 2825 2375 2908 singulis
2437 2825 2501 2891 in
2560 2828 2834 2909 presenti
2894 2847 3043 2911 pace
3100 2834 3165 2894 et

431 2910 844 2976 instrumento
890 2912 1197 2976 contentis
1242 2910 1485 2995 eligunt
1527 2913 1593 2975 et
1640 2912 1969 2976 assumunt
2014 2912 2076 2974 in
2122 2912 2404 2993 iudicem,
2454 2916 2836 2998 cognitorem
2898 2922 2961 2982 et
3026 2936 3165 2982 exe-

434 3002 711 3064 cutorem
752 3000 1029 3064 omnium
1078 2998 1492 3082 predictorum
1537 2999 1969 3063 santissimum
2016 3000 2331 3066 dominum
2404 3005 2686 3067 nostrum
2750 3012 3010 3087 papam“
3076 3006 3167 3070 ita

438 3087 601 3170 quod
645 3085 834 3152 fuerit
870 3105 980 3171 per
1023 3086 1227 3169 ipsum
1273 3088 1720 3152 sententiatum
1768 3106 1876 3151 seu
1922 3087 2323 3165 declaratum,
2373 3089 2457 3154 sit
2484 3090 2756 3157 firmum.
2805 3093 2988 3159 Nunc
3022 3112 3165 3159 vero

438 3175 791 3240 declarant:
871 3174 1067 3259 „quod
1117 3193 1233 3240 non
1282 3176 1566 3241 obstante
1628 3174 1901 3258 capitulo
1959 3177 2238 3260 superius
2299 3178 2624 3260 descripto,
2687 3198 2797 3245 nec
2856 3180 3167 3264 aliquibus

438 3263 749 3328 contentis
797 3264 859 3328 in
907 3281 998 3343 eo,
1049 3266 1347 3347 quantum
1394 3269 1490 3328 est
1535 3283 1718 3346 super
1762 3263 1998 3329 iuribus
2051 3266 2343 3330 bucarum
2389 3265 2453 3330 in
2499 3267 2666 3333 dicta
2709 3287 2856 3352 pace
2915 3272 3161 3337 conten-

437 3353 648 3416 tarum
693 3354 757 3414 et
801 3352 1257 3418 nominatarum
1303 3353 1369 3417 et
1405 3353 1545 3417 aliis
1615 3352 1783 3417 dicto
1844 3353 2089 3419 domino
2148 3352 2280 3437 regi
2341 3357 2851 3439 competentibus,
2900 3360 3169 3443 exceptis

442 3439 572 3505 illis
619 3439 860 3504 ducatis
906 3440 1336 3522 septemilibus
1383 3440 1600 3506 annuis
1646 3442 1711 3506 et
1756 3440 1951 3525 penis,
1997 3440 2075 3507 de
2120 3442 2343 3525 quibus
2402 3444 2465 3508 in
2524 3444 2689 3511 dicto
2749 3446 3166 3514 instrumento

445 3528 617 3612 pacis
664 3528 740 3592 fit
784 3529 1037 3606 mentio,
1099 3546 1217 3593 non
1265 3529 1461 3611 possit
1504 3529 1610 3608 lix,
1674 3530 1918 3613 questio
1981 3529 2075 3595 vel
2137 3531 2554 3598 controversia
2596 3533 2733 3600 fieri
2791 3533 2890 3599 vel
2934 3538 3171 3603 moveri

443 3635 649 3681 coram
698 3615 862 3681 dicto
908 3617 1152 3680 domino
1199 3635 1354 3700 papa
1402 3618 1499 3682 vel
1546 3618 1678 3683 eius
1721 3619 2197 3699 successoribus,
2246 3620 2435 3686 donec
2469 3623 2532 3686 et
2562 3640 2874 3707 quousque
2913 3625 3172 3691 ecclesia

444 3706 562 3784 dei,
610 3704 725 3769 deo
772 3704 1149 3786 disponente,
1197 3704 1275 3768 ad
1325 3705 1631 3770 unitatem
1671 3706 1854 3771 unius
1894 3725 2053 3790 pape
2098 3708 2351 3774 reducta
2407 3708 2615 3790 fuerit,
2681 3730 2801 3797 quo
2861 3730 3006 3778 casu
3067 3730 3172 3779 co-

442 3811 575 3858 ram
620 3794 753 3874 ipso
801 3793 979 3859 unico
1024 3791 1418 3858 sanctissimo
1466 3812 1621 3876 papa
1664 3794 1739 3858 de
1786 3794 2081 3877 predictis
2148 3795 2434 3862 omnibus
2480 3797 2673 3866 libere
2718 3800 2821 3884 agi
2867 3801 3066 3884 possit
3105 3804 3172 3867 et

445 3882 646 3947 omnis
691 3881 932 3964 questio
979 3881 1266 3964 agitari“.
1313 3881 1642 3947 Notarius:
1688 3881 2007 3949 Johannes
2051 3883 2361 3969 Ravaysii.

530 3990 725 4051 Pacta
784 3985 880 4049 VI
913 3990 1020 4060 20,
1064 4006 1108 4048 u
1153 3988 1308 4051 mlet.
1351 3990 1587 4053 arkivu.

725 4196 1172 4282 GCXLIII.
1227 4197 1704 4326 (10(1μ1381.
1761 4197 1859 4282 16
1913 4199 2357 4302 kolovoza,
2410 4223 2471 4284 ιι
2522 4203 2889 4288 Turinu.

443 4360 735 4423 Mletcani
775 4379 837 4423 se
884 4363 1166 4436 obveznju
1218 4362 1463 4436 predati
1521 4380 1564 4422 u
1622 4363 1769 4422 ruke
1814 4363 2011 4423 Pavla
2058 4362 2432 4440 Gjorqjevida
2492 4364 2851 4429 Zadranina
2911 4387 2997 4431 na
3053 4372 3168 4433 ime

443 4452 770 4526 aqam-mv.
817 4452 1018 4524 kraha
1057 4450 1214 4526 yrad
1255 4451 1447 4510 Kotor
1489 4468 1532 4508 u
1575 4453 1785 4511 smislu
1850 4452 2181 4527 sklopljena
2224 4454 2400 4528 mira,
2462 4471 2502 4513 a
2556 4456 2720 4529 krab‘
2779 4457 3026 4533 obccaje,
3088 4461 3170 4520 da

814 4538 876 4600 όσ
906 4541 1025 4613 jim
1070 4539 1330 4612 izplatiti
1376 4540 1556 4614 bojnu
1599 4556 1842 4616 sprewa,
1886 4541 2029 4612 koju
2072 4542 2133 4601 bi
2174 4543 2230 4601 si
2272 4542 2447 4615 omb‘e
2479 4542 2786 4616 pndriao.

517 4668 528 4679 '
660 4660 995 4729 Promissio
1041 4659 1508 4725 ambaxatorum
1557 4659 1791 4725 domini
1836 4661 2000 4745 regis
2046 4660 2366 4745 Hungarie
2415 4660 2583 4728 facta
2642 4664 3166 4735 ambaxiatoribus

443 4747 677 4817 domini
721 4747 898 4814 ducis
943 4752 1008 4815 et
1052 4750 1399 4814 communis
1445 4747 1852 4815 Veneciarum
1897 4752 2013 4815 etc.
2060 4749 2137 4815 de
2182 4750 2459 4818 faciendo
2502 4751 2686 4819 dictis
2716 4752 2973 4884 ⁸{lomino
3019 4756 3160 4822 duci
