3620 5282
553 332 684 401 252

553 509 859 594 capitibus
904 508 1220 592 galearum
1267 513 1636 587 nostrarum,
1683 507 1865 592 quod,
1902 505 2346 591 reperientibus
2390 525 2458 571 se
2511 505 2576 571 in
2627 506 2906 590 partibus
2951 506 3272 587 Durachii,

553 600 793 682 quando
841 598 1006 663 dicta
1050 598 1222 663 fovea
1267 597 1635 681 operabitur,
1685 595 1842 680 quod
1892 615 2034 662 cum
2082 595 2234 678 ipsis
2281 596 2475 680 galeis
2522 596 2882 660 assecurent
2928 598 2991 659 et
3041 594 3278 661 faciant

553 685 841 769 quicquid
887 686 1030 750 boni
1077 690 1386 769 poterunt,
1434 687 1504 751 ut
1548 685 1771 750 Turchi
1828 702 1946 749 non
2009 684 2347 767 impediant
2404 683 2778 749 laborerium
2844 684 3008 749 dicte
3074 685 3273 762 fovee,

553 775 657 839 sed
727 775 908 857 quod·
951 774 1233 840 celeriter
1299 775 1696 857 compleatur,
1771 772 2122 838 notificante
2189 772 2324 856 ipso
2383 773 2629 837 domiuo
2705 773 2914 837 nostro
2983 772 3276 850 dominio,

551 864 792 945 quando
840 863 1007 928 volet
1052 864 1318 946 incipere
1364 863 1596 927 dictum
1638 861 2031 940 laborerium,
2068 864 2150 925 *ut
2194 861 2502 942 possimus
2570 862 2715 926 dare
2760 860 3039 925 ordinem
3072 860 3277 944 galeis

553 952 796 1029 nostriS,
847 952 1008 1016 sicut
1052 952 1228 1017 nobis
1276 950 1604 1016 videbitur.
1652 950 1752 1027 75,
1803 951 1876 1014 de
1929 968 2045 1014 non
2100 950 2198 1026 17,
2247 968 2363 1013 non
2418 949 2642 1014 sinceri
2693 946 2793 1013 18.

760 1054 871 1121 Ser
930 1056 1222 1123 Nicolaus
1263 1057 1547 1135 Bredani,
1596 1075 1695 1121 ser
1740 1055 2011 1122 Michael
2043 1054 2401 1134 ContarenO,
2435 1075 2535 1120 ser
2565 1053 2863 1122 Paschale
2894 1055 3275 1133 Justiniano,

552 1144 913 1221 consiliarii:
989 1164 1087 1211 ser
1131 1144 1410 1211 Andreas
1457 1147 1653 1212 Cauco
1701 1143 2102 1210 consiliarius
2152 1141 2377 1227 Capta:
2446 1144 2606 1227 quod
2651 1162 2759 1226 pro
2803 1143 3031 1209 honore
3071 1142 3280 1208 nostri

549 1230 806 1297 dominii
852 1236 917 1300 et
975 1234 1130 1300 bono
1171 1233 1551 1318 agendorum
1616 1235 1961 1298 nostrorum
2012 1231 2413 1309 considerato,
2461 1232 2619 1314 quod
2683 1232 2792 1297 isti
2845 1232 3279 1298 ambaxatores

552 1319 850 1386 Durachii
896 1323 1041 1388 sunt
1070 1323 1144 1387 de
1191 1323 1527 1388 maioribus
1572 1325 1636 1387 et
1674 1321 2167 1398 notabilioribuS,
2212 1339 2329 1404 que
2370 1320 2499 1385 sint
2527 1322 2688 1403 apud
2719 1320 3037 1385 dominum
3067 1320 3279 1385 Dura-

550 1407 694 1488 cbii,
742 1408 1045 1476 donentur
1092 1412 1344 1476 brachia
1376 1412 1543 1476 VIII.
1583 1411 1768 1494 panni
1792 1427 1901 1493 pro
1942 1409 2225 1494 quolibet
2260 1409 2520 1473 istorum
2555 1409 2743 1473 trium
2776 1409 3276 1487 ambaxatorum,

551 1499 883 1563 secundum
930 1498 1091 1582 quod
1139 1499 1447 1565 videbitur
1490 1499 1765 1582 collegio.

761 1604 1084 1689 Sapientes
1132 1608 1439 1671 ordinum.
1488 1604 1686 1688 Capta
1730 1604 1794 1669 in
1844 1603 2138 1688 collegio:
2188 1606 2346 1689 quod
2394 1605 2530 1671 octo
2578 1603 2838 1669 brachia
2881 1601 3087 1687 panni,
3150 1621 3276 1686 que

549 1693 762 1758 donari
810 1695 1035 1760 debent
1079 1694 1221 1760 istis
1266 1694 1469 1759 tribus
1537 1693 2044 1760 ambaxatoribus
2104 1693 2404 1759 Durachii
2482 1710 2590 1775 pro
2653 1692 2945 1775 quolibet,
3008 1690 3135 1756 sint
3191 1692 3277 1757 de

547 1781 817 1848 scarlato
863 1781 1098 1849 duobus
1145 1781 1684 1860 ambaxiatoribus‚
1719 1785 1784 1848 et
1814 1785 1888 1848 de
1925 1782 2185 1847 morello
2217 1782 2461 1848 domino
2494 1780 2799 1864 episcopo,
2834 1798 2950 1864 que
2980 1781 3275 1845 emantur

548 1888 660 1954 pro
723 1870 831 1936 illo
876 1871 1118 1936 meliori
1166 1873 1379 1954 pretio,
1442 1889 1560 1955 quo
1626 1872 1853 1954 poterit
1915 1871 2049 1936 fieri
2108 1888 2220 1953 pro
2268 1870 2422 1936 bono
2470 1870 2670 1935 nostri
2716 1868 3087 1950 communis,
3142 1885 3272 1933 non

547 1958 853 2042 possendo
900 1959 1238 2044 expendere
1283 1960 1450 2025 ultra
1492 1961 1747 2026 ducatos
1793 1960 2250 2044 quinquaginta
2293 1995 2390 2006 —
2441 1959 2503 2023 7.

757 2065 1060 2132 Dominus
1129 2066 1284 2131 dux:
1357 2065 1518 2150 quod
1586 2066 1827 2150 possint
1893 2066 2148 2149 expendi
2180 2067 2380 2131 solum
2416 2065 2624 2131 ducati
2658 2064 2930 2132 XXXVI
2967 2084 3076 2151 pro
3107 2064 3271 2131 bono

551 2153 746 2219 nostri
792 2155 1135 2219 communis
1186 2192 1267 2202 —
1328 2154 1388 2220 6.

760 2257 872 2325 Ser
916 2259 1186 2326 Jacobus
1232 2261 1582 2341 Valaresso,
1632 2280 1728 2327 ser
1798 2260 2094 2328 Nicolaus
2152 2258 2424 2339 Gabriel,
2489 2281 2588 2327 ser
2654 2259 2928 2328 ,Iacobus
2978 2258 3265 2337 Suriam,

554 2366 653 2412 ser
696 2347 1014 2414 ,Iohannes
1060 2349 1340 2426 Alberto,
1389 2350 1699 2433 sapientes
1732 2349 2037 2415 ordinum.
2082 2347 2318 2432 Capta:
2359 2368 2498 2417 cum
2532 2349 2690 2415 alias
2723 2349 3037 2433 provisum
3080 2346 3274 2413 fuerit

551 2438 616 2502 et
661 2440 916 2520 captum
954 2457 1065 2520 per
1109 2438 1435 2503 consilium
1485 2440 1844 2522 rogatorum
1894 2440 1959 2504 et
2003 2437 2357 2518 additionis,
2407 2439 2567 2522 quod
2615 2437 2843 2512 anime,
2878 2456 2996 2522 que
3037 2434 3274 2502 condu-

551 2527 833 2591 cerentur
878 2525 951 2590 de
998 2525 1281 2608 partibus
1329 2526 1622 2592 Duracbii
1669 2529 1734 2591 et
1779 2526 2028 2592 illorum
2078 2527 2366 2609 partium,
2411 2526 2613 2592 forent
2654 2525 2905 2591 franche
2946 2545 3089 2591 cum
3121 2543 3266 2591 con-

453 2610 455 2613 ⁴
549 2613 783 2679 ditione
846 2613 1078 2694 tamen,
1142 2616 1304 2699 quod
1364 2614 1418 2681 si
1478 2615 1609 2699 ipse
1678 2633 1801 2680 non
1864 2615 2162 2682 haberent
2210 2615 2367 2680 unde
2413 2613 2650 2681 solvere
2697 2614 2954 2681 ducatos
3000 2633 3106 2680 sex
3153 2632 3267 2698 pro

549 2701 850 2785 qualibet,
897 2702 1057 2768 sicut
1104 2705 1167 2769 in
1215 2706 1349 2789 ipsa
1397 2707 1569 2787 parte
1630 2705 1989 2770 distinctius
2052 2704 2418 2781 continetur,
2481 2703 2751 2769 debeant
2812 2722 2946 2769 esse
2986 2702 3270 2786 obligate

548 2791 628 2855 ad
676 2790 1066 2857 serviendum
1114 2810 1222 2875 pro
1269 2792 1455 2858 dictis
1501 2811 1607 2858 sex
1653 2793 1894 2858 ducatis
1934 2791 2116 2858 annis
2141 2795 2421 2875 quatuor,
2456 2793 2682 2876 quibus
2707 2792 3056 2874 completiS‚
3098 2791 3264 2856 dicte

550 2880 755 2944 anime
820 2884 1179 2945 remaneant
1256 2879 1539 2954 franche;
1605 2884 1669 2946 et
1730 2883 1895 2947 sicut
1953 2882 2169 2946 notum
2232 2883 2349 2960 est,
2413 2881 2583 2946 dicta
2643 2880 2914 2964 provisio
2972 2878 3139 2944 cedit
3183 2879 3265 2945 ad

484 3034 489 3039 ,
550 2986 848 3050 magnum
891 2968 1352 3035 incommodum
1398 2970 1762 3053 specialium
1803 2987 2206 3053 personarum
2262 2968 2680 3048 venetiarum,
2748 2987 2864 3051 que
2926 2969 3143 3033 tenent
3187 2967 3266 3031 de

550 3056 876 3121 animabus
924 3058 1236 3138 predictis,
1286 3061 1351 3124 et
1419 3059 1543 3122 ista
1603 3059 1676 3123 de
1739 3076 1928 3123 causa
1971 3076 2089 3122 non
2135 3058 2564 3122 conducuntur
2609 3056 2685 3121 de
2730 3056 2880 3138 ipsis
2933 3055 3264 3122 animabus

549 3145 614 3209 in
662 3144 774 3209 illa
821 3145 1192 3227 quantitate,
1238 3165 1356 3230 que
1413 3148 1608 3225 fieret,
1674 3146 1726 3210 si
1787 3146 1969 3211 aliter
2023 3146 2184 3210 foret
2251 3145 2589 3228 provisum,
2637 3164 2785 3210 nam
2833 3146 2997 3210 sicut
3043 3146 3262 3209 notum

549 3235 647 3297 est
691 3233 853 3297 dicte
886 3234 1089 3299 anime
1125 3241 1273 3299 sunt
1302 3236 1534 3299 rustice
1568 3238 1630 3298 et
1662 3234 1832 3299 rudis
1864 3234 2239 3310 intellectuS,
2275 3235 2366 3298 ita
2396 3235 2555 3317 quod
2583 3234 2646 3298 in
2671 3234 2936 3298 termino
2960 3252 3262 3298 annorum

548 3321 813 3404 quatuor
857 3320 1300 3404 completorum
1347 3322 1520 3387 nulla
1566 3323 1808 3388 utilitas
1857 3341 1970 3388 nec
2031 3322 2371 3404 proficuum
2435 3341 2507 3385 ex
2569 3322 2659 3386 eis
2706 3322 2877 3404 sequi
2925 3323 3153 3404 potest,
3202 3324 3269 3386 et

552 3408 794 3491 quando
839 3411 1006 3475 esset
1048 3413 1296 3493 tempus
1345 3411 1632 3494 possendi
1679 3411 1928 3494 aliquod
1975 3410 2298 3477 comodum
2349 3430 2420 3474 ex
2460 3411 2548 3475 eis
2594 3410 2831 3487 haberi,
2894 3410 3026 3492 ipse
3084 3411 3270 3474 erunt

550 3497 817 3574 francho,
865 3499 930 3561 et
974 3517 1081 3581 per
1129 3499 1323 3563 istum
1369 3500 1618 3564 modum
1667 3499 1787 3564 iste
1856 3498 2064 3564 anime
2125 3500 2511 3564 nutrirentur
2558 3518 2701 3563 cum
2767 3517 2950 3563 onere
2997 3496 3265 3563 aliorum

551 3586 616 3649 et
662 3588 929 3650 maximo
978 3586 1133 3650 bono
1180 3605 1390 3651 earum
1463 3588 1539 3653 ob
1587 3589 1821 3653 multas
1885 3606 2101 3653 causas
2173 3590 2236 3652 et
2295 3588 2602 3667 notanter,
2674 3587 2814 3670 quia
2877 3605 2916 3650 a
2975 3586 3267 3651 manibus

550 3672 931 3738 Turchorum
979 3673 1343 3752 liberantur,
1392 3676 1497 3741 ubi
1545 3680 1751 3742 essent
1795 3676 1861 3741 in
1904 3678 2199 3760 perpetua
2261 3675 2562 3741 servitute
2620 3694 2760 3741 cum
2823 3675 3001 3739 tanta
3048 3692 3265 3739 eorum

556 3764 782 3846 strage,
832 3764 895 3825 et
939 3781 1124 3846 super
1169 3764 1282 3828 hoc
1329 3763 1415 3828 sit
1461 3766 1798 3830 remedium
1834 3763 2287 3837 adhibendum;
2336 3763 2508 3829 vadit
2542 3782 2703 3846 pars,
2741 3766 2811 3828 ut
2843 3763 3040 3827 nostri
3071 3762 3265 3828 habe-

553 3852 664 3916 ant
712 3868 964 3915 causam
1011 3851 1390 3917 conducendi
1433 3854 1505 3919 de
1554 3854 1705 3937 ipsis
1752 3853 2083 3918 animabus
2135 3853 2444 3932 VenetiaS,
2494 3853 2835 3930 ordinetur,
2886 3850 3045 3935 quod
3093 3850 3263 3915 dicta

549 3957 690 4023 pars
736 3940 1081 4023 corrigatur
1127 3941 1191 4004 in
1239 3942 1509 4017 tautum,
1559 3942 1721 4026 quod
1770 3941 1876 4006 ubi
1923 3941 1997 4006 fit
2057 3941 2291 4005 mentio
2339 3942 2412 4017 de
2465 3941 2643 4006 annis
2704 3940 2986 4024 quatuor,
3038 3940 3266 4023 quibus

549 4028 711 4093 dicte
756 4029 958 4093 anime
1003 4027 1231 4093 debent
1276 4031 1524 4108 servire,
1574 4030 1664 4094 ita
1707 4030 1780 4095 de
1827 4032 2031 4096 cetero
2076 4028 2323 4093 dicatur
2367 4031 2442 4094 de
2488 4030 2666 4094 annis
2714 4030 2948 4107 decem,
3004 4030 3068 4093 et
3098 4030 3265 4093 sicut

549 4117 622 4181 fit
667 4117 899 4181 mentio
945 4115 1022 4181 de
1068 4116 1307 4183 ducatis
1354 4136 1459 4182 sex
1503 4118 1594 4183 ita
1638 4117 1713 4182 de
1759 4121 1964 4184 cetero
2012 4118 2253 4183 dicatur
2299 4118 2374 4182 de
2421 4118 2660 4183 ducatis
2683 4119 2839 4196 octe,
2891 4115 3263 4182 remanendo

549 4203 784 4269 dictam
831 4208 1073 4288 partem
1120 4206 1274 4271 alias
1316 4208 1562 4289 captam
1609 4225 1751 4272 cum
1798 4207 2022 4274 ceteris
2068 4205 2132 4270 in
2180 4225 2252 4271 ea
2295 4206 2603 4272 contentis
2676 4206 2736 4269 in
2785 4222 2898 4271 sua
2942 4203 3261 4284 firmitate,

549 4292 714 4357 siout
758 4292 938 4359 iacet.

763 4400 923 4464 Item
985 4398 1037 4465 si
1106 4398 1337 4483 aliquis
1399 4399 1551 4465 civis
1593 4400 1689 4466 vel
1735 4400 2051 4467 habitator
2115 4402 2512 4469 Venetiarum
2562 4400 2794 4467 faceret
2837 4400 2959 4468 sibi
3006 4402 3264 4468 conduci

557 4485 829 4567 aliquam
878 4488 978 4552 vel
1025 4486 1264 4570 aliquas
1308 4487 1387 4554 de
1433 4490 1757 4555 animabus
1804 4491 2118 4573 predictis,
2167 4491 2327 4575 quod
2374 4489 2538 4555 dicte
2605 4491 2811 4556 anime
2857 4490 3260 4556 nihilominus

559 4575 884 4639 teneantur
931 4574 1007 4639 ad
1053 4575 1443 4642 serviendum
1492 4578 1670 4642 annis
1717 4578 1951 4656 decem,
2002 4582 2071 4644 ut
2116 4578 2396 4663 superius
2442 4578 2678 4644 dictum
2724 4581 2840 4644 est.

769 4679 850 4742 Et
894 4697 1003 4760 per
1053 4679 1324 4746 similem
1373 4683 1627 4748 modum
1675 4681 2039 4750 observetur
2094 4685 2159 4750 in
2219 4686 2572 4754 huiusmodi
2638 4688 2981 4769 animabus,
3029 4709 3144 4774 que
3187 4692 3261 4756 de

564 4763 767 4828 cetero
817 4764 1235 4831 conducentur
1279 4771 1357 4836 ad
1404 4769 1644 4852 aliquas
1692 4773 1895 4838 terras
1941 4775 2005 4838 et
2048 4772 2182 4840 loca
2228 4776 2459 4858 nostra,
2506 4777 2668 4860 quod
2711 4776 2978 4844 debeant
3022 4797 3261 4862 presen-

1060 4938 1201 5033 x,
