3620 5282
552 308 683 374 370

547 484 678 550 tius
724 486 1006 567 poteritis
1051 485 1291 565 galeam
1340 486 1615 550 nostram
1680 487 2039 565 predictam,
2109 489 2180 552 ut
2236 487 2451 552 redeat
2494 489 2577 552 ad
2622 492 2830 571 partes
2875 490 3046 568 istaS,
3101 491 3262 554 scri-

552 573 745 638 bendo
791 591 898 655 per
942 573 1114 637 illam
1164 574 1340 638 nobis
1382 576 1581 638 totum
1645 574 1819 652 illud,
1890 576 2045 657 quod
2113 575 2406 653 feceritis,
2470 580 2534 640 et
2581 577 2643 640 in
2690 577 2913 660 quibus
2960 578 3258 643 terminis

551 661 759 726 omnia
803 660 1145 726 consistent
1190 679 1299 744 pro
1348 665 1556 726 nostra
1602 662 2053 728 informatione.

760 749 1095 832 Postquam
1144 768 1283 813 vero
1329 750 1694 830 acceperitis
1743 751 2188 831 possessionem
2236 754 2546 816 terrarum
2594 757 2657 817 et
2699 753 2966 817 locorum
3016 753 3267 836 predic-

551 840 751 900 torum
802 836 971 900 iuxta
1015 837 1277 913 somam
1327 841 1648 919 pactorum
1694 838 1871 903 vobis
1912 841 1970 903 in
2020 840 2194 920 copia
2237 841 2540 915 datorum,
2589 841 2820 906 dabitis
2867 842 3146 905 ordinem
3197 848 3263 905 et

555 924 847 989 dividetis
895 925 1277 989 ballistarios
1329 933 1569 990 nostros
1616 946 1722 1008 per
1769 926 2089 992 fortilicias
2155 931 2220 993 et
2285 931 2434 1004 loca,
2485 930 2819 993 secundum
2869 929 3033 1012 quod
3083 929 3257 993 vobis

552 1013 778 1077 melius
827 1016 889 1076 et
934 1015 1206 1078 securius
1254 1013 1583 1088 videbitur,
1635 1015 1934 1079 mittendo
1981 1018 2055 1079 ad
2105 1018 2451 1081 custodiam
2501 1017 2618 1081 loci
2666 1018 2767 1081 del
2798 1018 3087 1082 Drivasto
3121 1036 3261 1099 pro-

550 1101 763 1165 vidum
812 1102 1013 1166 virum
1065 1104 1403 1166 Antonium
1456 1106 1529 1167 de
1575 1102 1855 1182 Mantua,
1937 1104 2038 1185 qui
2089 1104 2258 1169 venit
2316 1107 2629 1169 vobiscum
2691 1125 2830 1170 cum
2905 1106 3015 1169 illa
3085 1110 3263 1187 part-e

550 1190 1070 1269 ballistariorum,
1119 1209 1233 1273 que
1282 1191 1451 1255 vobis
1499 1191 1826 1268 videbitur,
1897 1193 1960 1255 et
2021 1212 2159 1257 cnm
2227 1194 2333 1257 illo
2400 1194 2614 1257 ordine
2684 1201 2747 1257 et
2790 1194 3248 1272 commissione,

553 1277 654 1360 qui
705 1277 770 1342 et
814 1296 929 1358 (166
980 1279 1259 1359 inspecta
1305 1279 1654 1343 condicione
1703 1280 1817 1343 loci
1865 1283 1925 1343 et
1972 1299 2371 1361 personarum
2422 1283 2483 1346 in
2533 1301 2602 1346 eo
2650 1284 3047 1347 existentium
3087 1282 3259 1346 vobis

555 1366 918 1429 necessariis
965 1368 1304 1448 apparebit,
1355 1367 1689 1450 regulando
1737 1369 2082 1432 custodiam
2133 1369 2377 1433 Scutari
2441 1373 2569 1433 tam
2636 1371 2824 1434 castri
2874 1389 3059 1453 quam
3110 1370 3265 1434 civi-

549 1453 701 1518 tatis
747 1458 1076 1517 secundum
1126 1456 1282 1536 quod
1330 1456 1631 1537 sapientie
1674 1459 1875 1519 vestre
1923 1456 2250 1521 videbitur.

758 1542 838 1605 Et
885 1542 1188 1619 volumus,
1237 1545 1395 1624 quod
1441 1544 1516 1606 de
1560 1551 1791 1625 quanto
1840 1545 2090 1609 stabitis
2136 1564 2347 1609 omnes
2400 1548 2524 1610 tres
2571 1547 2758 1610 simul
2798 1551 2853 1610 in
2891 1546 3074 1610 dictis
3107 1565 3251 1627 par·

553 1630 720 1694 tibus
766 1630 938 1693 iuxta
983 1631 1255 1694 ordinem
1301 1635 1364 1694 et
1411 1632 1726 1695 madatum
1776 1637 2048 1695 nostrum
2099 1632 2376 1698 debeatis
2423 1637 2618 1715 ipsam
2652 1636 2967 1698 civitatem
3008 1635 3254 1699 Scutari

550 1721 616 1781 et
658 1717 857 1782 locum
921 1719 1193 1782 Drivasti
1241 1720 1306 1783 et
1346 1722 1550 1783 omnia
1596 1720 1718 1783 alia
1765 1721 1896 1784 loca
1943 1723 2007 1784 et
2052 1725 2267 1802 gentes
2317 1724 2379 1785 in
2427 1725 2515 1785 eis
2565 1724 2897 1787 existentes
2945 1725 3010 1787 et
3057 1725 3255 1785 totam

545 1807 945 1888 provinciam,
995 1826 1110 1889 (166
1159 1807 1329 1870 nobis
1377 1808 1572 1883 datur,
1621 1827 1833 1890 regere
1877 1810 1937 1873 in
1982 1809 2268 1873 civilibus
2315 1815 2379 1874 et
2424 1811 2851 1876 criminalibus
2899 1813 2963 1875 et
3029 1812 3256 1893 gnber-

545 1913 691 1958 nare
738 1895 814 1958 ad
862 1897 1142 1958 nostrum
1190 1894 1499 1972 honorem,
1549 1896 1892 1961 adherendo
1938 1901 2237 1979 quantum
2280 1900 2562 1979 poteritis
2600 1903 2879 1976 statutiS,
2928 1900 3248 1962 ordinibus

545 1987 611 2046 et
653 1982 1198 2048 consuetudinibus
1246 1983 1478 2054 deinde,
1531 1985 1593 2047 in
1632 1995 1924 2066 quantum
1979 1986 2148 2048 vobis
2196 1986 2516 2052 videantur
2585 1988 2918 2051 secundum
2965 1989 3145 2050 deum
3194 1990 3255 2049 et

543 2071 833 2152 honorem
885 2072 1074 2134 nostri
1123 2071 1399 2135 dominii.
1450 2069 1704 2149 Quando
1754 2092 1891 2136 vero
1939 2075 2112 2137 vobis
2146 2075 2327 2138 aliter
2375 2076 2698 2149 videretur,
2732 2081 2794 2138 et
2824 2075 3122 2138 similite-r
3154 2074 3252 2137 ubi

545 2161 801 2231 statuta,
851 2160 1089 2222 ordines
1136 2162 1199 2223 et
1245 2162 1715 2224 consuetudines
1750 2179 1863 2223 non
1912 2162 2226 2237 haberent,
2275 2166 2504 2245 regetis
2551 2169 2613 2227 et
2660 2163 3092 2246 gubernabitis
3121 2164 3251 2225 loca

544 2249 607 2311 et
652 2252 864 2329 gentes
914 2247 1055 2310 illas
1105 2248 1441 2311 secundum
1486 2249 1645 2330 quod
1697 2251 1866 2313 vobis
1915 2251 2251 2315 secundum
2301 2253 2481 2315 deum
2556 2259 2618 2314 et
2664 2252 2975 2316 inst-itiam
3026 2270 3249 2333 equum

544 2337 610 2399 et
657 2334 1017 2408 rationabile
1064 2335 1405 2417 apparebit,
1451 2337 1727 2401 faciendo
1776 2336 1888 2402 hoc
1935 2345 1997 2401 et
2045 2340 2251 2402 omnia
2296 2340 2420 2403 alia
2466 2340 2636 2403 vobis
2707 2340 3045 2404 commissa
3109 2359 3250 2403 exe-

547 2424 778 2488 cutioni
827 2422 1115 2486 mandare
1181 2444 1285 2504 per
1353 2424 1645 2488 maiorem
1695 2429 1930 2506 partem
2006 2433 2297 2503 vestrum,
2371 2429 2534 2491 sicut
2594 2432 2690 2491 est
2751 2429 3123 2492 conveniens
3192 2431 3254 2490 et

543 2512 891 2577 honestum.
941 2511 1025 2573 Et
1073 2512 1158 2575 ita
1206 2513 1488 2576 volumus
1535 2513 1843 2577 observari
1917 2533 2024 2596 per
2086 2514 2285 2591 illum,
2348 2516 2452 2597 qui
2516 2516 2879 2594 remanebit,
2951 2516 3248 2597 expeditis

545 2600 716 2666 vobis
762 2599 1113 2664 commissis
1162 2601 1221 2664 in
1271 2600 1396 2665 illis
1446 2603 1742 2682 partibus,
1815 2601 1893 2666 ad
1957 2603 2229 2685 regimen
2305 2607 2369 2667 et
2436 2606 2774 2669 custodiam
2842 2604 3122 2669 locorum
3191 2604 3250 2667 iu

544 2689 777 2754 ratione
825 2692 888 2751 et
928 2689 1169 2752 iustitia
1219 2690 1644 2762 ministranda,
1709 2691 1896 2754 donec
1941 2692 2399 2772 providebimus
2446 2693 2518 2756 de
2567 2700 2821 2769 rectore,
2870 2712 3055 2774 quem
3107 2692 3258 2756 illuc

544 2778 900 2850 mittemus;
945 2781 1009 2840 et
1053 2776 1451 2841 nihilominus
1494 2777 1800 2856 volumus,
1850 2782 2008 2861 quod
2054 2779 2190 2855 duo,
2240 2782 2342 2863 qui
2394 2781 2633 2844 venturi
2701 2782 2765 2844 et
2810 2782 3071 2844 redituri
3107 2782 3254 2843 sunt

544 2864 857 2941 Venetiae,
903 2884 1084 2946 super
1131 2867 1253 2929 ista
1304 2869 1470 2947 parte
1520 2866 1666 2930 iuris
1712 2870 1775 2929 et
1824 2868 2057 2931 iustitie
2105 2873 2168 2932 et
2191 2888 2373 2950 super
2419 2869 2737 2933 ordinibus
2768 2873 2832 2932 et
2861 2869 3256 2934 consuetudi-

547 2954 729 3018 nibus
776 2954 992 3017 deiude
1039 2958 1102 3016 et
1146 2953 1221 3017 de
1273 2953 1452 3017 modo
1500 2955 1769 3037 regendi,
1818 2957 1922 3038 qui
1971 2956 2143 3019 vobis
2193 2958 2520 3034 videretur,
2550 2957 2818 3038 plenarie
2861 2956 3254 3033 informatus,

556 3043 628 3105 ut
673 3041 989 3123 providere
1039 3042 1338 3121 possimus
1385 3045 1715 3106 secundnm
1766 3044 1925 3125 quod
1975 3044 2150 3109 nobis
2198 3044 2352 3108 utile
2399 3047 2740 3127 apparebit.

752 3144 1008 3225 Quando
1053 3150 1257 3211 autem
1308 3147 1650 3212 habueritis
1699 3149 2140 3230 possessionem
2183 3149 2457 3215 locorum
2508 3150 2939 3231 predictorum,
2990 3156 3060 3214 ut
3113 3148 3247 3213 dic-

546 3238 684 3299 tum
735 3237 849 3311 est,
897 3238 961 3298 et
1007 3236 1434 3318 regulaveritis
1482 3238 1795 3301 custodias
1869 3241 2100 3301 vestres
2164 3242 2227 3302 et
2295 3244 2510 3321 gentes
2581 3248 2820 3303 vestras
2892 3257 2999 3320 per
3066 3237 3252 3301 illum

541 3322 772 3387 bonum
824 3326 1092 3399 modum,
1139 3327 1241 3406 qui
1290 3330 1492 3390 vestre
1539 3326 1861 3408 sapientie,
1912 3327 2075 3390 sicut
2116 3325 2295 3409 plene
2341 3326 2416 3390 de
2463 3328 2787 3407 sapienciis
2838 3327 3059 3390 vestris
3107 3344 3261 3390 con-

547 3412 819 3486 fidimuS,
867 3412 1207 3493 apparebit,
1256 3413 1558 3491 volumuS,
1608 3415 1764 3496 quod
1828 3418 2057 3496 quanto
2118 3415 2385 3496 prestius
2446 3416 2748 3498 poteritis,
2813 3418 3060 3494 sumpta
3123 3419 3261 3478 tota

548 3498 659 3563 illa
707 3500 860 3564 bona
911 3500 1358 3579 informatione,
1407 3520 1589 3583 quam
1655 3504 1955 3584 poteritiS,
2027 3504 2388 3567 conferendo
2454 3506 2525 3567 de
2572 3505 2687 3567 hoc
2745 3522 2887 3567 eum
2936 3502 3060 3565 illis
3109 3523 3258 3584 per-

545 3588 729 3664 sonis,
775 3605 892 3668 que
943 3587 1111 3651 vobis
1158 3587 1527 3652 videbuntur
1570 3591 1699 3653 tam
1750 3592 1823 3654 de
1869 3592 2095 3654 nostris
2142 3610 2327 3673 quam
2376 3593 2447 3656 de
2494 3593 2653 3668 aliie,
2733 3593 2837 3674 qui
2889 3591 2974 3654 ibi
3026 3589 3259 3665 forent,

545 3694 582 3739 a
631 3676 853 3757 quibus
901 3673 1192 3740 videbitis
1242 3695 1420 3757 posse
1464 3678 1692 3743 clarius
1741 3681 1803 3741 et
1845 3678 2065 3742 melius
2112 3679 2451 3759 informari,
2502 3679 2781 3762 regulare
2828 3684 2890 3743 et
2922 3681 3038 3742 sub
3072 3679 3264 3744 modo

546 3766 612 3828 et
655 3764 861 3827 ordine
903 3781 1122 3843 ponere
1190 3764 1466 3828 debeatis
1513 3784 1722 3829 omnes
1771 3766 2078 3843 introituS,
2149 3768 2342 3845 datia,
2416 3768 2674 3850 pedagia
2719 3776 2784 3829 et
2833 3766 3114 3849 gabellas
3163 3767 3263 3830 lo-

547 3871 751 3916 corum
799 3850 1235 3933 predictorum,
1283 3852 1482 3916 dando
1528 3854 1825 3925 ordinem,
1870 3854 2030 3936 quod
2070 3855 2394 3937 exigantur
2455 3875 2560 3937 per
2626 3855 2806 3919 illum
2875 3854 3126 3919 modum
3195 3863 3270 3919 et

547 3942 715 4005 sicut
757 3938 991 4003 factum
1044 3942 1140 4004 est
1183 3941 1495 4022 hucusque
1546 3960 1649 4023 per
1696 3942 2010 4005 dominum
2060 3940 2397 4027 Georgium
2462 3944 2866 4019 antedictum,
2935 3946 3040 4006 sed
3089 3946 3263 4026 quod

549 4030 754 4094 omnia
803 4028 1201 4093 devolvantur
1247 4031 1323 4092 ad
1373 4033 1649 4094 nostrum
1699 4049 2043 4108 commune,
2094 4031 2373 4096 faciendo
2422 4036 2628 4095 tenere
2674 4036 3033 4114 computum
3085 4031 3268 4095 ordi·

550 4119 714 4192 nate,
768 4119 837 4180 ut
882 4118 1152 4181 rationes
1200 4118 1391 4181 videri
1437 4118 1677 4199 possint
1723 4123 1786 4183 et
1831 4119 2000 4183 nulla
2045 4118 2211 4183 fraus
2257 4121 2562 4184 committi
2614 4120 2809 4201 possit
2844 4121 2904 4183 in
2952 4121 3260 4184 damnum

551 4206 748 4269 nostri
797 4207 1160 4269 communis.
1210 4205 1290 4270 Et
1335 4207 1384 4268 si
1436 4224 1544 4287 per
1590 4207 1702 4271 hoc
1750 4209 1916 4270 esset
1964 4209 2377 4273 necessarium
2426 4208 2800 4272 constituere
2846 4206 3143 4272 officiales
3193 4216 3270 4273 et

551 4294 807 4371 scribas,
857 4313 1071 4357 sumus
1119 4295 1412 4371 contenti,
1461 4295 1637 4376 quod
1669 4294 1808 4358 illos
1859 4296 2250 4360 constituatis
2296 4316 2434 4361 cum
2485 4295 2593 4360 illo
2642 4297 2885 4373 salario,
2939 4295 3099 4378 quod
3153 4316 3269 4360 vo-

550 4383 645 4446 bis
696 4381 1022 4458 videbitur,
1073 4381 1268 4445 dando
1315 4401 1497 4463 quam
1548 4384 1752 4447 minus
1815 4385 2115 4465 poteritiS,
2179 4385 2369 4448 donec
2433 4405 2538 4465 per
2586 4391 2863 4448 nostrum
2911 4384 3264 4449 dominium

552 4469 718 4534 aliud
765 4470 1079 4552 provisum
1129 4472 1193 4532 et
1238 4471 1588 4534 ordinatum
1636 4470 1842 4545 fuerit,
1893 4473 2008 4534 nisi
2055 4477 2124 4536 ut
2168 4474 2368 4554 primo
2433 4475 2584 4536 erat.
2655 4473 2885 4536 Verum
2939 4474 3266 4551 volumuS,

551 4557 707 4639 quod
757 4557 1032 4621 debeatis
1081 4578 1184 4622 vos
1235 4558 1385 4621 bene
1436 4558 1769 4622 informare
1816 4559 1889 4623 de
1932 4562 2238 4635 6111611166,
2281 4563 2580 4644 quomodo
2627 4561 2974 4642 exiguntur,
3010 4565 3075 4625 et
3106 4581 3271 4643 qua·

550 4645 712 4721 liter,
761 4651 1059 4726 quantum
1130 4650 1193 4708 et
1229 4665 1265 4710 a
1312 4646 1532 4728 quibus
1580 4652 1643 4709 et
1690 4650 1763 4710 de
1810 4666 2171 4731 unaquaque
2220 4668 2283 4711 re
2331 4651 2403 4712 de
2451 4668 2643 4731 perse,
2675 4651 2739 4712 et
2769 4649 2821 4712 si
2854 4648 3016 4713 foret
3047 4650 3258 4713 fienda

549 4730 754 4816 aliqua
800 4734 1080 4815 mutatio,
1129 4737 1195 4798 et
1238 4735 1525 4815 qualiter,
1574 4738 1637 4799 et
1677 4736 1923 4816 quibus,
1971 4738 2036 4800 et
2081 4739 2154 4801 de
2200 4737 2500 4816 omnibus,
2549 4756 2666 4820 que
2711 4738 2918 4802 circha
2963 4739 3078 4801 hoc
3135 4758 3249 4805 vo-
