3620 5282
2967 368 3098 434 305

573 539 1254 626 CCCCXXXIX.
1281 539 1490 624 God.
1546 541 1774 624 1393.
1829 540 1939 623 20
1973 541 2346 644 travnja‚
2384 562 2445 622 ιι
2482 540 2880 627 Mletcih.

571 698 1009 766 Committitur
1053 702 1377 784 capitaneo
1425 700 1654 783 culphi,
1702 699 1860 783 quod
1910 699 2128 763 debeat
2175 699 2263 763 ire
2310 699 2388 764 ad
2435 700 2758 766 dominum
2823 702 3095 780 „Radize

360 787 615 856 Cernoie
663 788 955 854 baronem
992 788 1066 853 de
1103 788 1381 870 partibus
1409 788 1663 865 Zente“,
1712 791 1776 852 et
1817 787 1996 869 juxta
2041 791 2225 870 pacta
2268 787 2432 852 facta
2477 791 2542 853 et
2586 790 2896 855 ratificata
2938 790 3102 854 inter

358 879 560 960 ipsum
608 877 925 941 dominum
974 879 1039 956 et
1084 875 1426 959 provisores
1473 878 1746 954 venetos,
1786 878 2009 958 querat
2054 874 2133 938 ab
2182 874 2316 958 ipso
2352 878 2667 953 „castrum
2702 876 2778 942 de
2808 878 3105 955 Leexio“,
3211 904 3222 916 ·

362 966 466 1048 qui
515 967 613 1029 est
659 966 875 1029 dexter
920 965 1132 1029 oculus
1180 963 1499 1046 Durachii,
1549 982 1691 1028 cum
1744 981 1854 1028 suo
1905 963 2236 1041 territori0,
2303 963 2574 1045 positum
2642 983 2827 1048 super
2897 963 3098 1030 forum

362 1052 533 1130 salis,
579 1053 686 1136 qui
731 1050 1010 1116 mittitur
1056 1049 1471 1116 Sclaveniam.

448 1159 630 1219 meti
679 1158 903 1220 XLII.
958 1155 1107 1228 108,
1153 1176 1196 1217 α
1240 1159 1396 1220 mlet.
1444 1159 1680 1221 arhivu.

670 1362 1114 1447 CCCCXL.
1163 1362 1368 1447 God.
1424 1363 1650 1446 1393.
1702 1364 1809 1447 26
1864 1367 2238 1466 travnja,
2294 1385 2352 1446 u
2407 1364 2796 1449 Mletcih.

380 1526 584 1587 Uslied
627 1526 809 1586 molbe
852 1526 1188 1601 aqam-hm.
1230 1526 1432 1600 kralja
1477 1527 1781 1599 dozvozjen
1828 1528 1976 1587 brod
2027 1530 2276 1601 ’φροντι
2336 1527 2594 1599 rodjaku
2637 1529 2870 1600 vojvodi
2911 1546 3106 1603 pome-

1107 1614 1432 1673 ranskomu
1476 1631 1551 1675 za
1593 1615 1798 1688 prelaz
1845 1632 1886 1674 u
1930 1619 2095 1675 sveta
2139 1617 2369 1675 miesta.

591 1733 778 1799 1393.
826 1733 926 1797 die
974 1733 1187 1798 XXVI
1232 1734 1467 1815 apriliS.
1508 1733 1832 1817 Sapientes
1863 1735 2172 1800 ordinum.
2205 1733 2435 1817 Capta:
2482 1753 2622 1800 cum
2657 1736 3091 1801 serenissimus

370 1822 658 1888 dominus
704 1839 810 1885 rex
856 1819 1177 1904 Hungarie
1223 1839 1335 1885 nos
1367 1821 1781 1887 amicabiliter
1814 1823 1944 1888 suis
1977 1822 2179 1887 literis
2210 1822 2743 1888 commendaverit
2782 1822 3097 1889 illustrem

374 1911 696 1975 dominum
750 1909 1163 1973 Veuceslaum
1189 1909 1489 1975 iuniorem
1524 1909 1865 1987 Stetinech,
1901 1907 2143 1975 Casube
2175 1912 2241 1975 et
2273 1910 2611 1975 Pomerane
2644 1910 2883 1991 ducem,
2917 1929 3108 1977 avon-

372 1999 582 2062 culum
629 2015 808 2061 suum
857 1996 1229 2079 dispositum
1280 1998 1635 2080 sepulcrum
1685 1998 1918 2063 domini
1969 1998 2243 2077 visitare,
2293 2003 2357 2063 et
2398 1998 2527 2080 ipse
2574 1999 2861 2064 dominus
2932 1999 3109 2063 valde

372 2085 623 2150 affectet
663 2084 756 2148 ire
800 2085 876 2147 ad
926 2083 1130 2149 locum
1176 2084 1520 2166 predictum
1569 2104 1713 2150 cum
1761 2085 1930 2151 fusto
1975 2087 2238 2161 armato,
2289 2090 2352 2149 et
2415 2087 2642 2150 bonum
2707 2086 2794 2150 sit
2838 2087 2970 2151 tam
3015 2088 3111 2152 in-

376 2174 574 2237 tuitus
621 2171 843 2254 prefati
892 2170 1126 2235 domini
1175 2171 1361 2255 regis,
1420 2191 1604 2255 quam
1672 2191 1779 2256 pro
1826 2174 2128 2256 captando
2176 2172 2659 2250 benivolentiam
2729 2174 2954 2256 prefati
3001 2173 3112 2238 do-

382 2260 556 2338 mini,
605 2259 662 2323 ei
710 2259 784 2323 de
831 2276 953 2322 una
998 2258 1179 2342 galea
1224 2260 1627 2343 complacere,
1698 2262 1869 2326 vadit
1931 2279 2095 2343 pars,
2165 2261 2324 2343 quod
2388 2261 2589 2345 galea,
2654 2280 2772 2343 que
2844 2261 3113 2327 debebat

383 2346 555 2411 mitti
601 2343 789 2411 Corsu
830 2345 1053 2410 fulcita
1094 2347 1381 2411 omnibus
1428 2351 1663 2413 coredis
1710 2351 1774 2414 et
1820 2348 1961 2413 aliis
2030 2350 2392 2431 opportunis
2439 2348 2811 2414 concedatur
2873 2349 3110 2431 prefato

379 2433 646 2510 domino,
696 2437 766 2498 ut
813 2432 1015 2516 ipsam
1059 2451 1300 2499 armare
1342 2436 1538 2517 possit
1584 2439 1659 2501 ad
1710 2454 1855 2501 suas
1901 2455 2220 2519 expensas,
2269 2454 2378 2518 pro
2425 2438 2592 2519 sequi
2642 2438 2853 2501 votum
2903 2456 3107 2515 suum,

380 2540 521 2586 nam
572 2522 634 2586 in
684 2522 888 2586 reditu
933 2520 1131 2602 ipsius
1179 2522 1414 2588 domiui
1460 2524 1626 2589 dicta
1673 2524 1856 2608 galea
1905 2526 2117 2606 postea
2161 2524 2392 2606 poterit
2438 2525 2738 2590 destinari
2788 2522 2993 2590 Corfu.

463 2632 646 2692 nisti
695 2628 915 2692 XLII.
966 2626 1115 2710 108,
1162 2650 1206 2693 u
1248 2633 1404 2693 πεζοί.
1453 2634 1688 2694 arkivu.

664 2821 1161 2906 GCCCXLI.
1214 2822 1423 2907 God.
1476 2822 1703 2906 1393.
1759 2822 1864 2904 29
1919 2822 2290 2923 travnja,
2343 2845 2403 2904 u
2454 2822 2846 2906 Mletcih.

382 2984 678 3044 Marcam·
724 2984 1091 3059 odqovarao'u
1135 2986 1327 3045 knezu
1374 2985 1575 3044 Ivanu
1622 2985 1784 3043 bama
1828 2983 2204 3054 ΙινυαεῙεοηιιι,
2251 2985 2352 3056 koj
2384 2985 2504 3056 jt'm
2540 2984 2890 3060 prealaqao,
2938 2984 3021 3044 da
3048 2983 3112 3043 de

374 3072 782 3146 poariedovati
823 3089 899 3134 za
942 3089 1116 3133 savcz
1158 3072 1358 3146 Μῶα
1402 3073 1695 3233 ήΐέἷυὲε
1718 3073 2045 3238 τὲἷὲοέξῗέἑ
2104 3072 2374 3141 krunom,
2423 3076 2477 3131 te
2509 3073 2610 3146 jih
2655 3073 2847 3142 melio,
2892 3071 2973 3131 da
3014 3089 3117 3132 mu

604 3280 791 3346 1392.
859 3280 1195 3346 indictione
1260 3280 1483 3364 prima,
1554 3281 1651 3347 die
1720 3281 2023 3365 vigesimo
2092 3299 2249 3345 nouo
2317 3279 2552 3363 aprilis,
2618 3298 2716 3343 ser
2762 3279 3115 3344 Leonardus

387 3368 675 3434 Daudulo
722 3367 929 3448 miles,
978 3388 1077 3434 ser
1123 3368 1347 3433 Petrus
1391 3369 1718 3451 Mocenigo
1743 3371 2124 3451 procurator,
2174 3388 2275 3433 ser
2324 3368 2625 3432 Pantaleo
2659 3366 2865 3430 Barbo
2909 3365 3113 3443 miles,

386 3476 489 3521 ser
535 3454 806 3521 Michael
854 3454 1044 3521 Steno
1090 3457 1465 3538 procurator,
1515 3475 1615 3521 ser
1652 3456 2028 3521 Benedictus
2063 3454 2453 3538 Superantio,
2488 3455 2798 3537 sapientes
2831 3453 3111 3530 consilii;

385 3563 484 3608 ser
556 3543 812 3608 Marcus
881 3544 1279 3621 Mauroceuo,
1350 3564 1450 3608 ser
1518 3544 1815 3609 Nicolaus
1886 3543 2199 3618 Mudacio,
2251 3563 2352 3607 ser
2400 3542 2705 3606 Antonius
2751 3540 3112 3618 contareno,

386 3650 487 3696 ser
530 3630 841 3695 Antonius
890 3630 1261 3713 Bragadino,
1310 3649 1410 3695 ser
1452 3630 1830 3696 Benedictus
1879 3630 2149 3713 Capello,
2183 3630 2492 3712 sapientes
2525 3630 2831 3693 ordinum.
2877 3626 3113 3710 Capta:

385 3718 544 3802 quod
590 3719 1035 3801 respondeatur
1081 3717 1160 3783 ad
1204 3719 1391 3782 istam
1438 3719 1853 3783 ambasiatam
1901 3719 2077 3782 nobis
2116 3719 2458 3799 expositam
2509 3735 2615 3799 per
2662 3716 3112 3780 ambasiatores

385 3805 698 3887 magnifici
748 3805 982 3872 domiui
1031 3805 1280 3871 comitis
1326 3805 1663 3880 Jobannis;
1729 3808 1793 3869 et
1857 3806 2055 3888 primo
2117 3805 2192 3870 ad
2257 3807 2525 3888 primam
2575 3808 2818 3886 partem
2861 3803 2934 3866 de
2981 3802 3113 3884 liga

390 3895 716 3963 tractanda
759 3912 903 3958 cum
951 3893 1199 3958 domino
1247 3911 1390 3973 rege
1436 3892 1756 3976 Hungarie
1818 3896 2034 3958 contra
2101 3893 2395 3968 Turcbos,
2459 3890 2534 3956 ad
2584 3909 2770 3974 quam
2819 3888 3000 3953 offert
3046 3908 3112 3952 se

386 3983 774 4063 interponere
819 3981 982 4045 inter
1029 3983 1237 4061 ipsum
1285 3981 1603 4044 domiuum
1654 3999 1858 4058 regem
1907 3987 1973 4046 et
2019 3999 2147 4057 nos,
2194 3980 2258 4043 iu
2306 3999 2448 4043 casu
2498 3996 2619 4061 quo
2655 3977 2827 4041 nobis
2865 3975 3116 4058 placeat

387 4070 704 4133 attendere
751 4070 824 4132 ad
875 4068 1075 4136 illam.
1125 4086 1243 4131 non
1288 4067 1601 4143 dubitans,
1645 4069 1808 4150 quod
1856 4067 2144 4132 dominus
2192 4086 2294 4131 rex
2341 4069 2464 4130 erit
2495 4067 2824 4129 contentus
2859 4063 3114 4127 mittere

386 4173 565 4221 suam
610 4156 1024 4221 ambasiatam
1070 4153 1148 4219 ad
1201 4157 1589 4220 tractandum
1636 4155 1749 4219 illa
1794 4158 1935 4233 etc.,
1982 4154 2144 4237 quod
2193 4172 2305 4218 uos
2331 4155 2493 4218 clare
2538 4155 2602 4215 et
2649 4151 2973 4215 manifeste
3008 4166 3114 4213 co-

389 4244 763 4326 gnoscimus,
808 4244 969 4325 quod
1019 4242 1211 4306 motio
1259 4243 1584 4307 verborum
1629 4243 1814 4308 istius
1859 4245 2169 4308 tractatus
2216 4242 2362 4324 lige,
2434 4259 2618 4322 quam
2667 4237 2822 4303 facit
2869 4238 3118 4319 magui—

388 4331 541 4395 ficus
586 4328 872 4396 dominus
918 4348 1124 4396 comes
1171 4330 1504 4412 predictus,
1549 4331 1822 4412 procedit
1865 4349 1903 4393 a
1939 4331 2176 4394 sincero
2201 4346 2411 4393 amore
2463 4329 2529 4390 et
2571 4330 2783 4391 tenera
2829 4326 3113 4401 caritate,

389 4435 575 4501 quam
624 4436 868 4500 semper
914 4418 1186 4500 portavit
1231 4419 1295 4481 et
1342 4418 1555 4500 portat
1599 4417 1776 4481 nobis
1852 4423 1917 4482 et
1987 4420 2195 4481 nostro
2260 4415 2550 4491 domini0,
2625 4415 2690 4477 et
2734 4412 3028 4477 similiter
3074 4429 3115 4474 a

387 4505 572 4569 solito
616 4502 871 4583 fervore,
921 4523 1103 4588 quem
1151 4503 1375 4569 habuit
1416 4506 1482 4569 et
1527 4504 1716 4568 babet
1763 4503 1842 4568 ad
1889 4503 2415 4569 conservationem
2478 4501 2726 4565 honoris
2798 4501 2864 4565 et
2908 4501 3115 4564 status

388 4591 563 4675 regni
607 4594 673 4656 et
706 4609 930 4658 corone
975 4591 1321 4674 Huugarie,
1369 4590 1445 4655 de
1487 4591 1974 4657 adversitatibus
2020 4593 2086 4656 et
2130 4588 2662 4672 persecutionibus
2724 4587 2901 4652 cuius
2936 4586 3112 4667 regni

388 4682 551 4744 teste
593 4680 702 4744 deo
750 4697 862 4744 nos
907 4678 1117 4763 gravit
1162 4682 1226 4744 et
1272 4680 1498 4762 gravat
1548 4680 1869 4744 immense.
1962 4676 2082 4742 Sed
2129 4678 2296 4742 sicut
2334 4674 2798 4760 magnificentia
2843 4692 2976 4751 sua,
3007 4672 3111 4736 cui

384 4766 600 4847 patent
645 4767 719 4830 ut
761 4767 940 4831 nobis
986 4766 1211 4846 omnia,
1260 4785 1379 4849 que
1424 4765 1689 4832 fecimus
1757 4768 1825 4831 et
1892 4765 2127 4848 operati
2196 4783 2412 4829 sumus
2475 4782 2589 4848 pro
2659 4764 2999 4846 augmento
3046 4759 3113 4824 et

468 4886 650 4938 arou.
693 4887 781 4937 ιν.
2793 4870 2883 4940 20
