3620 5282
552 305 684 370 360

542 480 775 546 mensis
822 480 1052 556 martii,
1101 485 1166 545 et
1211 482 1542 564 expectare
1594 479 1820 545 debeat
1866 480 2101 546 dictum
2151 481 2633 560 ambaxatorem,
2685 484 2813 566 qui,
2863 484 2917 548 si
2968 483 3143 549 dicta
3190 482 3301 548 die

543 569 632 634 ibi
680 569 819 648 erit,
866 569 1090 634 debeat
1135 569 1325 633 levari
1376 588 1560 649 super
1610 587 1728 632 una
1775 568 2080 634 dictarum
2131 571 2455 652 galearum
2504 574 2569 634 et
2613 572 2871 635 conduci
2935 574 3012 636 ad
3085 573 3296 654 partes

548 655 1130 739 ConstantinopoliS,
1179 658 1240 721 et
1288 658 1340 721 si
1389 657 1535 721 ante
1584 657 1703 720 erit
1749 656 1856 734 ibi,
1905 660 2052 722 ante
2099 658 2380 736 recedat;
2452 659 2695 742 quando
2752 678 2898 724 vero
2949 677 3070 723 non
3121 660 3299 723 esset

547 747 636 811 ibi
683 744 852 809 dicta
897 746 1013 823 die,
1064 744 1127 807 in
1170 745 1329 809 bona
1374 746 1578 825 gratia
1624 744 1848 809 debeat
1894 745 2179 827 prosequi
2208 747 2487 830 viagium
2522 766 2724 823 suum,
2765 750 2829 811 et
2862 747 3083 814 debeat
3120 747 3295 811 idem

549 833 914 898 ambaxator
960 831 1220 897 conduci
1268 850 1408 898 cum
1454 833 1625 916 ligno
1672 835 1885 897 nostro
1927 834 2153 916 riperie
2197 835 2386 899 Istrie
2436 854 2628 918 usque
2675 834 2911 900 Polam.

635 943 817 1003 Misco·
866 941 1127 1004 XLIII.
1181 943 1326 1013 103,
1371 959 1415 1002 u
1458 943 1614 1003 mlet.
1664 944 1902 1004 arkivu.

989 1149 1224 1231 DIX.
1278 1148 1487 1233 God.
1541 1148 1769 1232 1396.
1826 1151 1870 1231 1
1932 1150 2276 1251 ozujka,
2326 1171 2388 1231 u
2442 1149 2833 1233 Mletclh.

543 1295 720 1354 Poste
766 1294 825 1352 bi
879 1293 1170 1367 sklopzjen
1231 1310 1404 1354 savez
1463 1294 1662 1366 medq'u
1740 1312 1914 1369 ηραν.
1978 1295 2229 1368 kraljem
2296 1296 2320 1354 i
2379 1295 2813 1369 cari9radskim
2885 1311 3170 1363 cesarem,
3237 1299 3299 1353 te

545 1384 699 1442 ovim
743 1383 902 1442 kanc
943 1384 1117 1442 skoro
1161 1382 1394 1441 adariti
1434 1399 1518 1441 na
1569 1382 1784 1451 Turkc,
1831 1383 2104 1456 odustajc
2160 1399 2223 1442 sc
2267 1383 2344 1442 od
2401 1383 2737 1456 ιαΙοῑραὂΙσα,
2783 1384 2865 1441 da
2907 1399 2971 1441 sc
3015 1382 3298 1455 odprave

534 1470 840 1545 poslanici
885 1471 924 1530 k
961 1470 1255 1545 Bajazicu
1301 1487 1344 1530 u
1387 1471 1591 1541 svrhu,
1652 1470 1734 1530 da
1778 1471 2081 1620 ῗῖοοίοῑζῗα
2123 1471 2242 1529 mir
2303 1471 2504 1546 medju
2551 1472 2702 1545 njim
2762 1471 2786 1529 i
2847 1471 3298 1544 cariqradskim

764 1677 951 1743 1396.
1000 1677 1336 1742 indictione
1380 1677 1619 1760 quarta,
1667 1678 1766 1743 die
1814 1679 2015 1761 primo
2068 1679 2297 1743 martii
2350 1678 2675 1773 Sapientes
2733 1676 2983 1744 consilii
3032 1679 3097 1742 et
3121 1676 3292 1758 sapi-

544 1770 717 1831 entes
760 1767 1043 1830 ordinum
1090 1769 1335 1848 excepto
1370 1784 1469 1830 ser
1514 1767 1779 1831 Fantino
1828 1766 2090 1848 Georgio
2138 1766 2359 1830 milite.
2397 1757 2626 1847 Capta:
2677 1785 2830 1830 cum
2869 1784 2979 1847 per
3011 1765 3288 1829 reditum

544 1856 727 1920 istius
773 1853 1236 1919 ambassiatoris
1283 1853 1519 1918 domini
1563 1854 1957 1956 imperatoris
2002 1853 2567 1936 Constantinopolis
2614 1853 2690 1919 de
2765 1853 3051 1935 partibus
3098 1854 3289 1917 Hun-

542 1943 715 2026 garie
757 1942 1080 2018 habeatur,
1128 1941 1289 2024 quod
1336 1942 1456 2024 ipsi
1497 1944 1645 2007 sunt
1690 1941 1883 2006 simul
1930 1943 1992 2006 in
2040 1942 2379 2018 concordio,
2431 1945 2495 2008 et
2539 1941 2920 2007 devenerunt
2978 1940 3059 2004 ad
3111 1945 3286 2005 certa

540 2034 725 2115 pacta
769 2032 835 2094 et
875 2029 1327 2108 conventioneS,
1352 2049 1463 2112 per
1487 2048 1640 2112 quas
1688 2029 1979 2094 dominus
2026 2049 2130 2093 rex
2179 2030 2464 2112 promisit
2510 2048 2651 2094 cum
2700 2029 2942 2111 potenti
2993 2028 3276 2092 exercitu

544 2137 678 2184 esse
725 2137 916 2200 usque
960 2136 1069 2201 per
1118 2120 1318 2181 totum
1367 2136 1644 2182 mensem
1691 2117 1842 2184 maii
1894 2117 2244 2198 proximum
2292 2117 2369 2181 ad
2417 2117 2722 2201 quendam
2772 2118 2999 2194 locum,
3038 2116 3144 2199 qui
3181 2117 3276 2180 di·

544 2207 706 2271 citur
744 2205 993 2284 Ulnavi,
1041 2205 1143 2288 qui
1192 2207 1289 2270 est
1334 2223 1520 2288 supra
1586 2204 1815 2270 flumen
1865 2205 2157 2284 Danubii,
2207 2207 2272 2269 et
2337 2204 2559 2270 deinde
2633 2208 2851 2288 postea
2919 2223 3026 2286 per
3069 2206 3281 2268 totum

557 2312 836 2358 mensem
880 2292 1030 2358 iunii
1079 2311 1273 2376 usque
1323 2291 1942 2375 Constantinopolim,
1992 2296 2056 2357 et
2100 2293 2386 2357 dominus
2419 2292 2759 2374 imperator
2809 2293 2993 2357 debet
3039 2309 3288 2355 armare

556 2381 679 2445 sibi
727 2380 939 2445 decem
988 2381 1199 2464 galeas
1247 2399 1365 2444 uno
1412 2399 1624 2445 mense
1672 2381 1749 2444 ad
1798 2399 2095 2463 expensas
2142 2381 2291 2445 dicti
2339 2379 2573 2444 domini
2624 2381 2808 2463 regiS,
2858 2382 2924 2444 et
2969 2380 3092 2443 iam
3152 2377 3290 2442 dari

557 2468 708 2533 fecit
754 2469 857 2532 hic
903 2468 966 2532 in
1018 2468 1297 2533 Venetiis
1344 2468 1512 2533 dicto
1559 2468 1997 2533 ambassiatori
2043 2468 2182 2533 duc.
2232 2467 2416 2532 XXX
2463 2467 2686 2546 millia,
2761 2469 2866 2549 qui
2940 2468 3288 2549 requisitus

556 2575 667 2639 per
714 2556 1053 2620 dominium
1102 2557 1167 2620 in
1212 2574 1357 2621 casu
1403 2574 1524 2640 quo
1572 2555 1957 2621 ambassiata
2024 2558 2254 2634 nostra,
2303 2557 2469 2621 itura
2532 2556 2607 2620 ad
2676 2556 2988 2633 Basitum,
3036 2554 3115 2618 de
3164 2573 3289 2637 qua

554 2646 733 2729 plene
782 2644 1153 2709 informatus
1199 2643 1323 2708 fuit
1367 2648 1431 2709 et
1475 2644 1552 2709 de
1598 2663 1784 2709 causa
1831 2663 1952 2728 qua
1995 2645 2395 2721 mittebatur,
2443 2641 2824 2727 procederet,
2896 2644 2951 2709 si
2998 2644 3292 2708 dominus

557 2733 897 2814 imperator
941 2733 1149 2814 posset
1195 2731 1397 2799 facere
1444 2750 1657 2814 pacem
1707 2751 1852 2797 cum
1898 2750 1968 2797 eo
2029 2735 2289 2814 propter
2352 2734 2619 2797 tractata
2676 2733 2739 2796 et
2803 2732 3096 2796 conclusa
3141 2750 3290 2796 cum

556 2820 727 2886 dicto
774 2820 1021 2885 domino
1067 2839 1231 2901 rege,
1279 2821 1614 2904 respondit,
1649 2820 1810 2902 quod
1843 2822 2129 2902 putabat,
2164 2821 2326 2904 quod
2359 2838 2502 2895 non,
2536 2822 2787 2903 propter
2818 2838 3005 2904 quam
3034 2837 3292 2884 causam

559 2911 657 2974 est
702 2908 1027 2973 habendus
1075 2911 1392 2990 respectus
1438 2910 1515 2973 ad
1562 2908 1926 2973 missionem
1975 2908 2136 2974 dicte
2182 2907 2590 2984 ambassiate3
2641 2907 2815 2972 vadit
2874 2926 3038 2989 pars,
3087 2907 3296 2972 omni-

557 2996 677 3060 bus
725 2996 1130 3061 consideratis
1178 2998 1242 3060 et
1287 2995 1633 3078 potissime,
1680 2996 1825 3078 quia
1870 2998 2077 3061 cessat
2122 2996 2522 3079 principalior
2568 3014 2771 3073 causa,
2819 2998 3069 3078 propter
3100 3012 3295 3078 quam

554 3084 984 3160 mittebamus,
1056 3082 1316 3160 scilicet,
1395 3101 1503 3165 pro
1551 3083 2001 3149 reconciliando
2069 3084 2387 3148 dominum
2453 3084 2865 3164 inperatorem
2945 3101 3087 3147 cum
3168 3084 3299 3147 Ba-

557 3173 697 3249 sito,
749 3173 814 3238 et
859 3175 932 3236 ut
977 3172 1260 3237 dominus
1310 3191 1414 3235 rex
1458 3173 1736 3255 Hugarie
1814 3190 1934 3235 non
2001 3172 2260 3236 haberet
2327 3172 2656 3235 materiam
2729 3169 3142 3255 conquerendi
3216 3170 3299 3235 de

563 3260 766 3336 nebia,
809 3259 954 3342 quia
1000 3260 1204 3324 dictus
1252 3260 1557 3324 tractatus
1628 3260 1797 3341 pacis
1848 3258 2012 3324 inter
2058 3259 2370 3324 dominum
2421 3258 2855 3341 imperatorem
2898 3262 2963 3324 et
2993 3258 3292 3323 Basitum

562 3366 682 3412 non
729 3349 895 3411 esset
941 3348 1279 3413 secundum
1325 3347 1860 3429 compositionem,
1924 3365 2112 3431 quam
2187 3346 2374 3411 habet
2438 3365 2579 3410 cum
2650 3347 3042 3428 imperatore,
3122 3346 3298 3430 quod

560 3437 882 3501 revocetur
929 3434 1145 3500 missio
1192 3435 1713 3499 ambassiatorum
1763 3437 2113 3499 nostrorum
2161 3433 2576 3517 predictorum
2622 3437 2687 3499 et
2732 3434 3122 3499 ambassiata
3157 3453 3303 3514 sna,

558 3523 668 3604 ita,
715 3524 877 3605 quod
925 3540 1047 3587 non
1096 3524 1390 3606 procedat
1436 3542 1543 3605 pro
1583 3524 1754 3588 omni
1800 3523 1958 3587 bona
2002 3540 2190 3587 causa
2236 3525 2300 3587 et
2344 3523 2653 3604 respectu.

648 3630 833 3690 Misti
886 3627 1145 3690 XLIII.
1196 3633 1342 3702 112,
1389 3648 1433 3691 u
1477 3631 1632 3693 ποῖοι.
1682 3631 1920 3691 arkivu.

1036 3837 1222 3919 DX.
1277 3836 1484 3920 God.
1540 3837 1769 3920 1396.
1825 3837 1869 3917 1
1923 3836 2264 3939 ozujka,
2318 3858 2380 3918 u
2433 3836 2825 3919 Mletcih.

563 3982 857 4056 Napatak
932 3998 1007 4043 za
1069 3982 1373 4055 kapetana
1431 3983 1826 4056 pomorskoya
1884 3981 2135 4057 idubeya
2203 3998 2275 4040 sa
2335 3998 2499 4041 osam
2538 3982 2735 4057 yalija
2776 4000 2819 4042 u
2864 3979 3176 4057 Gariyrad
3225 4003 3316 4044 πα

1486 4071 1721 4129 obranu
1764 4071 2068 4145 iztodnoqa
2112 4072 2373 4129 carstva.

781 4186 967 4253 1396.
1018 4187 1357 4253 indictione
1404 4191 1646 4273 quarta,
1691 4190 1788 4253 die
1834 4190 2034 4272 primo
2081 4190 2318 4255 marcii.
2370 4190 2694 4291 Sapientes
2742 4191 2983 4255 consilii
3024 4191 3091 4256 et
3130 4193 3311 4274 sapi-

565 4276 740 4342 entes
778 4276 1082 4342 ordinum.
1134 4275 1349 4359 Capta.
1394 4274 1572 4355 Quod
1617 4278 1727 4342 fiat
1772 4279 2127 4343 commissio
2174 4278 2366 4343 nobili
2411 4280 2541 4344 viro
2566 4298 2663 4343 ser
2692 4278 2929 4344 'rhome
2965 4277 3310 4365 Mecenigo

568 4383 667 4429 ser
714 4365 887 4430 Petri
933 4364 1333 4447 procuratori,
1386 4365 1711 4447 capitaneo
1760 4365 2033 4448 generali
2071 4366 2298 4450 culpby
2346 4368 2408 4430 in
2453 4368 2567 4432 hac
2614 4367 2815 4431 forma
2855 4368 2972 4431 etc.

775 4451 862 4517 Et
906 4471 1050 4517 cum
1095 4452 1215 4517 erit
1260 4451 1326 4517 in
1372 4452 1557 4517 dictis
1613 4453 1895 4534 partibus
1968 4453 2548 4537 ConstantinopoliS,
2623 4455 2844 4520 debeat
2911 4456 3045 4537 ipse
3127 4459 3310 4540 capi-

567 4540 811 4617 taneus,
859 4538 1081 4605 habita
1125 4539 1451 4606 collatione
1497 4559 1638 4605 cum
1688 4541 2032 4606 vicebaiulo
2080 4543 2288 4606 nostro
2336 4547 2398 4606 et
2442 4542 2814 4608 consiliariis
2848 4541 3307 4610 Constantino-

565 4625 748 4708 polis,
791 4627 935 4692 dare
981 4627 1258 4693 ordinem
1306 4627 1381 4692 de
1428 4629 1729 4710 possendo
1777 4647 2134 4712 comparere
2180 4628 2256 4694 ad
2306 4629 2682 4712 presentiam
2728 4629 2962 4695 domini
3023 4631 3310 4714 impera·

567 4713 742 4794 toris,
792 4714 1071 4781 dimissis
1118 4715 1249 4782 suis
1292 4716 1490 4803 galeis
1537 4716 1653 4781 sub
1700 4717 1858 4782 bono
1904 4718 2115 4784 ordine
2158 4720 2224 4783 et
2268 4718 2503 4804 regula,
2552 4720 2642 4783 ita
2687 4717 2846 4801 quod
2907 4720 3133 4804 gentes
3179 4739 3307 4789 non
