3620 5282
2994 368 3125 435 335

651 540 1213 627 CCCCXCIX.
1290 543 1495 626 God.
1550 544 1775 628 1356.
1833 544 1884 626 8
1931 542 2362 643 prosinea,
2414 565 2476 624 u
2529 543 2887 627 Kotoru.

390 687 494 746 Na
533 686 698 746 tuibe
744 687 1023 746 mletabke
1062 686 1227 760 ylede
1287 686 1765 762 neobdriavanja
1813 688 2075 761 poqodbe
2121 688 2144 743 i
2189 686 2611 760 zlostavzjanja
2670 687 2979 747 mletadkih
3008 707 3120 767 po-

391 776 638 834 danika.
685 776 985 834 Kotorani
1028 791 1089 834 se
1124 775 1514 848 izprieavqju,
1563 780 1616 834 te
1662 775 1978 847 obecavqju
2023 775 2340 846 republica
2403 775 2482 833 da
2523 775 2584 834 όε
2629 792 2712 833 na
2755 777 2928 835 skoro
2975 777 3115 835 oda-

1212 863 1356 921 slati
1399 866 1556 935 svoje
1589 865 1908 935 poscam'ke
1951 881 1994 921 u
2036 857 2280 922 Mletke.

603 984 973 1066 Exemplum
1018 982 1372 1048 litterarum
1418 984 1751 1048 missarum
1804 984 2010 1047 ducali
2073 982 2346 1047 dominio
2409 1001 2518 1065 per
2578 984 2754 1064 parte
2815 983 3114 1063 iudicum,

402 1070 642 1137 consilii
687 1073 751 1136 et
788 1071 1132 1136 communis
1198 1070 1455 1136 Cattari.
1525 1072 2067 1139 Excellentissimo
2129 1075 2193 1135 et
2255 1071 2492 1154 potenti
2543 1070 2670 1135 viro
2717 1071 2961 1135 domino
3006 1072 3119 1137 Jo-

400 1160 544 1224 anni
588 1159 895 1240 Delphino
941 1159 1040 1222 dei
1085 1160 1287 1241 gratia
1332 1160 1752 1239 Venetiarum,
1802 1158 2117 1223 Dalmatie
2162 1160 2348 1241 atque
2374 1157 2623 1222 Oroatie
2665 1159 2825 1235 duci,
2874 1160 3119 1226 domino

397 1248 616 1328 quarte
664 1247 859 1329 partis
905 1252 968 1311 et
1011 1246 1267 1311 dimidie
1314 1246 1506 1311 totius
1553 1247 1796 1329 imperii
1833 1245 2154 1326 Romanis,
2197 1246 2449 1325 iudiceS,
2498 1246 2825 1310 consilium
2858 1249 2923 1311 et
2950 1266 3119 1312 com-

398 1353 580 1399 mune
630 1333 904 1399 civitatis
952 1334 1191 1398 Cattari
1238 1353 1379 1398 cum
1403 1335 1976 1399 reccomandatione
2023 1354 2088 1399 se
2135 1335 2300 1415 ipsos
2348 1335 2413 1397 et
2457 1333 2695 1398 animos
2741 1334 2818 1397 ad
2863 1338 3116 1417 gratum

393 1425 660 1521 paratos.
710 1422 963 1486 Ducalis
1011 1422 1371 1486 excellentie
1419 1422 1665 1487 litteras
1713 1422 2057 1487 reverentia
2114 1424 2410 1485 consueta
2457 1440 2562 1485 nos
2610 1421 2903 1485 noveritis
2950 1442 3117 1488 rece-

391 1509 578 1592 pisse,
626 1509 791 1573 inter
850 1508 975 1573 alia
1039 1509 1457 1587 continenteS,
1523 1512 1680 1592 quod
1745 1529 1854 1593 per
1915 1528 2294 1592 precessores
2355 1510 2590 1573 vestros
2654 1508 2832 1573 nobis
2878 1511 3113 1592 pluries

395 1596 692 1679 scriptum
735 1597 856 1660 fuit
902 1616 1085 1678 super
1127 1596 1509 1662 novitatibus
1552 1599 1615 1662 et
1660 1598 1984 1677 molestiis,
2042 1615 2196 1680 quas
2244 1616 2280 1660 a
2321 1597 2498 1660 nobis
2553 1597 2831 1661 asseritis
2891 1597 3110 1677 factas,

395 1684 460 1748 et
503 1703 617 1765 que
666 1684 825 1749 fiunt
862 1685 1083 1749 vestris
1130 1685 1364 1751 civibus
1410 1688 1475 1749 et
1518 1685 1807 1750 fidelibus
1869 1684 2370 1750 conversantibus
2434 1682 2496 1747 in
2559 1684 2839 1765 partibus
2887 1688 3115 1750 nostris

393 1773 609 1836 contra
653 1771 919 1836 formam
963 1774 1307 1853 pactorum,
1355 1793 1471 1855 que
1517 1774 1849 1838 habuimus
1896 1774 2232 1849 vobiscum,
2297 1770 2628 1836 efficaciter
2690 1773 3094 1854 requirenteS,

398 1862 730 1941 quattenus
777 1878 813 1924 a
859 1860 1163 1924 molestiis
1210 1861 1585 1942 supradictis
1633 1880 1872 1925 cessare
1919 1860 2279 1925 deberemus
2326 1861 2391 1923 et
2436 1858 2786 1923 refformare
2821 1879 3115 1941 quecum-

399 1965 516 2029 que
562 1946 833 2012 indebite
882 1948 1048 2012 facta
1094 1951 1293 2027 erunt,
1342 1966 1415 2013 ac
1461 1949 1709 2013 nuntios
1756 1951 1996 2013 nostros
2042 1950 2117 2013 ad
2165 1966 2270 2012 vos
2317 1947 2567 2011 mittere
2614 1947 2975 2012 informatos
3022 1949 3116 2012 in-

400 2035 673 2100 tentione
721 2036 950 2114 nostra,
998 2037 1211 2100 utrum
1257 2036 1499 2101 scilicet
1545 2035 1846 2101 vollemus
1894 2055 2030 2100 eam
2077 2035 2472 2119 confirmare;
2520 2054 2701 2116 super
2749 2035 2970 2116 quibus
3017 2036 3112 2099 di-

396 2121 538 2186 citis
585 2123 821 2187 nullam
876 2123 1337 2205 responsionem
1385 2123 1675 2188 habuisse
1721 2141 1758 2187 a
1815 2124 2022 2189 nobis:
2085 2123 2275 2187 immo
2325 2122 2432 2187 ubi
2481 2122 2793 2203 putabatis
2840 2124 3115 2205 predicta

392 2210 749 2276 refformata
793 2210 1001 2289 fuisse,
1054 2210 1213 2275 sicut
1259 2230 1369 2295 per
1415 2211 1726 2276 consulem
1790 2213 1854 2276 et
1915 2215 2290 2276 mercatores
2356 2213 2592 2275 vestros
2657 2211 2917 2275 istarum
2965 2230 3112 2294 par-

394 2298 550 2362 tium
593 2298 918 2377 habuistis,
968 2298 1173 2363 dicitis
1213 2299 1419 2382 peiora
1465 2299 1767 2381 prioribus
1816 2299 2204 2376 successisse,
2256 2299 2397 2381 quia
2443 2297 2924 2381 vestriquotidie
2969 2317 3115 2382 gra-

393 2387 643 2450 vamina
687 2389 751 2450 et
796 2386 1056 2450 iniurias
1105 2388 1433 2469 recipiunt,
1478 2389 1542 2451 et
1587 2387 1889 2451 debentur
1935 2406 1972 2451 a
2010 2387 2238 2452 nostris
2284 2386 2635 2451 concivibus
2682 2404 2975 2469 magnam
3007 2406 3115 2469 pe-

392 2474 568 2537 cunie
615 2493 863 2538 sumam
909 2474 1197 2557 recipere,
1250 2475 1536 2556 consequi
1583 2494 1700 2539 non
1747 2477 2001 2556 possunt
2048 2493 2085 2538 a
2132 2475 2306 2539 nobis
2349 2474 2675 2553 iustitiam,
2749 2474 2855 2539 sed
2904 2476 3110 2556 potius

390 2562 674 2644 petentes
723 2581 925 2639 suum,
975 2562 1235 2626 offensas
1282 2562 1345 2626 in
1392 2564 1665 2646 personis
1713 2563 2093 2626 notabilibus
2148 2564 2530 2645 receperunt.
2601 2560 2805 2640 Quare
2851 2580 2960 2627 nos
3007 2581 3113 2626 ve-

396 2650 542 2714 stris
589 2650 817 2714 litteris
865 2651 1125 2715 duxistis
1186 2650 1617 2732 requirendos,
1680 2653 2015 2734 quattenus
2077 2670 2114 2716 a
2159 2651 2460 2716 molestiis
2523 2652 2587 2715 et
2649 2650 3112 2733 gravaminibus

393 2740 735 2802 vestrorum
786 2738 1187 2816 abstinentes,
1236 2758 1615 2822 quecumque
1663 2741 1875 2803 contra
1921 2756 2024 2803 eos
2083 2738 2288 2803 minus
2335 2740 2537 2802 debite
2584 2737 2747 2802 facta
2795 2742 2957 2814 sunt,
3006 2757 3113 2803 cu-

394 2844 668 2890 raremus
706 2825 1115 2890 effectualiter
1161 2828 1224 2890 et
1269 2826 1578 2891 celleriter
1614 2826 1988 2905 refformare,
2040 2831 2101 2890 et
2150 2826 2269 2889 sibi
2296 2826 2488 2889 talem
2536 2826 2600 2889 et
2643 2826 2731 2889 sic
2757 2825 3109 2907 expeditam

393 2913 696 2977 iustitiam
745 2913 944 2978 facere
1010 2916 1223 2978 contra
1283 2913 1592 2979 debitores
1654 2932 1816 2992 su08,
1857 2915 2017 2997 quod
2078 2933 2260 2978 suum
2307 2914 2556 2978 valeant
2616 2912 2946 2992 rehabere,
3014 2932 3109 2977 re-

390 3001 729 3065 scribentes
779 3001 970 3079 vobiS,
1021 3002 1073 3066 si
1119 3000 1397 3084 predicta
1460 3002 1826 3080 fecerimus,
1891 3004 1955 3066 et
2016 3002 2066 3065 si
2129 3003 2347 3083 pacta,
2413 3020 2530 3082 que
2575 3000 2725 3064 olim
2771 3001 3107 3064 habuimus

392 3088 726 3167 vobiscum,
769 3088 1241 3153 intendebamus
1289 3089 1558 3173 amplius
1604 3090 1968 3154 confirmare
2015 3090 2113 3153 vel
2158 3108 2299 3167 non,
2348 3107 2489 3153 cum
2530 3105 2647 3151 non
2691 3088 3110 3153 intendebatis

389 3176 632 3240 tantam
679 3176 970 3240 iniuriam
1017 3179 1081 3241 et
1124 3176 1418 3242 damnum
1471 3179 1817 3243 vestrorum
1864 3178 1978 3242 sub
2026 3176 2519 3240 dissimulatione
2573 3177 2860 3254 transire,
2912 3176 3107 3241 immo

389 3263 619 3346 absque
666 3263 788 3328 alia
834 3264 1232 3346 requisitione
1282 3265 1679 3346 providebitis
1727 3268 1943 3329 contra
1987 3282 2275 3348 personas
2325 3265 2389 3328 et
2436 3264 2594 3328 bona
2633 3266 2881 3343 nostra,
2948 3264 3110 3329 sicut

388 3369 495 3432 pro
542 3351 769 3416 honore
815 3356 1021 3417 vestro
1068 3354 1133 3416 et
1177 3352 1585 3418 indemnitate
1631 3357 1975 3417 vestrorum
2021 3351 2300 3416 fidelium
2347 3351 2756 3434 cognoveritis
2805 3352 3105 3434 expedire.

390 3437 663 3517 Quarum
713 3442 921 3504 tenore
969 3438 1210 3522 plenius
1273 3440 1624 3518 intellecto,
1674 3441 1942 3506 breviter
2003 3440 2291 3505 duximus
2356 3439 2884 3523 respondendum,
2949 3442 3109 3523 quod

388 3544 816 3607 precessorum
867 3530 1208 3592 vestrorum
1255 3527 1480 3592 litteris
1528 3530 1673 3592 tunc
1719 3530 2068 3592 reverenter
2114 3547 2184 3591 ex
2234 3529 2408 3609 parte
2473 3530 2679 3596 vestra
2723 3528 3101 3592 litteratorie

389 3613 607 3679 datum
654 3613 776 3678 fuit
820 3633 1199 3696 responsum,
1249 3615 1413 3679 sicut
1455 3615 1691 3680 iustum
1737 3617 2093 3698 putavimus
2135 3618 2197 3680 et
2239 3615 2587 3694 honestum,
2638 3634 2791 3697 quas
2837 3615 2934 3679 illi
3003 3616 3102 3680 de·

388 3701 606 3778 dimuS,
658 3703 761 3785 qui
808 3702 981 3766 nobis
1029 3702 1195 3785 ipsas
1239 3703 1482 3766 litteras
1532 3704 1928 3784 presentavit,
1979 3721 2088 3766 nec
2135 3705 2344 3767 nostra
2391 3703 2573 3785 culpa
2620 3704 2714 3766 est
2760 3702 2866 3767 sed
2908 3701 3100 3781 illius,

388 3790 491 3870 qui
537 3808 639 3854 eas
686 3789 997 3854 malitiose
1043 3790 1259 3854 taliter
1306 3791 1674 3868 occultavit3
1738 3792 1959 3856 vestris
2003 3795 2215 3854 autem
2260 3790 2491 3854 litteris
2560 3789 2771 3854 taliter
2821 3809 3103 3853 reveren-

387 3877 513 3940 tius
559 3877 1021 3959 respondemuS,
1070 3879 1230 3960 quod
1280 3878 1469 3942 vestri
1516 3878 1737 3942 Veneti
1783 3878 1848 3941 in
1897 3878 2121 3942 nostris
2169 3879 2445 3959 partibus
2484 3878 2912 3941 conversantes
2964 3876 3107 3940 nul-

386 3963 513 4027 lam
560 3966 904 4029 novitatem
951 3984 1063 4029 nec
1110 3965 1462 4029 molestiam
1524 3966 1927 4048 receperunt,
1993 3967 2183 4030 immo
2248 3966 2532 4049 quamvis
2596 3963 2768 4029 nulla
2831 3964 2983 4028 fides
3031 3966 3104 4028 de

384 4052 585 4132 pactis
633 4052 815 4116 factis
862 4052 1154 4136 predictis
1202 4052 1482 4135 legitime
1529 4051 1694 4118 facta
1738 4053 1976 4118 fuisset.
2049 4053 2178 4118 Nos
2245 4055 2449 4117 vestro
2509 4052 2784 4116 volentes
2831 4052 3101 4116 dominio

386 4140 785 4220 complacere,
826 4140 1109 4205 districte
1147 4141 1593 4218 mandavimuS,
1642 4141 1819 4222 pacta
1873 4141 2147 4223 predicta
2194 4141 2266 4205 de
2315 4142 2590 4223 ipsorum
2637 4141 2913 4222 tempore
2959 4157 3109 4203 con-

383 4227 623 4291 tractus
670 4227 1005 4293 efficaciter
1050 4230 1371 4293 observare
1428 4248 1537 4311 pro
1585 4231 1654 4292 ut
1717 4229 1890 4293 nobis
1936 4229 2000 4292 in
2046 4247 2165 4292 una
2212 4227 2415 4292 cidula
2480 4227 2849 4292 bambacina
2894 4229 3101 4292 osten-

382 4313 626 4394 derunt,
675 4333 747 4379 ac
793 4315 946 4398 ipsis
984 4314 1268 4380 fidelibus
1316 4316 1537 4380 vestris
1563 4316 1851 4381 cellerem
1899 4320 1961 4381 et
2007 4316 2354 4398 expeditam
2379 4315 2686 4380 iustitiam
2725 4315 3105 4395 ministrare,

385 4402 670 4484 ipsosque
718 4404 1039 4468 caritative
1102 4405 1368 4467 tractare
1416 4404 1477 4467 in
1524 4404 1806 4468 omnibus
1874 4404 2044 4468 velut
2101 4405 2321 4468 fratres
2382 4406 2448 4467 et
2508 4403 2694 4468 amici
2757 4404 3103 4478 carissimi;

384 4492 449 4553 et
494 4491 652 4555 teste
698 4490 848 4568 (leo,
897 4492 1106 4555 nullus
1154 4491 1445 4555 notabilis
1493 4510 1603 4555 nec
1646 4492 1826 4569 alter,
1897 4494 1967 4556 ut
2013 4492 2327 4555 informati
2377 4491 2563 4568 estis,
2623 4493 2855 4573 recepit
2917 4492 3106 4556 offen-

386 4594 539 4657 sam,
590 4597 700 4642 nec
745 4578 821 4643 de
867 4581 1071 4644 cetero
1093 4579 1546 4661 permittemus,
1596 4580 1755 4660 quod
1800 4578 2071 4661 aliquam
2115 4578 2401 4642 iniuriam
2449 4580 2848 4659 paterentur,
2917 4580 2980 4643 et
3025 4578 3103 4642 ad

380 4664 515 4745 hoc,
563 4667 635 4731 ut
676 4667 885 4732 vestra
928 4666 1229 4731 celsitudo
1273 4667 1551 4732 nostram
1591 4667 2004 4731 innocentiam
2068 4667 2132 4730 et
2195 4664 2662 4729 informantium
2727 4684 2835 4731 vos
2884 4666 3100 4730 contra

378 4753 707 4819 veritatem
753 4754 922 4819 clara
965 4755 1100 4819 luce
1147 4756 1500 4836 cognoscat,
1547 4754 1971 4819 occasionibus
2017 4752 2383 4836 supradictis
2430 4753 2494 4817 et
2533 4753 2674 4817 aliis
2717 4771 2825 4836 pro
2884 4749 3088 4816 ducali
