3620 5282
467 348 598 414 260

592 521 1310 604 CCCLXXXVII.
1377 520 1583 601 Gon.
1638 519 1860 603 1353.
1916 518 2022 601 24
2075 518 2532 620 flammula,
2588 542 2649 601 u
2702 518 3096 603 Mletcih.

477 648 763 722 Dopusea
808 665 869 707 se
915 649 1104 708 knew
1151 647 1557 723 troqirskomu,
1616 646 1698 705 da
1738 646 1927 720 njesto
1973 646 2161 704 branc
2224 646 2280 705 iz
2326 647 2579 707 trevizke
2639 646 2856 705 okolice
2899 665 2942 706 u
2993 647 3206 721 Troyir
3285 708 3306 719 ,

1727 734 1940 803 invade,

688 856 874 920 1353.
926 855 1258 921 indictione
1308 855 1447 933 VII,
1512 854 1611 918 die
1673 854 1881 919 XXIV
1943 855 2232 930 octubriS,
2297 856 2514 936 capta:
2591 854 2751 937 quod
2816 855 3006 920 nobili
3071 854 3201 920 viro

490 945 675 1010 Petro
721 944 1063 1010 Gradonico
1111 945 1271 1008 ituro
1319 942 1534 1007 comiti
1573 942 1863 1025 Tragurii
1910 942 2296 1020 concedatur,
2341 942 2497 1024 quod
2546 943 2742 1025 possit
2788 942 2861 1006 de
2923 944 3204 1025 partibus

484 1031 824 1097 Tervisinis
871 1031 1187 1096 extrahere
1235 1032 1299 1095 et
1345 1031 1599 1095 conduci
1625 1029 1824 1094 facere
1870 1048 1977 1110 pro
2025 1049 2142 1093 usu
2174 1047 2281 1094 suo
2310 1034 2373 1093 et
2404 1047 2512 1093 sue
2539 1029 2776 1094 familie
2807 1030 2872 1095 in
2906 1031 3204 1114 regimine

485 1121 841 1203 supradicto
889 1120 1078 1183 staria
1123 1117 1573 1201 quinquaginta
1618 1117 1789 1182 bladi
1837 1118 1916 1180 ab
1965 1118 2173 1199 equis,
2234 1120 2296 1180 et
2360 1118 2554 1182 staria
2604 1117 2826 1201 viginti
2888 1118 3203 1196 frumenti,

488 1209 553 1272 et
597 1207 790 1272 staria
840 1207 957 1272 tria
1002 1207 1357 1290 leguminis.
1409 1205 1597 1269 1353.
1657 1205 1988 1269 indictione
2037 1204 2176 1283 VlI,
2225 1205 2325 1269 die
2373 1205 2428 1268 V
2477 1205 2823 1271 decembris
2879 1206 3045 1271 facta
3085 1204 3208 1271 fuit

483 1295 701 1360 cedula
749 1295 913 1361 dicto
958 1294 1207 1359 domino
1253 1294 1441 1359 Petro
1483 1295 1556 1357 de
1603 1293 1812 1358 statiis
1863 1292 1910 1356 L
1958 1292 2124 1357 bladi
2170 1293 2248 1356 ab
2289 1293 2481 1376 equis,
2536 1297 2602 1358 et
2645 1294 2841 1360 staria
2889 1294 2983 1359 111
3027 1295 3204 1378 legu-

475 1402 681 1448 muns.

560 1474 741 1533 Misti
790 1473 1032 1532 XXVI.
1083 1474 1225 1542 124,
1274 1491 1316 1531 u
1361 1473 1579 1532 arkivu
1622 1472 1980 1531 mletackom.

581 1659 1314 1747 cchxxxvul.
1388 1661 1594 1745 eon.
1649 1661 1875 1745 1353.
1928 1632 2033 1743 as
2088 1659 2545 1761 lampada,
2597 1683 2658 1743 u
2712 1661 3101 1746 metam.

483 1791 620 1851 Piae
668 1794 725 1849 st
768 1790 957 1848 knezu
1001 1788 1414 1864 zadarskomu,
1478 1788 1633 1847 nelca
1677 1788 1945 1847 obustavi
2006 1788 2077 1846 do
2121 1803 2299 1861 svoya
2349 1789 2648 1859 povratka
2694 1789 2988 1863 izvedenJ‘e
3032 1792 3211 1852 osude

473 1880 642 1953 proti
687 1894 889 1937 svomu
934 1877 1272 1949 savJetniku
1313 1875 1606 1953 izrecene3
1679 1880 1731 1935 te
1768 1875 2029 1948 ἀορτιέόα
2072 1891 2151 1945 se,
2194 1875 2274 1934 da
2318 1876 2497 1948 melca
2540 1876 2902 1950 eadat-kima
2943 1879 3210 1939 ubastini

1495 1964 1720 2037 imanje
1778 1980 1956 2037 svoya
2002 1964 2193 2022 brata.

694 2084 882 2150 1353.
933 2084 1268 2149 indictione
1316 2083 1455 2162 Vll,
1507 2084 1605 2149 die
1652 2080 1876 2147 XXIX
1921 2082 2216 2149 octubris,
2269 2083 2589 2164 Dominus,
2634 2084 2972 2151 consiliarii
3004 2089 3067 2152 et
3100 2106 3205 2153 ca-

476 2174 629 2258 pita.
678 2171 909 2256 Capta:
959 2171 1119 2254 quod
1165 2172 1474 2237 scribatur
1516 2172 1731 2237 comiti
1778 2171 1990 2250 Jadre,
2040 2172 2199 2254 quod
2241 2171 2391 2236 licet
2429 2174 2636 2236 nostre
2684 2174 3043 2240 intentionis
3077 2194 3195 2240 non

476 2262 561 2327 sit
605 2260 766 2327 velle
811 2259 1064 2325 turbare
1110 2260 1207 2325 vel
1257 2259 1553 2342 impedire
1599 2260 1870 2342 aliquem
1915 2277 2274 2342 processum
2315 2278 2514 2338 suum,
2563 2260 2681 2325 nisi
2734 2262 3067 2328 secundum
3104 2283 3201 2329 or-

476 2349 652 2415 dines
699 2350 880 2426 terre,
930 2349 1139 2411 tamen
1204 2348 1485 2430 optantes
1548 2348 1768 2412 tollere
1832 2366 2078 2411 omnem
2143 2347 2473 2411 materiam
2526 2350 2587 2412 et
2635 2367 2889 2414 causam
2932 2351 3207 2416 scandali

481 2439 545 2503 et
593 2435 812 2502 erroris
859 2435 1141 2500 volumus
1190 2438 1252 2499 et
1299 2435 1687 2515 mandamus,
1732 2435 1895 2519 quod
1942 2434 2276 2517 suspendat
2322 2437 2742 2501 executionem
2794 2439 3097 2505 sententie
3145 2440 3210 2505 et

480 2522 1007 2591 condemnationis
1068 2523 1372 2588 librarum
1423 2524 1489 2587 M
1552 2522 1709 2588 facte
1770 2525 1982 2588 contra
2045 2541 2144 2587 ser
2209 2521 2402 2588 Conte
2474 2524 2730 2589 Venerio
2783 2526 3204 2594 consiliarium

480 2632 662 2679 suum
713 2630 907 2695 usque
954 2610 1223 2677 reditum
1270 2630 1470 2690 suum,
1514 2611 1657 2694 quia
1701 2610 1994 2676 redeunte
2042 2611 2171 2693 ipso
2218 2609 2407 2677 faciet
2452 2630 2704 2677 cursum
2764 2632 2981 2696 suum,
3048 2616 3210 2681 sicut

480 2700 732 2767 iusticia
778 2699 1083 2765 svadebit.

688 2788 916 2871 Capta:
962 2807 1101 2853 cum
1156 2786 1499 2870 Margarita
1544 2787 1760 2852 relicta
1824 2786 2067 2853 Nicolai
2135 2789 2207 2852 de
2255 2785 2479 2853 Nassis
2544 2788 2632 2856 de,
2663 2789 2856 2855 Jadra
2921 2794 3203 2873 exponat,

476 2876 637 2960 quod
684 2876 954 2942 habebat
998 2877 1327 2958 quemdam
1373 2876 1626 2940 fratrem
1672 2876 1918 2939 nomine
1949 2874 2325 2940 Damianum
2373 2875 2568 2940 filium
2619 2878 2873 2943 condam
2898 2878 3205 2946 Johannis

484 2965 782 3029 Zenzadei
830 2964 905 3028 de
950 2963 1164 3040 Jadra,
1213 2962 1314 3046 qui
1352 2964 1693 3027 Damianus
1726 2963 1992 3027 habebat
2035 2982 2224 3027 unum
2273 2963 2470 3028 filium
2504 2965 2750 3029 nomine
2786 2967 3201 3048 Dominicum,

485 3055 550 3117 et
593 3052 798 3117 dictus
846 3051 1206 3129 DamiauuS‚
1255 3050 1404 3114 olim
1448 3051 1640 3115 frater
1678 3070 1842 3129 suuS‚
1891 3050 2154 3115 decessit
2214 3050 2548 3116 intestatus
2596 3053 2811 3118 relicto
2860 3055 3024 3118 di'cto
3074 3056 3199 3120 Do-

482 3139 714 3204 minico
762 3137 890 3202 filio
936 3156 1044 3201 suo
1094 3139 1154 3202 in
1205 3137 1495 3221 pupillari
1543 3141 1728 3216 etate,
1776 3139 1880 3220 qui
1929 3138 2219 3202 similiter
2259 3159 2366 3221 per
2412 3157 2640 3221 paucos
2688 3142 2816 3205 dies
2862 3144 3006 3224 post
3040 3162 3202 3208 mor-

482 3229 610 3291 tem
660 3225 856 3308 patris
906 3224 1170 3288 decessit
1215 3226 1445 3307 absque
1492 3228 1901 3301 testamento;
1956 3226 2116 3290 unde
2164 3227 2442 3307 predicta
2491 3226 2838 3311 Margarita
2884 3231 3203 3314 tamquam

484 3314 691 3379 anitta
740 3315 803 3379 et
850 3313 1048 3395 magis
1091 3313 1434 3395 propinqua
1484 3313 1664 3395 petiit
1723 3331 1929 3377 coram
1992 3313 2219 3377 comite
2282 3317 2491 3380 nostro
2538 3315 2730 3381 Jadre
2777 3318 2841 3381 et
2886 3319 3014 3382 suis
3057 3337 3203 3382 con-

481 3401 736 3466 siliariis
785 3400 1034 3464 admitti
1081 3401 1158 3463 ad
1209 3401 1659 3465 successionem
1706 3401 2001 3466 bonorum
2051 3401 2199 3465 dicti
2247 3402 2463 3483 pupilli
2506 3403 2718 3467 taliter
2743 3404 3057 3483 deffuncti‚
3094 3406 3203 3471 sed

481 3489 628 3553 dum
676 3488 999 3571 probasset
1042 3487 1562 3570 propinquitatem
1609 3490 1673 3552 et
1719 3491 1996 3569 speraret
2042 3490 2411 3553 sententiam
2460 3490 2622 3555 dicte
2656 3493 3062 3557 successionis
3096 3494 3206 3559 de-

481 3577 838 3641 nunciatum
885 3595 990 3640 seu
1037 3579 1396 3639 accusatum
1445 3575 1564 3639 fuit
1604 3577 1818 3641 comiti
1865 3578 1928 3640 et
1963 3576 2336 3641 consiliariis
2384 3578 2610 3642 nostris
2659 3578 2992 3662 predictis,
3042 3584 3203 3663 quod

482 3663 633 3730 olim
678 3664 881 3728 dictus
934 3663 1270 3727 Damiauus
1312 3663 1499 3727 frat-er
1546 3683 1710 3741 suuS,
1774 3664 1923 3728 dum
1973 3665 2140 3728 esset
2204 3664 2476 3729 Venetiis
2538 3667 2615 3730 ad
2682 3667 2977 3745 confinia,
3043 3669 3204 3734 clam

482 3753 597 3818 ivit
642 3752 924 3816 infirmus
970 3751 1032 3815 in
1079 3750 1335 3815 Jadram
1384 3751 1614 3832 absque
1662 3751 1916 3816 licentia
1963 3751 2207 3816 comitis
2255 3753 2569 3831 antedicti,
2619 3755 2779 3819 unde
2827 3774 3031 3820 comes
3075 3756 3207 3838 ipse

483 3842 545 3905 in
587 3857 775 3904 causa
817 3839 979 3902 dicte
1026 3839 1433 3902 successionis
1483 3839 1740 3902 ulterius
1789 3857 1910 3901 non
1960 3840 2271 3920 processit,
2323 3840 2429 3904 sed
2479 3841 2637 3905 bona
2675 3843 2881 3907 omnia
2926 3845 3206 3926 predicta

483 3928 860 4010 sequestrari
906 3929 969 3989 et
1016 3927 1153 4007 poni
1204 3925 1349 3989 fecit
1396 3925 1457 3989 in
1500 3927 1786 3990 manibus
1834 3926 2310 3991 camerariorum
2359 3928 2580 4006 Jadre,
2649 3932 2804 3995 unde
2853 3932 2990 4013 ipsa
3038 3931 3210 3996 Mar-

489 4017 692 4099 garita
742 4024 862 4078 non
908 4016 1113 4095 potest
1161 4015 1219 4077 iu
1266 4013 1559 4095 predictis
1604 4014 1892 4095 consequi
1937 4014 2071 4079 iura
2117 4033 2258 4090 sua3
2326 4019 2378 4078 et
2434 4016 2658 4080 nobilis
2722 4018 2816 4081 vir
2862 4037 2962 4082 ser
3002 4017 3044 4084 J
3052 4022 3207 4084 usti-

487 4103 708 4167 nianus
755 4100 1110 4167 Justiniano
1159 4102 1305 4165 tuuc
1352 4119 1555 4165 comes
1598 4105 1659 4164 et
1697 4103 2054 4183 capitaneus
2086 4101 2273 4168 Jadre
2306 4102 2493 4180 dicat,
2543 4104 2823 4185 predicta
2871 4124 3016 4170 vera
3050 4126 3204 4185 esse,

482 4192 546 4254 et
589 4190 753 4273 quod
800 4189 1001 4253 dictus
1052 4188 1408 4267 DamiauuS,
1465 4191 1790 4271 postquam
1839 4189 2051 4254 taliter
2106 4191 2360 4255 intravit
2417 4191 2482 4254 in
2540 4191 2821 4271 Jadram,
2892 4213 3010 4258 non
3060 4195 3213 4260 vixit

488 4275 610 4341 nisi
657 4276 858 4341 tribus
905 4275 1156 4341 diebus:
1206 4276 1375 4341 vadit
1417 4296 1580 4359 pars,
1628 4278 1871 4342 attenta
1918 4277 2222 4360 qualitate
2270 4278 2437 4357 facti,
2487 4281 2651 4362 quod
2716 4300 2833 4346 non
2894 4283 3201 4362 obstante,

483 4364 641 4447 quod
687 4364 889 4428 dictus
937 4363 1278 4428 Damianus
1326 4363 1650 4429 intraverit
1695 4363 1976 4443 Jadram,
2025 4366 2220 4448 possit
2262 4366 2428 4431 dicta
2461 4367 2803 4451 Margarita
2849 4369 3098 4434 admitti
3140 4372 3200 4435 in

490 4451 876 4516 successione
924 4450 1049 4514 iam
1100 4452 1284 4530 dicta,
1335 4451 1497 4515 sicut
1542 4453 1715 4533 petit.

571 4541 750 4602 Misti
802 4540 1040 4600 XXVI.
1091 4542 1234 4610 125,
1270 4559 1314 4600 u
1357 4542 1698 4603 mletackom
1743 4544 1980 4603 arkae’vu.
