3620 5282
523 363 656 429 422

524 541 638 641 9⁸¹².
666 539 904 690 οοιιὲῑξῖ,
951 538 1037 603 sit
1093 539 1453 604 revocatum
1501 541 1801 622 quantum
1856 541 1915 604 in
1963 541 2099 606 hoc.
2169 540 2306 605 Hoc
2356 558 2474 605 non
2520 538 2642 604 fuit
2704 540 2952 622 captum
3005 539 3064 603 in
3113 557 3247 603 ma-

523 644 1198 777 lorlllsggvlaljlggasilium.
1242 717 1690 778 Luna-Zaneta
1737 720 1838 779 list
1876 720 1978 790 81,
2022 738 2066 778 u
2110 720 2327 778 arkivu
2360 719 2719 778 mletackom.

916 907 1228 988 LXVI.
1313 907 1520 990 God.
1579 906 1805 990 1284.
1860 910 1903 991 7
1958 910 2329 1010 svibnja‚
2384 931 2444 990 u
2496 908 2888 990 Mletcih.

524 1034 628 1093 Da
672 1051 733 1094 se
776 1034 928 1093 dade
978 1051 1063 1107 po
1120 1035 1425 1107 procjenbi
1486 1035 1631 1094 brod
1679 1035 1902 1182 obcinil
1929 1036 2172 1108 rabskoj
2193 1080 2208 1105 ‚
2256 1041 2313 1095 te
2371 1052 2432 1095 se
2494 1034 2889 1107 opredieb'm'u
2934 1034 3138 1092 rol-:ovi
3183 1049 3259 1092 za

1780 1141 1878 1196 περ
1904 1127 2030 1184 atu.

733 1244 850 1308 Die
898 1243 1164 1326 septimo
1212 1244 1425 1321 madii,
1491 1244 1677 1327 capta
1736 1243 1858 1308 fuit
1918 1263 2096 1326 pars·
2166 1242 2327 1325 quod
2393 1243 2608 1307 comiti
2663 1244 2728 1306 et
2772 1242 3089 1306 communi
3136 1241 3257 1305 Ar-

525 1331 700 1397 bensi
747 1332 927 1396 detur
972 1332 1213 1414 lignum
1262 1351 1451 1396 unum
1500 1332 1576 1395 ad
1640 1332 1975 1409 extimam,
2040 1331 2239 1395 dando
2297 1332 2521 1395 bonam
2592 1328 3029 1408 securitatem,
3095 1326 3256 1411 quod

524 1419 765 1486 solvent
811 1419 873 1482 in
921 1418 1197 1483 Venetiis
1242 1419 1642 1484 medietatem
1692 1419 1922 1483 extime
1988 1419 2050 1482 in
2110 1418 2270 1483 festo
2334 1418 2686 1483 nativitatis
2748 1416 2920 1500 prius
2989 1415 3255 1493 venturi,

524 1510 589 1572 et
634 1507 822 1571 aliam
873 1506 1274 1571 medietatem
1325 1508 1387 1570 in
1437 1509 1684 1588 pascate
1734 1507 1953 1571 maiori
2000 1507 2170 1587 prius
2215 1506 2502 1581 venturi3
2574 1508 2639 1570 et
2685 1504 2737 1568 si
2786 1504 3114 1569 consilium
3163 1505 3260 1567 est

524 1597 757 1671 contra,
808 1595 892 1658 sit
937 1596 1292 1659 revocatum
1341 1597 1642 1676 quantum
1687 1594 1752 1657 in
1800 1595 1934 1659 hoc.
1981 1594 2111 1677 Ego
2151 1596 2267 1659 etc.

609 1686 822 1746 Maius
866 1685 1194 1744 consilium.
1240 1684 1689 1744 Luna-Zanclen
1735 1686 1837 1743 list
1879 1686 1978 1757 93,
2026 1704 2067 1744 u
2111 1686 2260 1744 mlet.
2311 1686 2542 1744 arkivu.

870 1873 1225 1955 LXVII.
1299 1872 1505 1955 God.
1562 1874 1790 1956 1284.
1849 1874 1944 1956 21
2001 1873 2316 1975 lipnja‚
2373 1896 2433 1955 u
2489 1872 2883 1955 Mleteiln.

522 2002 736 2062 Knezu
779 2001 1176 2061 zadarskomu
1221 1999 1522 2073 ηαῑοέεπο,
1570 2001 1723 2060 neka
1769 2000 2336 2148 ἀορτιεῗηῖυῖζεοωα
2395 2002 2496 2060 bez
2541 2001 2694 2073 ikoje
2739 1999 3016 2073 zaprieloe
3056 1998 3254 2057 krcati

1582 2106 1793 2147 marva
1841 2106 1914 2148 za
2094 2093 2115 2146 t
2190 2132 2203 2145 .

737 2209 854 2272 Die
903 2207 1203 2290 vigesima
1251 2208 1451 2291 prima
1497 2209 1670 2285 iunii,
1730 2211 1914 2292 capta
1958 2208 2079 2272 fuit
2126 2226 2303 2290 pars:
2369 2207 2530 2290 quod
2578 2207 3008 2273 committatur
3053 2206 3249 2288 preci-

524 2297 746 2381 piendo
794 2297 911 2360 sub
959 2295 1170 2360 debito
1217 2298 1591 2360 sacramenti
1665 2298 1875 2361 comiti
1926 2302 1988 2360 et
2050 2294 2416 2360 consiliariis
2479 2295 2705 2371 Jadre,
2770 2294 2873 2377 qui
2922 2294 3252 2377 permittat

521 2404 736 2449 omnes
774 2383 1052 2448 volentes
1100 2383 1433 2448 conducere
1462 2384 1753 2448 Venetias
1803 2384 2054 2467 bestias
2103 2384 2429 2465 permittat
2478 2388 2613 2461 (sic)
2658 2384 2851 2447 libere
2898 2387 2961 2446 et
3008 2382 3253 2464 integre

522 2473 859 2537 conducere
908 2489 1123 2535 omnes
1172 2471 1335 2549 illos,
1385 2490 1536 2554 quas
1586 2472 1821 2536 vollent
1866 2472 2221 2547 conducere
2293 2490 2413 2535 non
2470 2472 2788 2534 retinendo
2835 2471 2921 2534 ibi
2970 2470 3245 2552 aliquam

524 2562 767 2644 partem
812 2559 885 2622 de
935 2558 1119 2622 dictis
1166 2558 1403 2639 bestiiS,
1453 2578 1594 2623 cum
1642 2560 1909 2638 dicatur,
1960 2557 2121 2641 quod
2169 2559 2298 2640 ipse
2341 2559 2607 2623 retineat
2650 2560 2935 2640 quartam
2988 2558 3249 2639 partem.

520 2649 656 2731 Ego
702 2648 924 2711 Petrus
967 2646 1309 2712 Gradonico
1358 2666 1545 2712 manu
1593 2667 1730 2713 mea
1768 2649 2009 2730 scripsi.

737 2736 869 2818 Ego
918 2734 1152 2799 Paulus
1198 2736 1492 2800 Mudazzo
1543 2755 1728 2800 manu
1776 2754 1917 2800 mea
1964 2734 2201 2817 scripsi.

730 2823 861 2906 Ego
909 2822 1202 2887 Nicolaus
1245 2821 1499 2901 Quirino
1548 2843 1731 2888 manu
1780 2842 1920 2887 mea
1965 2823 2205 2904 scripsi

733 2912 864 2994 Ego
914 2910 1344 2975 Prosdocimus
1392 2911 1664 2976 Falletro
1713 2930 1900 2975 manu
1947 2929 2086 2974 mea
2132 2910 2367 3011 scripsi.

731 2998 866 3080 Ego
913 2998 1290 3081 Raphaynus
1335 2998 1410 3064 de
1459 2999 1767 3064 Caresinis
1816 2999 2095 3062 notarius
2143 3001 2310 3062 curie
2358 2996 2850 3080 suprascriptum
2912 2997 3245 3062 consilium

524 3087 600 3151 de
646 3086 937 3149 mandato
964 3086 1442 3168 prescriptorum
1469 3087 1859 3151 dominorum
1907 3088 1981 3150 ad
2031 3087 2145 3149 hoc
2170 3087 2649 3150 constitutorum
2675 3085 3014 3150 cancellavi
3057 3086 3244 3149 1350.

523 3174 564 3238 3
611 3173 837 3236 martii.

610 3263 825 3322 Maius
869 3264 1199 3322 consilium.
1247 3262 1697 3323 Luna-Zancle)
1744 3264 1845 3323 list
1895 3266 2037 3333 100,
2084 3281 2126 3321 u
2172 3264 2513 3323 mletaffkom
2560 3264 2793 3322 arkivu.

844 3450 1243 3532 LXVIII.
1320 3450 1501 3533 God
1541 3452 1769 3534 1284.
1825 3453 1873 3536 5
1929 3451 2373 3551 kolovoza‚
2401 3457 2498 3554 ‘ux
2543 3452 2936 3534 Mletcih.

529 3577 797 3637 Izabran
840 3575 1134 3648 poslanik,
1181 3577 1261 3634 da
1291 3578 1481 3649 primi
1522 3578 1598 3636 od
1642 3578 1959 3637 nacelnika
1991 3579 2491 3653 jemzolimskoya
2535 3580 2681 3638 reda
2727 3565 2907 3652 njeku
2939 3584 3110 3639 svotu
3139 3581 3254 3640 kao

523 3665 815 3724 naknadu
859 3681 934 3724 za
982 3664 1125 3722 §tete
1160 3666 1475 3738 poc'z'njene
1520 3666 1595 3724 od
1636 3667 1830 3741 istoya
1883 3666 2028 3725 reda
2073 3667 2393 3736 Κνὲαηοηι,
2455 3666 2816 3739 Βαὸζῑαηοηι
2859 3667 2884 3725 i
2929 3668 3163 3743 druyim
3211 3687 3252 3728 u

1097 3751 1284 3826 Senju
1328 3769 1401 3812 za
1436 3754 1758 3826 prodobida
1803 3755 1827 3812 i
1872 3749 2188 3830 upaljenja
2233 3756 2423 3828 istoya
2462 3755 2675 3828 qrada.

736 3872 851 3935 Die
898 3872 1110 3954 quinto
1157 3872 1424 3952 augusti,
1469 3876 1651 3954 capta
1696 3871 1817 3936 fuit
1864 3891 2040 3954 pars:
2088 3875 2243 3955 quod
2292 3874 2516 3938 nobilis
2566 3874 2658 3938 vir
2688 3874 2958 3940 ‚Ioannes
2991 3874 3248 3954 Quirino

526 3960 943 4025 constituatur
989 3960 1264 4036 nuntiuS‚
1313 3959 1585 4023 sindicus
1635 3979 1742 4024 seu
1774 3963 2135 4042 procurator
2174 3981 2283 4043 per
2310 3962 2632 4025 dominum
2666 3963 2883 4026 ducem
2934 3964 2998 4027 et
3044 3965 3246 4029 maius

527 4049 851 4112 consilium
902 4049 1030 4110 tam
1067 4047 1319 4110 ,nomine
1368 4065 1476 4110 suo
1523 4050 1586 4110 et
1632 4049 1978 4111 communis
2010 4048 2434 4124 Venetiarum,
2469 4067 2654 4132 quam
2701 4050 2947 4114 nomine
2979 4069 3268 4132 quorun-'

524 4135 667 4200 dam
720 4136 1128 4198 mercatorum
1158 4133 1554 4212 Venetorum,
1604 4135 2004 4217 Veglensium
2054 4138 2117 4200 et
2162 4137 2535 4201 Arbensium
2570 4155 2901 4220 eorumque
2948 4138 3244 4204 heredum

527 4227 590 4286 et
637 4203 1076 4294 successorum,
1126 4222 1202 4285 ad
1249 4239 1403 4303 quos
1449 4224 1689 4304 spectat
1736 4242 1844 4287 seu
1909 4226 2120 4305 posset
2183 4230 2460 4306 spectare
2509 4223 2827 4308 negotium
2894 4224 3249 4308 infrascrip-

530 4312 685 4386 tum,
735 4310 812 4372 ad
862 4309 1194 4390 petendum
1227 4311 1290 4372 et
1335 4310 1751 4409 recipiendum
1796 4329 1833 4373 a
1870 4311 2203 4375 venerabili
2240 4312 2368 4376 viro
2402 4312 2706 4393 magistro
2750 4312 2976 4376 militie
3024 4314 3245 4397 templi

528 4395 1014 4460 Jerosolimitani
1066 4401 1128 4460 et
1177 4415 1214 4459 a
1259 4401 1561 4461 conventu
1609 4398 1735 4461 sive
1786 4399 2102 4462 mansione
2166 4400 2357 4479 ipsius
2405 4399 2629 4464 militie
2695 4418 2888 4480 usque
2943 4400 3022 4464 ad
3073 4420 3243 4465 sum-

531 4500 694 4545 mam
751 4482 1048 4547 libramm
1113 4486 1377 4566 quinque
1440 4484 1707 4548 millium
1772 4486 1836 4549 et
1912 4485 2310 4550 ducentarum
2393 4486 2833 4551 dannariorum
2884 4489 3243 4553 venetorum

520 4585 851 4651 parvorum
901 4571 977 4632 ad
1026 4588 1289 4652 gross08‚
1353 4590 1505 4654 quos
1548 4571 1695 4636 dare
1759 4575 1824 4638 et
1876 4573 2111 4638 solvere
2177 4575 2463 4638 tenentur
2523 4592 2631 4657 pro
2702 4574 3126 4641 satisfactione
3181 4581 3245 4641 et

531 4656 917 4720 restitutione
963 4658 1391 4739 dampnorum,
1441 4678 1558 4741 que
1605 4660 1753 4724 data
1799 4662 1865 4724 et
1905 4660 2084 4724 illata
2147 4659 2396 4725 fuerunt
2460 4662 2908 4726 mercatoribus
2958 4662 3236 4742 VenetiS‚

530 4742 942 4830 Veglensibus
990 4746 1054 4808 et
1099 4744 1483 4810 Arbensibus
1544 4747 1605 4810 in
1667 4747 1923 4812 civitate
1985 4746 2184 4832 Segne
2247 4749 2397 4813 olim
2459 4750 2742 4832 tempore
2805 4751 3112 4832 captionis
3178 4754 3243 4818 et
