3620 5282
534 343 622 412 24

524 541 725 588 essem
771 522 1025 605 paratus
1073 521 1271 586 dicere
1318 520 1436 587 sibi
1496 518 1686 585 michi
1734 520 2095 599 commissa,*
2154 522 2321 587 idem
2380 510 2695 604 palatinus
2751 539 2957 587 comes
3022 524 3259 627 rediens

524 610 681 676 dixit
730 610 916 675 michi
964 630 1036 675 ex
1076 614 1248 691 parte
1294 606 1528 673 domini
1577 609 1759 690 regis,
1813 610 1973 690 quod
2023 628 2138 674 non
2185 608 2449 674 habeam
2495 628 2603 691 pro
2650 611 2836 688 malo,
2884 611 2937 675 si
2984 630 3101 676 not:
3146 626 3255 690 po·
3308 688 3315 695 ἢ

473 735 481 744 ·
521 701 685 764 16161
730 717 829 762 me
876 698 1088 762 audire
1135 697 1261 759 illis
1309 696 1524 759 diebus
1585 696 1786 760 carnis
1833 697 2034 778 privii,
2101 716 2245 761 nam
2302 698 2573 762 habebat
2625 700 2891 779 nuptias,
2955 701 3021 764 et
3068 713 3255 779 prop-

522 788 693 851 terea
742 786 1014 851 vollebat
1059 785 1287 850 habere
1336 785 1633 848 solacium
1675 786 1738 848 et
1783 784 2074 865 quietem,
2145 787 2242 849 set
2289 786 2489 867 prima
2550 785 2647 851 die
2693 787 2802 851 XL
2848 788 3086 850 omnino
3152 802 3253 847 me

521 873 796 951 audiret;
844 874 941 938 cui
989 873 1236 956 quidem
1284 872 1587 954 respondi,
1637 872 1796 955 quod
1845 873 2132 954 quicquid
2199 872 2483 953 placebat
2542 873 2711 956 regie
2772 871 3096 950 maiestati,
3164 872 3256 935 ita

520 961 810 1045 placebat
857 965 919 1025 et
964 961 1173 1037 michi,
1223 964 1318 1023 set
1358 962 1654 1041 rogabam
1702 979 1863 1038 enm,
1932 960 2090 1043 quod
2152 961 2363 1025 taliter
2425 966 2801 1043 procuraret,
2869 959 3024 1044 quod
3087 959 3254 1023 dicta

521 1050 618 1113 die
665 1049 949 1113 ordinata
996 1068 1095 1112 me
1142 1046 1401 1112 audiret.
1451 1048 1534 1111 Et
1580 1047 1716 1125 fuit,
1766 1046 2012 1111 domino
2061 1049 2164 1127 mi,
2217 1050 2303 1113 ita
2351 1049 2438 1112 rei
2498 1050 2749 1126 veritaS,
2810 1045 2964 1133 quod
3032 1047 3253 1112 habuit

520 1136 772 1218 nupcias
819 1135 1068 1218 quidam
1115 1134 1246 1199 eius
1294 1137 1623 1217 propinqus
1671 1155 1742 1199 ex
1791 1138 1983 1216 parte
2012 1136 2247 1215 matriS,
2297 1136 2403 1219 qui
2452 1140 2706 1203 vocatur
2755 1135 3107 1212 Cheserzch,
3159 1136 3251 1199 vi-

521 1221 744 1288 delicet
791 1223 950 1305 quod
996 1223 1286 1286 conduxit
1346 1241 1614 1287 uxorem.
1675 1225 1864 1287 Facta
1930 1226 2136 1288 autem
2203 1224 2398 1306 prima
2457 1224 2554 1288 die
2601 1225 2711 1290 XL
2773 1223 2851 1286 flii
2930 1224 3005 1286 ad
3056 1222 3251 1303 ipsius

517 1312 922 1395 presenciam,
972 1311 1090 1389 cui,
1139 1310 1368 1374 litteris
1416 1312 1636 1375 vestris
1684 1312 2069 1375 credulitatis
2122 1312 2496 1393 presentatis
2559 1315 2624 1376 et
2684 1311 2842 1377 fecta
2899 1309 3246 1374 honorabili

519 1400 584 1463 et
628 1398 869 1463 decenti
917 1398 1294 1463 salutacione
1344 1402 1515 1479 parte
1567 1399 1758 1463 vestri
1805 1397 2082 1475 dominii,
2143 1400 2267 1464 dixi
2316 1400 2436 1464 sibi
2498 1419 2587 1474 ea,
2693 1417 2764 1462 66
2826 1397 3014 1463 michi
3080 1416 3253 1462 com-

518 1487 714 1551 missa
760 1485 1009 1551 fuerunt
1055 1506 1160 1567 per
1208 1488 1480 1551 vestrum
1527 1485 1891 1563 dominium,
1942 1490 2005 1551 et
2052 1489 2249 1569 primo
2318 1420 2841 1567 videlicetguper
2889 1485 3250 1567 requisicio-

517 1574 698 1638 nibus
746 1576 875 1638 suis
924 1575 999 1639 de
1045 1574 1206 1639 facto
1251 1574 1498 1638 Terami
1548 1576 1621 1638 de
1668 1574 2473 1658 TarssiaJustinopolitani
2522 1578 2585 1639 et
2620 1588 2875 1637 suorum
2923 1575 3250 1650 sociorum,

516 1663 782 1745 qualiter
828 1681 932 1727 vos
979 1665 1257 1744 optantes
1305 1681 1452 1744 pure
1514 1663 1577 1726 et
1646 1665 1813 1727 recte
1876 1682 2015 1727 cum
2080 1664 2248 1728 omni
2311 1662 2662 1728 sinceritate
2728 1680 2974 1725 servare
3037 1680 3249 1742 pacem

516 1752 581 1814 et
622 1751 910 1814 contenta
957 1751 1018 1814 in
1067 1768 1158 1826 ea,
1207 1768 1416 1813 omnes
1450 1767 1771 1832 processus
1809 1751 2006 1815 factos
2040 1754 2255 1816 contra
2272 1746 2865 1817 dictum‘Teramum
2911 1752 2973 1812 et
3007 1748 3250 1831 aliquos

515 1838 669 1903 alios
717 1839 790 1901 de
836 1838 1026 1902 Istria
1072 1838 1389 1902 ocoaxione
1434 1837 1798 1902 adherencie
1862 1837 2024 1903 facte
2089 1839 2227 1917 sibi,
2302 1838 2501 1921 parati
2567 1836 2756 1901 eratis
2815 1856 3117 1913 revocare,
3189 1838 3254 1902 et

515 1927 681 2009 ipsos
726 1925 1052 1990 restituere
1095 1928 1159 1990 et
1203 1927 1471 1991 tractare
1518 1926 1649 1991 tam
1697 1926 1759 1989 in
1807 1927 2080 2007 personis
2128 1948 2312 2010 quam
2364 1927 2423 1990 in
2456 1926 2630 1990 bonis
2667 1926 2794 1989 suis
2842 1925 2904 1988 in
2952 1942 3023 1989 eo
3077 1928 3253 1989 statu

516 2016 580 2078 et
624 2012 1104 2090 condicionibuS,
1151 2014 1372 2094 quibus
1422 2013 1855 2078 tractabantur
1924 2018 2068 2079 ante
2119 2014 2503 2080 aderenciam
2528 2013 2966 2088 'antedictam
3029 2015 3092 2077 et
3161 2013 3253 2076 sic

516 2121 590 2166 ex
633 2120 794 2165 nunc
839 2101 1294 2165 mandaveratis
1341 2102 1639 2184 potestati
1685 2104 1889 2166 vestro
1935 2101 1978 2166 J
1986 2103 2366 2185 ustinopolis,
2428 2101 2592 2183 quod
2639 2101 2860 2165 debeat
2925 2100 3252 2166 inviolabi-

516 2188 662 2253 liter
709 2190 1069 2265 observare3
1119 2190 1220 2271 qui
1276 2190 1525 2271 quidem
1569 2190 1856 2253 dominus
1895 2210 1997 2253 rex
2033 2192 2175 2255 nulo
2220 2191 2397 2255 modo
2446 2191 2685 2270 poterat
2730 2191 2803 2252 de
2849 2189 2971 2252 hiis
3026 2190 3253 2253 habere

513 2275 896 2354 memoriam,
945 2279 1042 2342 set
1086 2276 1354 2341 finaliter
1400 2279 1652 2342 reducta
1684 2279 2003 2354 memoria,
2056 2278 2232 2343 valde
2264 2272 2493 2361 placuit
2534 2277 2674 2341 sibi.
2723 2278 2813 2339 De
2846 2276 3009 2340 facto
3038 2278 3250 2340 autem

515 2364 748 2429 Guerre
797 2364 1242 2430 Castrifranchi
1292 2368 1355 2429 ot
1398 2365 1515 2429 filii
1575 2365 1674 2429 sui
1735 2366 1910 2443 dixit,
1973 2369 2133 2449 quod
2199 2366 2248 2430 si
2318 2366 2436 2429 iste
2484 2368 2650 2429 esset
2698 2367 2771 2428 de
2817 2365 3064 2429 casibus
3106 2381 3251 2428 con-

512 2452 704 2516 tentis
749 2452 814 2515 in
860 2471 1031 2535 pace,
1079 2452 1300 2518 essetis
1347 2453 1633 2536 dispositi
1684 2452 1882 2518 facere
1939 2457 2002 2517 et
2062 2455 2378 2535 disponere
2439 2453 2514 2516 de
2576 2452 2684 2529 eie,
2754 2452 2917 2516 sicut
2972 2451 3048 2517 de
3108 2452 3251 2516 aliis

513 2539 772 2618 fecistiS,
832 2541 925 2604 set
984 2540 1091 2605 isti
1155 2540 1326 2604 nullo
1380 2541 1561 2606 modo
1627 2546 1885 2621 possunt
1948 2542 2066 2605 dici
2128 2544 2201 2607 de
2257 2540 2696 2605 adherentibus
2753 2544 2817 2603 et
2880 2540 3251 2621 sequacibus

513 2627 664 2707 suiS,
729 2645 876 2692 nam
944 2647 1052 2709 per
1114 2627 1526 2695 confessiones
1590 2649 1839 2694 suorum
1890 2631 2216 2704 sociorum,
2267 2629 2372 2712 qui
2433 2628 2681 2693 fuerunt
2728 2627 3071 2705 iustificati,
3145 2628 3250 2691 de·

511 2716 1019 2780 monstrabantur
1077 2715 1239 2780 clare
1300 2717 1390 2781 sic
1448 2738 1580 2782 esse
1639 2717 1727 2781 rei
1797 2719 2055 2796 veritas,
2129 2719 2271 2801 quia
2339 2720 2644 2782 tractatus
2706 2719 2839 2781 erat
2917 2716 3082 2780 inter
3147 2734 3250 2780 eos

512 2803 896 2868 solummodo
943 2805 1297 2868 extrahendi
1346 2808 1625 2869 castrum
1687 2806 1751 2869 et
1822 2805 2021 2869 locum
2070 2805 2515 2870 Castrifranchi
2576 2805 2651 2868 de
2709 2804 2997 2869 manibus
3059 2802 3250 2869 vestri

511 2892 789 2967 dominii,
837 2896 901 2955 et
948 2892 1008 2955 in
1056 2911 1120 2956 se
1168 2911 1239 2956 ac
1286 2912 1393 2975 pro
1443 2911 1508 2956 se
1555 2894 1687 2957 met
1731 2893 1883 2975 ipsis
1948 2894 2231 2969 retinere,
2292 2893 2525 2957 nullam
2576 2891 2951 2956 mencionem
3019 2891 3254 2974 agendo

513 2979 587 3043 de
634 2979 882 3043 domino
927 2999 1069 3061 rege
1119 2999 1228 3043 nec
1277 2983 1349 3046 de
1397 2981 1708 3063 aliquibus
1756 2983 1906 3057 6616,
1951 2983 2014 3044 61
2061 2983 2380 3062 propterea
2427 2998 2546 3044 non
2595 2979 2972 3043 tenebamini
3034 2998 3253 3043 secun-

510 3066 657 3130 dum
721 3068 983 3130 formam
1048 3070 1233 3149 pacis,
1301 3068 1460 3132 unde
1512 3068 1809 3133 maiestas
1866 3087 1979 3133 sua
2039 3069 2307 3133 debebat
2365 3087 2472 3132 vos
2520 3069 2582 3131 in
2628 3066 2740 3132 hac
2804 3069 2975 3148 parte
3026 3067 3251 3131 habere

508 3154 827 3236 legiptime
872 3156 1211 3220 excusatos,
1281 3156 1454 3220 Tunc
1499 3155 1809 3239 palatinus
1872 3175 2075 3220 comes
2144 3155 2476 3237 hungarico
2539 3153 2628 3219 fui
2693 3155 2940 3238 loqutus
3002 3153 3251 3219 domino

510 3242 662 3322 regi,
714 3244 778 3305 et
822 3240 1107 3306 dominus
1161 3261 1265 3305 rex
1326 3243 1514 3305 michi
1562 3243 1778 3307 retulit
1839 3245 2079 3308 dicens:
2140 3243 2424 3306 dominus
2488 3243 2797 3324 palatinus
2858 3242 3028 3317 dicit,
3089 3243 3247 3323 quod

512 3328 816 3392 tractatus
861 3328 979 3392 iste
1027 3329 1159 3411 ipse
1208 3331 1339 3392 met
1370 3329 1637 3394 faciebat
1683 3338 1746 3394 et
1776 3333 2166 3396 ordinaverat
2198 3350 2337 3394 cum
2391 3331 2515 3405 eis;
2565 3350 2748 3412 super
2790 3329 3014 3413 quibus
3050 3330 3251 3393 multa

511 3418 576 3480 et
623 3414 822 3480 multa
869 3416 1034 3480 dicta
1094 3415 1346 3481 fuerunt
1392 3437 1501 3500 per
1549 3436 2045 3501 unamquamque
2078 3420 2320 3498 partem
2371 3435 2481 3500 pro
2526 3420 2591 3482 et
2638 3422 2870 3496 contra,
2920 3437 3039 3500 que
3068 3417 3255 3499 longa

512 3505 720 3568 essent
770 3502 1111 3582 scribenda,
1162 3507 1258 3568 set
1303 3507 1480 3588 quasi
1526 3505 1590 3569 in
1637 3507 2023 3573 conclusione
2072 3507 2360 3570 dominus
2407 3525 2514 3570 rex
2559 3505 2736 3585 dixit,
2783 3506 2834 3569 si
2884 3524 3000 3569 non
3039 3504 3249 3582 vultiS,

513 3592 669 3674 quod
718 3591 951 3655 intrent
996 3592 1283 3658 civitates
1330 3596 1393 3658 et
1437 3594 1591 3671 loca,
1641 3594 1853 3659 saltim
1902 3593 2319 3659 restituantur
2369 3594 2528 3658 bona
2573 3612 2706 3670 sua,
2772 3595 2842 3657 ut
2909 3592 3119 3675 posint
3164 3592 3251 3655 vi·

512 3698 672 3758 vere,
723 3697 865 3742 nam
915 3678 1069 3743 bene
1118 3679 1267 3761 scio,
1316 3683 1470 3763 quod
1524 3681 1684 3745 male
1732 3687 1989 3763 possunt
2037 3685 2201 3747 stare
2248 3683 2585 3763 proditores
2635 3700 2775 3746 cum
2839 3679 3035 3755 1161116,
3106 3679 3256 3761 quia

511 3785 632 3832 non
680 3765 909 3832 debent
954 3768 1196 3851 placere
1243 3769 1588 3851 proditores
1635 3769 1823 3834 alicui
1868 3770 2043 3847 bono,
2094 3788 2205 3833 nec
2254 3767 2438 3832 michi
2475 3788 2612 3832 vere
2661 3768 2941 3850 placent;
2993 3770 3057 3831 et
3086 3766 3252 3831 facta

513 3856 724 3938 perinc
770 3855 1010 3920 decenti
1056 3856 1450 3939 responsione
1497 3857 1900 3921 substinendo
1946 3858 2040 3921 ius
2093 3860 2390 3934 vestrum,
2448 3856 2511 3920 in
2570 3858 2882 3937 quandum
2943 3855 3127 3920 scivit
3188 3858 3255 3919 et

511 3942 797 4026 cognovit
826 3962 1002 4009 meus
1033 3944 1323 4026 parvulus
1357 3945 1728 4022 intellectus,
1778 3944 1910 4026 ipse
1936 3945 2023 4010 sic
2056 3944 2412 4009 antedicens
2444 3944 2748 4008 conclusit
2779 3946 2841 4009 et
2880 3943 3068 4008 dixit:
3106 3961 3252 4025 ergo

516 4032 762 4096 dimitto
805 4032 970 4095 istud
1018 4049 1201 4113 super
1246 4032 1432 4096 fidem
1477 4034 1541 4095 et
1600 4032 2043 4096 conscienciam
2105 4032 2339 4098 domini
2407 4030 2595 4096 vestri
2653 4031 2915 4095 domini·
2953 4032 3126 4096 ducis
3189 4034 3254 4095 et

512 4119 878 4198 communiS,
928 4117 1030 4183 cui
1076 4118 1219 4184 dedi
1264 4118 1744 4200 responsionem,
1793 4121 1864 4183 ut
1905 4121 2111 4184 decuit
2154 4140 2262 4202 pro
2310 4122 2515 4186 vestra
2578 4118 2940 4183 intencione.
2991 4120 3250 4200 Insuper

514 4206 764 4271 domine
813 4207 899 4271 mi
942 4206 1087 4285 dixi,
1136 4206 1404 4290 qualiter
1452 4208 1945 4288 presentaveram
1998 4208 2243 4272 litteras
2306 4228 2446 4273 suas
2504 4207 2706 4271 banno
2770 4225 2880 4271 suo
2928 4206 3252 4271 Dalmacie

518 4311 697 4374 super
740 4293 906 4359 facto
951 4294 1376 4360 extimacionis
1438 4294 1891 4376 possessionum
1938 4296 2312 4360 Venetorum
2376 4296 2779 4360 existencium
2842 4294 2905 4358 in
2952 4294 3130 4358 Nona
3190 4296 3254 4356 et

518 4377 712 4444 Jadra
758 4383 822 4445 et
868 4382 1266 4448 restitucione
1310 4383 1608 4447 bonorum
1656 4381 1884 4447 Marini
1948 4383 2021 4447 de
2070 4382 2374 4448 Canaruto
2437 4384 2501 4446 et
2547 4382 2711 4446 Zone
2773 4383 2847 4446 de
2897 4381 3125 4457 Pizolo,
3190 4381 3255 4444 et

518 4466 678 4546 quod
739 4486 920 4550 super
981 4469 1144 4535 facto
1205 4470 1628 4535 extimacionis
1689 4473 2141 4552 possessionum
2203 4472 2385 4535 datus
2447 4469 2651 4535 fuerat
2712 4472 2858 4535 ordo
2918 4467 3249 4534 extimandi

520 4552 718 4633 prima
762 4554 1073 4622 dominica
1117 4557 1245 4622 XL.
1305 4556 1497 4640 Super
1545 4577 1685 4624 vero
1750 4558 2148 4622 restitucione
2207 4558 2504 4622 bonorum
2556 4557 2783 4622 Marini
2826 4557 2901 4621 de
2948 4555 3253 4622 Canaruto

523 4639 769 4703 narravi
817 4642 936 4707 sibi
984 4646 1243 4727 puntum
1295 4644 1651 4727 parcialiter
1716 4643 2098 4710 neccessaria
2144 4646 2448 4709 narranda
2505 4647 2694 4727 atque
2739 4645 3128 4727 excepciones
3190 4646 3255 4706 et

524 4724 944 4806 opposiciones
990 4730 1135 4796 bani
1179 4731 1297 4811 sui,
1347 4731 1637 4798 videlicet
1677 4733 1839 4816 quod
1869 4732 2112 4815 quando
2144 4750 2350 4798 comes
2396 4731 2731 4816 Gregorius
2772 4731 2973 4798 fuerat
3014 4732 3253 4813 captus,
