3620 5282
851 304 877 327 Ι

3053 359 3137 424 47

401 534 666 598 nnerunt
710 552 850 597 eum
897 536 1278 596 carceratum
1346 532 1543 596 tribus
1608 532 1924 596 mensibus
1972 533 2037 596 et
2107 533 2290 596 ultra.
2355 532 2434 596 Et
2497 531 2657 614 quod
2723 532 3136 615 vituperosius

399 625 496 684 est
538 625 602 684 et
647 621 826 684 nobis
877 620 1357 701 importabilius,
1405 622 1617 685 tenent
1663 622 1740 684 ad
1786 622 2017 684 dictam
2068 620 2322 685 buccam
2358 618 2604 685 Cathari
2656 639 2843 684 unam
2891 619 3133 702 galeam

398 712 729 784 armatam,
792 711 855 771 et
917 710 1161 773 tentant
1221 709 1429 772 omnia
1493 708 1737 790 navigia
1799 709 2012 773 euntia
2072 712 2135 772 et
2198 708 2521 773 redeuntia
2580 710 2710 771 tam
2762 708 3136 773 Venetorum

396 815 579 877 quam
627 796 892 860 aliorum
927 800 988 859 et
1036 797 1329 860 similiter
1375 796 1654 859 homines
1704 802 1833 859 tam
1885 796 2153 859 Venetos
2200 814 2388 879 quam
2421 795 2596 871 alios,
2649 798 2898 859 utentes
2935 796 3141 878 turpia

397 882 696 949 vocabula
737 887 802 949 et
843 883 1233 965 ineptissima
1279 886 1464 948 verba
1511 902 1657 966 erga
1717 888 1957 948 nostros
2021 890 2234 948 contra
2298 883 2577 947 nostrum
2649 882 2963 960 honorem,
3029 903 3139 947 nec

395 972 480 1035 sit
513 972 923 1036 tollerandum
973 971 1251 1049 ulterius,
1300 971 1541 1053 quando
1591 973 1891 1036 habeatur
1937 988 2146 1036 eorum
2201 971 2481 1047 intentio,
2529 972 2688 1054 quod
2728 970 2935 1035 dictus
2983 990 3144 1035 nun·

398 1061 526 1123 tius
574 1059 861 1124 recedens
903 1078 940 1123 a
988 1061 1142 1123 bano
1189 1078 1328 1123 cum
1391 1076 1481 1138 ee,
1532 1061 1690 1142 quod
1755 1059 2064 1135 habuerit,
2131 1061 2330 1142 primo
2393 1059 2543 1123 dat-a
2609 1059 2781 1123 nobis
2847 1059 3143 1123 informa-

399 1146 567 1211 tione
611 1167 718 1229 per
764 1148 1008 1211 litteras
1057 1165 1199 1211 suas
1242 1147 1314 1210 de
1363 1166 1449 1226 eo,
1499 1148 1660 1229 quod
1708 1146 1995 1211 habuerit
2035 1148 2113 1211 ab
2161 1148 2294 1228 ipso
2331 1147 2506 1223 bane,
2549 1148 2732 1212 vadat
2765 1146 3136 1229 Ragusium,

399 1253 662 1318 gravans
709 1254 774 1299 se
823 1253 1006 1317 quam
1056 1233 1194 1316 plns
1242 1234 1469 1316 poterit
1509 1240 1640 1299 tam
1688 1234 1763 1297 de
1812 1234 1980 1317 ligno
2028 1235 2180 1316 ips0‚
2227 1234 2390 1317 quod
2437 1234 2561 1299 fuit
2615 1236 2691 1299 ad
2771 1234 3137 1317 capiendum

399 1324 755 1401 conduram‚
803 1322 1105 1386 narrando
1152 1322 1271 1385 sibi
1322 1323 1571 1386 modum
1620 1326 1862 1386 tentum
1912 1341 2019 1403 per
2056 1324 2215 1404 ipsos
2248 1323 2307 1386 in
2343 1324 2638 1404 capiendo
2674 1323 3136 1388 ambaxatorem

402 1413 700 1487 nostrum,
730 1416 792 1474 et
827 1409 1200 1475 verberando
1234 1411 1618 1488 marinarios,
1655 1415 1722 1473 ut
1762 1410 2169 1492 premittitur,
2204 1429 2387 1492 quam
2426 1411 2619 1474 etiam
2653 1411 2725 1474 de
2758 1410 2958 1475 danno
2990 1410 3137 1474 dato

404 1498 569 1562 dicto
614 1496 924 1562 Scaiolino
973 1502 1036 1562 et
1084 1499 1155 1562 de
1208 1499 1384 1562 modo
1449 1497 1804 1562 carcerandi
1873 1498 2108 1562 dictum
2176 1503 2638 1579 procuratorem
2705 1498 2918 1580 ipsius,
2978 1499 3140 1562 acci-

406 1585 624 1667 piendo
671 1587 789 1650 sibi
837 1590 1043 1649 cartas
1089 1604 1230 1650 suas
1278 1588 1342 1650 et
1387 1584 1512 1649 alia
1559 1605 1671 1649 sua
1721 1586 1873 1661 iura,
1923 1587 1986 1649 et
2032 1586 2103 1649 de
2150 1585 2433 1650 omnibus
2496 1586 2638 1650 aliis
2689 1585 2910 1650 damnis
2979 1587 3139 1650 datis

405 1677 533 1737 tam
584 1676 644 1737 in
691 1676 900 1737 nostro
945 1675 1255 1737 communi
1305 1692 1486 1756 quam
1537 1675 1597 1737 in
1637 1673 2028 1753 specialibus,
2079 1675 2142 1737 et
2188 1675 2360 1755 petat
2396 1673 2883 1738 satisfactionem
2928 1692 3137 1739 eorum

406 1760 684 1825 omnium
726 1779 865 1825 cum
918 1762 1287 1844 integnitate
1334 1764 1398 1825 et
1447 1761 1877 1825 reformatione
1924 1761 2233 1825 dictarum
2283 1762 2628 1825 novitatum
2678 1766 2739 1825 et
2772 1761 3138 1825 iniuriarum

409 1849 580 1913 nobis
642 1856 705 1913 et
768 1851 995 1913 nostris
1057 1849 1396 1913 illatarum.
1465 1850 1547 1914 Et
1607 1850 1658 1912 si
1720 1847 2209 1912 satisfactionem
2257 1854 2321 1913 et
2390 1849 2884 1913 reformationem
2937 1851 3136 1931 ipsam

409 1936 640 2019 poterit
678 1937 973 2013 obtinere,
1024 1937 1175 2000 bene
1223 1935 1494 2019 quidem,
1537 1937 1632 2000 sin
1679 1939 1907 2012 autem,
1958 1939 2355 2018 protestetur,
2403 1942 2465 2000 et
2514 1938 2571 2000 in
2618 1937 2784 2001 omni
2824 1955 2967 2001 casu
3002 1937 3141 2000 inde

413 2024 661 2088 recedat
708 2027 772 2088 et
818 2024 1105 2088 informet
1153 2042 1261 2087 nos
1302 2043 1409 2105 per
1471 2024 1713 2088 litteras
1775 2043 1919 2088 suas
1990 2025 2064 2088 de
2112 2026 2414 2089 omnibus.
2481 2027 2561 2090 Et
2622 2044 2764 2087 cnm
2828 2024 3138 2096 omnibus,

412 2130 527 2194 que
586 2112 893 2189 habuerit,
967 2113 1152 2176 vadat
1218 2112 1294 2176 ad
1342 2112 1656 2176 dominum
1722 2130 1931 2193 regem
1991 2112 2280 2195 Ungerie,
2345 2130 2462 2194 qno
2524 2114 2795 2176 salutato
2856 2114 3141 2176 decenter

414 2220 520 2282 pro
577 2202 754 2282 parte
816 2202 1045 2277 nostra,
1105 2203 1367 2281 exponat
1429 2199 1546 2264 sibi
1610 2199 1889 2263 ordinate
1947 2218 2159 2263 omnes
2223 2202 2386 2282 ipsas
2448 2202 2763 2282 querelae,
2825 2200 3137 2282 gravando

413 2288 642 2351 factum
690 2291 991 2370 quantum
1045 2288 1182 2369 plus
1232 2288 1476 2369 poterit,
1521 2290 1582 2350 et
1632 2292 1836 2353 narret
1883 2289 2131 2352 modum
2180 2290 2426 2352 tentum
2476 2307 2582 2369 per
2630 2305 2737 2351 nos
2804 2291 2873 2352 de
2935 2287 3140 2369 requi-

412 2374 739 2439 sitionibus
786 2376 965 2439 factis
1013 2379 1144 2438 tam
1193 2376 1438 2439 domino
1480 2376 1633 2439 bano
1681 2394 1863 2456 quam
1914 2376 2238 2457 Raguseis‚
2288 2379 2353 2439 et
2395 2377 2815 2457 responsiones
2848 2394 3010 2440 suas.
3058 2375 3142 2438 Et

414 2463 752 2528 ultimatim
802 2467 976 2545 roget
1020 2463 1224 2545 ipsum
1273 2464 1584 2527 domiuum
1631 2482 1861 2545 regem,
1906 2468 2057 2545 quot
2092 2465 2379 2545 dignetur
2424 2482 2606 2545 snper
2667 2463 2788 2527 hiis
2850 2462 3139 2528 omnibus

415 2551 627 2614 taliter
670 2551 1009 2633 providere,
1077 2552 1236 2632 quod
1306 2551 1389 2614 sit
1456 2551 1644 2615 honor
1714 2570 1881 2628 suus,
1952 2550 2111 2632 quod
2162 2551 2356 2615 forma
2404 2552 2569 2633 pacis
2615 2551 2779 2616 inter
2828 2552 3029 2633 ipsum
3077 2555 3141 2616 et

415 2656 525 2704 nos
564 2638 738 2721 juste
785 2643 849 2703 et
893 2639 1037 2704 hinc
1081 2639 1222 2704 inde
1271 2640 1466 2704 iurate
1514 2637 1958 2703 inviolabiliter
2003 2640 2361 2705 observetur
2410 2660 2514 2721 per
2561 2656 2724 2718 suoS,
2798 2641 2887 2704 sic
2934 2640 3142 2705 obser·

399 2728 547 2798 ,vari
597 2727 975 2792 intendimus
1015 2747 1122 2812 per
1170 2745 1278 2791 nos
1321 2731 1385 2791 et
1429 2732 1688 2802 nostros,
1740 2730 1804 2790 et
1848 2728 2011 2810 quod
2068 2747 2193 2804 noS‚
2257 2746 2518 2810 quorum
2585 2730 2774 2793 honor
2839 2727 3143 2810 multipli-

414 2815 569 2878 citer
614 2814 776 2880 lesus
824 2817 937 2892 est,
987 2816 1297 2879 mediante
1345 2816 1475 2880 eius
1522 2815 1765 2878 iustitia
1797 2834 2044 2879 oausam
2080 2815 2415 2879 habeamus
2450 2816 2667 2880 merito
2699 2816 3163 2891 contentandi3-

416 2903 560 2983 quia
633 2903 760 2966 deo'
808 2906 966 2966 teste
1023 2904 1282 2966 intentio
1355 2908 1562 2966 nostra
1625 2904 1723 2966 est
1784 2904 2009 2967 nedum
2070 2922 2188 2967 non
2249 2902 2506 2967 deficere
2560 2903 2678 2967 sibi
2740 2906 2805 2968 et
2867 2904 2996 2968 suis
3066 2904 3143 2967 de

418 2989 756 3071 promissiS‚
807 2992 913 3055 sed
960 2991 1150 3055 etiam
1196 2992 1392 3054 eidem
1439 2991 1502 3054 in
1550 2990 1855 3068 omnibuS,
1905 3009 2021 3071 qne
2068 3010 2177 3072 per
2223 3009 2327 3054 nos
2377 2991 2627 3054 honeste
2673 2991 2805 3055 fieri
2868 2994 3142 3073 possent,

416 3077 829 3141 amicabiliter
897 3079 1314 3161 complacere;
1360 3098 1496 3142 curn
1547 3078 1667 3141 hiis
1714 3085 1776 3140 et
1816 3078 1957 3141 aliis
2004 3078 2209 3142 verbis
2258 3078 2537 3142 dulcibus
2580 3081 2645 3142 et
2675 3079 2976 3162 benigniS‚
3026 3100 3143 3162 que

415 3165 821 3230 dominationi
883 3167 1255 3231 videbuntur
1319 3166 1438 3230 sibi
1503 3166 1893 3248 imponenda.
1961 3165 2392 3248 Intelligend0‚
2455 3168 2612 3247 quod
2677 3165 2740 3230 in
2811 3186 2975 3246 casu,
3025 3186 3144 3250 quo

417 3251 621 3317 dictus
672 3254 922 3318 nuntius
970 3254 1169 3318 iturus
1219 3273 1332 3318 non
1383 3255 1684 3318 invenerit
1729 3254 1955 3318 banum
2003 3253 2067 3316 in
2100 3255 2319 3329 eundo,
2368 3271 2483 3318 non
2521 3254 2789 3318 induciet
2820 3259 3145 3338 propterea

416 3341 583 3404 viam
617 3359 815 3417 suam,
865 3342 971 3405 sed
1003 3341 1234 3405 directe
1279 3341 1463 3405 vadat
1498 3361 1704 3405 versus
1749 3342 2106 3424 Ragusium,
2156 3344 2220 3406 et
2250 3342 2590 3423 adimpleat
2630 3341 2749 3406 sibi
2789 3344 3140 3408 commissa.

417 3427 502 3491 Et
544 3428 608 3491 in
657 3429 875 3507 reditu,
926 3430 977 3494 si
1024 3429 1295 3494 inveniet
1340 3430 1576 3493 dictum
1627 3431 1874 3505 benum,
1909 3430 2173 3511 exponat
2217 3429 2355 3503 sibi,
2406 3449 2522 3511 qne
2555 3447 2742 3512 supra
2775 3432 2939 3496 dicta
2975 3435 3141 3496 sunt.

418 3513 484 3579 Si
532 3533 676 3580 vero
722 3535 841 3580 non
888 3519 1053 3580 esset
1098 3517 1161 3580 in
1207 3516 1335 3581 illis
1381 3518 1683 3599 partibus,
1732 3518 1877 3599 quia
1923 3517 2119 3581 fertur
2165 3518 2325 3600 quod
2374 3517 2557 3581 iverit
2616 3518 2679 3581 in
2728 3520 3147 3604 Hungariam,

418 3605 682 3684 exponat
727 3622 912 3686 supra
957 3604 1142 3681 diota,
1191 3605 1294 3668 nbi
1344 3623 1484 3668 eum
1535 3605 1825 3669 inveniet.
1875 3604 1977 3683 20,
2030 3604 2134 3668 23.

626 3726 826 3792 Nota:
874 3728 1034 3810 quod
1083 3726 1473 3809 infrascripta
1510 3727 1628 3792 duo
1663 3728 1953 3809 capitula,
2002 3728 2283 3792 consulta
2316 3747 2423 3811 per
2470 3728 2818 3807 dominum,
2863 3730 3150 3794 consilia-

419 3812 554 3914 rios.
594 3819 657 3879 et
710 3816 1135 3968 capita,bdata
1196 3817 1446 3881 fuerunt
1508 3816 1567 3878 in
1630 3816 2055 3880 commissione
2102 3815 2369 3881 Johanni
2424 3818 2729 3882 Bernardo
2787 3818 2975 3883 misso
3022 3818 3146 3882 Ra-

418 3919 664 3986 gnsium
713 3906 776 3967 et
820 3906 896 3967 ad
988 3922 1192 3968 anum.

630 4009 906 4089 Exponat
951 4009 1138 4073 etiam
1189 4011 1347 4073 idem
1398 4009 1672 4074 notarius
1720 4011 2059 4076 novitatem
2106 4011 2334 4076 factam
2385 4032 2491 4094 per
2538 4012 2703 4094 ipsos
2753 4012 2828 4077 de
2864 4011 3139 4096 Ragusio

417 4096 483 4160 in
531 4097 876 4161 retencione
922 4098 1143 4163 barche
1189 4117 1287 4161 ser
1334 4098 1511 4161 Pauli
1567 4096 1843 4177 Quirino,
1892 4118 2077 4180 quam
2126 4101 2420 4164 mittebat
2453 4100 2809 4175 Catharum,
2858 4104 2922 4165 et
2967 4120 3146 4184 agra-

418 4185 522 4248 vet
569 4182 799 4248 factum
847 4204 984 4249 cum
1033 4185 1232 4250 verbis
1277 4185 1657 4262 decentibus,
1707 4188 1770 4252 et
1818 4190 2116 4268 procuret,
2166 4187 2326 4270 quod
2386 4188 2699 4253 relaxetur
2750 4189 2816 4252 et
2884 4190 3143 4271 permit-

417 4272 593 4337 tatur
639 4272 727 4336 ire
774 4273 848 4336 ad
896 4272 1057 4336 viam
1105 4291 1300 4351 suam,
1351 4276 1413 4337 et
1452 4273 1611 4356 quod
1654 4273 1729 4338 de
1773 4277 1977 4339 cetero
2023 4274 2249 4339 similis
2294 4275 2538 4340 novitas
2588 4278 2810 4340 cesset.

632 4395 933 4462 Similiter
979 4398 1030 4461 si
1075 4395 1399 4474 inveniret,
1449 4397 1609 4480 quod
1656 4416 1762 4478 per
1806 4397 2121 4481 Raguseos
2168 4398 2264 4462 vel
2311 4397 2485 4479 galee
2549 4400 2660 4462 aut
2722 4398 2972 4482 navigia
3035 4418 3146 4464 sua

418 4484 958 4549 committerentur
1003 4485 1102 4549 vel
1150 4486 1386 4560 fierent,
1439 4504 1544 4549 seu
1593 4484 1754 4550 facta
1799 4487 2014 4549 essent
2056 4485 2264 4568 aliqua
2311 4486 2577 4549 indebite
2623 4488 2836 4550 contra
2878 4489 3143 4564 nostros,

425 4571 491 4635 in
536 4588 658 4637 non
703 4572 1117 4654 permittendo
1167 4574 1254 4638 ire
1301 4573 1399 4636 vel
1446 4573 1643 4636 redire
1689 4573 1880 4638 libere
1921 4576 2131 4636 nostra
2179 4572 2426 4654 navigia
2493 4573 2590 4638 vel
2657 4574 2842 4637 aliter
2905 4593 3143 4658 quoquo

420 4658 624 4738 modo,
675 4661 931 4742 agravet
975 4660 1231 4738 factum,
1297 4665 1359 4724 et
1425 4662 1710 4742 procuret
1769 4659 2271 4725 reformationem
2324 4663 2388 4722 et
2443 4661 2849 4725 cessationem
2912 4679 3142 4733 earum,

420 4745 587 4811 sicut
629 4765 741 4831 pro
785 4748 1012 4814 honore
1059 4749 1268 4814 nostro
1315 4747 1540 4814 viderit
1580 4747 1922 4814 convenire.
