3620 5282
502 325 632 393 250

833 502 1259 587 CCCLIX.
1315 504 1520 588 God.
1577 504 1801 589 1388.
1855 508 1909 589 4
1964 505 2328 606 svibnja,
2382 526 2442 586 u
2495 503 2883 587 Mletcih.

499 633 833 707 Republika
880 633 1033 691 trabi
1077 632 1156 690 da
1202 633 1446 706 saznaje
1466 677 1479 702 ‚
1513 633 1661 705 jada
1708 633 1753 691 li
1800 635 1867 706 je
1913 634 2118 708 istina,
2172 633 2252 691 da
2300 631 2623 706 Gjenuvezi
2670 634 2822 691 kane
2861 634 3121 705 prevasti
3164 649 3207 691 u

1128 721 1475 792 Dalmaciju
1519 722 1850 795 napuljsku
1895 723 2151 794 kraljicu
2197 719 2565 796 Marqaritu.

718 840 901 905 1388.
952 840 1284 906 indictione
1331 841 1443 920 XI,
1508 843 1604 905 die
1670 844 1889 925 quarto
1940 843 2105 907 maii.
2156 842 2481 920 DominuS,
2509 840 2868 919 consiliarii,
2905 842 3106 921 capita
3145 842 3208 905 et

501 931 811 1014 sapientes
860 930 1100 995 consilii
1149 929 1418 1012 exceptis
1482 950 1581 995 ser
1631 931 1813 995 Petro
1864 930 2067 1015 Aymo
2126 930 2361 1007 milite3
2428 949 2528 995 ser
2587 929 2904 994 Johannes
2959 928 3204 1013 Capello

508 1023 571 1084 et
614 1038 714 1084 ser
756 1018 1024 1084 Jacobus
1080 1017 1338 1083 Suriano
1385 1019 1695 1100 sapientes
1742 1019 2046 1084 ordinum.
2098 1018 2325 1100 Capta:
2375 1019 2518 1101 qnia
2546 1018 2955 1100 'divulgatum
3001 1020 3096 1082 est
3140 1019 3203 1081 et

498 1107 855 1190 divulgatur
909 1125 1017 1190 per
1078 1106 1349 1190 aliquOS,
1408 1106 1563 1187 quod
1590 1108 1858 1172 intencio
1919 1107 2330 1172 Januensium
2386 1112 2481 1171 est
2512 1124 2652 1172 cum
2678 1106 2892 1190 galeiS,
2928 1125 3078 1189 quas
3105 1123 3202 1169 ar-

503 1199 675 1260 mant
734 1196 809 1260 ad
873 1214 1145 1277 presens,
1210 1195 1307 1258 vel
1374 1213 1514 1259 cum
1576 1200 1749 1277 parte
1806 1214 2017 1260 earum
2082 1197 2414 1259 conducere
2477 1195 2554 1259 ad
2619 1198 2824 1277 partes
2887 1193 3207 1259 Dalmacie

502 1283 817 1349 dominam
867 1285 1140 1366 reginam
1184 1283 1596 1366 Margaritam
1644 1284 1708 1347 et
1752 1283 1887 1348 eius
1935 1284 2165 1361 filiam,
2214 1285 2278 1347 et
2325 1282 2573 1365 sapiens
2620 1285 2704 1347 sit
2753 1282 2979 1348 habere
3022 1301 3207 1365 super

500 1372 616 1436 hoc
662 1371 848 1449 facte,
898 1372 1058 1454 quod
1094 1370 1633 1436 vehementissime
1678 1373 1882 1452 tangit
1931 1375 2165 1437 statum
2212 1374 2515 1450 nostrum,
2565 1371 2708 1435 illas
2753 1371 3206 1435 declarationes

504 1462 568 1525 et
611 1459 1098 1537 informationes,
1149 1478 1265 1542 que
1311 1458 1520 1524 haberi
1569 1463 1846 1542 possunt,
1895 1463 1964 1525 ut
2010 1461 2207 1543 possit
2253 1459 2431 1525 factis
2465 1459 2692 1525 nostris
2725 1458 3034 1524 salubrius
3066 1475 3208 1542 pro-

501 1549 731 1623 videri;
780 1548 950 1612 vadit
995 1566 1171 1630 parS,
1221 1549 1379 1630 quod
1425 1548 1758 1631 collegium
1802 1547 2059 1626 domiui,
2104 1547 2632 1623 consiliariorum,
2682 1550 2959 1631 capitum
3005 1550 3069 1612 et
3114 1563 3209 1612 sa·

500 1636 780 1721 pientum
850 1637 1089 1701 consilii
1159 1637 1224 1700 et
1289 1635 1574 1701 ordinum
1643 1635 1874 1701 babeat
1932 1636 2288 1704 libertatem
2352 1636 2644 1702 mittendi
2706 1635 2973 1701 Januam
3021 1654 3209 1700 unum

504 1724 888 1790 sufficientem
938 1723 1231 1790 nuncium
1276 1743 1421 1788 cum
1468 1724 1579 1789 illa
1609 1724 2049 1790 commissione
2096 1726 2159 1789 et
2200 1724 2405 1789 verbis
2444 1724 2703 1790 utilibus
2748 1726 2814 1789 et
2857 1723 3207 1800 fructuosiS,

502 1832 618 1897 que
665 1814 819 1879 dicti
867 1812 1130 1896 collegio
1178 1812 1274 1875 vel
1344 1812 1564 1877 maiori
1610 1813 1770 1895 parti
1841 1813 2214 1879 videbuntur
2281 1831 2391 1896 pro
2443 1813 2596 1878 bono
2645 1812 3027 1897 agendorum
3074 1830 3209 1895 pre-

501 1902 825 1967 dictorum.
875 1901 965 1965 De
1014 1904 1185 1983 parte
1233 1899 1333 1965 76.
1569 1935 1573 1943 ι

712 1987 824 2055 Ser
869 1989 1094 2054 Petrus
1141 1987 1339 2070 Aymo
1390 1987 1566 2053 miles
1614 1990 1858 2072 sapiens
1903 1989 2192 2063 consilii,
2254 2008 2352 2054 ser
2397 1989 2665 2056 Jacobus
2709 1989 3070 2062 Valaresso,
3115 2005 3212 2052 ser

505 2076 803 2143 Nicolaus
849 2076 1121 2156 Gabriel,
1170 2096 1266 2140 ser
1312 2075 1623 2143 ‚Iohannes
1669 2078 1950 2156 Alberto,
2000 2080 2309 2161 sapientes
2357 2078 2661 2143 ordinum.
2724 2076 2899 2158 Quod
2946 2095 3056 2161 pro
3103 2077 3216 2141 ha·

505 2166 703 2232 bendo
752 2166 1072 2231 meliorem
1118 2163 1619 2230 informationem
1666 2166 1850 2231 istius
1894 2164 2043 2232 facti
2089 2173 2155 2232 et
2215 2185 2323 2250 pro
2370 2166 2628 2232 videndo
2675 2169 2906 2250 puncta
2949 2166 3213 2231 istarum

506 2254 863 2328 literarum,
927 2253 1003 2319 de
1049 2253 1270 2337 quibus
1317 2252 1481 2319 facta
1521 2256 1619 2319 est
1663 2253 1902 2320 mencio
1946 2255 2091 2320 huic
2137 2255 2425 2334 consili0,
2491 2254 2658 2320 istud
2709 2256 2948 2320 factum
2993 2252 3217 2319 debeat

501 2341 802 2408 induciari
849 2361 1044 2426 usque
1078 2361 1213 2408 cras
1246 2361 1354 2426 per
1384 2342 1572 2420 diem,
1619 2345 1681 2407 et
1728 2361 1864 2407 cras
1896 2340 2178 2408 venietur
2220 2343 2357 2422 huc,
2397 2344 2462 2408 et
2492 2343 2618 2423 fiet,
2659 2344 2825 2409 sicut
2887 2341 3216 2410 videbitur.

503 2431 597 2496 De
644 2433 818 2514 parte
866 2432 970 2508 21,
1019 2449 1137 2496 nou
1182 2431 1244 2509 O,
1295 2449 1413 2495 non
1458 2431 1682 2496 sinceri
1728 2429 1789 2496 4.

588 2538 826 2601 Secreta
874 2538 1045 2621 Gon..
1067 2539 1215 2615 Roq.
1263 2539 1338 2600 R.
1390 2541 1489 2610 18,
1533 2558 1574 2599 u
1618 2540 1773 2600 mlet.
1826 2539 2058 2603 arkivu.

835 2726 1210 2811 CCCLX.
1263 2728 1470 2814 God.
1525 2728 1750 2811 1388.
1802 2728 1896 2811 21
1952 2730 2318 2832 svibnja,
2374 2752 2435 2812 u
2486 2729 2878 2814 Mletcih.

518 2874 862 2967 ‚calama
911 2875 993 2935 aa
1032 2892 1095 2935 se
1139 2874 1351 2948 inplati
1394 2876 1585 2936 knew
1634 2872 1879 2950 argum
1925 2872 2212 2948 Kurjaku
2255 2874 2496 2935 dabitat
2540 2875 2616 2935 oa
2661 2875 2830 2950 πόριες
2865 2876 3155 2950 qzavnice.

722 3010 904 3078 1388.
952 3012 1290 3078 indictione
1321 3013 1431 3088 XI,
1475 3012 1574 3077 die
1608 3011 1762 3076 XXI
1810 3013 1979 3076 maii.
2028 3010 2401 3078 Consiliarii.
2451 3011 2682 3095 Capta:
2733 3031 2874 3079 cum
2931 3012 3218 3097 egregius

504 3100 683 3166 miles
724 3101 1033 3185 quondam
1081 3118 1285 3165 comes
1334 3099 1633 3184 Georgius
1680 3101 1753 3165 de
1793 3098 2093 3165 Curiacho
2140 3102 2262 3166 iam
2297 3102 2458 3166 bono
2504 3104 2776 3184 tempore
2808 3101 3222 3185 depositasset

507 3189 581 3254 ad
631 3208 941 3254 cameram
987 3192 1259 3253 nostram
1323 3188 1618 3254 frumenti
1680 3189 1813 3252 duc.
1869 3188 1919 3253 V
1970 3188 2186 3263 millia,
2236 3192 2300 3253 et
2342 3208 2547 3254 comes
2592 3189 2927 3270 Gregorius
2973 3189 3048 3254 de
3096 3189 3221 3255 Cu-

508 3278 735 3355 riach0,
781 3295 966 3361 nepos
1013 3276 1231 3360 prefati
1274 3278 1517 3343 comitis
1564 3276 1864 3359 Gregorii.
1908 3277 2009 3340 cui
2048 3280 2332 3359 spectant
2380 3280 2654 3359 predicta
2702 3279 2758 3341 V
2799 3279 3000 3343 millia
3026 3277 3222 3343 duca-

508 3370 737 3442 torum,
772 3367 1186 3448 comparuerit
1217 3383 1425 3431 coram
1460 3368 1667 3429 nostro
1700 3364 1995 3442 dominio,
2029 3366 2346 3450 requirens
2383 3366 2722 3445 humiliter,
2758 3366 2920 3449 quod
2961 3366 3132 3431 dicta
3165 3365 3224 3428 V

374 3508 379 3514 .
510 3453 714 3518 millia
746 3455 880 3519 duc.
920 3456 984 3517 et
1020 3454 1207 3537 prode
1240 3455 1572 3537 sequutum
1610 3472 1683 3517 ex
1715 3454 1801 3517 eis
1825 3503 1840 3528 ,
1875 3452 2036 3537 quod
2068 3456 2166 3518 est
2202 3454 2391 3519 etiam
2417 3452 2554 3519 duc.
2589 3455 2644 3519 V
2675 3455 2896 3530 millia,
2931 3454 3225 3539 (restitu-

509 3547 692 3607 antur
722 3542 827 3626 ei),
857 3543 921 3606 et
951 3541 1186 3606 iustum
1223 3541 1306 3606 sit
1340 3542 1613 3624 predicto
1645 3540 1858 3606 comiti
1898 3542 2193 3625 Gregorio
2225 3543 2347 3609 civi
2382 3545 2589 3608 nostro
2621 3544 2946 3609 subvenire
2993 3543 3226 3607 saltem

510 3632 583 3695 de
612 3630 777 3695 dicto
809 3629 1018 3713 prode,
1051 3633 1124 3695 ut
1155 3630 1378 3695 melius
1409 3630 1542 3695 fieri
1582 3631 1836 3713 poterit:
1870 3630 2044 3696 vadit
2074 3650 2238 3714 pare,
2285 3632 2444 3713 quod
2490 3630 2712 3696 dentur
2753 3630 2874 3696 sibi
2921 3649 3028 3715 pro
3060 3649 3225 3695 nunc

510 3718 587 3783 de
635 3720 797 3784 dicto
859 3720 1047 3802 prode
1109 3720 1245 3785 duc.
1308 3718 1480 3783 mille
1527 3718 1581 3781 V
1628 3720 1900 3793 centum,
1965 3727 2029 3782 et
2090 3719 2213 3785 alia
2257 3719 2348 3784 111
2411 3719 2613 3783 millia
2658 3720 2714 3785 V
2760 3721 3009 3785 centum
3057 3719 3227 3797 duc.,

510 3827 628 3891 que
671 3809 816 3872 sunt
861 3806 1172 3872 residuum
1222 3808 1382 3871 dicte
1429 3806 1686 3888 pecunie
1732 3805 1937 3870 silicet
1983 3808 2208 3890 prodiS,
2259 3808 2607 3872 scribantur
2653 3808 2773 3872 sibi
2834 3810 2897 3873 in
2938 3807 3226 3889 capitali-

514 3897 630 3960 bus
676 3895 752 3960 ad
801 3914 1110 3961 cameram
1159 3894 1456 3960 frumenti
1502 3895 1608 3971 ita,
1657 3895 1817 3977 quod
1868 3895 1940 3958 de
1987 3895 2171 3960 dictis
2218 3896 2417 3960 tribus
2465 3895 2719 3961 milibus
2758 3900 2822 3960 et
2860 3896 3223 3979 quingentis

513 3986 753 4050 ducatis
799 3985 1069 4066 recipere
1126 3984 1349 4047 debeat
1414 3984 1601 4064 prode
1663 4000 1771 4064 pro
1832 3984 1954 4047 isto
2004 4002 2212 4048 mense
2283 3984 2600 4048 novembri
2665 3985 2941 4068 proxime
2988 3984 3220 4061 futuro,

512 4076 692 4154 prout
731 4073 995 4138 faciebat
1038 4072 1115 4136 de
1163 4071 1346 4136 dictis
1394 4072 1450 4134 V
1493 4070 1695 4136 millia
1739 4070 2013 4145 ducatiS,
2071 4077 2135 4136 et
2179 4072 2270 4138 sic
2317 4072 2661 4136 successive
2709 4072 2784 4136 de
2831 4075 3107 4154 tempore
3153 4073 3220 4137 in

512 4166 781 4243 tempus.
850 4161 1008 4225 Item
1059 4160 1132 4224 de
1184 4161 1368 4242 prode
1416 4159 1512 4224 III
1556 4158 1828 4224 millium
1878 4159 1929 4222 V
1975 4163 2223 4225 centum
2271 4161 2661 4235 ducatorum,
2733 4160 2894 4243 quod
2941 4159 3217 4242 recipere

509 4249 697 4313 debet
742 4251 861 4313 isto
909 4268 1115 4314 mense
1162 4248 1476 4313 novembri
1524 4248 1800 4331 proxime
1848 4250 2123 4327 ventum,
2173 4249 2624 4330 complaceatur
2670 4248 2791 4313 sibi
2838 4250 2900 4313 in
2948 4250 3215 4328 tantum,

512 4336 675 4419 quod
719 4338 837 4401 sibi
887 4337 1105 4401 dentur
1150 4355 1254 4418 pro
1301 4336 1572 4419 presenti
1618 4334 1828 4401 ducati
1879 4335 2123 4401 ducenti
2176 4337 2630 4421 quinquaginta
2672 4337 2830 4402 auri.

598 4443 777 4503 Misti
825 4445 964 4505 XL.
1016 4444 1162 4515 115,
1209 4464 1251 4505 u
1296 4446 1447 4505 mlet.
1497 4447 1767 4506 amima.-
