3620 5282
3091 367 3176 432 69

439 542 647 607 oblata
698 562 807 627 per
855 561 964 607 nos
1016 542 1183 607 aliud
1232 543 1366 607 fieri
1416 560 1595 625 posse
1642 541 1819 606 vobis
1861 544 2195 607 secundum
2245 541 2551 607 iustitiam
2602 543 2892 607 videretis
2960 545 3175 608 exinde

437 650 546 713 per
585 633 823 695 vestras
873 632 1074 714 regias
1124 632 1366 695 litteras
1424 630 1763 694 informari.
1825 631 1983 694 Nam
2052 632 2111 694 in
2180 631 2299 695 hiis
2361 634 2424 695 et
2483 631 2623 695 aliis
2686 632 2994 706 omnibus,
3058 650 3175 714 qne

439 736 582 781 cum
631 719 804 782 vobis
852 720 915 782 et
956 720 1177 782 vestris
1221 717 1393 782 nobis
1444 721 1692 798 possent
1740 736 2079 791 occurrere,
2131 737 2249 782 non
2299 719 2676 782 intendimus
2723 737 2962 801 quoquo
2995 720 3177 783 modo

442 805 722 869 recedere
762 805 838 869 ab
886 824 978 881 e0,
1024 807 1180 888 quod
1231 808 1460 870 iustum
1514 808 1579 868 et
1624 805 1954 869 honestum
2002 806 2277 880 svadeat,
2327 806 2489 870 sicut
2535 824 2567 870 e
2615 812 2827 871 contra
2869 807 3176 869 credimus

441 911 574 956 esse
621 893 985 974 dispositam
1034 896 1304 958 vestram
1375 893 1640 975 regiam
1674 893 2086 957 maiestatem.
2152 894 2313 958 Data
2376 893 2716 975 penultimo
2780 893 3015 975 aprilis,
3081 912 3177 957 se-

444 981 637 1044 cunde
687 981 1062 1046 indictionis,

656 1067 955 1132 Bartholo
1006 1068 1184 1133 Ursio
1229 1068 1290 1131 in
1334 1068 1614 1150 partibus
1661 1067 2003 1151 Hungarie.
2074 1068 2391 1133 Mittimus
2454 1071 2566 1134 has
2624 1069 2869 1133 litteras
2933 1068 3176 1132 domino

445 1156 596 1237 regi,
646 1173 902 1238 quarum
951 1157 1122 1237 copia
1163 1156 1264 1219 hic
1310 1162 1406 1220 est
1451 1156 1688 1219 inclusa
1739 1157 1803 1218 et
1862 1155 2033 1236 copia
2080 1156 2426 1220 litterarum
2479 1157 2663 1223 banni
2727 1157 2791 1220 et
2849 1156 3024 1236 copia
3086 1174 3179 1219 re-

447 1243 793 1325 sponsionis
839 1244 1064 1319 nostre,
1116 1244 1409 1319 volentes,
1457 1243 1511 1306 si
1559 1261 1624 1306 es
1678 1243 1736 1304 in
1785 1242 1957 1305 curia
2005 1242 2189 1325 regis,
2243 1247 2399 1325 quod
2448 1264 2551 1310 eas
2600 1245 2914 1326 presentes
2978 1245 3041 1305 et
3082 1263 3178 1306 re-

444 1332 803 1410 sponsiones
871 1349 1078 1395 earum
1145 1350 1433 1413 procures
1504 1331 1568 1393 et
1627 1330 1865 1393 mittas,
1932 1330 1996 1395 Si
2042 1333 2250 1394 autem
2314 1331 2694 1408 recessisses,
2758 1330 3178 1395 ordinavimus

446 1420 700 1496 cursori,
752 1419 912 1501 quod
964 1420 1146 1483 vadat
1186 1437 1325 1483 cum
1367 1420 1455 1482 eis
1501 1417 1580 1481 ad
1627 1436 1860 1500 regem,
1909 1422 1972 1480 et
2014 1414 2475 1499 ‘responsionem
2526 1420 2815 1501 reportet.
2881 1418 3045 1482 Data
3109 1419 3179 1483 ut

447 1524 651 1587 supra.

533 1596 775 1656 Secreta
817 1598 1051 1675 consilii
1095 1601 1453 1672 royalorum.

820 1786 1118 1868 CX'X.
1172 1785 1378 1868 God.
1434 1787 1661 1870 1364.
1716 1787 1820 1869 29
1875 1788 2248 1889 travnja,
2302 1809 2362 1868 u
2415 1786 2808 1868 Mletcih.

449 1927 747 1987 Mleteani
790 1946 852 1988 se
894 1930 1045 2002 pred
1086 1931 1415 1989 hrvatskim
1461 1931 1671 1990 banom
1717 1934 1740 1990 i
1786 1930 2061 1989 Zadrani
2104 1932 2476 2004 inpridavaju
2520 1930 2658 2005 sboy
2703 1931 3014 1989 otimabine
3061 1930 3178 1999 nii-

1090 2018 1263 2075 hovih
1309 2019 1435 2076 ceta
1469 2020 1783 2092 pocinjene
1830 2036 1871 2077 u
1910 2019 2263 2078 zadarskom
2308 2020 2540 2078 kotaru.

663 2120 877 2182 Banno
925 2120 1236 2184 Dalmatio
1284 2125 1346 2184 et
1394 2119 1660 2185 Croatie.
1734 2121 2105 2203 Recepimus
2169 2123 2405 2185 litteras
2460 2127 2696 2184 vestras
2761 2120 2935 2184 datas
2997 2119 3180 2183 XVII

455 2206 684 2269 mensis
731 2210 1060 2288 presentis,
1109 2209 1333 2290 quibus
1381 2209 1715 2272 intellectis
1763 2208 2179 2285 rescribimus,
2228 2209 2388 2291 quod
2436 2208 2682 2283 damna,
2745 2227 2859 2288 que
2908 2207 3179 2271 scribitis

454 2312 589 2357 esse
637 2295 817 2359 illata
867 2295 1220 2361 hominibus
1265 2296 1451 2359 Jadre
1495 2316 1601 2378 per
1642 2301 1860 2377 gentes
1908 2296 2296 2379 navigiorum
2348 2300 2719 2371 nostrorum,
2780 2294 2977 2358 multo
3040 2294 3178 2375 plus

429 2382 671 2462 gravia
738 2388 799 2443 et
858 2382 1123 2446 molesta
1170 2383 1342 2447 nobis
1411 2388 1740 2447 occurrunt
1786 2403 1974 2466 quam
2024 2384 2217 2460 vobis,
2287 2383 2550 2447 maxime
2620 2401 2810 2465 quare
2880 2379 3026 2446 licet
3067 2383 3180 2446 hoc

455 2468 610 2531 alias
662 2470 746 2531 sit
797 2472 1068 2535 nostrum
1118 2473 1475 2553 precipuum
1525 2476 1589 2535 et
1635 2473 1920 2552 generale
1966 2472 2345 2546 mandatum,
2395 2472 2456 2534 in
2503 2470 2755 2555 speciali
2806 2472 3011 2533 tamen
3076 2488 3177 2534 ca-

455 2556 719 2637 pitaneis
768 2563 830 2621 et
875 2558 1146 2638 patronis
1194 2559 1470 2622 omnium
1537 2561 1921 2641 navigiorum
1986 2561 2337 2623 nostrorum
2402 2561 2730 2623 missorum
2792 2577 2898 2638 per
2949 2576 3055 2621 nos
3119 2559 3177 2620 in

457 2644 568 2707 hac
614 2648 826 2709 nostra
872 2647 1254 2727 expeditione
1303 2648 1504 2711 navali
1551 2651 1767 2712 contra
1814 2647 2138 2712 Cretenses
2183 2648 2463 2712 dedimus
2506 2646 2842 2711 efficaciter
2897 2646 2956 2708 in
3006 2663 3181 2710 man—

456 2732 637 2804 datis,
691 2736 760 2796 ut
807 2735 1058 2797 cunctos
1105 2734 1387 2797 subditos
1436 2736 1639 2816 regios
1685 2736 1964 2798 viderent
2010 2739 2075 2798 et
2120 2738 2459 2800 tractarent
2505 2733 2931 2798 amaoabiliter
2963 2736 3027 2795 et
3057 2732 3180 2796 fra-

458 2824 646 2894 terne,
695 2823 758 2884 et
806 2840 907 2883 eos
953 2840 1027 2884 ac
1075 2822 1232 2884 bona
1276 2840 1390 2884 sua
1436 2822 1761 2905 plusquam
1825 2826 2173 2886 nostrorum
2237 2823 2548 2887 salvarent
2591 2824 2657 2884 et
2700 2819 3182 2901 diligentissime

455 2908 854 2972 custodirent.
903 2908 1012 2973 Set
1058 2909 1521 2973 consideramus
1569 2929 1720 2986 rem,
1769 2913 1839 2974 ut
1884 2912 1997 2973 est.
2048 2911 2337 2975 Misimus
2383 2909 2546 2972 enirn
2619 2927 2759 2972 cum
2826 2907 3011 2971 dictis
3075 2926 3181 2971 na-

456 2995 637 3074 vigiis
712 2996 979 3060 soldatos
1047 2999 1362 3079 equestres
1429 2998 1493 3060 et
1562 2997 1878 3077 pedestres
1939 2998 2314 3065 diversarum
2380 2998 2443 3060 et
2495 2995 2765 3077 plurium
2838 2995 3180 3070 nationum,

458 3082 623 3145 sicut
668 3085 816 3147 sunt
865 3083 1174 3160 Alemani,
1225 3084 1492 3165 Anglici,
1554 3085 1853 3166 Hungari‚
1905 3084 2131 3161 Sclavi,
2196 3084 2399 3149 Italici
2462 3086 2524 3147 et
2585 3083 3054 3156 ultramontani,
3119 3086 3184 3146 et
3288 3079 3301 3088 “

458 3168 829 3241 huiusmodi,
879 3189 1031 3252 quos
1081 3175 1386 3252 putamus,
1425 3191 1631 3254 quare,
1683 3173 1845 3236 sicut
1889 3172 2084 3243 scitis,
2156 3175 2304 3237 sunt
2340 3173 2557 3254 gentes
2617 3170 2871 3243 efrenes,
2944 3173 3008 3233 et
3066 3189 3182 3251 que

459 3258 722 3339 regulari
775 3278 889 3322 non
937 3262 1195 3340 possunt
1240 3260 1452 3323 invitis
1503 3260 1781 3341 patronis
1829 3262 1893 3322 et
1939 3261 2232 3342 prefectis
2275 3259 2661 3341 navigiorum
2708 3257 2786 3321 ad
2846 3258 2953 3323 hos
3010 3260 3183 3322 actus

458 3344 713 3408 illicitos
761 3347 1130 3427 prorupisse,
1181 3347 1338 3427 quod
1389 3349 1540 3411 satis
1590 3348 1947 3412 verificatur
1991 3367 2062 3412 ex
2108 3347 2241 3425 hoc,
2307 3347 2464 3429 quod
2528 3348 2590 3410 in
2651 3363 2835 3427 quam
2902 3344 3185 3427 pluribus

462 3431 611 3495 locis
681 3432 862 3495 istrie
925 3434 1286 3496 nostrismet
1345 3435 1632 3499 fidelibus
1695 3437 1759 3498 et
1818 3434 2113 3499 subiectis
2183 3435 2528 3499 intulerunt
2574 3435 2800 3498 damna
2845 3432 3078 3496 similia
3124 3435 3188 3495 et

462 3519 707 3583 maiora.
777 3519 906 3582 Nec
968 3523 1063 3582 est
1124 3520 1268 3601 quid
1332 3540 1576 3585 novum.
1640 3522 2045 3586 Meminimus
2106 3522 2292 3599 enim,
2355 3521 2503 3586 dum
2544 3520 2693 3585 olim
2754 3520 3042 3584 dominus
3081 3539 3185 3583 rex

461 3607 742 3669 mitteret
791 3608 1132 3671 Bononiam
1179 3608 1254 3669 ad
1305 3608 1561 3672 ecclesie
1613 3627 1861 3672 romane
1899 3610 2155 3673 servitia
2201 3608 2665 3673 multitudinem
2724 3609 3185 3690 Hungarorum,

459 3694 763 3774 quamvis,
815 3698 886 3757 ut
934 3694 1311 3758 iustissimus
1359 3701 1422 3759 et
1469 3697 1987 3776 prudentissimus
2052 3717 2173 3770 rex,
2222 3696 2553 3761 efficaciter
2613 3697 2727 3759 sub
2785 3696 2958 3778 gravi
3021 3713 3186 3759 com·

460 3780 795 3845 minatione
845 3781 1148 3857 iussisset,
1203 3786 1270 3846 ut
1318 3784 1472 3848 nulli
1508 3785 1728 3859 amico,
1778 3786 2101 3866 presertim
2154 3784 2378 3848 nostris
2441 3783 2745 3858 fidelibus,
2796 3783 3190 3846 transeuntes

460 3868 649 3932 ullam
701 3869 971 3933 facerent
1041 3869 1329 3934 iniuriam
1380 3870 1474 3934 vel
1524 3871 1841 3947 offensam,
1917 3875 2120 3934 tamen
2173 3872 2232 3935 in
2282 3890 2494 3935 eorum
2544 3870 2813 3934 transitu
2888 3887 2995 3951 per
3040 3867 3190 3930 Ter-

458 3954 754 4032 visanam,
820 3956 921 4019 ubi
990 3975 1208 4037 passus
1270 3957 1498 4021 liberos
1562 3962 1625 4021 et
1688 3959 1984 4022 victualia
2030 3960 2248 4040 parata
2293 3977 2400 4041 pro
2446 3958 2574 4021 suis
2620 3957 2893 4039 pecuniis
2963 3955 3191 4019 habere

457 4044 764 4123 poterant,
811 4043 1038 4108 damna
1084 4045 1144 4107 in
1196 4044 1370 4109 bonis
1418 4048 1482 4108 et
1530 4045 1710 4109 rebus
1759 4048 2109 4109 nostrorum
2159 4046 2435 4110 fidelium
2494 4044 2958 4127 quamplurima
3021 4060 3188 4106 com-

459 4130 750 4195 miserum
802 4131 876 4195 ad
928 4150 1234 4195 summam
1301 4133 1465 4196 ultro
1513 4132 1706 4197 libras
1761 4133 1957 4207 5000,
2006 4134 2079 4196 de
2135 4133 2358 4215 quibus
2420 4133 2585 4196 sacta
2649 4130 3024 4194 conscientia
3082 4128 3191 4193 do-

457 4218 622 4281 mino
669 4220 799 4299 regi
848 4239 958 4302 per
1005 4237 1135 4291 nos,
1186 4221 1457 4301 graviter
1503 4221 1722 4296 doluit,
1773 4240 1885 4284 nec
1932 4222 2161 4296 tamen,
2210 4238 2398 4303 quare
2447 4238 2554 4300 per
2599 4237 2845 4283 omnem
2898 4217 3191 4281 multitu-

455 4303 659 4368 dinem
723 4309 902 4371 erant
968 4307 1322 4383 commissa,
1394 4309 1467 4371 de
1538 4308 1960 4372 satisfactione
2030 4312 2378 4371 nostrorum
2451 4305 2751 4389 provideri
2826 4304 3028 4388 potuit
3091 4305 3188 4368 vel

455 4392 621 4455 aliud
672 4394 1006 4456 remedium
1056 4394 1369 4468 adhiberi;
1438 4399 1501 4459 et
1569 4415 1675 4459 nos
1724 4396 2161 4477 cognoscentes
2211 4414 2413 4459 mores
2460 4393 2839 4457 exercituum
2889 4394 2950 4456 iu
3012 4391 3189 4455 simi-

456 4478 616 4543 libus
665 4479 907 4544 casibus
969 4481 1347 4561 placavimus
1415 4485 1653 4547 nostros
1711 4483 1960 4560 fideleS,
2033 4484 2194 4547 sicut
2255 4482 2478 4546 melius
2547 4482 2878 4562 potuimus,
2956 4481 3184 4542 Verum

455 4572 660 4654 tamen
710 4569 1281 4652 quomodocumque
1328 4571 1430 4643 sit,
1473 4571 1634 4634 sicut
1681 4571 2080 4653 prediximus,
2121 4572 2194 4632 de
2245 4569 2595 4633 commissis
2647 4588 2751 4648 per
2782 4570 2998 4650 gentes
3045 4583 3183 4646 pre-

455 4656 757 4718 dictorum
802 4656 1186 4739 navigiorum
1234 4661 1607 4732 nostrorum,
1659 4677 1782 4722 una
1831 4659 2147 4722 vobiscum
2196 4655 2736 4721 vehementissime
2766 4653 3181 4723 condolemus,

454 4744 519 4806 et
570 4743 948 4807 intendimus
994 4763 1064 4807 ex
1113 4747 1290 4827 parte
1338 4748 1549 4810 nostra
1591 4745 1927 4828 diligenter
1970 4744 2303 4828 inquirere,
2373 4744 2438 4808 et
2483 4759 2775 4824 rogamus
2839 4758 2944 4803 vos
3004 4737 3187 4799 affec—
