3620 5282
521 354 653 422 412
2571 367 2598 391 ’

883 539 1234 622 ann.
1287 539 1495 625 eoo.
1550 508 1773 625 139s.
1831 544 1921 623 11
1973 543 2343 645 svibnja,
2397 565 2456 624 u
2512 542 2901 625 motem.

528 697 720 758 Mirde
766 703 1065 777 qospodar
1109 702 1442 763 Avalonski
1485 706 1636 764 nudi
1674 708 1834 778 svoje
1879 707 2081 779 zemlje
2140 706 2450 779 mletackoj
2510 705 2804 778 republilci
2867 722 2943 763 za
2984 703 3265 779 ροᾱίἕηίἰ

1575 795 1868 866 prinesak
1913 812 1953 852 u
2000 811 2207 854 novcu.

737 925 923 991 1398.
990 927 1323 994 indictione
1387 932 1574 1003 sexta,
1640 932 1738 994 die
1804 933 1890 996 XI
1960 933 2127 996 maii.
2188 930 2299 995 Ser
2361 931 2668 996 Antonius
2732 930 3097 1008 contareno,
3149 950 3257 994 ser

520 1012 819 1077 Fantiuus
867 1012 1123 1091 Quirino
1172 1021 1235 1080 et
1281 1038 1379 1081 ser
1428 1019 1749 1102 Philippus
1799 1019 2014 1095 Auri0‚
2082 1022 2387 1100 sapientes
2450 1019 2757 1083 ordinum.
2827 1019 2983 1085 Cum
3051 1038 3253 1099 nuper

519 1100 594 1162 ad
646 1104 1016 1182 presentiam
1066 1110 1337 1168 nostram
1390 1109 1853 1187 comparuerint
1889 1106 2006 1171 duo
2054 1109 2486 1170 ambaxatores
2517 1107 2747 1170 domini
2784 1108 2974 1170 Mirse
3014 1105 3252 1170 domini

520 1188 797 1251 Avalone
849 1208 989 1253 cum
1043 1193 1228 1255 certis
1277 1194 1565 1274 capitulis
1613 1199 2006 1276 exponenteS,
2070 1194 2232 1275 quod
2295 1194 2498 1257 dictus
2562 1196 2847 1258 dominus
2906 1195 3255 1276 dispositus

518 1279 614 1337 est
660 1274 807 1339 dare
851 1278 986 1342 loca
1028 1279 1307 1343 Avalone
1354 1283 1413 1344 in
1466 1283 1750 1345 manibus
1796 1282 2239 1346 dominationis
2290 1285 2496 1345 nostre
2531 1282 2741 1355 libere,
2778 1300 3050 1362 speranS,
3086 1282 3254 1364 quod

517 1365 796 1426 nostrum
846 1366 1188 1430 dominium
1241 1369 1583 1447 providebit
1629 1370 1703 1431 de
1756 1370 1884 1433 vitu
1933 1390 2041 1434 suo
2091 1390 2197 1451 per
2249 1369 2521 1444 modum,
2568 1387 2685 1451 quo
2721 1370 2981 1433 habebit
3016 1370 3248 1432 merito

518 1453 881 1526 contentari,
932 1456 996 1516 et
1042 1454 1155 1517 boc
1203 1455 1367 1530 facit,
1417 1457 1558 1536 quia
1608 1477 1722 1520 non
1773 1457 1930 1521 vidit
1977 1477 2041 1521 se
2088 1460 2400 1539 potentem
2448 1458 2525 1520 ad
2590 1456 3043 1520 defendendum
3093 1476 3161 1519 se
3210 1475 3248 1519 a

520 1537 801 1614 Turonis
852 1543 915 1603 et
951 1541 1357 1616 consideranS,
1407 1545 1586 1625 quod,
1628 1545 1679 1606 si
1728 1546 1895 1608 dicta
1941 1545 2075 1609 loca
2102 1546 2486 1626 pervenirent
2514 1545 2592 1607 ad
2629 1564 2848 1607 manus
2879 1545 3247 1620 Turcorum,

520 1626 785 1689 multum
851 1633 1058 1708 posset
1121 1648 1251 1693 esse
1320 1632 1535 1694 nociva
1597 1634 1660 1695 et
1718 1632 1892 1696 nobis
1949 1637 2013 1695 et
2060 1633 2201 1695 aliis
2250 1632 2644 1708 christicolis,
2711 1632 3082 1695 deliberavit
3129 1631 3245 1695 illa

526 1711 682 1776 velle
731 1715 875 1777 dare
925 1716 1116 1780 nobiS.
1174 1722 1237 1779 et
1280 1719 1701 1801 supplicantes
1750 1721 1898 1783 dicti
1949 1722 2398 1794 auibaxatoreS,
2449 1724 2520 1784 ut
2574 1720 2750 1783 nobis
2784 1720 3031 1801 placeat
3064 1737 3250 1800 super

519 1799 629 1863 boc
678 1805 1017 1881 providere,
1065 1806 1128 1866 et
1174 1806 1405 1869 eisdem
1458 1810 1733 1870 nostrum
1774 1809 2029 1889 prebere
2076 1826 2470 1885 responsum;
2522 1808 2744 1889 quibus
2778 1807 3066 1870 omnibus
3099 1825 3249 1870 con-

519 1888 808 1951 sideratis
857 1893 919 1952 et
965 1891 1213 1966 auditis,
1265 1912 1333 1955 ac
1382 1895 1747 1958 examinatis
1795 1895 2086 1976 capitulis
2133 1895 2445 1977 predictis,
2503 1897 2726 1958 bonum
2778 1896 2863 1957 sit
2904 1894 3249 1975 providere,

519 1980 583 2038 ut
633 1976 767 2039 loca
812 1976 921 2041 illa
966 1996 1083 2040 non
1134 1982 1495 2059 perveniant
1540 1982 1616 2045 ad
1684 2001 1904 2046 manus
1969 1983 2388 2052 Turchorumz
2454 1982 2627 2045 vadit
2690 2002 2851 2063 pare,
2914 1983 3074 2062 quod
3137 1999 3250 2061 pro

519 2061 796 2126 habenda
848 2066 1000 2129 bona
1046 2073 1106 2129 et
1157 2087 1297 2130 vera
1364 2070 1795 2133 informatione
1859 2070 2131 2133 locorum
2201 2070 2634 2149 predictorum,
2695 2077 2759 2132 et
2820 2088 2926 2149 pro
2989 2069 3253 2131 videndo

519 2149 709 2213 situm
761 2154 822 2215 et
870 2152 1286 2217 conditionem
1338 2176 1544 2219 eorum
1606 2176 1677 2220 ac
1742 2160 2051 2240 introytus
2111 2163 2173 2220 et
2234 2175 2554 2235 expensaS,
2621 2176 2735 2239 que
2784 2156 2917 2220 loca
2964 2156 3249 2238 predicta

522 2236 773 2313 babent,
823 2239 1089 2319 eligatur
1142 2261 1295 2305 unus
1374 2250 1581 2307 noster
1650 2246 2012 2308 ambaxator
2085 2247 2147 2308 et
2215 2244 2494 2324 provisor
2558 2264 2662 2326 per
2710 2248 2973 2325 quatuor
3022 2262 3248 2307 manus

521 2324 890 2389 electionum
944 2330 1001 2390 in
1054 2329 1165 2391 hoc
1212 2332 1488 2405 consilio,
1556 2333 1866 2412 probando
1926 2334 2155 2395 electos
2222 2333 2295 2393 ad
2357 2351 2546 2394 unum
2612 2332 2689 2394 ad
2742 2351 2953 2399 unuin.
3003 2335 3069 2393 et
3119 2330 3248 2404 ille,

519 2413 623 2492 qui
676 2412 878 2492 plures
925 2416 1189 2479 bellot-as
1240 2420 1380 2480 aliis
1413 2419 1714 2491 habuerit,
1744 2421 2119 2483 transeundo
2153 2420 2550 2482 medietatem
2587 2420 2847 2492 consilii,
2884 2421 2966 2483 sit
3001 2420 3250 2495 firmuS,

518 2499 618 2579 qui
670 2500 755 2562 ire
804 2502 1022 2565 debeat
1074 2523 1263 2586 usque
1310 2508 1384 2568 ad
1440 2508 1736 2570 Valonam
1787 2510 1862 2570 ad
1915 2508 2287 2587 presentiam
2337 2506 2573 2569 domini
2622 2507 2769 2570 dicti
2837 2506 2973 2578 loci,
3027 2508 3131 2569 ubi
3182 2525 3252 2568 se

519 2587 844 2653 informare
893 2590 1111 2654 debeat
1159 2594 1232 2655 de
1260 2594 1618 2658 introitibus
1648 2596 1710 2658 et
1739 2594 2022 2677 expensis
2056 2613 2129 2658 ac
2155 2595 2604 2658 conditionibus
2639 2594 2910 2658 locorum
2947 2593 3252 2670 omniurn,

517 2693 631 2755 que
680 2676 825 2738 dare
878 2680 1010 2741 vult
1059 2681 1233 2743 nobis
1284 2682 1951 2763 predictus-dominus,
2023 2703 2163 2746 cnm
2227 2682 2339 2744 illa
2400 2683 2838 2746 commissione
2905 2684 2968 2744 et
3015 2682 3252 2754 ordine,

518 2781 635 2842 que
682 2768 827 2827 ante
874 2784 1052 2829 suum
1104 2787 1410 2833 recessum
1461 2771 1650 2834 fuerit
1722 2790 1826 2851 per
1897 2771 2061 2833 istud
2136 2769 2460 2834 consilium
2533 2771 2886 2833 ordinatum
2960 2773 3075 2832 etc.
3155 2768 3253 2831 De

517 2854 690 2930 parte
741 2888 820 2896 —
876 2853 972 2916 17.

729 2954 840 3019 Ser
876 2956 1239 3024 Franciscus
1276 2959 1645 3043 Super-antio
1681 2966 1924 3044 sapiens
1959 2964 2268 3028 ordinum.
2317 2962 2542 3044 Capta:
2596 2963 2750 3038 vult,
2802 2961 2957 3043 quod
2994 2979 3252 3040 respon-

516 3041 738 3104 deatur
787 3045 926 3107 istis
974 3050 1477 3114 ambaxatoribus
1525 3051 1755 3114 domini
1804 3052 2084 3115 Avalone
2129 3052 2187 3115 in
2241 3052 2351 3115 hac
2392 3050 2626 3122 forman
2679 3050 2838 3132 quod
2902 3048 3251 3112 dominatio

519 3133 729 3191 nostra
777 3130 991 3214 diligit
1038 3136 1351 3199 dominum
1410 3158 1588 3202 suum
1648 3145 1967 3220 tamquam
2015 3159 2194 3203 suum
2247 3158 2454 3202 verum
2528 3139 2820 3211 amicum,
2893 3156 3076 3218 quem
3152 3139 3254 3199 te-

519 3219 626 3278 net
672 3220 735 3280 et
782 3224 1047 3300 reputat,
1100 3226 1163 3286 et
1208 3244 1449 3305 semper
1496 3226 2008 3299 desideraremus,
2075 3226 2232 3308 quod
2309 3227 2603 3303 reperiret
2648 3245 2714 3287 se
2763 3225 2853 3288 ita
2900 3225 3248 3305 potentem,

517 3307 672 3383 quod
725 3305 800 3368 ob
851 3309 1187 3371 insultibus
1236 3312 1413 3374 istius
1464 3314 1656 3393 iniqui
1710 3315 1928 3396 Baysit
1976 3316 2170 3394 possit
2216 3335 2279 3376 se
2327 3313 2650 3376 defendere
2698 3318 2760 3375 et
2813 3330 3132 3376 remanere
3184 3313 3246 3375 in

517 3392 649 3452 eius
697 3396 867 3455 statu
918 3397 1173 3475 pacifico
1220 3405 1281 3460 et
1330 3401 1705 3483 tranquillo;
1756 3406 1820 3463 et
1866 3402 2020 3482 quod
2068 3408 2276 3464 nostra
2324 3405 2498 3481 parte
2545 3400 2873 3463 hortentur
2921 3399 3250 3462 dominum

516 3496 694 3540 suurn
748 3480 1112 3559 predictum,
1163 3486 1318 3566 quod
1371 3488 1557 3551 vellet
1604 3508 1741 3551 esse
1789 3489 1928 3550 boni
1978 3491 2042 3551 et
2088 3493 2432 3551 constantis
2480 3487 2693 3563 animi,
2760 3489 2902 3569 quia
2968 3505 3081 3550 nou
3134 3487 3252 3549 du·-

518 3564 812 3640 bitamuS,
859 3568 1017 3648 quod
1066 3573 1373 3637 mediante
1418 3576 1623 3656 gratia
1670 3577 1881 3639 divina
1931 3575 2081 3638 bene
2129 3577 2357 3656 poterit
2405 3595 2470 3638 se
2533 3573 2729 3642 tueri:
2799 3575 2903 3636 sed
2983 3593 3089 3636 uos
3141 3592 3250 3637 vo-

516 3653 712 3715 lentes
759 3657 1139 3737 complacere
1188 3663 1431 3726 domino
1480 3681 1606 3737 suo,
1659 3664 2124 3726 committemus
2174 3664 2494 3744 capitaneo
2544 3664 2752 3724 nostro
2782 3661 2927 3724 culfi
2960 3661 3033 3723 de
3068 3661 3247 3723 brevi

515 3740 754 3804 exituro
802 3742 875 3806 de
925 3745 1227 3820 Veneciis,
1281 3752 1350 3812 ut
1394 3751 1616 3813 debeat
1661 3769 1727 3813 se
1777 3752 2109 3814 informare
2152 3752 2224 3812 de
2273 3750 2726 3815 conditionibus
2771 3749 3068 3821 locorum,
3118 3768 3243 3831 que

516 3828 690 3891 nobis
757 3831 901 3893 dare
968 3835 1101 3896 vult
1162 3837 1447 3900 dominus
1512 3856 1681 3912 snus,
1744 3845 1805 3899 et
1867 3836 2082 3901 habita
2141 3857 2177 3901 a
2226 3840 2386 3901 dicto
2433 3840 2640 3901 nostro
2686 3837 3006 3917 capitaneo
3054 3834 3247 3899 infor-

516 3918 800 3987 matione,
848 3921 1322 3998 providebimus,
1369 3926 1439 3987 ut
1488 3926 1662 3988 nobis
1713 3927 2022 3990 videbitur
2070 3944 2219 4007 opus
2269 3944 2421 3990 esse.

726 4040 804 4103 Et
847 4060 916 4103 ex
965 4063 1121 4106 nunc
1169 4048 1251 4109 sit
1293 4048 1565 4124 captum,
1615 4049 1772 4129 quod
1808 4048 2241 4113 committatur
2273 4049 2590 4128 capitaneo
2626 4049 2831 4110 nostro
2857 4044 3023 4122 culfi,
3062 4050 3246 4127 quod,

514 4125 755 4207 quando
807 4129 859 4190 ei
913 4132 1217 4195 videbitur
1261 4135 1484 4197 habere
1529 4136 1775 4216 teinpus
1816 4136 2039 4211 habile,
2094 4137 2178 4198 ire
2230 4136 2451 4199 debeat
2496 4153 2635 4198 cum
2686 4134 2880 4216 galeis
2914 4134 3036 4197 sibi
3072 4151 3243 4196 com-

517 4212 726 4275 missis
774 4218 845 4277 ad
897 4218 1091 4280 dictas
1138 4225 1345 4301 partes
1395 4222 1685 4299 Avalone,
1737 4228 1797 4286 et
1845 4225 2193 4287 examinare
2241 4222 2572 4303 diligenter
2633 4225 2698 4284 et
2759 4223 3002 4285 mature
3046 4222 3241 4284 situm

515 4303 578 4362 et
624 4301 1031 4368 conditionem
1087 4308 1358 4371 Avalone
1407 4313 1466 4372 et
1516 4309 1779 4373 aliorum
1822 4310 2117 4386 locorum,
2184 4315 2248 4374 et
2309 4312 2357 4373 si
2408 4310 2489 4373 ibi
2554 4311 2649 4371 est
2705 4308 2935 4390 aliquis
3001 4317 3242 4388 portuS‚

515 4406 587 4449 ac
631 4391 978 4454 examinare
1029 4395 1247 4456 debeat
1296 4396 1602 4478 introytus
1651 4402 1713 4459 et
1761 4416 2077 4479 expensaS,
2129 4416 2280 4481 quos
2327 4400 2390 4460 et
2435 4415 2585 4478 quas
2632 4395 2863 4460 habent
2921 4399 3054 4459 loca
3106 4415 3247 4476 pre-

516 4476 700 4552 dicta,
746 4481 809 4540 et
855 4481 1155 4561 quomodo
1221 4487 1283 4545 et
1346 4502 1451 4564 pro
1515 4485 1735 4565 quibus
1799 4486 1998 4559 rebuS,
2067 4488 2131 4549 et
2192 4504 2432 4548 omnem
2486 4483 3001 4558 informationem,
3051 4502 3240 4564 quam

517 4562 736 4626 habere
785 4568 1035 4646 poterit,
1086 4570 1304 4633 debeat
1353 4572 1527 4634 nobis
1575 4573 1701 4635 suis
1751 4572 1981 4635 litteris
2032 4575 2338 4648 denotare,
2386 4589 2506 4652 qua
2555 4571 2768 4634 habita
2815 4570 3244 4651 providebitur

517 4653 725 4729 postea
774 4657 953 4732 prout
1002 4656 1311 4720 videbitur
1358 4676 1508 4739 opus
1557 4678 1708 4722 esse.
1806 4660 1889 4722 Et
1934 4660 1986 4722 si
2035 4658 2224 4723 fuerit
2269 4677 2517 4722 necesse
2589 4660 2840 4722 mittere
2909 4658 2983 4721 ad
3036 4658 3248 4721 viden·

520 4739 665 4804 dum
716 4740 921 4826 aliqua
965 4742 1103 4806 loca
1151 4747 1214 4809 et
1260 4748 1483 4824 castra,
1530 4765 1646 4828 que
1695 4751 1842 4811 sunt
1888 4745 2046 4812 intra
2093 4749 2346 4825 terram,
2396 4746 2594 4828 possit
2641 4745 2894 4808 mittere
2944 4764 3136 4809 unum
3173 4763 3246 4809 ex
