3620 5282
2998 355 3126 434 265

400 560 765 640 tentionem,
833 578 1016 645 quam
1078 558 1270 626 invite
1339 559 1762 644 exprimimuS,
1832 560 1978 644 quia
2045 559 2364 641 vellemus,
2436 559 2598 643 quod
2664 559 2795 644 ipse
2840 559 3127 627 dominus

407 650 568 716 foret
615 667 801 714 sanus
847 652 910 713 et
956 654 1172 733 potens
1218 647 1295 714 ad
1342 648 1817 714 substinentiam
1864 666 1932 714 se
1977 651 2043 714 et
2085 650 2324 714 statum
2372 667 2574 729 suum,
2607 647 2864 715 dicendo
2905 651 3125 723 eidem,

411 738 591 822 quod,
638 738 690 802 si
736 737 1170 803 condescendit
1214 736 1293 802 ad
1352 737 1489 815 hoc,
1554 755 1661 802 nos
1727 755 1945 802 sumus
2007 736 2298 813 contenti,
2371 739 2534 819 quod
2597 736 2795 820 possit
2860 740 3023 802 stare
3063 739 3128 802 in

412 845 594 911 quem
640 826 918 891 locorum
967 828 1318 891 nostrorum
1362 826 1503 909 plus
1550 827 1606 890 ei
1654 825 1882 908 placet,
1930 825 2095 891 sicut
2137 824 2295 891 alias
2341 826 2525 908 petiit
2571 827 2635 891 et
2688 825 2885 891 voluit
2930 826 3129 891 facere

414 914 720 996 quondam
762 914 1046 980 domiuus
1092 915 1270 996 pater
1318 932 1465 979 suus
1508 913 1770 978 intimus
1813 916 2052 979 amicus
2099 913 2296 979 nostri
2366 912 2645 992 dominii,
2710 916 2774 979 et
2841 915 2902 979 in
2962 912 3129 979 dicto

416 1020 559 1067 casu
633 1002 719 1067 sit
796 1003 858 1066 in
935 1001 1223 1068 libertate
1298 1001 1491 1084 ipsius
1558 1000 1887 1084 provisoris
1943 1002 2139 1068 nostri
2187 1001 2584 1084 promittendi
2634 1001 2833 1068 eidem
2882 1001 3128 1067 domino

417 1109 610 1173 usque
655 1092 731 1156 ad
778 1108 1089 1155 summam
1138 1091 1505 1155 ducatorum
1550 1090 1670 1155 VII
1720 1092 1968 1155 centum
2015 1091 2075 1155 in
2125 1107 2282 1155 anno
2346 1093 2410 1153 et
2466 1090 2607 1155 iude
2654 1088 2816 1156 infra
2860 1108 2972 1174 pro
3019 1107 3130 1155 sua

420 1179 766 1261 provisione
811 1180 874 1243 in
922 1180 1051 1243 vita
1096 1196 1228 1255 sua,
1276 1177 1491 1244 Eciam
1539 1178 1695 1260 quod
1741 1177 1940 1242 dictos
2003 1178 2258 1245 ducatos
2318 1177 2439 1243 VII
2497 1181 2742 1243 centum
2806 1179 2902 1245 vel
2963 1177 3130 1244 circa

414 1265 714 1332 faciemus
761 1267 917 1332 solvi
964 1266 1040 1332 de
1072 1267 1247 1331 bonis
1281 1267 1470 1331 nostri
1503 1267 1868 1331 communis,

621 1356 706 1420 Et
749 1355 801 1419 si
848 1353 1129 1420 dominus
1176 1355 1477 1420 Durachii
1522 1355 1981 1420 contentabitur
2026 1354 2098 1420 de
2143 1354 2277 1433 hoc,
2324 1354 2386 1419 et
2416 1354 2575 1438 quod
2610 1354 2716 1420 det
2745 1355 2808 1420 in
2843 1354 3130 1420 manibus

413 1444 643 1509 nostris
712 1442 1068 1508 fortiliciam
1117 1446 1180 1508 et
1225 1446 1499 1508 castrum
1565 1442 1922 1526 principale,
1970 1460 2078 1508 seu
2123 1441 2351 1508 forsam
2399 1444 2560 1526 quod
2607 1443 2669 1508 in
2716 1442 3129 1527 applicatione

414 1549 527 1596 sua
571 1533 648 1597 ad
696 1534 904 1615 partes
951 1531 1246 1597 Durachii
1293 1531 1591 1615 reperiret
1634 1531 1837 1614 ipsum
1884 1530 2198 1595 dominum
2246 1533 2579 1602 mortuum,
2611 1530 2757 1615 quia
2789 1535 2861 1597 ut
2892 1531 3128 1597 dictum

415 1621 512 1685 est
555 1620 761 1704 potius
807 1622 1089 1703 speratur
1133 1620 1208 1684 de
1256 1622 1457 1684 morte
1500 1637 1686 1702 quam
1742 1619 1816 1684 de
1864 1618 2012 1696 vita,
2060 1622 2123 1685 et
2168 1620 2327 1702 quod
2373 1618 2592 1685 civitas
2661 1619 2980 1684 teneretur
3025 1638 3130 1685 no-

414 1708 580 1774 mine
650 1709 844 1774 nostri
907 1707 1185 1787 dominii,
1248 1708 1473 1774 debeat
1537 1708 2027 1790 vicecapitaneus
2092 1710 2298 1773 noster
2350 1706 2496 1772 culti
2542 1725 2762 1790 ponere
2809 1707 2872 1773 in
2918 1709 3123 1773 castro

413 1797 709 1863 Durachii
757 1796 1075 1861 duodecim
1122 1796 1197 1862 de
1241 1795 1608 1862 ballistariis
1655 1814 1762 1861 sue
1808 1796 1985 1878 galee
2031 1799 2097 1862 et
2140 1796 2495 1861 balistarios
2544 1814 2648 1860 sex
2695 1814 2768 1860 ex
2821 1795 2976 1873 illis,
3023 1794 3129 1879 qui

414 1887 562 1951 sunt
608 1885 671 1949 in
716 1885 875 1950 turri
922 1904 1115 1969 nuper
1160 1883 1445 1951 edificata
1490 1903 1601 1967 per
1645 1901 1773 1950 nos.
1822 1885 1905 1950 Et
1954 1886 2167 1968 postea
2211 1885 2340 1966 ipse
2382 1884 2874 1967 vicecapitaneus
2914 1883 3133 1949 fulciat

413 1992 478 2040 se
526 1972 602 2039 de
650 1973 800 2055 ipsis
848 1972 1214 2039 ballistariis
1253 1975 1316 2038 in
1365 1971 1601 2058 Corfoy,
1649 1974 1712 2038 in
1758 1972 2055 2038 Motbono
2098 1973 2162 2038 et
2208 1971 2442 2039 Corone
2485 1990 2672 2056 quam
2724 1971 2946 2038 melius
2990 1989 3129 2054 por-

411 2063 580 2128 terit.
671 2062 754 2127 Et
798 2063 1034 2128 scribat
1094 2061 1269 2127 nobis
1328 2062 1606 2145 provisor
1668 2063 1732 2126 et
1793 2061 2281 2145 vicecapitaneus
2327 2061 2553 2140 omnia,
2597 2078 2714 2144 que
2763 2060 3024 2127 fecerint
3068 2059 3134 2124 et

410 2150 739 2217 habuerint
783 2169 892 2233 pro
942 2151 1153 2215 nostra
1199 2149 1652 2228 informatione,
1699 2151 1764 2215 et
1806 2150 1859 2215 si
1908 2168 2061 2234 opus
2104 2148 2293 2216 fuerit
2363 2150 2612 2215 mittere
2679 2168 2872 2215 unum
2936 2149 3133 2233 galle-

410 2238 646 2303 dellum
693 2257 802 2321 pro
850 2238 1216 2303 notificando
1262 2239 1435 2303 nobis
1481 2256 1572 2314 ea,
1622 2256 1738 2320 que
1799 2237 2196 2317 occurrerint,
2259 2238 2667 2322 relinquimus
2724 2238 2789 2303 in
2836 2237 3131 2303 libertate

409 2344 518 2391 sua
563 2325 841 2402 fatiendi,
890 2327 1058 2391 sicut
1106 2344 1210 2408 pro
1256 2327 1414 2392 bono
1459 2325 1721 2392 istorum
1769 2328 2145 2409 agendorum
2191 2326 2459 2392 viderint
2514 2326 2816 2410 expedire.

617 2411 729 2478 Ser
774 2413 992 2479 Victor
1038 2414 1383 2491 Valaresso,
1433 2434 1531 2480 ser
1561 2414 1873 2480 Johaunes
1906 2413 2179 2497 Capello,
2213 2413 2529 2497 sapientae
2561 2413 2872 2493 ordinum,
2905 2414 3132 2480 volunt

407 2499 699 2583 utsupra
743 2518 886 2566 cum
931 2502 1054 2568 ista
1099 2502 1427 2582 additione,
1475 2503 1637 2587 quod
1680 2502 1734 2567 si
1779 2501 2066 2568 domiuus
2116 2501 2409 2568 Durachii
2459 2522 2574 2568 non
2643 2502 2998 2568 attenderet
3051 2502 3128 2568 ad

408 2587 677 2655 dandum
723 2590 899 2656 uobis
944 2588 1148 2657 locum
1180 2595 1244 2656 et
1288 2594 1521 2658 terram
1555 2591 1871 2672 Durachii,
1906 2593 1971 2658 et
2002 2589 2483 2676 vicecapitaneus
2516 2592 2581 2658 et
2609 2590 2887 2676 provisor
2919 2594 3129 2658 noster

402 2677 698 2755 viderent,
746 2680 907 2762 quod
954 2682 1198 2763 propter
1242 2681 1395 2746 istos
1462 2680 1583 2746 VH
1648 2682 1897 2746 centum
1944 2680 2193 2745 ducatos
2262 2680 2548 2746 dominns
2620 2679 2919 2747 Durachii
2962 2680 3125 2747 soret

404 2766 566 2831 male
612 2767 953 2845 contentus,
1003 2770 1068 2834 et
1108 2767 1264 2849 quod
1311 2787 1487 2834 mens
1533 2769 1665 2834 eius
1712 2767 1874 2835 foret
1935 2770 2205 2848 turbata,
2269 2772 2418 2834 tunc
2481 2787 2555 2833 ne
2601 2769 2831 2835 babeat
2876 2786 3128 2835 causam

407 2856 814 2921 submittendi
862 2875 927 2921 se
972 2853 1254 2933 Turcbis,
1304 2857 1452 2922 tunc
1499 2856 1662 2921 dicat
1729 2857 2010 2940 provisor
2069 2856 2272 2922 eidem
2333 2858 2599 2935 domino,
2659 2858 2820 2940 quod
2882 2857 3133 2941 propter

406 2942 782 3027 singularem
837 2944 1316 3011 benivolentiam
1363 2944 1428 3009 et
1472 2962 1765 3024 amorem,
1815 2964 1999 3029 quem
2046 2947 2121 3010 ad
2169 2963 2313 3010 eum
2361 2944 2658 3029 gerimus,
2704 2949 2770 3011 et
2804 2946 2876 3011 ut
2905 2946 3134 3011 babeat

406 3049 657 3096 causam
703 3032 1092 3098 substinendi
1150 3034 1387 3098 statum
1451 3051 1631 3098 suum
1689 3033 1858 3099 sicut
1902 3035 2215 3118 optamus,
2259 3052 2473 3099 sumus
2519 3034 2789 3101 contenti
2828 3053 2938 3119 pro
2982 3035 3132 3100 sub·

405 3120 690 3184 ventione
737 3139 849 3187 sua
892 3119 1091 3186 facere
1136 3121 1292 3186 solvi
1338 3120 1535 3187 dictos
1582 3120 1865 3187 denarios
1911 3122 2040 3188 illis
2088 3121 2536 3189 mercatoribus
2582 3121 2821 3189 civibus
2868 3123 3128 3200 nostrls,

409 3208 514 3292 qui
585 3207 815 3273 debent
874 3210 1016 3274 illos
1084 3209 1330 3287 habere,
1380 3213 1444 3274 et
1502 3208 1666 3294 quod
1724 3209 2010 3275 attendat
2077 3210 2156 3275 ad
2219 3210 2742 3277 conservationem
2793 3213 2856 3277 et
2900 3211 3131 3277 bouum

409 3298 611 3361 status
651 3297 782 3373 sui3
851 3300 917 3363 et
982 3298 1037 3362 si
1081 3299 1226 3382 quid
1279 3299 1337 3363 ei
1378 3297 1569 3363 fuerit
1626 3299 2035 3382 opportunum
2083 3301 2211 3364 tam
2259 3298 2335 3364 de
2381 3299 2581 3364 bladis
2631 3317 2820 3383 quam
2868 3299 2945 3365 de
2987 3297 3132 3364 aliis

408 3383 615 3463 rebus,
665 3403 774 3449 nos
815 3387 1248 3452 subveniemus
1290 3386 1346 3451 ei
1392 3385 1658 3451 libenter
1701 3403 1812 3470 pro
1857 3405 1971 3451 sua
2017 3386 2300 3469 pecunia,
2347 3406 2488 3452 cum
2532 3387 2653 3453 hiis
2700 3390 2765 3453 et
2808 3388 2951 3455 aliis
2997 3407 3134 3455 ver-

403 3472 501 3539 bis
550 3473 947 3556 placibilibus
992 3476 1058 3538 et
1097 3474 1348 3554 dextris,
1397 3493 1515 3559 que
1560 3474 1677 3540 sibi
1727 3474 2122 3541 videbuntur.

614 3561 697 3626 Et
744 3580 814 3626 ex
849 3581 1012 3627 nunc
1043 3561 1405 3634 declaretur,
1438 3561 1598 3647 quod
1630 3564 1684 3627 si
1717 3562 1871 3629 dicti
1901 3561 2137 3628 denarii
2171 3561 2485 3630 debebunt
2524 3563 2680 3630 solvi
2712 3584 2820 3647 per
2850 3568 3130 3630 nostrum

401 3667 746 3729 commune,
794 3650 953 3734 quod
1002 3652 1124 3734 ipsi
1169 3651 1401 3716 denarii
1448 3669 1570 3716 non
1620 3651 1884 3718 debeant
1918 3651 2051 3717 dari
2095 3651 2224 3717 illis
2270 3654 2508 3720 civibus
2554 3653 2781 3719 nostris
2827 3671 3018 3736 usque
3051 3653 3128 3719 ad

402 3738 553 3804 duos
599 3757 789 3805 annos
828 3740 1136 3822 proximos
1180 3776 1268 3787 —
1314 3737 1419 3804 40.

612 3826 781 3892 Nota
808 3827 966 3910 quod
1004 3828 1168 3893 1391
1205 3827 1305 3891 die
1337 3826 1422 3893 Xl
1455 3826 1671 3910 aprilis
1705 3830 2078 3894 mercatores
2110 3827 2371 3911 predicti
2399 3829 2688 3896 videlicet
2728 3847 2824 3894 ser
2870 3827 3129 3893 Betiuus

398 3913 474 3979 de
510 3914 697 3993 Pone,
743 3935 843 3981 ser
888 3915 1200 3982 Johannes
1229 3916 1605 4000 Pasqualigo
1636 3917 1701 3981 et
1730 3916 1873 3981 sotii
1907 3916 2256 3982 habuerunt
2293 3920 2357 3983 et
2396 3917 2759 4002 receperunt
2787 3914 3133 3999 suprascri-

402 4006 539 4085 ptos
584 4005 837 4071 ducatos
878 4005 999 4071 VII
1040 4006 1287 4070 centum
1321 4023 1358 4067 a
1390 4004 1654 4070 dominis
1684 4005 2095 4088 provisoribus
2129 4005 2295 4070 bladi
2328 4007 2672 4073 communis
2706 4005 3128 4072 Venetiamm.

615 4091 726 4158 Ser
770 4094 996 4159 Tomas
1043 4094 1405 4169 Barbadico,
1449 4094 1561 4159 Ser
1605 4094 1879 4158 Blancns
1924 4093 2151 4171 Barbo,
2198 4112 2297 4159 ser
2342 4095 2610 4161 Jacobus
2656 4092 2996 4160 contareno
3033 4111 3132 4161 sa-

408 4178 644 4258 pientes
690 4181 997 4246 ordinum.
1047 4182 1353 4247 Volebant
1398 4182 1533 4245 loco
1578 4181 1907 4264 prescripti
1956 4181 2164 4247 ultimi
2212 4182 2471 4265 capituli
2536 4182 2859 4249 videlicet:
2952 4182 3016 4248 et
3076 4182 3130 4247 si

404 4267 687 4339 dominus
735 4268 1035 4334 Durachii
1082 4269 1525 4333 condescendet
1571 4268 1648 4333 ad
1696 4269 1854 4333 hanc
1916 4274 2191 4335 nostram
2261 4269 2689 4347 intentionem,
2738 4270 2810 4336 nt
2850 4267 3128 4352 superius

403 4355 771 4430 continetur,
821 4357 1129 4436 videlicet,
1172 4356 1269 4421 vel
1317 4357 1477 4440 quod
1519 4355 1844 4441 consignet
1889 4357 2268 4423 Durachium
2313 4358 2377 4422 in
2421 4358 2710 4424 manibus
2755 4358 2982 4422 nostris
3028 4355 3127 4419 vel

404 4443 564 4526 quod
610 4444 895 4509 dominus
936 4446 1235 4510 Durachii
1281 4444 1439 4509 foret
1483 4450 1784 4522 mortuus,
1849 4447 1913 4511 et
1971 4448 2138 4512 terra
2196 4444 2356 4510 foret
2417 4447 2478 4510 in
2528 4446 2813 4512 manibus
2875 4444 3124 4524 nostris,

403 4531 668 4596 debeant
713 4530 862 4596 dicti
910 4534 1113 4597 ducati
1161 4534 1281 4598 VII
1325 4538 1576 4599 centum
1624 4534 1723 4598 vel
1769 4532 1936 4598 circa
1982 4533 2136 4598 solvi
2195 4534 2483 4614 predictis
2513 4535 2742 4599 nostris
2768 4532 3130 4599 mercatori-

403 4617 520 4684 bus
570 4619 645 4685 de
683 4619 1042 4684 introitibus
1088 4620 1164 4684 de
1217 4620 1356 4684 inde
1402 4641 1583 4705 quam
1638 4622 1899 4688 celerius
1946 4639 2081 4686 esse
2126 4622 2374 4703 poterit.
2432 4623 2515 4688 Et
2569 4623 2621 4688 si
2667 4622 2951 4687 dominus
2996 4621 3128 4687 Du-

401 4706 595 4772 rachii
644 4707 837 4773 stabit
881 4710 1172 4772 constans
1219 4708 1281 4771 in
1332 4709 1589 4773 nolendo
1629 4712 1772 4775 dare
1820 4709 1995 4773 nobis
2065 4708 2374 4774 civitatem
2449 4708 2757 4785 Durachii,
2807 4710 2873 4775 et
2917 4721 3126 4794 perse·

401 4799 648 4860 voraret
687 4795 750 4858 in
797 4796 1081 4877 opinione
1114 4808 1245 4874 sua,
1297 4796 1450 4859 tunc·
1487 4795 1658 4860 dicat
1701 4798 1911 4862 noster
1955 4795 2252 4880 provisor,
2315 4799 2475 4880 quod
2542 4810 2631 4875 ea,
2671 4812 2794 4879 que
2831 4797 3119 4877 diximus,

3233 4938 3332 4999 „ar
