3620 5282
2983 377 3106 444 211

374 546 556 622 altra,
592 566 625 609 e
670 545 889 629 perche
937 547 1235 610 eciamdio
1286 566 1384 610 me
1432 547 1691 629 pregati‚
1740 547 1853 612 che
1900 547 1958 611 io
2006 567 2080 612 ne
2142 548 2347 613 scriua
2386 567 2419 613 e
2466 550 2765 632 responde.
2811 569 2990 616 soura
3036 551 3112 617 de

316 651 331 654 “
376 634 478 698 zio.
526 636 684 698 Pero
734 635 792 697 io
846 653 1046 714 pense,
1120 635 1255 697 chel
1305 635 1397 699 sia
1444 636 1604 711 bem,
1653 636 1765 698 che
1813 655 1936 718 nuy
1984 636 2209 717 sapiati
2259 636 2359 700 dal
2409 637 2746 700 rezimento
2792 638 2867 702 de
2913 638 2994 714 la,
3043 658 3109 703 se

377 721 495 785 ello
543 740 575 784 e
622 721 894 802 disposto
938 741 974 786 a
1022 724 1239 803 questo
1308 720 1460 798 fato,
1530 742 1563 785 e
1605 723 2017 798 scr-inemeIIO,
2070 723 2287 805 perche
2334 723 2547 786 siando
2593 724 2687 787 lor
2726 723 2997 805 desposti
3045 727 3109 789 al

337 807 521 881 ‘fato‚
574 810 773 889 spiero
820 807 883 870 in
927 807 989 871 la
1030 810 1233 890 gratia
1296 809 1369 871 de
1430 808 1569 886 Dio,
1642 807 1753 872 che
1799 810 2004 892 questi
2050 809 2125 873 de
2173 829 2292 892 qua
2342 811 2632 874 mandera
2687 811 3030 876 ambaxada
3073 830 3108 875 o

378 911 576 958 messo
611 913 645 958 a
678 894 857 975 quele
905 899 1095 976 parte,
1144 896 1309 959 siche
1343 914 1447 976 per
1483 902 1699 977 questo
1734 899 1944 960 nostro
1992 897 2291 978 principio
2333 915 2480 978 pora
2527 897 2734 979 seguir
2779 897 2897 961 bon
2945 916 3113 963 mezo

377 1001 408 1044 e
457 983 650 1045 meior
696 983 800 1046 fin.
851 983 942 1045 De
995 984 1168 1062 parte
1217 983 1319 1060 75,
1378 981 1453 1046 de
1503 1001 1620 1047 non
1668 983 1727 1062 5,
1777 1001 1897 1047 non
1946 983 2169 1048 sinceri
2215 983 2320 1049 24.
2549 978 2559 988 ’

470 1089 648 1148 Misti
698 1088 1016 1151 XXXIX.
1065 1092 1166 1158 36.
1214 1108 1253 1148 u
1302 1090 1458 1153 mlet.
1505 1091 1740 1151 arkivu.

821 1291 1035 1375 CCC.
1092 1294 1299 1377 Gon.
1358 1294 1583 1378 1385.
1640 1296 1692 1376 9
1747 1294 2084 1395 oiujRa.
2139 1316 2199 1376 u
2251 1293 2646 1378 Mlctcih.

387 1434 447 1494 U
471 1435 650 1507 postu
679 1452 893 1494 savena
925 1436 1074 1507 §alje
1106 1453 1169 1495 se
1194 1437 1477 1509 poslanik
1506 1455 1548 1496 u
1592 1435 1886 1513 Uqarslcu,
1920 1442 1974 1496 te
2004 1454 2105 1496 mu
2138 1454 2200 1496 se
2232 1438 2368 1510 dqjc
2399 1440 2690 1512 napatak,
2722 1438 2811 1499 §to
2843 1440 2924 1499 da
2967 1441 3109 1502 cini.

590 1552 774 1616 1385.
850 1553 1175 1618 indictione
1239 1559 1476 1631 octava,
1547 1557 1643 1620 die
1711 1574 1869 1621 nono
1929 1558 2172 1621 mensis
2248 1557 2477 1621 martii.
2537 1560 2859 1635 DominuS,
2912 1560 3110 1623 consi·

376 1640 559 1715 liarii,
627 1641 854 1720 capita,
922 1644 986 1703 et
1055 1641 1364 1721 sapientes
1425 1644 1690 1708 consilii.
1755 1643 1987 1726 Capta:
2057 1662 2199 1707 cum
2253 1643 2378 1706 iam
2435 1645 2650 1708 multis
2702 1645 2921 1710 diebus
2970 1666 3107 1727 pre-

374 1727 577 1791 teritis
649 1746 790 1791 cum
860 1727 1302 1793 deliberatione
1370 1736 1432 1792 et
1501 1731 1818 1795 voluntate
1906 1730 2146 1794 consilii
2241 1732 2593 1811 rogatorum
2654 1734 2719 1796 et
2778 1731 3107 1797 additionis

381 1813 570 1877 suerit
638 1832 745 1894 per
816 1814 1016 1878 virum
1090 1816 1355 1880 nobilem
1429 1836 1527 1880 ser
1577 1818 1881 1881 Karolum
1929 1818 2090 1880 Zeno
2136 1818 2201 1881 et
2245 1818 2431 1881 sotios
2479 1818 2624 1881 data
2670 1821 2982 1901 responsio
3029 1819 3108 1884 ad

381 1899 598 1964 literas
646 1905 793 1964 tunc
843 1903 1064 1964 missas
1112 1921 1221 1983 per
1272 1903 1664 1967 Franciscum
1700 1905 1774 1968 de
1809 1902 2122 1968 Bernardo
2153 1904 2230 1967 ad
2264 1904 2448 1968 finem
2498 1904 2621 1987 lige
2667 1923 2808 1969 cum
2841 1907 3108 1971 chorona

379 1992 443 2050 et
493 2006 681 2071 regno
728 1989 1065 2071 Hungarie,
1116 1994 1178 2052 et
1225 1989 1343 2052 fuit
1398 1992 1533 2071 ipsa
1579 1992 1889 2072 responsio
1935 1992 2124 2054 missa
2154 1991 2484 2055 Francisco
2515 1991 2592 2055 de
2625 1992 2940 2057 Bernardo
2970 2012 3108 2074 pre-

378 2075 548 2139 dicto
594 2094 703 2157 per
750 2094 850 2138 ser
896 2077 1196 2139 Karolum
1270 2075 1443 2140 Geno
1512 2078 1576 2141 et
1644 2079 1834 2141 sotios
1905 2096 2013 2159 per
2058 2078 2208 2141 duas
2256 2096 2475 2142 manus
2523 2078 2848 2144 literarum
2893 2083 2958 2144 et
2997 2099 3105 2161 per

378 2161 529 2226 duos
596 2164 846 2227 nuntios
911 2162 1009 2226 vel
1071 2181 1370 2238 cursoreS,
1413 2167 1475 2227 et
1522 2164 1669 2228 licet
1726 2165 1921 2228 nuntii
1973 2165 2169 2227 nostri
2218 2163 2318 2229 vel
2363 2182 2642 2229 cursores
2688 2166 3107 2248 applicuerint

378 2250 456 2312 ad
504 2254 713 2330 partes
754 2249 893 2314 illas
943 2252 1006 2314 et
1056 2251 1541 2331 presentaverint
1584 2250 1799 2314 literas
1848 2250 1987 2314 illas
2033 2251 2362 2315 Francisco
2423 2251 2719 2332 predicto,
2768 2256 2978 2317 tamen
3027 2255 3105 2318 ad

379 2336 613 2400 factum
664 2336 996 2418 principale
1044 2337 1238 2400 nichil
1286 2354 1646 2418 responsum
1693 2341 1806 2416 est,
1835 2341 1899 2401 et
1922 2337 2074 2402 utile
2120 2337 2206 2401 sit
2250 2339 2567 2419 providere
2612 2358 2799 2420 super
2848 2340 2961 2405 hoc
2992 2359 3102 2422 pro

383 2420 539 2485 bono
608 2425 983 2505 agendorum
1056 2428 1440 2502 nostrorum;
1491 2425 1659 2492 vadit
1701 2443 1859 2506 parS,
1924 2424 2086 2507 quod
2134 2425 2464 2507 collegium
2511 2426 2753 2490 scilicet
2798 2427 3102 2505 dominus,

382 2511 737 2587 consiliarii,
795 2512 1017 2592 capita,
1083 2512 1394 2594 sapientes
1457 2512 1699 2576 consilii
1748 2515 1812 2574 et
1856 2513 2162 2593 sapientes
2208 2514 2493 2576 ordinum
2540 2513 2809 2578 habeant
2849 2514 3104 2578 liberta-

382 2599 508 2661 tem
559 2598 843 2662 mittendi
895 2618 1084 2663 unum
1130 2599 1541 2664 sufficientem
1591 2600 1878 2664 nuntium
1923 2598 2002 2663 ad
2051 2603 2255 2683 partes
2299 2598 2620 2681 Hungarie
2663 2617 2774 2683 pro
2819 2601 3099 2668 habendo

384 2687 838 2764 responsionem
885 2688 963 2750 ad
1009 2686 1242 2751 factum
1292 2688 1632 2769 predictum
1694 2706 1838 2752 cum
1885 2686 1997 2750 illa
2054 2687 2417 2752 comissione
2465 2689 2529 2752 et
2573 2689 2798 2763 verbis,
2846 2708 2964 2771 que
3011 2690 3103 2755 vi-

381 2774 688 2836 debuntur
731 2773 894 2838 dicto
935 2774 1198 2856 collegio
1246 2774 1343 2839 vel
1393 2774 1607 2837 maiori
1659 2775 1820 2856 parti
1861 2791 1970 2854 pro
2018 2773 2175 2838 bono
2222 2778 2430 2838 nostro
2479 2777 2543 2839 et
2573 2775 2950 2858 agendorum
2991 2794 3100 2841 no-

386 2862 677 2925 strorum.
729 2861 819 2924 De
867 2865 1041 2943 parte
1086 2880 1301 2925 omnes
1348 2861 1475 2937 alii,
1523 2862 1598 2925 de
1646 2878 1765 2924 non
1817 2860 1919 2937 17,
1964 2879 2080 2925 non
2128 2862 2351 2925 sinceri
2398 2862 2458 2921 1).

590 2966 915 3041 DominuS,
961 2965 1317 3043 consiliarii,
1382 2966 1588 3048 capita
1638 2968 1700 3030 et
1760 2966 2070 3047 sapientes
2116 2965 2378 3029 consilii.
2430 2964 2661 3045 Capta:
2710 2984 2852 3030 cum
2899 2966 3097 3048 pridie

382 3051 632 3130 captum
679 3051 866 3116 fuerit
911 3052 974 3115 in
1021 3052 1137 3117 hoc
1182 3053 1436 3117 consilio
1482 3055 1555 3117 de
1601 3054 1903 3135 possendo
1946 3053 2186 3117 mittere
2232 3071 2421 3116 unum
2458 3054 2749 3117 nuncium
2782 3055 2857 3116 ad
2894 3058 3100 3135 partes

384 3136 706 3218 Hungarie
744 3155 885 3202 cum
931 3138 1043 3204 illa
1081 3139 1528 3215 commissione,
1564 3159 1684 3222 que
1733 3140 2037 3204 videbitur
2081 3139 2337 3221 collegio
2383 3139 2480 3202 vel
2527 3140 2748 3203 maiori
2802 3140 2962 3221 parti
2994 3159 3101 3221 pro

383 3222 661 3286 habendo
724 3226 1183 3306 responsionem
1232 3227 1310 3291 ad
1372 3228 1691 3309 negotium
1754 3227 2094 3309 principale
2140 3230 2276 3297 etc„
2307 3229 2371 3289 et
2413 3245 2522 3306 per
2566 3227 2807 3307 aliquos
2853 3229 2927 3291 de
2973 3227 3099 3291 col·

384 3309 550 3392 legio
597 3310 706 3375 fiat
752 3310 1005 3376 dubium
1051 3319 1301 3396 propter
1346 3314 1499 3378 illud
1552 3314 1827 3389 verbnm,
1876 3313 2033 3396 quod
2079 3313 2247 3385 dicit,
2298 3315 2453 3397 quod
2489 3314 2743 3377 nuntius
2777 3313 2962 3378 vadat
2994 3334 3100 3395 pro

385 3396 666 3462 habendo
714 3400 1173 3480 responsionem
1220 3404 1293 3465 ad
1345 3402 1575 3465 factum
1623 3402 1978 3483 principale,
2020 3402 2072 3463 si
2118 3401 2448 3481 collegium
2505 3399 2692 3464 babet
2749 3400 3102 3466 libertatem

386 3486 747 3550 comittendi
796 3488 914 3568 ipsi
961 3488 1192 3565 nuntio,
1241 3488 1398 3570 quod
1448 3485 1672 3551 habeat
1710 3488 2064 3552 libertatem
2111 3487 2399 3551 offerendi
2443 3486 2570 3549 illis
2614 3487 2688 3550 de
2737 3489 2898 3566 inde,
2947 3490 3106 3570 quod

383 3572 719 3638 dominatio
764 3575 971 3638 nostra
1022 3575 1120 3638 est
1162 3578 1448 3638 contenta
1478 3575 1628 3638 illuc
1674 3576 1920 3638 mittere
1954 3578 2227 3638 nostram
2262 3574 2656 3638 ambaxatam
2693 3574 3100 3640 existentibus

380 3659 537 3741 ipsis
586 3662 736 3726 bene
779 3660 1103 3743 dispositis
1148 3660 1225 3725 ad
1274 3660 1508 3726 factum
1557 3662 1715 3744 lige;
1767 3663 1935 3725 vadit
1983 3680 2121 3743 pars
2171 3679 2277 3742 pro
2329 3680 2446 3725 non
2494 3663 2801 3742 perdendo
2850 3666 3097 3744 tempus

387 3746 451 3809 in
499 3747 617 3811 hiis
661 3749 843 3812 factis
889 3749 952 3812 et
995 3766 1104 3829 pro
1167 3747 1320 3811 bono
1389 3750 1769 3831 agendorum
1842 3751 2207 3825 nostrorum,
2276 3747 2439 3830 quod
2511 3748 2872 3826 declaretur,
2945 3752 3103 3831 quod

387 3834 717 3918 collegium
783 3835 1012 3900 habeat
1072 3835 1262 3899 etiam
1324 3835 1680 3899 libertatem
1749 3837 2107 3918 predictam,
2156 3834 2468 3912 videlicet,
2516 3835 2928 3899 existentibus
2974 3836 3104 3900 inis

384 3920 602 3985 deinde
651 3925 799 3988 bene
843 3923 1159 4003 dispositis
1207 3924 1281 3986 ad
1323 3921 1514 4004 ligam
1565 3924 1903 3998 nobiscum,
1953 3923 2259 3997 offerendi,
2294 3920 2451 4004 quod
2511 3922 2849 3985 dominatio
2896 3924 3110 3987 nostra

384 4009 503 4071 erit
546 4013 840 4075 contenta
888 4011 1137 4073 mittere
1180 4013 1242 4073 et
1292 4011 1503 4073 mittet
1542 4010 1693 4073 illuc
1738 4028 1914 4073 suam
1955 4010 2372 4087 ambaxatam‚
2422 4008 2492 4070 ut
2537 4007 2819 4088 superius
2865 4008 3103 4073 dictum

389 4098 504 4160 est.
554 4097 658 4177 47,
705 4098 781 4162 de
829 4115 948 4161 non
998 4097 1099 4174 18,
1143 4116 1259 4161 non
1307 4096 1530 4160 sinceri
1581 4096 1639 4161 7.

601 4200 799 4285 Capta
845 4204 904 4267 in
936 4201 1197 4285 collegio
1244 4202 1411 4265 dicta
1458 4201 1557 4265 die
1615 4202 1823 4284 vigore
1875 4201 2036 4263 dicte
2095 4198 2423 4273 libertatiS,
2474 4199 2634 4281 qnod
2683 4199 3113 4265 committatur

391 4305 489 4350 ser
535 4287 768 4354 Jacobo
825 4288 1080 4368 Quirino
1140 4290 1261 4355 civi
1323 4292 1387 4352 et
1432 4288 1597 4353 fideli
1648 4291 1875 4365 nostro,
1952 4288 2112 4369 quod
2162 4287 2220 4348 in
2274 4287 2429 4349 bona
2476 4288 2679 4367 gratia
2724 4305 2865 4350 cum
2912 4286 3112 4352 literis

392 4375 618 4439 nostris
693 4377 1080 4441 credulitatis
1146 4378 1233 4440 ire
1294 4376 1521 4439 debeat
1579 4375 1657 4437 ad
1706 4376 1911 4456 partes
1963 4373 2278 4455 Hungarie
2326 4375 2401 4436 ad
2453 4390 2748 4455 magnum
2794 4372 3108 4451 comitem,

390 4462 485 4524 cui
537 4462 701 4527 facta
746 4466 1093 4529 reverentia
1137 4467 1201 4529 et
1237 4463 1611 4528 salutatione
1658 4480 1730 4527 ex
1776 4464 1950 4543 parte
1998 4461 2192 4524 nostri
2240 4460 2498 4522 dominii
2534 4478 2673 4523 cum
2706 4461 2912 4523 verbis
2943 4479 3114 4526 amo-

394 4550 476 4611 ris
503 4553 566 4613 et
590 4550 958 4629 dilectionis,
1004 4568 1303 4634 exponere
1351 4550 1590 4626 debeat,
1642 4548 1800 4631 qnod
1835 4548 1997 4610 sicut
2030 4567 2137 4610 sue
2173 4545 2632 4628 magnificentie
2681 4548 2858 4627 plene
2899 4551 3110 4612 notum

391 4638 503 4715 est,
549 4640 742 4720 pridie
804 4639 1171 4703 Franciscus
1217 4639 1291 4702 de
1338 4637 1651 4701 Bernardo
1691 4635 1945 4719 scripsit
2001 4653 2106 4715 per
2151 4652 2296 4697 suas
2344 4632 2559 4696 literas
2607 4638 2671 4697 et
2714 4652 2851 4698 cum
2905 4635 3117 4699 volun-

390 4727 519 4790 tate
566 4727 759 4808 ipsius
808 4726 1018 4807 magni
1077 4726 1323 4788 comitis
1384 4723 1576 4787 nobili
1626 4724 1755 4786 v-iro
1807 4720 2033 4784 Karolo
2081 4721 2241 4785 Zeno
2287 4721 2352 4783 et
2407 4718 2586 4783 sotiis
2632 4720 2738 4862 ad*
2756 4719 2944 4785 finem
2988 4719 3114 4803 lige
