3620 5282
3094 339 3218 412 107

490 526 556 588 et
600 521 873 588 domine.
922 520 1329 589 Salutationis
1366 521 1834 589 honorificentia
1877 522 2278 606 promittente
2324 523 2529 589 vestre
2591 522 3047 606 magnificentie
3107 524 3221 588 du-

491 611 631 687 cali,
680 628 867 692 quam
915 628 1062 693 erga
1110 629 1218 674 nos
1264 628 1506 692 semper
1553 610 1896 695 reperimus
1944 611 2302 695 gratiosam,
2351 610 2639 675 duximus
2689 613 2900 674 tenore
2973 629 3221 691 presen-

493 698 650 763 tium
697 696 1159 774 declarandum,
1209 698 1365 780 quod
1412 697 1579 763 sicut
1624 698 1917 780 providus
1953 698 2046 764 vir
2083 699 2368 763 dominus
2413 697 2786 775 Guilelmus,
2835 697 3109 767 notarius
3156 700 3220 763 et

493 785 877 850 ambaxiator
926 787 1147 861 vester,
1193 785 1312 849 huc
1359 787 1433 851 ad
1459 787 1655 850 nostri
1689 786 2063 868 presentiam
2100 786 2419 862 accedens,
2469 785 2646 850 nobis
2681 804 2785 866 pro
2818 784 3007 849 vestri
3048 786 3221 867 parte

492 870 568 937 de
632 871 795 937 facto
865 873 1221 937 consulatus
1283 874 1348 936 et
1409 874 1717 938 erectione
1776 892 1886 938 seu
1947 875 2287 938 elevatione
2352 873 2537 937 vexili
2584 876 2873 937 oretenus
2920 873 3219 953 exposuit.

489 959 589 1025 Ita
634 959 825 1024 vestri
870 959 1102 1025 intuitu
1148 960 1378 1023 amoris
1426 962 1492 1024 et
1536 960 1954 1042 requisitionis
2001 961 2077 1025 ad
2127 963 2243 1025 hoc
2290 962 2738 1034 consensimus,
2803 960 2868 1023 et
2913 957 3091 1041 plene
3132 959 3221 1024 fe-

490 1046 708 1125 cimuS,
759 1049 831 1112 ut
874 1048 1039 1112 idem
1084 1046 1469 1111 ambaxiator
1514 1051 1718 1112 vester
1762 1048 1938 1113 vobis
1979 1047 2055 1112 de
2101 1046 2215 1113 hoc
2261 1048 2498 1130 poterit
2543 1064 2828 1112 enarrare
2874 1045 3219 1125 distintiuS‚

493 1136 742 1215 paratos
810 1152 919 1199 nos
987 1153 1095 1216 pro
1156 1152 1333 1217 posse
1399 1134 1593 1199 nostri
1657 1134 1905 1201 honoris
1966 1154 2212 1218 semper
2269 1134 2565 1200 habentes
2628 1134 2707 1199 ad
2766 1150 3001 1217 queque
3046 1133 3221 1199 vobis

489 1223 687 1372 graitla.
738 1219 1089 1306 Stephanus
1136 1238 1343 1287 comes
1384 1222 1599 1304 Vegle,
1649 1222 1974 1288 Modrusse
2021 1223 2140 1287 etc.
2188 1222 2309 1289 Ubi
2358 1224 2504 1290 data
2548 1223 2647 1288 die
2702 1220 3006 1305 vigesima
3051 1223 3223 1286 sexta

488 1326 597 1390 apr
647 1327 721 1373 rs.

582 1412 1151 1476 Commemorialium
1208 1413 1305 1478 VI
1301 1412 1340 1475 I
1382 1417 1528 1487 182,
1573 1433 1617 1475 u
1659 1416 1817 1478 πεζοί.
1865 1417 2097 1477 arkivu.

927 1642 1206 1724 cclx.
1263 1640 1470 1725 (il-od.
1525 1642 1746 1725 1374.
1797 1640 1902 1724 28
1953 1644 2321 1744 travnja,
2376 1665 2439 1724 u
2491 1641 2780 1745 semu.

687 1787 904 1861 Druya
944 1786 1258 1859 poslanica
1301 1786 1490 1846 kneza
1532 1785 1788 1861 krekoqa
1832 1802 1915 1845 na
1957 1785 2111 1845 mlet.
2161 1785 2344 1844 vladu
2386 1802 2420 1844 ο
2465 1786 2639 1844 istom
2672 1784 3008 1858 predmtu.

699 1904 1106 1971 Serenissimo
1152 1903 1415 1987 principi
1462 1906 1527 1970 et
1567 1904 1816 1970 domino
1861 1904 2110 1970 domino
2157 1902 2403 1970 Andree
2444 1902 2793 1969 Contareno
2851 1903 2951 1968 dei
3015 1905 3221 1987 gratia

490 1989 706 2056 inclito
752 1991 895 2057 duci
945 1994 1344 2071 venetiarum,
1392 1992 1641 2058 domino
1688 1994 1752 2057 et
1793 1993 1993 2057 amico
2034 1994 2403 2058 honorando.
2449 1989 2856 2056 Serenissime
2917 1991 3218 2075 princeps,

488 2078 732 2144 domine
775 2084 839 2145 et
885 2080 1083 2144 amice
1114 2080 1489 2157 honorande,
1537 2079 1744 2145 votive
1785 2078 2185 2146 salutacionis
2210 2078 2679 2145 honorificentia
2720 2078 3059 2154 intellecta,
3109 2081 3220 2145 du-

486 2164 606 2230 cali
654 2167 1112 2251 magnificentie
1157 2168 1384 2246 vestre,
1428 2185 1613 2249 quam
1659 2184 1810 2249 erga
1857 2185 1966 2232 nos
2013 2187 2256 2251 semper
2302 2168 2646 2249 reperimus
2691 2165 3056 2250 graciosam,
3107 2169 3221 2232 du·

488 2252 689 2319 ximus
738 2257 948 2319 tenore
1015 2255 1399 2338 presentium
1461 2254 1921 2332 declarandum,
1986 2255 2149 2338 quod
2207 2254 2371 2320 sicut
2429 2253 2718 2339 providus
2779 2253 2870 2318 vir
2932 2252 3220 2320 dominus

487 2339 839 2409 Guilelmus
877 2341 1127 2426 Filippi,
1178 2341 1454 2407 notarius
1501 2343 1566 2407 et
1611 2340 1994 2409 ambaxiator
2041 2345 2245 2408 vester
2289 2341 2407 2406 huc
2453 2341 2531 2405 ad
2596 2341 2788 2407 nostri
2844 2342 3219 2422 presentiam

403 2490 408 2497 .
488 2428 802 2508 accedens,
875 2430 1049 2495 nobis
1120 2449 1227 2511 pro
1296 2428 1488 2494 vestri
1549 2431 1725 2512 parte
1781 2430 1858 2494 de
1926 2430 2090 2496 facto
2137 2429 2496 2495 consulatus
2544 2431 2609 2493 et
2653 2427 2990 2494 elevatione
3038 2427 3219 2493 vexili

487 2511 688 2598 Segne
733 2516 1160 2592 residentium,
1224 2520 1507 2582 oretenus
1549 2517 1851 2601 exposuit.
1926 2519 2023 2583 Ita
2069 2518 2258 2582 vestri
2309 2515 2539 2582 amoris
2602 2516 2830 2581 intuitu
2890 2517 2954 2580 et
3016 2516 3222 2600 requi-

487 2600 709 2670 sitione
755 2607 829 2671 ad
875 2607 989 2670 hoc
1036 2604 1463 2672 consensimus
1531 2607 1597 2671 et
1639 2605 1820 2688 plene
1867 2604 2148 2678 fecimus,
2217 2605 2289 2670 ut
2355 2603 2521 2670 idem
2587 2603 2948 2670 ambaxator
3015 2603 3221 2670 vester

489 2691 662 2755 vobis
729 2692 806 2757 de
875 2694 988 2758 hoc
1049 2693 1278 2759 abilius
1340 2693 1569 2776 poterit
1627 2695 1917 2757 oretenus
1978 2711 2287 2768 enarrare,
2354 2693 2601 2774 paratos
2666 2710 2776 2756 nos
2824 2691 2993 2756 iuxta
3040 2709 3220 2774 posse

489 2779 679 2843 nostri
723 2782 973 2847 honoris
1020 2800 1261 2864 semper
1309 2781 1485 2845 nobis
1536 2780 1909 2846 habentibus
1981 2782 2057 2844 ad
2106 2799 2343 2863 queque
2411 2778 2586 2844 vobis
2654 2780 2854 2858 grata.
2903 2777 3219 2844 Johannes

485 2883 689 2932 comes
736 2869 930 2952 Vegle
977 2869 1288 2933 modrusie
1336 2872 1519 2952 atque
1568 2870 1855 2952 gezeghe.
1907 2869 2138 2932 Datum
2179 2867 2381 2951 Segne
2427 2866 2525 2931 die
2571 2865 2847 2931 XXVIII
2891 2865 3131 2948 aprilis.

576 2973 1144 3037 Commemorialium
1201 2973 1325 3036 VII
1388 2978 1526 3047 182,
1570 2995 1614 3037 u
1658 2977 1813 3037 mlct.
1864 2978 2097 3037 arkivu.

928 3218 1165 3299 ccx.
1221 3217 1432 3300 coo.
1486 3216 1709 3302 1374.
1762 3220 1852 3300 11
1907 3216 2219 3318 lima,
2271 3237 2330 3296 u
2386 3163 2780 3297 motem.

701 3358 985 3441 Captum,
1027 3358 1188 3441 quod
1236 3359 1481 3424 videtur
1525 3357 1770 3441 publice
1816 3358 1878 3422 in
1923 3357 2076 3422 locis
2125 3355 2348 3433 solitis,
2398 3355 2557 3437 quod
2604 3371 2783 3419 nemo
2814 3354 3041 3419 audeat
3071 3352 3221 3419 mit-

488 3448 620 3512 tere
690 3445 923 3529 aliquid
995 3446 1073 3510 ad
1142 3447 1351 3528 partes
1393 3442 1600 3511 Catari
1665 3446 1781 3512 sub
1852 3444 2024 3528 penis
2093 3446 2155 3508 et
2200 3443 2513 3507 stricturis
2586 3442 2891 3507 contentis
2935 3442 2998 3505 in
3044 3442 3221 3524 parte

486 3533 1092 3607 contrabanuorum;
1142 3536 1205 3598 et
1263 3533 1425 3616 quod
1464 3534 1767 3600 scrivatur
1829 3532 2069 3597 consuli
2134 3533 2199 3596 et
2259 3530 2499 3595 civibus
2560 3531 2798 3595 venetis
2858 3528 2921 3593 in
2971 3527 3217 3608 cataro,

485 3622 788 3703 quatenus
834 3619 1002 3684 intra
1043 3621 1172 3686 tres
1221 3639 1462 3685 menses
1507 3640 1544 3686 a
1589 3622 1936 3703 receptione
1984 3619 2167 3702 hujus
2221 3616 2496 3683 mandati
2561 3616 2823 3681 debeant
2886 3635 2952 3680 se
3013 3617 3220 3680 levare

484 3710 559 3774 de
604 3707 788 3773 dictis
836 3707 1116 3790 partibus
1163 3709 1277 3773 sub
1325 3726 1518 3790 poena
1564 3708 1855 3790 perdendi
1902 3725 2017 3772 sua
2064 3708 2245 3783 bona,
2318 3708 2632 3770 reservato
2699 3703 2900 3769 officio
2963 3703 3221 3769 advoca-

487 3798 687 3860 torum
735 3796 1082 3860 communis
1128 3795 1492 3882 procedendi
1543 3798 1754 3860 contra
1800 3795 1968 3875 illos,
2014 3794 2117 3876 qui
2167 3794 2369 3859 forent
2416 3790 2900 3857 inhobedientes

575 3903 754 3964 Misco·
802 3903 1096 3964 XXXIV
1141 3906 1287 3975 116,
1332 3922 1375 3963 u
1418 3904 1574 3967 mlet.
1622 3905 1860 3967 arkivu.

918 4126 1195 4208 ccxl.
1249 4125 1455 4209 God.
1510 4109 1733 4210 137‘4.
1789 4127 1893 4210 28
1947 4128 2230 4229 rujna,
2285 4147 2345 4207 u
2397 4115 2823 4250 llssetcih.¹

700 4268 887 4345 1374,
938 4269 1038 4332 die
1086 4268 1169 4331 28
1218 4270 1605 4347 septembris.
1676 4269 1981 4334 Dominus
2028 4271 2092 4334 et
2137 4264 2496 4333 consiliarii.
2560 4261 2789 4344 Capta:
2854 4259 3049 4334 „Cum
3111 4263 3219 4326 do-

486 4357 690 4421 minus
739 4375 841 4421 rex
887 4356 1242 4440 Hungariae
1285 4357 1527 4421 miserit
1572 4357 1650 4422 ad
1698 4376 1809 4423 nos
1852 4358 2315 4422 ambaxatorem
2358 4371 2538 4418 suum
2609 4368 2717 4432 pro
2778 4348 2958 4414 Iactis
3005 4349 3217 4432 Ragu-

487 4461 756 4522 seorum,
807 4444 914 4527 qui
959 4444 1320 4509 ambaxator
1364 4445 1578 4528 tetigit
1619 4444 1809 4510 etiam
1855 4445 2197 4510 incidenter
2228 4444 2303 4507 de
2335 4439 2516 4506 factis
2549 4436 2998 4514 Catarinorum,
3049 4436 3220 4501 vadit

484 4538 691 4613 pars“‚
743 4533 814 4596 ut
857 4530 1134 4614 deputati
1185 4549 1293 4613 pro
1338 4531 1519 4597 factis
1566 4531 1793 4597 damne
1840 4532 2098 4598 audiant
2150 4529 2387 4596 dictum
2455 4525 2938 4603 ambaxatorem,
2996 4526 3060 4589 et
3113 4522 3218 4588 de-

484 4637 665 4701 super
708 4619 857 4684 dent
908 4618 1122 4694 „nobis
1164 4637 1346 4684 suum
1397 4618 1793 4684 consilium⁸.

573 4724 753 4785 Misco·
803 4723 1102 4786 XXXIV
1143 4726 1290 4806 138,
1336 4743 1380 4786 u
1427 4725 1585 4787 mlct.
1630 4726 1868 4787 arkivu.
