3620 5282
511 303 644 369 434

510 480 577 543 te
619 476 953 542 informare
1000 477 1073 538 de
1119 492 1301 539 causa
1347 472 1668 538 divisionis
1716 476 1779 536 εἰ
1825 471 2169 537 differentie
2215 474 2281 535 et
2327 473 2401 536 de
2445 472 2681 536 iuribus
2738 469 2833 535 sui
2883 462 3268 533 communis

512 582 585 629 ac
629 566 704 628 de
751 580 864 627 sua
905 561 1265 640 intentione,
1314 561 1456 642 quia
1501 560 1634 624 illis
1681 561 1932 637 auditiS,
1977 561 2190 641 postea
2239 564 2488 639 paratus
2555 578 2621 623 es
2681 560 2772 622 ire
2839 557 2925 619 ad
2982 556 3266 619 alteram

515 655 783 734 partem,
831 651 896 713 et
936 652 1067 713 toto
1113 652 1219 711 tuo
1268 666 1443 728 posse
1489 652 1698 710 tenere
1738 648 2007 722 modurn,
2056 648 2219 727 quod
2267 647 2437 712 istud
2503 646 2896 710 concordium
2981 638 3275 722 comple-

516 741 680 803 atur.
725 736 968 801 Utendo
1015 735 1111 799 his
1158 737 1223 799 et
1266 734 1407 798 aliis
1456 734 1716 797 utilibus
1763 736 1829 798 et
1872 734 2106 797 dextris
2156 733 2383 809 verbis,
2433 753 2550 816 que
2595 736 2700 797 tue
2731 729 3062 813 sapientie
3101 729 3277 790 vide-

519 819 769 899 buntur,
818 825 888 886 ut
918 821 1118 904 possis
1165 821 1389 884 melius
1437 820 1845 884 intentionem
1896 824 2172 884 nostram
2220 820 2501 902 implere,
2572 823 2637 884 et
2704 818 2907 883 dando
2974 833 3273 898 operam,

519 911 678 994 quod
728 908 837 973 illa
882 907 1294 972 communitas
1341 909 1568 989 quanto
1616 908 1752 988 plus
1800 907 2034 989 poteris
2081 925 2148 970 se
2201 909 2393 989 ponat
2457 909 2535 971 ad
2580 926 2679 971 res
2726 903 3161 970 rationabiles
3210 906 3277 965 et

519 999 831 1075 honestas,
880 996 971 1059 ita
1014 996 1173 1076 quod
1211 994 1459 1059 facilius
1504 995 1901 1076 perveniatur
1945 994 2022 1057 ad
2070 1012 2303 1075 pacem.

729 1084 810 1147 Et
856 1083 909 1145 si
956 1082 1120 1145 istud
1170 1080 1499 1157 obtinebiS,
1549 1082 1712 1144 sicut
1756 1082 2126 1162 sperandum
2174 1082 2290 1159 est,
2338 1081 2490 1144 tunc
2536 1081 2763 1161 quanto
2811 1078 3110 1161 prestins
3162 1094 3272 1157 po-

523 1172 675 1235 teris
722 1171 811 1233 ire
856 1169 1077 1233 debeas
1123 1169 1200 1232 ad
1247 1167 1754 1232 communitatem
1801 1168 1959 1248 Pagi
2006 1186 2148 1230 cuin
2197 1168 2425 1231 nostris
2470 1167 2700 1230 litteris
2725 1165 3270 1239 credentialibus,

412 1277 420 1285 ’
525 1257 811 1339 factaque
857 1257 947 1319 eis
993 1254 1370 1319 salutatione
1416 1256 1481 1318 et
1520 1255 1832 1319 oblatione
1879 1255 2138 1325 decenti,
2185 1272 2450 1337 expones
2497 1271 2641 1317 cum
2689 1252 2813 1317 illis
2848 1252 3101 1324 verbm,
3147 1268 3273 1331 que

524 1345 640 1408 tibi
669 1343 1054 1419 videbuntur,
1085 1344 1315 1417 modoS,
1361 1359 1514 1422 quos
1561 1341 1635 1404 ad
1685 1359 1864 1405 suam
1913 1340 2377 1423 requisitionem
2421 1340 2802 1405 servavimus
2834 1342 2896 1403 in
2931 1338 3271 1402 mittendo

524 1433 723 1514 primo
764 1430 998 1493 dictum
1052 1429 1455 1505 Bernardum,
1500 1430 1565 1491 et
1628 1431 1688 1491 te
1757 1429 1992 1509 postea,
2063 1444 2173 1509 pro
2217 1429 2477 1493 volendo
2524 1445 2627 1491 eos
2688 1428 2753 1491 in
2816 1445 2970 1509 pace
3026 1442 3269 1507 ponere

524 1536 665 1583 cum
707 1517 1072 1593 Jadratinis,
1121 1518 1184 1578 et
1229 1516 1402 1589 illud,
1448 1515 1607 1595 quod
1655 1514 1872 1579 feceris
1913 1517 1976 1578 et
2018 1517 2305 1595 operatus
2353 1515 2495 1591 eriS,
2543 1516 2606 1577 et
2649 1515 2713 1578 in
2735 1514 2961 1578 effectu
3001 1530 3105 1589 ea,
3147 1528 3270 1591 que

527 1603 839 1670 Jadratini
885 1604 1209 1684 requirunt
1254 1604 1319 1665 et
1364 1602 1582 1665 volunt
1624 1601 1702 1665 ab
1743 1601 1853 1678 eis,
1908 1602 2286 1684 procurando
2348 1600 2637 1665 reducere
2698 1601 2865 1682 ipsos
2932 1599 3262 1681 quantum

526 1692 775 1773 poteris,
819 1690 977 1771 quod
1023 1689 1513 1753 condescendant
1556 1689 1633 1751 ad
1674 1706 1907 1769 pacem,
1956 1707 2074 1770 que
2119 1686 2273 1752 facit
2318 1689 2587 1751 multum
2649 1707 2758 1769 pro
2819 1689 2907 1751 eis
2953 1706 3082 1769 per
3131 1704 3269 1748 om-

526 1797 669 1843 nem
717 1779 984 1854 modum,
1031 1795 1151 1857 quo
1196 1776 1437 1858 possint
1478 1775 1650 1838 illam
1700 1776 1943 1839 habere.
1984 1775 2067 1838 Et
2111 1792 2249 1838 cum
2298 1793 2389 1852 eo,
2435 1777 2594 1856 quod
2671 1774 2890 1839 feceris
2933 1779 3005 1836 et
3056 1773 3268 1836 habu·

530 1867 673 1943 eris,
722 1864 950 1928 redibis
994 1862 1272 1939 Jadram‚
1319 1864 1385 1926 et
1432 1860 1678 1925 induces
1725 1881 1829 1926 eos
1874 1862 1952 1925 ad
1998 1861 2604 1926 condescendendum
2654 1861 2732 1925 ad
2794 1881 2890 1925 res
2936 1861 3154 1924 iustas
3201 1860 3267 1920 et

530 1953 841 2025 honestas,
888 1955 952 2013 et
997 1949 1142 2013 hinc
1185 1950 1325 2013 inde
1372 1950 1584 2012 taliter
1630 1950 1953 2030 operando,
2002 1950 2164 2030 quod
2213 1949 2522 2012 mediante
2582 1947 2792 2014 divino
2836 1947 3101 2024 auxilie,
3153 1950 3265 2008 tua

534 2038 928 2104 solicitudine
973 2038 1040 2101 et
1085 2037 1260 2099 bonis
1306 2036 1752 2116 provisionibus
1798 2035 2125 2100 concludas
2173 2036 2232 2098 iu
2282 2052 2463 2116 pace3
2512 2053 2632 2118 quo
2680 2035 2861 2112 facto,
2909 2037 3177 2115 sumpto
3222 2049 3259 2093 a

533 2126 808 2208 partibus
855 2123 1165 2187 amicabili
1214 2126 1516 2198 comeatu,
1565 2122 1862 2187 Venecias
1907 2123 2235 2187 revertaris
2279 2123 2353 2186 de
2399 2122 2685 2186 omnibus
2730 2122 3132 2186 informatus.

744 2208 808 2276 Si
853 2212 1064 2274 autem
1111 2210 1369 2273 haberes
1413 2229 1452 2273 a
1495 2207 1659 2273 dicto
1736 2209 2050 2274 Bernardo
2097 2211 2159 2273 in
2235 2209 2349 2287 via,
2383 2208 2529 2289 quia
2575 2210 2780 2291 ipsum
2828 2208 3142 2272 invenires
3188 2204 3249 2266 in

536 2300 636 2364 via
680 2298 778 2362 vel
824 2298 886 2360 in
927 2296 1140 2369 Jadra,
1189 2297 1350 2378 quod
1396 2295 1707 2361 Jadratini
1756 2314 1873 2360 non
1927 2295 2193 2360 fuissent
2221 2314 2340 2359 nec
2380 2298 2592 2360 essent
2621 2297 2894 2360 contenti
2928 2296 3001 2358 de
3036 2297 3252 2358 nostra

536 2384 1004 2468 interpositione
1049 2384 1127 2446 ad
1174 2401 1410 2465 pacem,
1458 2382 1761 2459 volumus,
1809 2385 1969 2465 quod
2019 2382 2454 2447 nichilominus
2495 2401 2854 2465 compareas
2898 2400 3114 2446 coram
3165 2379 3252 2442 eis

535 2491 678 2538 cum
721 2471 952 2536 nost-ris
997 2471 1226 2534 litteris
1273 2469 1681 2547 credulitatis,
1727 2471 1794 2533 et
1838 2469 2008 2534 facta
2049 2468 2380 2534 amicabili
2412 2471 2787 2534 salutatione
2828 2474 2893 2533 et
2914 2468 3250 2538 oblatione,

536 2563 607 2625 ut
653 2559 932 2641 superius
975 2558 1214 2621 dictum
1262 2560 1376 2634 est,
1421 2558 1623 2620 dicere
1670 2557 1912 2631 debeas,
1961 2558 2122 2639 quod
2170 2556 2564 2640 sperantibus
2613 2557 2790 2621 uobis
2836 2559 3090 2639 propter
3121 2553 3248 2617 sin-

538 2646 815 2730 gularem
863 2662 1139 2708 amorem
1202 2644 1345 2708 hinc
1421 2645 1560 2707 inde
1634 2645 1947 2725 vigentem
2018 2649 2082 2707 et
2125 2649 2374 2726 propter
2421 2646 2739 2722 virtutem,
2782 2643 3244 2708 humanitatem

538 2753 737 2810 suam,
785 2731 946 2813 quod
989 2735 1196 2795 noster
1240 2732 1519 2808 nuncius,
1566 2749 1747 2813 quem
1795 2731 1875 2795 ad
1924 2749 2027 2796 eos
2071 2732 2358 2795 misimus
2404 2734 2792 2813 rogaturum,
2854 2734 2927 2794 ut
2971 2726 3246 2794 contenti

537 2821 755 2898 forent,
804 2819 961 2901 quod
1008 2835 1327 2899 possemus
1364 2835 1476 2881 nos
1519 2818 1904 2898 interponere
1949 2816 2025 2882 ad
2094 2817 2490 2882 tractandum
2546 2818 2707 2881 inter
2752 2836 2854 2882 eos
2900 2822 2964 2882 et
3008 2817 3247 2899 Pagen-

537 2925 639 2974 ses
682 2906 1241 2970 reconciliationem
1288 2906 1352 2967 et
1396 2922 1632 2985 pacem,
1678 2909 1995 2986 reportare
2040 2904 2293 2969 deberet
2332 2905 2410 2969 ab
2485 2905 2574 2969 eis
2629 2922 2988 2986 responsum
3035 2919 3246 2983 accep—

540 2997 677 3059 tum
725 2994 790 3056 et
834 2994 1080 3075 gratum
1129 3009 1200 3055 ac
1246 2991 1572 3054 intentioni
1621 2993 1827 3055 nostre
1876 2992 2206 3069 conforme,
2233 3010 2352 3073 que
2400 2995 2684 3056 versatur
2729 3010 2917 3074 super
2963 2990 3249 3055 humani·

544 3083 676 3145 tate
721 3084 786 3142 et
827 3080 1252 3161 compassione
1298 3080 1364 3141 et
1409 3096 1590 3159 super
1634 3077 1861 3143 honore
1901 3082 1967 3143 et
2011 3077 2179 3143 fama
2224 3079 2321 3143 sui
2367 3078 2736 3158 communis,
2779 3084 2844 3142 et
2899 3077 3245 3142 volentibus

540 3170 788 3249 tempus
834 3166 1193 3248 anticipare,
1242 3167 1315 3230 ut
1361 3167 1614 3247 propter
1657 3164 2016 3229 tarditatem
2079 3166 2176 3229 vel
2249 3164 2580 3229 inhertiam
2627 3167 2863 3231 turbari
2909 3165 3009 3230 vel
3053 3165 3246 3244 impe·

541 3254 661 3318 diri
708 3255 915 3333 posset
959 3255 1203 3317 tantum
1278 3252 1526 3328 bonum,
1604 3255 1906 3334 quantum
1982 3254 2080 3315 est
2151 3270 2283 3334 pax,
2332 3254 2396 3316 et
2436 3252 2583 3334 quia
2629 3254 2815 3316 etiam
2863 3252 2995 3333 ipse
3041 3253 3248 3314 noster

542 3341 802 3405 nuncius
848 3357 963 3402 non
1030 3339 1303 3404 habebat
1345 3338 1703 3403 mandatum
1764 3357 1804 3402 a
1865 3339 2038 3404 nobis
2083 3339 2355 3404 intrandi
2402 3341 2475 3402 ad
2514 3340 2852 3403 tractatum
2902 3338 3092 3420 pacis,
3140 3335 3246 3401 sed

544 3426 744 3492 solum
823 3425 1237 3506 persentiendi
1315 3443 1490 3489 suam
1560 3425 1968 3490 intentionem
2035 3429 2101 3490 et
2176 3425 2451 3508 rogandi,
2536 3427 2609 3489 ut
2652 3425 2819 3489 dicta
2866 3424 3248 3505 interpositio

545 3517 753 3579 nostra
798 3512 1088 3594 placeret,
1138 3515 1203 3575 et
1247 3512 1492 3576 interim
1541 3513 1834 3594 treuguas
1880 3515 1945 3576 et
2006 3512 2428 3577 sufferentiam
2492 3513 2878 3594 procurandi,
2941 3511 3250 3593 disposuit

544 3603 609 3666 te
655 3599 904 3664 mittere
950 3600 1014 3663 et
1058 3598 1232 3662 misit
1268 3600 1343 3663 ad
1393 3600 1760 3681 presentiam
1808 3617 2004 3676 suam,
2054 3599 2434 3664 comittendo
2481 3617 2554 3662 ao
2620 3601 2834 3664 stricte
2877 3598 3247 3672 mandando,

546 3688 703 3772 quod
752 3687 990 3749 solicite
1037 3688 1103 3748 et
1149 3685 1424 3749 studiose
1469 3685 1721 3751 deberes
1767 3705 2015 3768 operam
2064 3685 2212 3749 totis
2258 3685 2493 3750 viribus
2540 3687 2846 3763 exhibere,
2894 3689 3055 3767 quod
3093 3688 3248 3750 inter

547 3792 722 3838 suam
771 3773 1277 3841 communitatem
1326 3777 1390 3834 et
1438 3772 1774 3854 Pagensem
1820 3790 1938 3855 pax
1989 3777 2049 3836 et
2095 3773 2480 3838 concordium
2556 3773 2904 3854 sequit-etur
2952 3791 3096 3836 cum
3145 3774 3248 3836 ho-

549 3878 690 3926 nore
736 3861 831 3923 sui
876 3858 1245 3923 communis.
1294 3856 1667 3922 Comitimus
1729 3860 1978 3941 insuper
2044 3860 2177 3936 tibi,
2256 3862 2414 3941 quod
2487 3859 2539 3922 si
2616 3878 2796 3923 casus
2844 3859 3040 3935 daret,
3090 3860 3248 3941 quod

553 3947 797 4012 credere
844 3946 1100 4009 minime
1139 3948 1510 4026 poteramus,
1558 3945 1718 4025 quod
1763 3945 1879 4026 ipsi
1951 3964 2312 4027 responsum
2385 3946 2771 4026 prebuissent
2830 3948 2996 4010 dicto
3045 3952 3253 4011 nostro

549 4033 793 4108 nuncio,
841 4034 1089 4114 propter
1130 4032 1288 4113 quod
1336 4049 1401 4094 se
1478 4033 1844 4095 excusarent
1916 4049 1956 4094 a
2030 4032 2199 4096 dicta
2261 4036 2472 4097 nostra
2529 4034 3014 4115 interpositione,
3059 4034 3252 4098 nichi-

551 4120 820 4185 lominus
866 4119 1011 4200 quia
1054 4117 1339 4200 quicquid
1388 4117 1618 4181 factum
1669 4121 1766 4181 est
1812 4121 1876 4181 et
1920 4119 1993 4182 fit
2037 4137 2145 4199 per
2187 4117 2320 4194 nos,
2369 4121 2680 4200 quesitum
2728 4122 2825 4183 est
2871 4123 2935 4183 et
2976 4123 3255 4202 queritur

551 4208 615 4271 in
664 4207 784 4270 isto
831 4204 1015 4283 facto,
1065 4205 1177 4268 deo
1224 4209 1406 4278 teste,
1454 4206 1539 4268 sit
1585 4223 1734 4287 pure
1780 4207 1847 4269 et
1892 4207 1964 4268 ad
2019 4207 2243 4269 bonum
2293 4206 2499 4282 finem,
2561 4206 2759 4286 primo
2816 4208 2876 4270 in
2933 4207 3032 4270 dei
3085 4228 3258 4273 reve·

552 4293 836 4363 rentiam,
881 4292 1236 4356 secundario
1268 4309 1377 4373 pro
1419 4292 1671 4357 comodo
1717 4295 1779 4355 et
1825 4293 2029 4373 quiete
2073 4294 2341 4374 partium
2389 4297 2454 4356 et
2496 4292 2919 4374 principaliter
2963 4295 3058 4357 sui
3093 4313 3258 4359 com·

552 4380 777 4456 munis,
822 4380 1114 4442 honorem
1162 4380 1225 4441 et
1263 4382 1497 4442 statum
1550 4380 1798 4456 bonum,
1843 4378 2017 4442 cuius
2062 4397 2322 4442 amanus
2370 4382 2440 4443 ut
2487 4381 2820 4462 proprium,
2898 4384 3059 4461 quod
3130 4401 3262 4445 cre·

553 4469 694 4531 dere
720 4467 1106 4529 securissime
1134 4465 1307 4530 nobis
1331 4469 1607 4545 possunt,
1633 4464 1780 4548 quia
1800 4465 1973 4528 istud
1998 4469 2094 4546 est
2118 4464 2400 4529 naturale
2417 4470 2483 4530 et
2498 4467 2827 4547 proprium,
2850 4467 3018 4530 sicut
3039 4469 3263 4539 sciunt,

557 4553 748 4618 nostri
796 4553 1166 4624 communiS,
1218 4553 1485 4615 maxime
1529 4570 1667 4616 cum
1715 4552 1934 4616 amicis
1980 4553 2044 4615 et
2090 4553 2472 4616 circavicinis
2519 4553 2763 4630 nostris,
2811 4572 2851 4616 a
2890 4572 3009 4636 qua
3057 4556 3158 4619 via
3209 4556 3261 4619 si

556 4644 1022 4721 degeneremu3‚
1071 4639 1244 4703 uobis
1290 4640 1502 4720 posset
1547 4637 1814 4703 maxime
1860 4638 2177 4720 imputari,
2225 4638 2482 4704 deberes
2529 4639 2750 4704 iterato
2826 4643 3004 4721 parte
3049 4644 3264 4706 nostra

549 4728 716 4817 ipsos
761 4724 1047 4788 inducere
1091 4726 1156 4786 et
1189 4724 1414 4789 affectu
1462 4726 1878 4789 sincerissimo
1923 4725 2256 4808 deprecari,
2282 4727 2581 4808 quatenus
2611 4729 2683 4792 ut
2711 4728 3021 4810 accipiant
3049 4727 3257 4812 deum,
