3620 5282
3045 443 3176 509 219

450 641 712 706 regnum
763 620 1081 704 Hungarie
1130 620 1449 703 providere
1495 621 1706 685 taliter
1747 620 1824 684 de
1863 621 2145 703 passagio
2193 620 2365 702 regie
2407 617 2756 683 maiestatis
2801 636 2911 683 sue
2959 619 3025 683 et
3073 612 3176 682 co'-

457 711 670 773 mitive
716 708 866 785 eius,
917 707 1075 790 quod
1124 709 1241 771 erit
1287 709 1476 772 honor
1524 707 1756 788 prefate
1802 708 1970 789 regie
2019 707 2364 771 maiestatis
2411 724 2522 770 sue
2554 707 2617 770 et
2648 705 2845 770 nostri
2893 704 3173 780 dominii,

462 801 525 861 et
570 796 729 879 quod
779 796 1141 859 excellentia
1187 814 1299 858 sua
1343 795 1598 859 habebit
1645 793 1866 857 merito
1912 795 2275 870 contentari,
2312 793 2597 875 dispositi
2630 791 2694 856 in
2727 792 2967 856 cunctis
2998 792 3175 857 nobis

458 883 857 965 possibilibus
906 883 1300 946 serenissime
1347 883 1511 965 regie
1561 881 1872 946 maiestati
1922 901 2028 945 sue
2088 900 2333 963 semper
2381 881 2599 945 libenti
2648 879 2854 945 animo
2902 878 3177 960 compla-

447 988 604 1035 cere.
655 971 746 1034 De
789 973 962 1052 parte
1005 987 1235 1045 omneS,
1287 969 1494 1033 silicet
1540 968 1642 1032 75.

669 1058 897 1121 Forma
965 1057 1288 1121 ambaxate
1352 1055 1512 1120 facte
1580 1056 1784 1119 ducali
1848 1056 2138 1121 dominio.
2187 1055 2640 1119 Ambaxatores
2681 1053 3064 1119 serenissimi
3110 1054 3174 1119 et

456 1144 955 1209 excellentissimi
1028 1143 1261 1208 domini
1330 1145 1493 1227 regis
1539 1143 1795 1207 Francie
1861 1146 2336 1224 comparuerunt
2396 1160 2602 1207 coram
2647 1144 2857 1205 nostro
2903 1140 3176 1204 dominio

454 1249 594 1295 cum
643 1231 1036 1313 placibilibus
1085 1231 1304 1307 verbiS,
1370 1231 1809 1294 annunciantes
1875 1231 2071 1307 nobiS,
2120 1228 2278 1311 quod
2326 1230 2627 1294 tractatus
2674 1229 3030 1309 nuptiarum
3079 1246 3177 1292 ce·

452 1318 834 1383 lebratarum
908 1319 1069 1382 inter
1138 1317 1602 1382 serenissimum
1651 1320 1714 1382 et
1759 1317 2354 1382 excellentissimum
2418 1316 2735 1380 dominum
2799 1333 3008 1397 regem
3058 1315 3177 1378 Lo-

450 1407 734 1470 dovicnm
786 1406 1036 1470 fratrem
1105 1405 1338 1470 domini
1387 1406 1548 1485 regis
1611 1405 1868 1469 Francie
1914 1407 1978 1469 et
2018 1405 2474 1468 serenissimam
2520 1402 2836 1466 dominam
2885 1401 3167 1485 reginam

450 1494 715 1558 Mariam
763 1492 1089 1574 Hungarie
1136 1495 1272 1555 erat
1317 1492 1543 1556 ductus
1591 1493 1666 1556 ad
1715 1492 2005 1556 affectum
2057 1509 2161 1570 per
2212 1492 2394 1554 verba
2432 1490 2508 1554 de
2571 1489 2862 1571 presenti,
2910 1492 2973 1552 et
3003 1489 3165 1569 quod

446 1580 728 1644 dominus
757 1599 856 1644 rex
890 1579 1228 1660 Lodoyicus
1255 1581 1389 1642 erat
1420 1584 1710 1643 venturus
1735 1579 1810 1643 ad
1841 1582 1994 1643 istas
2020 1580 2226 1659 partes
2252 1597 2359 1660 pro
2384 1578 2579 1642 eundo
2604 1576 2683 1640 ad
2709 1595 2964 1659 regnum
2991 1575 3173 1639 Hun-

439 1667 630 1750 garie.
658 1668 738 1731 Et
760 1670 1082 1749 propterea
1109 1667 1410 1749 rogabant
1440 1669 1720 1731 nostrum
1745 1666 2109 1740 dominium,
2135 1666 2292 1747 quod
2325 1664 2621 1730 veniendo
2653 1665 2727 1727 de
2761 1663 2923 1743 hinc,
2957 1663 3174 1745 posset

445 1755 753 1819 naulizare
801 1758 864 1817 et
909 1753 1143 1818 soldare
1200 1755 1273 1817 de
1318 1755 1544 1817 nostris
1593 1753 1858 1835 navigiis
1906 1771 2015 1835 pro
2057 1753 2321 1816 transitu
2390 1768 2500 1815 suo
2544 1752 2615 1815 ad
2666 1767 2813 1815 suas
2855 1768 3175 1832 expensas.

535 1862 715 1921 msa·
764 1861 1082 1923 XXXIX.
1134 1864 1280 1931 109,
1325 1880 1365 1920 u
1412 1862 1566 1920 mlet.
1612 1859 1850 1920 arkivu.

698 2040 707 2046 ·
813 1996 1158 2080 CCCXI.
1215 1995 1421 2078 God.
1477 1994 1700 2078 1385.
1754 1994 1861 2076 20
1914 1991 2236 2097 srpma,
2287 2016 2348 2076 u
2399 1994 2791 2076 Mlctcih.

446 2122 667 2181 Budua
706 2124 1036 2198 aqam-hro.
1100 2122 1359 2192 kraljica
1401 2121 1689 2179 darovala
1751 2122 1940 2180 Kotor
1984 2121 2374 2179 bosanskomu
2441 2105 2662 2194 kralju,
2712 2122 2846 2193 toya
2891 2119 3032 2178 radi
3067 2134 3169 2178 za-

444 2210 733 2283 kljuceno,
802 2211 884 2267 da
951 2225 1012 2268 se
1080 2209 1327 2267 odabere
1393 2208 1586 2282 oscha,
1648 2207 1828 2267 iduca
1886 2226 1928 2266 u
1973 2225 2080 2268 one
2142 2213 2363 2276 strane,
2431 2209 2571 2280 koja
2632 2207 2692 2266 de
2729 2225 2761 2266 ο
2810 2210 2924 2265 tom
2969 2210 3173 2265 nasto-

431 2297 576 2369 jetti,
623 2297 702 2355 da
737 2297 1049 2369 pomenuti
1091 2296 1254 2368 kralj
1287 2296 1532 2368 potvrdi
1589 2295 2246 2457 glozcayvzvzuslobode,
2293 2296 2423 2367 koje
2468 2312 2542 2354 su
2584 2295 2813 2367 odprije
2861 2294 3085 2353 uiivali
3131 2312 3176 2351 u

668 2485 853 2550 1385.
894 2485 990 2550 die
1034 2485 1155 2550 XX
1200 2484 1359 2549 iulii.
1418 2485 1736 2567 Sapientes
1777 2485 2081 2550 ordinum.
2146 2483 2382 2566 Capta:
2432 2503 2574 2548 cuin
2623 2485 2706 2547 ad
2747 2502 2997 2566 presens
3043 2482 3178 2545 sint

452 2572 596 2636 ituri
645 2572 836 2656 aliqui
907 2574 1097 2637 nostri
1168 2575 1542 2637 mercatores
1604 2572 1678 2636 ad
1722 2576 1932 2655 partes
1979 2571 2188 2636 Catari
2234 2590 2373 2636 cum
2421 2571 2730 2654 aliquibus
2775 2572 2904 2635 suis
2952 2571 3179 2634 merci-

457 2661 700 2736 moniiS,
749 2663 813 2725 et
858 2664 1193 2725 secundum
1267 2665 1503 2725 veteres
1576 2662 2049 2725 consuetudines
2120 2661 2315 2724 nostri
2373 2678 2616 2740 semper
2662 2659 2892 2723 fuerint
2938 2656 3171 2721 franchi

452 2752 517 2811 et
557 2748 735 2813 liberi
779 2750 837 2812 in
903 2747 1185 2830 partibus
1255 2748 1566 2830 predictis,
1614 2750 1679 2811 et
1724 2766 1886 2812 nunc
1931 2748 2006 2811 de
2054 2764 2205 2810 novo
2275 2747 2605 2817 senciatur,
2647 2748 2810 2829 quod
2860 2765 2967 2828 per
3014 2764 3177 2808 sere-

452 2836 775 2900 nissimam
823 2836 1132 2901 dominam
1184 2836 1462 2916 reginam
1511 2836 1831 2917 Hungarie
1903 2836 2214 2917 predictus
2262 2835 2426 2897 locus
2474 2832 2684 2897 Catari
2733 2834 2944 2897 datum
2994 2831 3180 2896 fuerit

455 2924 517 2987 in
590 2925 875 2988 manibus
936 2922 1167 2987 domini
1230 2922 1395 3005 regis
1456 2923 1712 2997 Bassi03
1755 2923 2076 3002 proomni
2129 2921 2284 2985 bono
2330 2924 2611 3002 respectu
2661 2924 3069 2985 mercatorum
3118 2920 3182 2982 et

454 3011 937 3076 mercanciarum
994 3012 1350 3075 nostrarum
1415 3011 1700 3074 euncium
1750 3009 1827 3072 ad
1891 3009 2034 3073 illas
2084 3011 2290 3089 partes
2351 3007 2525 3072 vadit
2571 3026 2730 3088 pam,
2779 3006 2935 3088 quod
2983 3005 3180 3070 domi-

454 3117 590 3162 nus.
641 3099 986 3162 consiliarii
1050 3101 1115 3162 et
1161 3098 1365 3178 capita
1406 3098 1481 3162 de
1528 3097 1658 3172 XL,
1709 3099 1913 3178 capita
1975 3095 2212 3160 consilii
2274 3113 2345 3159 ac
2392 3094 2702 3176 sapientes
2748 3095 3028 3158 ordinum
3071 3093 3181 3157 ha-

458 3185 641 3248 beant
712 3186 1065 3249 libertatem
1139 3185 1432 3266 elligendi
1502 3202 1690 3247 unum
1742 3182 1818 3247 de
1873 3183 2096 3247 nostris
2143 3181 2431 3246 euntibus
2479 3181 2555 3245 ad
2604 3181 2744 3246 illas
2799 3184 3024 3264 parteS,
3075 3181 3178 3261 qui

458 3272 686 3336 habeat
731 3272 1080 3336 libertatem
1132 3273 1449 3337 tractandi
1485 3276 1662 3352 pacta
1697 3274 1762 3335 et
1808 3270 2176 3334 franchisias
2224 3271 2470 3333 nostras
2516 3272 2841 3333 consuetas
2884 3287 3024 3333 cum
3071 3267 3176 3331 do-

453 3360 621 3423 mino
667 3378 810 3442 rege
860 3358 1075 3424 Bassie
1137 3359 1472 3423 secundum
1534 3359 1815 3442 expensis
1876 3358 2075 3422 nostri
2146 3357 2510 3433 communiS,
2560 3360 2743 3438 prout
2792 3375 2897 3437 per
2944 3355 3178 3419 dictum

449 3447 778 3530 collegium
826 3444 1013 3510 fuerit
1055 3446 1424 3511 ordinatum.

532 3556 713 3615 Misti
763 3555 1076 3613 XXXIX.
1126 3557 1270 3623 112,
1315 3572 1357 3613 u
1400 3556 1554 3614 mlet.
1604 3553 1840 3612 arkivu.

798 3689 1196 3772 cccxn.
1249 3690 1430 3772 nou
1510 3687 1733 3771 1385.
1788 3687 1887 3771 25
1942 3688 2268 3789 summa,
2321 3709 2381 3767 u
2433 3687 2825 3769 metam.
2923 3622 2933 3629 ’

450 3818 711 3877 Izabran
755 3833 830 3876 za
873 3817 1208 3891 poslanika,
1237 3817 1315 3873 da
1335 3815 1509 3888 podje
1533 3816 1570 3873 k
1595 3815 1889 3886 Stjepanu
1936 3814 2324 3870 bosanskomu
2369 3812 2590 3883 kralju,
2625 3809 2867 3870 Blanko
2895 3812 2965 3869 de
2990 3811 3176 3882 Ripa.

669 3918 853 3982 1385.
902 3920 997 3982 die
1046 3917 1226 3981 XXV
1296 3917 1450 3980 iulii.
1501 3916 1780 3979 Ellectus
1829 3916 2189 3978 ambaxator
2220 3914 2294 3977 ad
2332 3912 2642 3976 illustrem
2680 3913 2996 3975 domiuum
3032 3913 3172 3974 Ste-

456 4006 730 4088 phanum
779 4025 986 4088 regem
1036 4006 1255 4069 Rassie
1317 4005 1476 4068 inter
1523 4003 1856 4085 collegium
1905 4001 2156 4076 domini,
2206 4000 2720 4073 consiliariorum,
2767 3999 3041 4080 capitum
3103 4000 3176 4063 de

455 4093 584 4168 XL,
633 4095 908 4175 capitum
959 4093 1197 4156 consilii
1246 4096 1309 4155 et
1354 4092 1704 4171 sapientum
1753 4090 2057 4166 ordinum,
2106 4108 2203 4151 ser
2251 4088 2521 4151 Blancus
2570 4086 2645 4150 de
2691 4086 2913 4167 Rippa.

537 4184 716 4242 Misti
765 4182 1084 4244 XXXIX.
1137 4185 1280 4259 112,
1329 4201 1372 4239 u
1410 4182 1565 4240 mlet.
1609 4181 1842 4238 arkivu.

731 4316 1172 4399 CCCXIII.
1227 4316 1432 4399 God.
1489 4314 1710 4398 1385.
1767 4316 1817 4397 8
1869 4315 2318 4410 kolovoza,
2374 4335 2435 4395 u
2488 4312 2882 4394 Mletcih.

463 4442 668 4502 Uslicd
712 4444 894 4502 molbe
937 4444 1255 4515 poszanika
1303 4443 1487 4501 Balse
1531 4441 1809 4501 Balsica'
1840 4442 2176 4515 qospodara
2245 4440 2522 4512 zetskoya
2589 4438 2696 4497 itd.
2759 4437 3074 4510 republika
3118 4454 3180 4495 se

443 4532 758 4604 prikazm‘e
804 4531 1065 4589 naklona
1098 4531 1334 4603 prubiti
1382 4531 1599 4588 istomu
1644 4524 1826 4589 Bal-si
1862 4530 2030 4588 cetiri
2069 4528 2272 4602 yalije,
2300 4527 2380 4584 da
2398 4526 2498 4598 jih
2545 4526 2678 4584 rabi
2697 4525 2865 4597 proti
2899 4524 3178 4596 Turlqom,

1183 4618 1307 4690 koji
1342 4634 1417 4676 su
1461 4617 1758 4690 napadali
1801 4634 1887 4676 πα
1931 4617 2168 4690 m'eyove
2212 4614 2435 4686 zemb‘e.

663 4718 854 4784 1385.
904 4720 1238 4784 indictione
1287 4720 1526 4795 octava,
1557 4716 1659 4781 die
1683 4720 1899 4783 octavo
1946 4716 2215 4799 augusti.
2250 4712 2573 4795 Sapientes
2606 4713 2912 4776 ordinum.
2947 4709 3177 4791 Capta:

450 4825 591 4871 cum
639 4805 1005 4893 magnificus
1054 4806 1339 4872 dominus
1388 4805 1578 4870 Balsa
1623 4804 1879 4870 Balsich
1924 4802 2146 4883 Gente,
2174 4800 2407 4866 Canine
2448 4800 2512 4865 et
2544 4798 2823 4863 Avalone
2869 4798 3171 4872 dominus,
