3620 5282
3067 338 3187 403 291

467 512 708 590 poterat
753 509 997 586 confidi,
1049 515 1110 572 et
1159 512 1456 592 quantum
1524 528 1632 591 pro
1693 510 1908 573 stando
1982 509 2057 573 ad
2120 510 2456 575 custodiam
2518 511 2698 594 burgi
2762 531 2877 577 non
2929 516 3064 578 erat
3109 515 3184 579 de

468 596 615 677 ipsis
662 596 1014 678 aliqualiter
1060 596 1487 676 dubitandum,
1539 616 1682 661 nam
1725 598 1865 660 aliis
1914 597 2151 661 vicibus
2208 600 2485 680 tempore
2548 617 2971 680 precessorum
3019 619 3187 665 meo-

462 703 600 748 rum
645 684 958 749 Jadratini
1008 684 1180 747 missi
1232 682 1477 748 fuerunt
1523 685 1599 748 ad
1650 683 1995 748 custodiam
2058 685 2206 748 dicti
2258 686 2471 768 burgi,
2550 690 2612 749 et
2663 687 2813 751 bene
2871 706 2939 751 se
2985 692 3193 771 porta·

461 774 702 848 verunt,
753 772 1186 835 nichilominus
1236 773 1349 835 hoc
1396 773 1569 847 scito,
1619 773 1763 854 quia
1810 772 2045 854 absque
2092 777 2379 855 precepto
2431 775 2634 837 vestro
2687 792 2808 838 non
2873 776 3188 841 mitterem

460 859 889 941 stipendiarios
926 859 1259 924 Jadren3es
1307 860 1385 922 ad
1431 859 1936 923 commorandum
1965 861 2025 922 in
2051 859 2257 941 aliqua
2283 864 2454 941 parte
2480 864 2650 925 extra
2689 861 2968 940 Jadram,
2997 882 3187 944 quum

461 947 661 1029 magis
706 965 909 1011 coram
958 947 1154 1011 habeo
1206 947 1449 1011 nomine
1497 946 1931 1011 dominationis
1983 950 2181 1011 vestre
2224 946 2480 1012 Jadram
2532 968 2718 1031 quam
2761 967 2974 1015 omnes
3030 952 3186 1016 alias

462 1035 657 1098 terras
706 1035 1037 1110 Dalmatie,
1086 1033 1227 1114 quia
1275 1035 1423 1098 mihi
1468 1035 1898 1099 recomendata
1944 1039 2059 1112 est,
2109 1038 2172 1098 et
2231 1055 2363 1098 mee
2429 1038 2705 1101 custodie
2767 1038 3073 1117 comissa,
3125 1042 3189 1104 et

461 1121 863 1205 stipendiarii,
912 1140 1062 1204 quos
1089 1124 1300 1198 habeo,
1352 1124 1502 1187 bene
1542 1122 1866 1187 necessarii
1895 1125 2042 1187 sunt
2079 1122 2199 1199 hic,
2250 1125 2313 1187 et
2336 1124 2566 1205 plureS,
2614 1124 2669 1188 si
2715 1123 2924 1207 plures
2951 1130 3179 1204 essent,

462 1228 838 1292 quamquam
885 1209 1094 1292 plures
1140 1228 1251 1273 non
1301 1211 1627 1291 requiram.
1701 1210 1845 1273 Misi
1907 1210 2084 1273 hodie
2145 1211 2358 1274 statim
2423 1213 2548 1275 tres
2601 1212 2860 1277 barchas
2923 1213 2997 1277 de
3035 1214 3185 1278 XIV

462 1298 644 1362 remis
692 1316 800 1380 pro
847 1297 1124 1380 qualibet
1170 1298 1243 1361 ad
1294 1302 1497 1379 partes
1550 1297 1856 1379 predictas
1905 1296 2248 1376 Scardone,
2317 1298 2381 1361 in
2444 1299 2665 1380 quibus
2729 1302 2877 1365 sunt
2925 1303 3186 1382 quatuor
3307 1356 3332 1367 f

461 1385 574 1448 viri
626 1385 846 1461 veneti,
898 1385 1002 1467 qui
1052 1387 1259 1449 essent
1305 1384 1680 1448 sufficientes
1729 1388 1792 1449 et
1841 1386 2017 1467 probi
2063 1386 2124 1449 in
2170 1385 2336 1448 omni
2389 1389 2581 1466 parte,
2633 1388 2697 1450 et
2745 1387 2995 1452 fuerunt
3043 1407 3184 1471 sepe

463 1472 897 1537 comestabiles
947 1474 1276 1555 pedestreS,
1328 1477 1392 1535 et
1436 1472 1539 1536 alii
1569 1475 1826 1556 quatuor
1849 1472 2120 1536 forenses
2160 1472 2487 1550 lombardi,
2536 1474 2644 1555 qui
2679 1473 2983 1539 balistarii
3017 1478 3182 1551 sunt,

465 1564 528 1624 et
575 1579 786 1624 omnes
832 1559 939 1624 alii
982 1562 1127 1624 sunt
1170 1559 1438 1623 insulani
1486 1563 1550 1624 et
1594 1561 1873 1624 homines
1930 1560 2120 1625 Jadre
2163 1565 2225 1624 et
2271 1563 2420 1624 sunt
2463 1578 2673 1624 omnes
2721 1580 2976 1627 numero
3023 1563 3185 1627 circa

462 1647 592 1724 XL,
639 1648 860 1730 quibus
909 1647 1205 1723 ordinavi,
1271 1648 1427 1728 quod
1480 1652 1679 1711 vestro
1734 1647 1946 1711 comiti
2010 1646 2278 1711 Sibenici
2341 1652 2406 1711 et
2449 1648 2746 1729 provisori
2806 1668 2871 1713 se
2918 1650 3184 1715 debeant

458 1739 831 1815 presentare,
880 1736 944 1797 et
991 1735 1041 1798 si
1090 1734 1398 1817 placuerit
1443 1734 1550 1811 eis,
1602 1736 1762 1817 quod
1816 1734 2044 1798 vadant
2109 1733 2518 1813 Scardonam,
2589 1736 2743 1816 quod
2809 1739 3053 1811 vadant,
3116 1741 3180 1802 et

461 1823 619 1903 quod
670 1822 982 1887 stantibus
1029 1823 1180 1903 ipsis
1230 1821 1516 1885 omnibus
1562 1823 1761 1886 tribus
1809 1823 1905 1886 vel
1954 1821 2041 1885 IV
2089 1822 2324 1898 diebuS,
2382 1822 2436 1885 si
2498 1823 2805 1886 exercitus
2853 1824 3182 1907 Hungaro·

462 1928 595 1995 rum
643 1912 901 1988 veniret,
949 1909 1160 1974 nullus
1201 1912 1463 1985 recedat,
1513 1910 1618 1973 sed
1667 1914 1958 1974 maneant
1986 1927 2198 1973 omnes
2245 1911 2320 1974 ad
2368 1909 2783 1974 defensionem
2834 1911 3008 1993 burgi
3046 1931 3182 1993 pre-

464 1996 632 2074 dicti,
681 2002 745 2061 et
792 1997 845 2061 si
892 1998 1140 2061 interim
1192 1999 1491 2061 exercitus
1530 2016 1650 2062 non
1700 1998 1954 2074 veniret,
2005 1997 2122 2061 due
2170 2018 2241 2061 ex
2307 1997 2551 2061 barchis
2600 1998 2854 2062 redeant
2898 1996 3177 2077 Jadram,

459 2087 524 2147 et
570 2086 756 2149 tertia
804 2085 886 2149 ibi
935 2086 1254 2148 remaneat
1299 2103 1440 2147 cum
1489 2088 1672 2167 gente
1719 2084 1912 2166 ipsius
1960 2086 2024 2147 et
2069 2103 2210 2149 cum
2243 2085 2423 2148 dictis
2446 2089 2707 2167 quatuor
2741 2086 2972 2149 venetis
3009 2088 3179 2163 viris,

458 2170 651 2237 donec
700 2192 809 2256 per
851 2173 1330 2236 dominationem
1381 2176 1647 2236 vestram
1699 2172 1884 2236 aliter
1946 2174 2256 2253 prov1sum
2321 2170 2506 2236 fuerit
2553 2172 2628 2236 de
2691 2173 2973 2237 custodia
3025 2174 3176 2238 dicti

460 2259 616 2336 loci;
666 2262 731 2325 et
775 2258 993 2341 scripsi
1039 2259 1225 2323 dictis
1271 2260 1484 2323 comiti
1534 2262 1734 2324 vestro
1782 2262 1847 2324 et
1892 2259 2224 2341 provisori,
2290 2260 2449 2342 quod
2515 2260 2695 2324 mitto
2750 2264 3001 2343 gentem
3042 2280 3179 2343 pre·

458 2345 708 2423 dictam,
752 2350 817 2411 et
859 2346 1018 2429 quod
1066 2347 1119 2411 si
1168 2365 1412 2412 necesse
1459 2347 1623 2411 foret
1669 2348 1732 2410 in
1776 2349 1978 2411 castro
2045 2347 2351 2412 Scardone
2418 2366 2642 2429 ponere
2709 2347 3007 2430 quosdam
3069 2366 3180 2431 pro

457 2436 754 2514 custodia,
802 2435 952 2498 dicti
993 2436 1257 2516 quatuor
1305 2434 1467 2499 cives
1516 2436 1706 2500 vestri
1761 2439 1934 2498 erant
1980 2434 2158 2517 probi
2206 2437 2270 2498 et
2316 2434 2478 2498 boni.

668 2523 957 2587 Preterea
1005 2521 1407 2585 dominationi
1457 2525 1657 2587 vestre
1713 2523 1950 2599 denoto,
2017 2523 2172 2604 quod
2238 2523 2432 2586 banus
2497 2524 2561 2587 et
2622 2540 2834 2587 omnes
2895 2521 3180 2605 Hungari

456 2609 717 2675 istarum
765 2610 1036 2694 partium
1086 2615 1149 2674 et
1196 2608 1400 2675 Sclavi
1447 2613 1510 2675 et
1558 2610 1928 2675 reduxerunt
1973 2628 2038 2674 se
2077 2609 2137 2672 in
2186 2610 2450 2693 burgum
2478 2608 2673 2686 Clisii,
2724 2610 2813 2675 sic
2863 2609 3075 2689 fertur,
3113 2611 3176 2675 et

457 2697 543 2762 ibi
592 2701 862 2763 manent.
913 2698 1143 2762 Dicunt
1189 2698 1459 2781 qnidam,
1523 2698 1681 2780 quod
1748 2700 2018 2762 castrum
2083 2697 2257 2762 Clisii
2329 2698 2414 2762 sit
2476 2697 2810 2762 vitualibus
2877 2697 3177 2762 furnitum

457 2803 567 2868 pro
612 2804 840 2868 magno
889 2789 1185 2867 tempore,
1256 2785 1364 2848 alii
1411 2787 1625 2850 dicunt
1684 2805 1792 2869 pro
1851 2803 2069 2867 parvo,
2137 2784 2316 2849 credo
2381 2786 2537 2867 quod
2586 2785 2708 2862 hii,
2772 2787 2872 2867 qui
2922 2785 3178 2849 candide

459 2875 647 2938 castri
695 2875 917 2950 sciunt,
970 2873 1457 2955 significaverint
1503 2874 1675 2938 vobis
1720 2873 1853 2937 illa.

669 2961 842 3026 Alias
890 2960 1127 3044 scripsi,
1178 2960 1339 3042 quod
1390 2961 1612 3025 bonum
1661 2979 1812 3043 opus
1875 2964 1966 3024 et·
1998 2959 2153 3024 utile
2217 2959 2392 3023 valde
2439 2957 2635 3035 foret,
2707 2959 2762 3023 si
2819 2959 3178 3042 capitaneus

460 3051 664 3113 vester
713 3067 1041 3113 mansurus
1087 3049 1147 3112 in
1198 3047 1524 3112 Sclavonia
1586 3048 1902 3131 expediret
1964 3066 2028 3110 se
2092 3049 2156 3111 et
2220 3046 2501 3111 celeriter
2551 3047 2782 3110 veniret
2845 3049 2921 3111 ad
2970 3052 3177 3129 partes

461 3136 633 3214 istas,
682 3138 746 3200 et
793 3137 994 3201 adhuc
1041 3136 1265 3216 scribo,
1316 3155 1455 3200 nam
1504 3155 1615 3218 pro
1662 3139 1830 3200 certo
1878 3135 2177 3200 existente
2225 3135 2356 3216 ipso
2403 3135 2464 3197 in
2499 3133 2808 3199 Scardona
2850 3153 2986 3199 cum
3035 3154 3177 3199 cen-

459 3226 592 3288 tum
641 3224 941 3303 barbutis,
992 3226 1055 3287 et
1099 3224 1364 3287 habente
1414 3224 1490 3288 de
1536 3223 1731 3289 Jadra
1781 3223 1934 3287 illud
1983 3222 2315 3300 auxilium,
2383 3224 2539 3305 quod
2585 3242 2694 3305 per
2738 3243 2834 3287 me
2882 3223 2997 3286 sibi
3043 3222 3176 3287 dari

458 3314 680 3394 posset,
729 3315 792 3377 et
837 3312 911 3376 de
954 3312 1079 3376 illis
1127 3313 1326 3375 tribus
1374 3312 1731 3376 civitatibus
1778 3310 2087 3387 similiter,
2141 3312 2474 3374 maximum
2522 3309 2818 3374 damnum
2857 3311 3173 3393 Hungaris

457 3398 656 3464 facere
699 3402 928 3483 posset,
976 3400 1138 3481 quia,
1188 3400 1241 3463 si
1282 3399 1564 3481 Hungari
1613 3401 1821 3463 essent
1882 3400 1959 3463 ab
2022 3398 2146 3462 ista
2206 3402 2379 3480 parte
2446 3396 2747 3462 Fluminis
2809 3417 3016 3462 versus
3062 3398 3175 3463 Ja-

459 3487 652 3563 dram,
699 3488 834 3570 ipse
877 3487 1087 3570 posset
1132 3505 1340 3551 curere
1390 3490 1454 3550 et
1493 3486 1894 3551 damnificare
1956 3487 2119 3550 ultra
2164 3486 2457 3563 Flumen,
2524 3488 2589 3550 et
2651 3485 2703 3548 si
2754 3488 2961 3550 essent
3006 3486 3172 3550 ultra

458 3575 741 3654 Flumen,
793 3576 921 3658 ipse
967 3577 1176 3657 posset
1213 3575 1602 3639 damnificare
1650 3594 1749 3639 eos
1788 3574 1947 3638 citra
1992 3574 2212 3654 ipsum,
2261 3593 2368 3655 per
2413 3574 2578 3637 hunc
2610 3573 2861 3638 modum
2909 3574 3169 3638 celerius

456 3664 532 3726 ad
574 3663 800 3727 bonam
849 3662 1234 3727 concordiam
1282 3664 1345 3725 et
1389 3664 1571 3744 pacta
1615 3662 1932 3744 pervenire
1980 3662 2240 3744 possetis
2286 3680 2424 3724 cum
2473 3659 2721 3724 domino
2752 3679 2932 3743 rege;
2974 3661 3173 3724 nichi-

457 3749 724 3815 lominus
770 3750 1111 3815 dominatio
1158 3751 1367 3814 vestra
1437 3749 1897 3831 sapientissima
1944 3751 2056 3825 est,
2129 3750 2366 3813 ordinet
2428 3747 2589 3812 sicut
2634 3748 2857 3830 placet.
2922 3748 3165 3812 Literas

456 3839 645 3903 vestri
696 3838 943 3902 comitis
990 3838 1274 3920 Tragurii
1324 3836 1477 3901 mito
1527 3837 1914 3919 presentibus
1960 3836 2247 3918 aligatas.

664 3927 886 3991 Vester
910 3927 1135 3990 Petrus
1180 3926 1500 4000 Baduario,
1553 3924 1730 3989 miles
1777 3943 1981 3988 comes
2028 3927 2092 3988 et
2128 3925 2485 4005 capitaneus
2530 3921 2739 3987 Jadre.
2789 3923 3016 3985 Datum
3060 3920 3174 3986 Ja-

454 4014 558 4078 dre
604 4014 755 4077 XVI
801 4014 1162 4079 decembris.

541 4106 823 4164 Izvornik
868 4122 951 4164 na
981 4106 1214 4178 papir-u
1259 4121 1301 4161 u
1352 4104 1692 4162 mletackom
1737 4104 1969 4162 arkivu.

1219 4291 1875 4376 CCCCXXXIV.
1925 4291 2133 4374 Gon.
2186 4289 2408 4375 1355.

452 4420 776 4489 Kolarina,
822 4420 971 4478 lena
1018 4420 1205 4477 kneza
1250 4419 1443 4477 Pavla
1483 4420 1869 4494 bribirskoya,
1929 4417 2055 4489 pise
2101 4417 2441 4489 providum
2478 4434 2520 4473 u
2566 4415 2795 4487 szjetu
2815 4457 2830 4484 ,
2891 4415 2971 4472 da
3015 4415 3176 4487 njeki

566 4508 723 4567 nude
768 4507 1035 4566 Skradin
1083 4509 1323 4579 njezinu
1368 4509 1560 4576 muiu,
1610 4510 1663 4565 te
1708 4506 1864 4576 moli,
1911 4506 1992 4563 da
2023 4507 2103 4577 ju
2148 4506 2340 4577 uputi,
2388 4504 2477 4561 §to
2524 4503 2604 4559 da
2650 4521 2689 4558 u
2737 4505 2852 4559 tom
2896 4503 3049 4560 radi.

656 4629 776 4693 Alo
821 4626 1040 4693 nobele
1086 4628 1151 4690 et
1186 4627 1362 4698 ‚savio
1409 4627 1617 4709 signor
1663 4626 1855 4689 Miser
1903 4622 2088 4688 Mafio
2114 4621 2450 4699 Contarini,
2484 4620 2874 4704 provededor.
2924 4621 3011 4684 Eo
3057 4618 3174 4684 Ca-

450 4717 674 4798 tarena,
725 4716 924 4780 muier
970 4716 1044 4779 de
1086 4716 1265 4779 conte
1314 4715 1482 4794 Polo,
1528 4732 1592 4778 se
1642 4732 1706 4779 se
1751 4710 2123 4777 recomanda
2187 4729 2226 4773 a
2272 4729 2388 4792 vuy
2422 4727 2597 4773 como
2655 4727 2692 4771 a
2740 4707 2884 4771 frar.
2955 4709 3175 4788 Signor

2931 4808 2968 4849 ια
