3620 5282
2990 336 3120 401 233

382 506 551 587 dum,
601 506 705 591 qui
753 506 929 574 nobis
974 509 1432 575 convenientior
1477 511 1802 593 apparebit
1857 511 2197 578 faceremus
2245 530 2431 594 quam
2479 510 2666 576 citius
2714 529 2847 576 6666
2910 514 3120 594 posset
3213 510 3218 523 '

382 593 678 659 affirmari
726 597 791 659 et
836 596 1223 678 comprobari
1270 599 1451 681 pacta
1498 600 1565 664 et
1606 600 2040 664 conventiones
2089 601 2252 664 inter
2298 600 2580 664 nostrum
2644 597 2991 663 dominium
3040 619 3112 664 ex

383 689 557 765 parte
605 701 726 746 una
764 686 827 745 et
872 701 1195 749 commune
1241 690 1305 749 et
1350 683 1634 751 homines
1673 687 1832 770 Pagi
1868 707 1973 752 seu
2007 687 2290 771 syndicos
2325 705 2533 752 eorum
2575 705 2646 751 ex
2695 685 2890 752 altera
2938 707 3123 769 super

384 770 541 834 facto
586 769 737 834 salis
779 769 932 854 Pagi
974 772 1163 836 initas
1205 772 1442 837 noviter
1509 776 1573 839 et
1637 775 1915 840 firmatas
1981 775 2044 838 in
2092 776 2399 858 quantum
2466 775 2795 857 tangerent
2836 773 2934 838 vel
2981 778 3121 839 tan-

388 875 528 940 gere
575 859 830 939 possent
876 858 1116 942 aliquos
1164 859 1521 940 Jadrenses,
1569 880 1681 944 pro
1729 881 1799 926 eo
1849 881 1968 945 quo
2017 864 2164 927 sunt
2195 863 2405 944 plures
2441 861 2774 927 Jadrenses
2823 861 3120 926 habentes

386 947 622 1027 partem
668 946 732 1009 in
777 944 994 1010 salinis
1041 948 1105 1011 et
1150 946 1279 1012 sale
1323 948 1638 1030 predictis,
1689 951 1753 1014 et
1797 952 1957 1032 quod
2007 952 2080 1015 de
2145 950 2282 1033 ipsa
2349 948 2790 1033 approbatione
2850 949 2984 1013 fieri
3032 950 3122 1014 fa-

386 1050 661 1097 ceremus
709 1032 1022 1114 publicum
1073 1034 1576 1116 instrumentum,
1626 1038 1690 1101 et
1736 1037 1944 1119 ipsum
1991 1036 2398 1102 dominationi
2465 1040 2667 1101 vestre
2725 1036 3123 1102 micteremus

384 1138 492 1202 per
538 1119 829 1184 nuncium
878 1123 1310 1188 confidentem.
1359 1121 1493 1201 Quo
1538 1124 1832 1189 mandato
1880 1127 2266 1201 reverenter,
2334 1126 2405 1188 ut
2465 1124 2708 1203 decuit,
2777 1126 3120 1207 acceptato,

388 1206 644 1272 fecimus
691 1227 799 1290 per
845 1227 1136 1290 precones
1183 1212 1390 1276 nostre
1438 1212 1603 1276 curie
1649 1211 1888 1277 nobiles
1933 1213 1997 1276 et
2035 1213 2223 1278 bonos
2271 1211 2547 1276 homines
2585 1211 2662 1275 de
2708 1211 2899 1277 Jadre
2944 1211 3120 1276 illico

386 1295 727 1360 convocari.
777 1293 1018 1373 Quibus
1067 1298 1126 1361 in
1175 1296 1308 1362 sala
1352 1298 1685 1364 comitatus
1731 1299 2162 1383 congregatis,
2212 1317 2303 1378 ea,
2369 1318 2485 1381 que
2549 1298 2724 1363 nobis
2784 1299 3120 1382 scripserat

387 1383 663 1447 vestrum
713 1382 1073 1462 dominium,
1125 1386 1534 1467 exposuimus,
1584 1386 1791 1470 eisque
1839 1386 1965 1470 legi
2010 1386 2267 1453 fecimus
2332 1386 2572 1469 copiam
2621 1386 2926 1451 dictorum
2974 1405 3117 1470 pac·
3223 1418 3224 1423 1

388 1471 594 1534 torum
644 1470 707 1533 et
748 1472 1238 1551 conventionum,
1292 1491 1473 1555 quam
1523 1474 1699 1539 nobis
1745 1475 2004 1540 miserat
2048 1475 2386 1539 dominatio
2453 1475 2656 1538 vestra
2718 1473 2844 1538 suis
2890 1474 3122 1538 litteris

387 1556 814 1636 interclusam,
866 1558 1188 1624 hortantes
1241 1578 1343 1625 eos
1393 1560 1469 1625 ad
1541 1561 1870 1627 volendum
1932 1563 2268 1646 approbare
2333 1566 2395 1626 et
2463 1562 2768 1626 ratificare
2832 1562 3013 1643 pacta
3060 1563 3123 1626 et

389 1645 823 1710 conventiones
870 1647 1119 1710 easdem
1167 1648 1229 1711 16
1279 1650 1579 1732 quantum
1628 1649 1867 1732 aliquos
1916 1650 2249 1715 Jadrenses
2320 1651 2645 1732 tangerent
2705 1648 2804 1712 vel
2866 1651 3121 1731 possent

388 1734 641 1814 tangere
688 1733 906 1815 quovis
952 1735 1153 1798 modo.
1203 1735 1334 1817 Ipsi
1379 1754 1520 1801 vero
1568 1737 1798 1803 auditis
1844 1737 2047 1803 verbis
2112 1736 2339 1801 nostris
2389 1738 2452 1800 et
2493 1737 2804 1818 scriptura
2848 1736 3125 1817 predicta

388 1818 762 1885 unanimiter
810 1822 872 1884 61
919 1823 1301 1886 concorditer
1349 1823 1815 1907 responderunt,
1869 1825 2003 1907 ipsa
2038 1826 2217 1906 pacta
2258 1826 2322 1889 et
2365 1823 2802 1889 conventiones
2844 1824 2962 1887 sibi
2989 1824 3125 1906 plas-

388 1925 540 1983 cere,
590 1909 653 1970 et
697 1907 772 1971 de
820 1909 909 1972 eis
956 1928 1091 1974 esse
1140 1912 1498 1987 6611166166,
1571 1913 1635 1975 61
1700 1931 1772 1976 ea
1836 1912 1898 1975 in
1965 1917 2265 1995 quantum
2313 1914 2577 1995 tangunt
2624 1909 2962 1975 Jadrenses
3009 1911 3124 1975 ali-

390 2012 539 2077 quos
587 1995 1086 2078 approbaverunt
1133 2000 1197 2061 61
1242 1998 1724 2075 ratificaverunt,
1776 2004 1844 2063 ut
1892 2000 1954 2064 in
2002 1999 2438 2078 instrumentO,
2498 1997 3006 2081 approbationem
3055 2000 3121 2062 et

338 2088 341 2089 ’
391 2082 907 2165 emologationem
954 2083 1087 2149 fieri
1135 2084 1412 2164 fecimuS,
1460 2085 1814 2151 distinctius
1861 2087 2230 2152 continetur.
2279 2087 2771 2151 instrumentum
2806 2103 2947 2149 vero
2980 2104 3120 2168 pre-

396 2170 629 2234 dictum
699 2189 810 2252 per
857 2170 1142 2236 Blaxium
1193 2171 1502 2238 Sabadino
1571 2174 1829 2238 latorem
1878 2177 2225 2259 presentem
2289 2175 2440 2257 ipsis
2501 2173 2732 2238 litteris
2795 2172 3122 2255 alligatum

393 2256 770 2339 providimus
819 2260 1021 2323 vestre
1071 2260 1485 2343 magnitudini
1535 2261 1867 2327 destinare.
1937 2264 2008 2327 In
2055 2262 2253 2327 altera
2302 2280 2440 2326 vero
2509 2261 2722 2325 littera
2770 2261 3120 2335 cavebatur,

389 2346 459 2409 ut
495 2344 871 2428 proclamari
917 2345 1119 2411 facere
1167 2347 1531 2413 deberemus
1579 2348 1858 2414 ordinem
1906 2350 2055 2414 salis
2095 2351 2309 2415 datum
2358 2368 2395 2413 a
2445 2351 2646 2414 vestro
2706 2346 3000 2423 dominio,
3049 2368 3125 2412 ne

392 2432 673 2497 videlicet
718 2432 1048 2516 quisquam
1095 2434 1290 2499 salem
1340 2439 1546 2518 posset
1585 2453 1788 2501 emere
1839 2438 1936 2503 vel
1985 2437 2170 2502 aliter
2213 2437 2526 2519 acquirere
2573 2436 2636 2500 in
2661 2436 2834 2519 Pago
2884 2436 2982 2499 vel
3031 2434 3126 2499 di-

391 2519 611 2584 strictu
656 2538 766 2602 pro
814 2520 1262 2604 incanipando,
1326 2523 1597 2606 exceptis
1661 2525 1890 2589 salinas
1952 2523 2355 2602 habentibuS,
2404 2524 2509 2607 qui
2557 2524 2753 2589 salem
2803 2541 2980 2587 suum
3031 2523 3126 2587 in-

390 2607 671 2690 canipare
719 2607 1133 2691 possint,‘sub
1175 2629 1338 2693 ,pena
1384 2611 1675 2695 prodendi
1722 2612 1959 2677 dictum
2009 2613 2205 2678 salem
2254 2612 2351 2679 vel
2398 2611 2669 2677 valorem
2717 2610 2870 2688 6166,
2922 2611 2985 2675 61
3031 2610 3124 2676 16-

391 2715 572 2778 super
618 2697 691 2759 de
741 2714 857 2760 uno
904 2698 1125 2761 ducato
1173 2717 1282 2780 pro
1329 2699 1603 2782 quolibet
1650 2700 1851 2764 modio
1916 2701 2070 2783 Pagi
2120 2701 2260 2775 etc.,
2328 2702 2399 2764 ut
2463 2700 2525 2763 in
2597 2699 2831 2763 eisdem
2896 2697 3126 2762 litteris

394 2783 744 2849 distinctius
794 2783 1135 2866 legebatur.
1181 2784 1314 2864 Quo
1363 2787 1658 2852 mandato
1707 2787 1950 2870 plenius
1994 2787 2352 2864 intellecto,
2423 2787 2639 2850 statim
2693 2785 2929 2850 dictum
2965 2786 3131 2852 ordi-

394 2890 530 2934 nem
574 2870 913 2935 secundum
960 2871 1221 2937 formam
1268 2873 1620 2940 litterarum
1670 2876 1946 2957 ipsarum
1995 2875 2252 2939 fecimus
2301 2874 2713 2956 proclamari,
2763 2874 2825 2936 et
2871 2873 2935 2936 in
2977 2873 3129 2938 locis

392 2957 701 3023 consuetis
750 2958 940 3024 Jadre
986 2959 1231 3042 publice
1295 2962 1597 3041 nuntiari,
1657 2965 1720 3026 et
1767 2981 1944 3041 enm,
2009 2964 2073 3026 in
2133 2964 2430 3044 quantum
2499 2960 2575 3024 ad
2638 2979 2746 3025 nos
2793 2961 3123 3043 spectabit,

396 3045 858 3110 observabimus
905 3049 970 3111 et
1016 3047 1329 3113 observari
1376 3051 1569 3114 etiam
1615 3048 1933 3115 faciemus,
1984 3051 2149 3114 Data
2195 3049 2384 3114 Jadre
2433 3049 2640 3112 XVIII
2690 3048 2862 3112 maii.
2923 3048 3128 3113 Justi-

402 3135 619 3198 nianus
664 3134 1025 3200 Justiniano
1073 3137 1145 3200 de
1192 3155 1302 3201 suo
1349 3137 1643 3202 mandato
1691 3155 1899 3202 comes
1948 3138 2012 3202 et
2042 3137 2403 3220 capitaneus
2446 3135 2659 3214 Jadre,
2710 3137 2774 3201 et
2822 3136 2952 3201 eius
2988 3156 3131 3201 con-

398 3222 631 3287 siliarii.

484 3311 1053 3373 Commemorialium
1084 3315 1122 3371 1
1135 3314 1200 3374 V.
1249 3315 1399 3384 215,
1444 3333 1487 3374 u
1527 3315 1869 3376 ndetackom
1914 3317 2145 3376 arkivu.

608 3501 1205 3586 CCCXLVIII.
1279 3503 1486 3586 God.
1541 3503 1764 3588 1352.
1827 3505 1928 3587 22
1985 3504 2352 3604 Svlbnja,
2405 3525 2465 3584 u
2519 3503 2910 3585 Mletclh.
2981 3563 2984 3564 ν

669 3631 880 3689 Knezu
921 3630 1336 3700 zadarskomu,
1378 3631 1534 3690 nelca
1578 3631 1773 3690 budno
1808 3632 1959 3705 pani
2002 3649 2088 3689 na
2137 3631 2385 3703 &uvanje
2427 3647 2614 3712 onoqa
2645 3630 2858 3702 arada.

612 3749 795 3813 1352.
846 3750 1181 3817 indictione
1230 3751 1464 3835 quinta,
1511 3752 1611 3816 die
1658 3752 1842 3816 XXII
1883 3751 2052 3828 maii,
2105 3753 2328 3832 capta:
2386 3749 2543 3832 quod
2590 3749 2807 3813 comiti
2854 3750 2919 3812 et
2964 3749 3133 3832 capi-

395 3837 559 3903 161116
604 3837 796 3902 Jadre
844 3837 1152 3903 scribatur
1197 3839 1259 3903 in
1310 3839 1427 3903 hac
1473 3839 1691 3904 forma.
1738 3839 1953 3921 Nuper
2002 3838 2351 3920 recepimus
2401 3837 2646 3901 litteras
2690 3855 2726 3900 a
2755 3835 2983 3901 comite
3024 3853 3133 3899 no-

397 3929 522 3991 stro
570 3924 745 4003 Arbi‚
795 3942 1053 4008 quarum
1104 3927 1346 4008 copiam
1397 3926 1474 3990 ad
1521 3926 2024 3992 informationem
2062 3928 2330 3992 vestram
2363 3923 2679 3989 mittimus
2708 3923 3130 3988 interclusam.

396 4013 475 4077 Et
518 4012 669 4077 licet
720 4012 984 4077 firmiter
1025 4016 1371 4092 1666611166,
1423 4014 1581 4096 quod
1648 4033 1894 4080 omnem
1958 4013 2371 4096 provisionem
2438 4010 2885 4076 neccessariam
2943 4010 3133 4074 habe-

399 4099 564 4178 bitis,
616 4102 825 4164 tamen
874 4099 1215 4165 efficaciter
1265 4118 1368 4165 vos
1415 4102 1755 4178 hortamur,
1809 4105 2113 4185 quatenus
2159 4100 2238 4164 ad
2288 4101 2530 4177 bonam,
2580 4098 2834 4182 vigilem
2876 4099 2940 4162 61
2985 4097 3134 4162 6611-

394 4188 583 4251 citam
631 4185 977 4251 custodiam
1023 4187 1299 4253 civitatis
1343 4189 1407 4253 et
1451 4189 1659 4266 castri,
1711 4191 1876 4253 sicut
1923 4207 2266 4271 speramus,
2318 4187 2602 4252 insistere
2659 4185 2975 4259 debeatiS,
3042 4186 3134 4248 fa-

393 4274 623 4339 cientes
669 4273 909 4339 dictum
957 4278 1231 4341 castrum
1282 4275 1503 4341 furniri
1551 4279 1614 4341 et
1661 4276 1995 4360 diligenter
2049 4274 2348 4341 custodiri
2395 4274 2495 4338 die
2546 4275 2882 4357 noctuque,
2940 4274 3004 4337 et
3049 4272 3135 4336 si—

395 4361 624 4427 militer
675 4362 1013 4441 civitatem,
1064 4364 1153 4427 ita
1177 4363 1339 4447 quod
1384 4363 1706 4428 sinistrum
1746 4364 1994 4446 aliquod
2029 4364 2338 4428 mediante
2378 4361 2586 4426 divina
2620 4361 2827 4444 gratia
2872 4362 3136 4444 nequeat

395 4450 653 4514 evenire.
702 4448 786 4512 Et
832 4449 975 4531 quia
1017 4450 1243 4516 dicitnr
1293 4451 1503 4529 nobis,
1574 4452 1732 4535 quod
1795 4451 1860 4515 in
1905 4451 2095 4516 Jadra
2163 4451 2227 4514 et
2291 4450 2352 4514 in
2418 4448 2638 4513 insulis
2698 4451 2762 4512 et
2832 4450 2894 4511 in
2941 4449 3130 4530 Pag0,

400 4536 601 4620 Segna
647 4538 712 4601 et
757 4536 900 4600 aliis
948 4539 1129 4603 terris
1180 4538 1525 4617 Sclavonie,
1576 4539 1785 4603 silicet
1816 4537 2222 4615 Sibinichum,
2273 4536 2645 4619 Tragurium
2694 4536 2758 4599 61
2799 4534 3129 4617 Spalatum

392 4626 536 4687 sunt
581 4623 767 4688 multi
814 4622 891 4686 de
936 4624 1302 4703 JadratiniS‚
1351 4644 1615 4709 quorum
1662 4625 1981 4690 habitacio
2028 4625 2090 4689 in
2138 4623 2392 4688 civitate
2462 4622 2562 4686 vel
2626 4624 2687 4686 in
2732 4622 2882 4687 locis
2928 4621 3134 4703 predi·

392 4710 529 4791 ctis,
573 4731 690 4796 que
737 4711 885 4777 sunt
931 4713 1085 4777 satis
1133 4714 1418 4796 proxima
1468 4712 1730 4790 civitati,
1780 4714 1953 4779 esset
1999 4712 2285 4793 suspecta
2330 4711 2393 4772 et
2440 4709 2816 4791 periculosa,
2861 4706 3130 4770 maxime
