<?xml version="1.0" encoding="UTF-8"?>
<!DOCTYPE html PUBLIC "-//W3C//DTD XHTML 1.0 Transitional//EN"
    "http://www.w3.org/TR/xhtml1/DTD/xhtml1-transitional.dtd">
<html xmlns="http://www.w3.org/1999/xhtml" xml:lang="en" lang="en">
 <head>
  <title>
</title>
<meta http-equiv="Content-Type" content="text/html;charset=utf-8" />
  <meta name='ocr-system' content='tesseract 3.04.00' />
  <meta name='ocr-capabilities' content='ocr_page ocr_carea ocr_par ocr_line ocrx_word'/>
</head>
<body>
  <div class='ocr_page' id='page_1' title='image "./monumentaspecta02umjegoog_0656.png"; bbox 0 0 3620 5282; ppageno 0'>
   <div class='ocr_carea' id='block_1_1' title="bbox 465 471 3291 2567">
    <p class='ocr_par' dir='ltr' id='par_1_1' title="bbox 465 471 3291 2567">
     <span class='ocr_line' id='line_1_1' title="bbox 495 471 3226 557; baseline -0.002 -13"><span class='ocrx_word' id='word_1_1' title='bbox 495 476 756 544; x_wconf 83' lang='lat' dir='ltr'><strong>fecerint</strong></span> <span class='ocrx_word' id='word_1_2' title='bbox 802 473 1103 557; x_wconf 87' lang='lat' dir='ltr'><strong>quendam</strong></span> <span class='ocrx_word' id='word_1_3' title='bbox 1155 472 1428 539; x_wconf 80' lang='lat' dir='ltr'><strong>ordinem</strong></span> <span class='ocrx_word' id='word_1_4' title='bbox 1471 474 1529 538; x_wconf 92' lang='lat' dir='ltr'><strong>in</strong></span> <span class='ocrx_word' id='word_1_5' title='bbox 1580 474 1881 555; x_wconf 80' lang='lat' dir='ltr'><strong>Raguxio,</strong></span> <span class='ocrx_word' id='word_1_6' title='bbox 1930 491 2040 556; x_wconf 91' lang='lat' dir='ltr'><strong>per</strong></span> <span class='ocrx_word' id='word_1_7' title='bbox 2102 492 2282 555; x_wconf 89' lang='lat' dir='ltr'><strong>quem</strong></span> <span class='ocrx_word' id='word_1_8' title='bbox 2346 471 2594 556; x_wconf 87' lang='lat' dir='ltr'><strong>privant</strong></span> <span class='ocrx_word' id='word_1_9' title='bbox 2665 474 2907 537; x_wconf 90' lang='lat' dir='ltr'><strong>nostros</strong></span> <span class='ocrx_word' id='word_1_10' title='bbox 2953 473 3226 538; x_wconf 90' lang='lat' dir='ltr'><strong>Venetos</strong></span> 
     </span>
     <span class='ocr_line' id='line_1_2' title="bbox 497 560 3226 644; baseline -0.001 -14"><span class='ocrx_word' id='word_1_11' title='bbox 497 563 846 630; x_wconf 83' lang='lat' dir='ltr'><strong>franchisiis</strong></span> <span class='ocrx_word' id='word_1_12' title='bbox 894 564 959 625; x_wconf 93' lang='lat' dir='ltr'><strong>et</strong></span> <span class='ocrx_word' id='word_1_13' title='bbox 1004 562 1418 637; x_wconf 79' lang='lat' dir='ltr'><strong>libertatibuS,</strong></span> <span class='ocrx_word' id='word_1_14' title='bbox 1469 581 1621 643; x_wconf 88' lang='lat' dir='ltr'><strong>quas</strong></span> <span class='ocrx_word' id='word_1_15' title='bbox 1685 561 1917 625; x_wconf 87' lang='lat' dir='ltr'><strong>habent</strong></span> <span class='ocrx_word' id='word_1_16' title='bbox 1977 561 2038 624; x_wconf 92' lang='lat' dir='ltr'><strong>in</strong></span> <span class='ocrx_word' id='word_1_17' title='bbox 2109 562 2384 643; x_wconf 85' lang='lat' dir='ltr'><strong>Raguxio</strong></span> <span class='ocrx_word' id='word_1_18' title='bbox 2449 561 2575 625; x_wconf 82' lang='lat' dir='ltr'><strong>iam</strong></span> <span class='ocrx_word' id='word_1_19' title='bbox 2636 560 3001 644; x_wconf 84' lang='lat' dir='ltr'><strong>longissimo</strong></span> <span class='ocrx_word' id='word_1_20' title='bbox 3069 561 3226 626; x_wconf 88' lang='lat' dir='ltr'><strong>tem-</strong></span> 
     </span>
     <span class='ocr_line' id='line_1_3' title="bbox 500 646 3224 735; baseline -0.001 -18"><span class='ocrx_word' id='word_1_21' title='bbox 500 672 664 735; x_wconf 82' lang='lat' dir='ltr'>pore,</span> <span class='ocrx_word' id='word_1_22' title='bbox 714 650 894 732; x_wconf 88' lang='lat' dir='ltr'><strong>prout</strong></span> <span class='ocrx_word' id='word_1_23' title='bbox 941 649 999 713; x_wconf 91' lang='lat' dir='ltr'><strong>in</strong></span> <span class='ocrx_word' id='word_1_24' title='bbox 1044 668 1249 713; x_wconf 87' lang='lat' dir='ltr'><strong>eorum</strong></span> <span class='ocrx_word' id='word_1_25' title='bbox 1298 649 1621 713; x_wconf 87' lang='lat' dir='ltr'><strong>catasticis</strong></span> <span class='ocrx_word' id='word_1_26' title='bbox 1668 647 1947 712; x_wconf 89' lang='lat' dir='ltr'><strong>ordinate</strong></span> <span class='ocrx_word' id='word_1_27' title='bbox 1995 647 2407 725; x_wconf 88' lang='lat' dir='ltr'><strong>continentur,</strong></span> <span class='ocrx_word' id='word_1_28' title='bbox 2464 649 2529 712; x_wconf 90' lang='lat' dir='ltr'><strong>et</strong></span> <span class='ocrx_word' id='word_1_29' title='bbox 2588 667 2698 730; x_wconf 89' lang='lat' dir='ltr'><strong>per</strong></span> <span class='ocrx_word' id='word_1_30' title='bbox 2765 646 2933 712; x_wconf 91' lang='lat' dir='ltr'><strong>hunc</strong></span> <span class='ocrx_word' id='word_1_31' title='bbox 2997 666 3224 713; x_wconf 90' lang='lat' dir='ltr'><strong>novum</strong></span> 
     </span>
     <span class='ocr_line' id='line_1_4' title="bbox 499 735 3222 819; baseline -0.001 -15"><span class='ocrx_word' id='word_1_32' title='bbox 499 740 775 805; x_wconf 87' lang='lat' dir='ltr'>ordinem</span> <span class='ocrx_word' id='word_1_33' title='bbox 824 736 977 800; x_wconf 88' lang='lat' dir='ltr'><strong>dant</strong></span> <span class='ocrx_word' id='word_1_34' title='bbox 1022 738 1250 801; x_wconf 89' lang='lat' dir='ltr'><strong>nostris</strong></span> <span class='ocrx_word' id='word_1_35' title='bbox 1297 736 1552 800; x_wconf 88' lang='lat' dir='ltr'><strong>Venetis</strong></span> <span class='ocrx_word' id='word_1_36' title='bbox 1599 738 1969 811; x_wconf 87' lang='lat' dir='ltr'><strong>comeatum,</strong></span> <span class='ocrx_word' id='word_1_37' title='bbox 2017 739 2089 799; x_wconf 88' lang='lat' dir='ltr'><strong>ut</strong></span> <span class='ocrx_word' id='word_1_38' title='bbox 2134 754 2257 800; x_wconf 87' lang='lat' dir='ltr'><strong>non</strong></span> <span class='ocrx_word' id='word_1_39' title='bbox 2304 737 2741 801; x_wconf 78' lang='lat' dir='ltr'><strong>conversentur</strong></span> <span class='ocrx_word' id='word_1_40' title='bbox 2815 735 2879 799; x_wconf 94' lang='lat' dir='ltr'><strong>in</strong></span> <span class='ocrx_word' id='word_1_41' title='bbox 2926 735 3222 819; x_wconf 78' lang='lat' dir='ltr'><strong>RaguxiO,</strong></span> 
     </span>
     <span class='ocr_line' id='line_1_5' title="bbox 499 822 3226 909; baseline -0.001 -19"><span class='ocrx_word' id='word_1_42' title='bbox 499 827 643 909; x_wconf 93' lang='lat' dir='ltr'><strong>quia</strong></span> <span class='ocrx_word' id='word_1_43' title='bbox 690 823 1067 890; x_wconf 87' lang='lat' dir='ltr'><strong>observando</strong></span> <span class='ocrx_word' id='word_1_44' title='bbox 1113 825 1345 889; x_wconf 90' lang='lat' dir='ltr'><strong>dictum</strong></span> <span class='ocrx_word' id='word_1_45' title='bbox 1400 825 1671 887; x_wconf 91' lang='lat' dir='ltr'><strong>ordinem</strong></span> <span class='ocrx_word' id='word_1_46' title='bbox 1717 824 1961 905; x_wconf 80' lang='lat' dir='ltr'><strong>expedit</strong></span> <span class='ocrx_word' id='word_1_47' title='bbox 1996 824 2261 899; x_wconf 92' lang='lat' dir='ltr'><strong>omnino,</strong></span> <span class='ocrx_word' id='word_1_48' title='bbox 2312 826 2382 888; x_wconf 90' lang='lat' dir='ltr'><strong>ut</strong></span> <span class='ocrx_word' id='word_1_49' title='bbox 2415 824 2701 887; x_wconf 89' lang='lat' dir='ltr'><strong>recedant</strong></span> <span class='ocrx_word' id='word_1_50' title='bbox 2734 822 2896 899; x_wconf 90' lang='lat' dir='ltr'><strong>inde,</strong></span> <span class='ocrx_word' id='word_1_51' title='bbox 2947 825 3012 887; x_wconf 92' lang='lat' dir='ltr'><strong>et</strong></span> <span class='ocrx_word' id='word_1_52' title='bbox 3041 842 3226 905; x_wconf 88' lang='lat' dir='ltr'><strong>super</strong></span> 
     </span>
     <span class='ocr_line' id='line_1_6' title="bbox 499 910 3222 994; baseline -0.001 -16"><span class='ocrx_word' id='word_1_53' title='bbox 499 915 615 978; x_wconf 87' lang='lat' dir='ltr'><strong>hoc</strong></span> <span class='ocrx_word' id='word_1_54' title='bbox 661 912 958 994; x_wconf 89' lang='lat' dir='ltr'><strong>scriptum</strong></span> <span class='ocrx_word' id='word_1_55' title='bbox 1007 912 1195 976; x_wconf 87' lang='lat' dir='ltr'><strong>fuerit</strong></span> <span class='ocrx_word' id='word_1_56' title='bbox 1227 911 1596 994; x_wconf 90' lang='lat' dir='ltr'><strong>regitoribus</strong></span> <span class='ocrx_word' id='word_1_57' title='bbox 1629 911 1918 993; x_wconf 84' lang='lat' dir='ltr'><strong>Raguxii,</strong></span> <span class='ocrx_word' id='word_1_58' title='bbox 1966 913 2037 974; x_wconf 90' lang='lat' dir='ltr'><strong>ut</strong></span> <span class='ocrx_word' id='word_1_59' title='bbox 2084 910 2317 975; x_wconf 90' lang='lat' dir='ltr'><strong>vellent</strong></span> <span class='ocrx_word' id='word_1_60' title='bbox 2340 928 2621 976; x_wconf 90' lang='lat' dir='ltr'><strong>revocare</strong></span> <span class='ocrx_word' id='word_1_61' title='bbox 2651 910 2888 975; x_wconf 89' lang='lat' dir='ltr'><strong>dictum</strong></span> <span class='ocrx_word' id='word_1_62' title='bbox 2929 911 3222 990; x_wconf 87' lang='lat' dir='ltr'><strong>ordinem,</strong></span> 
     </span>
     <span class='ocr_line' id='line_1_7' title="bbox 501 997 3227 1083; baseline -0.001 -19"><span class='ocrx_word' id='word_1_63' title='bbox 501 1002 658 1083; x_wconf 90' lang='lat' dir='ltr'><strong>quod</strong></span> <span class='ocrx_word' id='word_1_64' title='bbox 706 998 901 1065; x_wconf 90' lang='lat' dir='ltr'><strong>facere</strong></span> <span class='ocrx_word' id='word_1_65' title='bbox 948 1001 1253 1080; x_wconf 88' lang='lat' dir='ltr'><strong>recusant,</strong></span> <span class='ocrx_word' id='word_1_66' title='bbox 1306 1001 1376 1063; x_wconf 88' lang='lat' dir='ltr'><strong>ut</strong></span> <span class='ocrx_word' id='word_1_67' title='bbox 1417 998 1582 1081; x_wconf 87' lang='lat' dir='ltr'><strong>palet</strong></span> <span class='ocrx_word' id='word_1_68' title='bbox 1631 1017 1735 1079; x_wconf 87' lang='lat' dir='ltr'><strong>per</strong></span> <span class='ocrx_word' id='word_1_69' title='bbox 1784 999 2237 1080; x_wconf 84' lang='lat' dir='ltr'><strong>responsionem</strong></span> <span class='ocrx_word' id='word_1_70' title='bbox 2286 1017 2394 1081; x_wconf 90' lang='lat' dir='ltr'><strong>per</strong></span> <span class='ocrx_word' id='word_1_71' title='bbox 2440 1016 2542 1063; x_wconf 89' lang='lat' dir='ltr'><strong>eos</strong></span> <span class='ocrx_word' id='word_1_72' title='bbox 2575 998 2752 1063; x_wconf 90' lang='lat' dir='ltr'><strong>nobis</strong></span> <span class='ocrx_word' id='word_1_73' title='bbox 2783 997 3012 1063; x_wconf 85' lang='lat' dir='ltr'><strong>factam</strong></span> <span class='ocrx_word' id='word_1_74' title='bbox 3044 1016 3227 1082; x_wconf 87' lang='lat' dir='ltr'><strong>super</strong></span> 
     </span>
     <span class='ocr_line' id='line_1_8' title="bbox 500 1083 3224 1169; baseline -0 -18"><span class='ocrx_word' id='word_1_75' title='bbox 500 1087 640 1151; x_wconf 91' lang='lat' dir='ltr'><strong>inde</strong></span> <span class='ocrx_word' id='word_1_76' title='bbox 686 1106 794 1169; x_wconf 91' lang='lat' dir='ltr'><strong>per</strong></span> <span class='ocrx_word' id='word_1_77' title='bbox 831 1086 1048 1150; x_wconf 87' lang='lat' dir='ltr'><strong>literas</strong></span> <span class='ocrx_word' id='word_1_78' title='bbox 1097 1105 1258 1162; x_wconf 89' lang='lat' dir='ltr'><strong>suas,</strong></span> <span class='ocrx_word' id='word_1_79' title='bbox 1308 1088 1372 1150; x_wconf 90' lang='lat' dir='ltr'><strong>et</strong></span> <span class='ocrx_word' id='word_1_80' title='bbox 1419 1087 1642 1150; x_wconf 92' lang='lat' dir='ltr'><strong>bonum</strong></span> <span class='ocrx_word' id='word_1_81' title='bbox 1693 1087 1779 1149; x_wconf 92' lang='lat' dir='ltr'><strong>sit</strong></span> <span class='ocrx_word' id='word_1_82' title='bbox 1823 1105 2008 1167; x_wconf 89' lang='lat' dir='ltr'><strong>super</strong></span> <span class='ocrx_word' id='word_1_83' title='bbox 2053 1087 2165 1150; x_wconf 88' lang='lat' dir='ltr'><strong>hoc</strong></span> <span class='ocrx_word' id='word_1_84' title='bbox 2213 1104 2318 1167; x_wconf 89' lang='lat' dir='ltr'><strong>pro</strong></span> <span class='ocrx_word' id='word_1_85' title='bbox 2381 1083 2607 1151; x_wconf 89' lang='lat' dir='ltr'><strong>honore</strong></span> <span class='ocrx_word' id='word_1_86' title='bbox 2676 1088 2886 1151; x_wconf 88' lang='lat' dir='ltr'><strong>nostro</strong></span> <span class='ocrx_word' id='word_1_87' title='bbox 2949 1087 3012 1150; x_wconf 87' lang='lat' dir='ltr'><strong>et</strong></span> <span class='ocrx_word' id='word_1_88' title='bbox 3070 1086 3224 1151; x_wconf 91' lang='lat' dir='ltr'><strong>bono</strong></span> 
     </span>
     <span class='ocr_line' id='line_1_9' title="bbox 500 1172 3224 1255; baseline 0 -18"><span class='ocrx_word' id='word_1_89' title='bbox 500 1177 848 1239; x_wconf 89' lang='lat' dir='ltr'><strong>nostrorum</strong></span> <span class='ocrx_word' id='word_1_90' title='bbox 919 1176 1326 1238; x_wconf 87' lang='lat' dir='ltr'><strong>mercatorum</strong></span> <span class='ocrx_word' id='word_1_91' title='bbox 1379 1172 1730 1254; x_wconf 87' lang='lat' dir='ltr'><strong>providere;</strong></span> <span class='ocrx_word' id='word_1_92' title='bbox 1800 1174 1968 1237; x_wconf 87' lang='lat' dir='ltr'><strong>vadit</strong></span> <span class='ocrx_word' id='word_1_93' title='bbox 2032 1190 2193 1255; x_wconf 89' lang='lat' dir='ltr'><strong>pars,</strong></span> <span class='ocrx_word' id='word_1_94' title='bbox 2225 1203 2229 1207; x_wconf 33' lang='lat' dir='ltr'><strong>v</strong></span> <span class='ocrx_word' id='word_1_95' title='bbox 2264 1172 2423 1255; x_wconf 87' lang='lat' dir='ltr'><strong>quod</strong></span> <span class='ocrx_word' id='word_1_96' title='bbox 2461 1174 2776 1239; x_wconf 80' lang='lat' dir='ltr'><strong>ordinetur</strong></span> <span class='ocrx_word' id='word_1_97' title='bbox 2823 1176 2886 1238; x_wconf 92' lang='lat' dir='ltr'><strong>et</strong></span> <span class='ocrx_word' id='word_1_98' title='bbox 2952 1172 3224 1238; x_wconf 88' lang='lat' dir='ltr'><strong>cridetur</strong></span> 
     </span>
     <span class='ocr_line' id='line_1_10' title="bbox 501 1259 3228 1344; baseline -0 -19"><span class='ocrx_word' id='word_1_99' title='bbox 501 1261 744 1344; x_wconf 91' lang='lat' dir='ltr'><strong>publice</strong></span> <span class='ocrx_word' id='word_1_100' title='bbox 784 1260 846 1324; x_wconf 91' lang='lat' dir='ltr'><strong>in</strong></span> <span class='ocrx_word' id='word_1_101' title='bbox 898 1261 1049 1325; x_wconf 90' lang='lat' dir='ltr'><strong>locis</strong></span> <span class='ocrx_word' id='word_1_102' title='bbox 1098 1262 1318 1337; x_wconf 82' lang='lat' dir='ltr'><strong>solitis,</strong></span> <span class='ocrx_word' id='word_1_103' title='bbox 1369 1261 1548 1343; x_wconf 90' lang='lat' dir='ltr'><strong>quod,</strong></span> <span class='ocrx_word' id='word_1_104' title='bbox 1598 1260 1806 1343; x_wconf 88' lang='lat' dir='ltr'><strong>elapso</strong></span> <span class='ocrx_word' id='word_1_105' title='bbox 1877 1279 2088 1326; x_wconf 87' lang='lat' dir='ltr'><strong>mense</strong></span> <span class='ocrx_word' id='word_1_106' title='bbox 2141 1259 2414 1343; x_wconf 85' lang='lat' dir='ltr'><strong>januarii</strong></span> <span class='ocrx_word' id='word_1_107' title='bbox 2475 1260 2764 1344; x_wconf 80' lang='lat' dir='ltr'><strong>proxime,</strong></span> <span class='ocrx_word' id='word_1_108' title='bbox 2831 1260 3057 1344; x_wconf 89' lang='lat' dir='ltr'><strong>aliquis</strong></span> <span class='ocrx_word' id='word_1_109' title='bbox 3105 1260 3228 1326; x_wconf 89' lang='lat' dir='ltr'><strong>Ra-</strong></span> 
     </span>
     <span class='ocr_line' id='line_1_11' title="bbox 499 1347 3223 1431; baseline -0 -18"><span class='ocrx_word' id='word_1_110' title='bbox 499 1367 728 1431; x_wconf 89' lang='lat' dir='ltr'><strong>guseus</strong></span> <span class='ocrx_word' id='word_1_111' title='bbox 777 1366 897 1413; x_wconf 90' lang='lat' dir='ltr'><strong>non</strong></span> <span class='ocrx_word' id='word_1_112' title='bbox 945 1350 1169 1413; x_wconf 87' lang='lat' dir='ltr'><strong>audeat</strong></span> <span class='ocrx_word' id='word_1_113' title='bbox 1224 1367 1335 1413; x_wconf 89' lang='lat' dir='ltr'><strong>nec</strong></span> <span class='ocrx_word' id='word_1_114' title='bbox 1393 1350 1588 1430; x_wconf 86' lang='lat' dir='ltr'><strong>possit</strong></span> <span class='ocrx_word' id='word_1_115' title='bbox 1647 1349 1968 1412; x_wconf 84' lang='lat' dir='ltr'><strong>extrahere</strong></span> <span class='ocrx_word' id='word_1_116' title='bbox 2037 1348 2113 1413; x_wconf 89' lang='lat' dir='ltr'><strong>de</strong></span> <span class='ocrx_word' id='word_1_117' title='bbox 2160 1347 2446 1413; x_wconf 89' lang='lat' dir='ltr'><strong>Veneciis</strong></span> <span class='ocrx_word' id='word_1_118' title='bbox 2513 1348 2752 1430; x_wconf 88' lang='lat' dir='ltr'><strong>aliquas</strong></span> <span class='ocrx_word' id='word_1_119' title='bbox 2798 1349 3223 1425; x_wconf 78' lang='lat' dir='ltr'><strong>mercationeS,</strong></span> 
     </span>
     <span class='ocr_line' id='line_1_12' title="bbox 497 1435 3225 1518; baseline 0 -18"><span class='ocrx_word' id='word_1_120' title='bbox 497 1455 609 1501; x_wconf 89' lang='lat' dir='ltr'><strong>nec</strong></span> <span class='ocrx_word' id='word_1_121' title='bbox 653 1436 716 1500; x_wconf 95' lang='lat' dir='ltr'><strong>in</strong></span> <span class='ocrx_word' id='word_1_122' title='bbox 754 1436 1038 1500; x_wconf 87' lang='lat' dir='ltr'><strong>Veneciis</strong></span> <span class='ocrx_word' id='word_1_123' title='bbox 1085 1435 1326 1518; x_wconf 87' lang='lat' dir='ltr'><strong>aliquas</strong></span> <span class='ocrx_word' id='word_1_124' title='bbox 1375 1436 1779 1500; x_wconf 77' lang='lat' dir='ltr'><strong>mercationes</strong></span> <span class='ocrx_word' id='word_1_125' title='bbox 1827 1455 2048 1517; x_wconf 90' lang='lat' dir='ltr'><strong>ponere</strong></span> <span class='ocrx_word' id='word_1_126' title='bbox 2099 1436 2195 1500; x_wconf 91' lang='lat' dir='ltr'><strong>vel</strong></span> <span class='ocrx_word' id='word_1_127' title='bbox 2239 1438 2573 1501; x_wconf 83' lang='lat' dir='ltr'><strong>conducere</strong></span> <span class='ocrx_word' id='word_1_128' title='bbox 2622 1455 2730 1517; x_wconf 87' lang='lat' dir='ltr'><strong>per</strong></span> <span class='ocrx_word' id='word_1_129' title='bbox 2784 1455 2847 1500; x_wconf 86' lang='lat' dir='ltr'><strong>se</strong></span> <span class='ocrx_word' id='word_1_130' title='bbox 2910 1436 3009 1500; x_wconf 89' lang='lat' dir='ltr'><strong>vel</strong></span> <span class='ocrx_word' id='word_1_131' title='bbox 3070 1435 3225 1500; x_wconf 88' lang='lat' dir='ltr'><strong>alios</strong></span> 
     </span>
     <span class='ocr_line' id='line_1_13' title="bbox 496 1522 3225 1606; baseline 0 -19"><span class='ocrx_word' id='word_1_132' title='bbox 496 1522 625 1587; x_wconf 91' lang='lat' dir='ltr'><strong>ullo</strong></span> <span class='ocrx_word' id='word_1_133' title='bbox 671 1524 849 1588; x_wconf 92' lang='lat' dir='ltr'><strong>modo</strong></span> <span class='ocrx_word' id='word_1_134' title='bbox 900 1522 996 1587; x_wconf 91' lang='lat' dir='ltr'><strong>vel</strong></span> <span class='ocrx_word' id='word_1_135' title='bbox 1042 1523 1310 1606; x_wconf 91' lang='lat' dir='ltr'><strong>ingenio,</strong></span> <span class='ocrx_word' id='word_1_136' title='bbox 1362 1524 1476 1586; x_wconf 90' lang='lat' dir='ltr'><strong>sub</strong></span> <span class='ocrx_word' id='word_1_137' title='bbox 1519 1542 1674 1604; x_wconf 86' lang='lat' dir='ltr'><strong>pena</strong></span> <span class='ocrx_word' id='word_1_138' title='bbox 1721 1523 2013 1605; x_wconf 91' lang='lat' dir='ltr'><strong>perdendi</strong></span> <span class='ocrx_word' id='word_1_139' title='bbox 2062 1526 2261 1588; x_wconf 89' lang='lat' dir='ltr'><strong>totum</strong></span> <span class='ocrx_word' id='word_1_140' title='bbox 2310 1524 2390 1601; x_wconf 90' lang='lat' dir='ltr'><strong>id,</strong></span> <span class='ocrx_word' id='word_1_141' title='bbox 2438 1524 2502 1587; x_wconf 92' lang='lat' dir='ltr'><strong>in</strong></span> <span class='ocrx_word' id='word_1_142' title='bbox 2548 1542 2669 1606; x_wconf 93' lang='lat' dir='ltr'><strong>quo</strong></span> <span class='ocrx_word' id='word_1_143' title='bbox 2732 1523 2922 1588; x_wconf 86' lang='lat' dir='ltr'><strong>suerit</strong></span> <span class='ocrx_word' id='word_1_144' title='bbox 2981 1525 3225 1588; x_wconf 90' lang='lat' dir='ltr'><strong>contra-</strong></span> 
     </span>
     <span class='ocr_line' id='line_1_14' title="bbox 495 1609 3229 1694; baseline 0.001 -21"><span class='ocrx_word' id='word_1_145' title='bbox 495 1609 748 1687; x_wconf 87' lang='lat' dir='ltr'><strong>factum,</strong></span> <span class='ocrx_word' id='word_1_146' title='bbox 797 1616 860 1675; x_wconf 90' lang='lat' dir='ltr'><strong>et</strong></span> <span class='ocrx_word' id='word_1_147' title='bbox 908 1611 1072 1675; x_wconf 88' lang='lat' dir='ltr'><strong>ultra</strong></span> <span class='ocrx_word' id='word_1_148' title='bbox 1120 1612 1234 1675; x_wconf 90' lang='lat' dir='ltr'><strong>hoc</strong></span> <span class='ocrx_word' id='word_1_149' title='bbox 1282 1610 1464 1674; x_wconf 87' lang='lat' dir='ltr'><strong>cadat</strong></span> <span class='ocrx_word' id='word_1_150' title='bbox 1511 1609 1773 1694; x_wconf 75' lang='lat' dir='ltr'><strong>quilibet</strong></span> <span class='ocrx_word' id='word_1_151' title='bbox 1822 1611 2267 1676; x_wconf 86' lang='lat' dir='ltr'><strong>contrafaciens</strong></span> <span class='ocrx_word' id='word_1_152' title='bbox 2315 1614 2379 1676; x_wconf 90' lang='lat' dir='ltr'><strong>et</strong></span> <span class='ocrx_word' id='word_1_153' title='bbox 2439 1610 2718 1694; x_wconf 81' lang='lat' dir='ltr'><strong>quilibet,</strong></span> <span class='ocrx_word' id='word_1_154' title='bbox 2781 1609 2886 1693; x_wconf 91' lang='lat' dir='ltr'><strong>qui</strong></span> <span class='ocrx_word' id='word_1_155' title='bbox 2942 1612 3229 1675; x_wconf 83' lang='lat' dir='ltr'><strong>tanxaret</strong></span> 
     </span>
     <span class='ocr_line' id='line_1_15' title="bbox 495 1697 3225 1782; baseline 0 -19"><span class='ocrx_word' id='word_1_156' title='bbox 495 1699 898 1763; x_wconf 87' lang='lat' dir='ltr'><strong>mercationes</strong></span> <span class='ocrx_word' id='word_1_157' title='bbox 952 1698 1210 1762; x_wconf 89' lang='lat' dir='ltr'><strong>alicuius</strong></span> <span class='ocrx_word' id='word_1_158' title='bbox 1257 1698 1528 1780; x_wconf 88' lang='lat' dir='ltr'><strong>Ragusei</strong></span> <span class='ocrx_word' id='word_1_159' title='bbox 1566 1718 1674 1779; x_wconf 93' lang='lat' dir='ltr'><strong>per</strong></span> <span class='ocrx_word' id='word_1_160' title='bbox 1721 1698 1992 1782; x_wconf 84' lang='lat' dir='ltr'><strong>aliquem</strong></span> <span class='ocrx_word' id='word_1_161' title='bbox 2037 1698 2285 1763; x_wconf 90' lang='lat' dir='ltr'><strong>modum</strong></span> <span class='ocrx_word' id='word_1_162' title='bbox 2336 1699 2433 1763; x_wconf 88' lang='lat' dir='ltr'><strong>vel</strong></span> <span class='ocrx_word' id='word_1_163' title='bbox 2481 1699 2818 1782; x_wconf 87' lang='lat' dir='ltr'><strong>ingenium,</strong></span> <span class='ocrx_word' id='word_1_164' title='bbox 2877 1697 2953 1763; x_wconf 89' lang='lat' dir='ltr'><strong>ad</strong></span> <span class='ocrx_word' id='word_1_165' title='bbox 3016 1717 3225 1780; x_wconf 87' lang='lat' dir='ltr'><strong>penas,</strong></span> 
     </span>
     <span class='ocr_line' id='line_1_16' title="bbox 465 1784 3226 1867; baseline 0 -18"><span class='ocrx_word' id='word_1_166' title='bbox 465 1787 840 1862; x_wconf 77' lang='lat' dir='ltr'><strong>‘stricturas,</strong></span> <span class='ocrx_word' id='word_1_167' title='bbox 889 1785 1311 1867; x_wconf 87' lang='lat' dir='ltr'><strong>ligaminaque</strong></span> <span class='ocrx_word' id='word_1_168' title='bbox 1358 1790 1572 1849; x_wconf 84' lang='lat' dir='ltr'><strong>contra</strong></span> <span class='ocrx_word' id='word_1_169' title='bbox 1617 1785 1896 1849; x_wconf 90' lang='lat' dir='ltr'><strong>ordinum</strong></span> <span class='ocrx_word' id='word_1_170' title='bbox 1947 1787 2192 1851; x_wconf 88' lang='lat' dir='ltr'><strong>haveris</strong></span> <span class='ocrx_word' id='word_1_171' title='bbox 2263 1784 2556 1850; x_wconf 76' lang='lat' dir='ltr'><strong>subtillis.</strong></span> <span class='ocrx_word' id='word_1_172' title='bbox 2626 1785 2710 1851; x_wconf 87' lang='lat' dir='ltr'><strong>Et</strong></span> <span class='ocrx_word' id='word_1_173' title='bbox 2753 1784 2868 1849; x_wconf 91' lang='lat' dir='ltr'><strong>hec</strong></span> <span class='ocrx_word' id='word_1_174' title='bbox 2937 1786 3226 1851; x_wconf 89' lang='lat' dir='ltr'><strong>commit-</strong></span> 
     </span>
     <span class='ocr_line' id='line_1_17' title="bbox 503 1872 3229 1956; baseline 0 -20"><span class='ocrx_word' id='word_1_175' title='bbox 503 1874 717 1937; x_wconf 86' lang='lat' dir='ltr'><strong>tantur</strong></span> <span class='ocrx_word' id='word_1_176' title='bbox 761 1872 1047 1937; x_wconf 91' lang='lat' dir='ltr'><strong>omnibus</strong></span> <span class='ocrx_word' id='word_1_177' title='bbox 1095 1872 1465 1937; x_wconf 84' lang='lat' dir='ltr'><strong>officialibus</strong></span> <span class='ocrx_word' id='word_1_178' title='bbox 1513 1873 2092 1952; x_wconf 88' lang='lat' dir='ltr'><strong>contrabannorum,</strong></span> <span class='ocrx_word' id='word_1_179' title='bbox 2153 1875 2256 1955; x_wconf 90' lang='lat' dir='ltr'><strong>qui</strong></span> <span class='ocrx_word' id='word_1_180' title='bbox 2305 1874 2621 1956; x_wconf 87' lang='lat' dir='ltr'><strong>inquirant</strong></span> <span class='ocrx_word' id='word_1_181' title='bbox 2663 1873 2740 1936; x_wconf 92' lang='lat' dir='ltr'><strong>de</strong></span> <span class='ocrx_word' id='word_1_182' title='bbox 2787 1873 3229 1938; x_wconf 87' lang='lat' dir='ltr'><strong>contrafacien-</strong></span> 
     </span>
     <span class='ocr_line' id='line_1_18' title="bbox 498 1959 3231 2043; baseline 0 -20"><span class='ocrx_word' id='word_1_183' title='bbox 498 1961 684 2034; x_wconf 87' lang='lat' dir='ltr'><strong>tibus,</strong></span> <span class='ocrx_word' id='word_1_184' title='bbox 735 1962 799 2025; x_wconf 88' lang='lat' dir='ltr'><strong>et</strong></span> <span class='ocrx_word' id='word_1_185' title='bbox 844 1978 1036 2041; x_wconf 88' lang='lat' dir='ltr'><strong>penas</strong></span> <span class='ocrx_word' id='word_1_186' title='bbox 1078 1960 1345 2041; x_wconf 81' lang='lat' dir='ltr'><strong>exigant,</strong></span> <span class='ocrx_word' id='word_1_187' title='bbox 1397 1959 1678 2024; x_wconf 91' lang='lat' dir='ltr'><strong>habendo</strong></span> <span class='ocrx_word' id='word_1_188' title='bbox 1727 1960 2059 2025; x_wconf 89' lang='lat' dir='ltr'><strong>terminum</strong></span> <span class='ocrx_word' id='word_1_189' title='bbox 2101 1961 2391 2042; x_wconf 90' lang='lat' dir='ltr'><strong>ipsarum,</strong></span> <span class='ocrx_word' id='word_1_190' title='bbox 2442 1962 2508 2025; x_wconf 88' lang='lat' dir='ltr'><strong>et</strong></span> <span class='ocrx_word' id='word_1_191' title='bbox 2552 1961 2669 2025; x_wconf 90' lang='lat' dir='ltr'><strong>due</strong></span> <span class='ocrx_word' id='word_1_192' title='bbox 2719 1964 2929 2043; x_wconf 86' lang='lat' dir='ltr'><strong>partes</strong></span> <span class='ocrx_word' id='word_1_193' title='bbox 2982 1960 3231 2025; x_wconf 86' lang='lat' dir='ltr'><strong>veniant</strong></span> 
     </span>
     <span class='ocr_line' id='line_1_19' title="bbox 497 2046 3224 2131; baseline 0 -20"><span class='ocrx_word' id='word_1_194' title='bbox 497 2048 560 2111; x_wconf 91' lang='lat' dir='ltr'><strong>in</strong></span> <span class='ocrx_word' id='word_1_195' title='bbox 609 2065 953 2111; x_wconf 91' lang='lat' dir='ltr'><strong>commune.</strong></span> <span class='ocrx_word' id='word_1_196' title='bbox 1003 2047 1083 2111; x_wconf 85' lang='lat' dir='ltr'><strong>Et</strong></span> <span class='ocrx_word' id='word_1_197' title='bbox 1124 2047 1178 2110; x_wconf 90' lang='lat' dir='ltr'><strong>si</strong></span> <span class='ocrx_word' id='word_1_198' title='bbox 1223 2048 1408 2112; x_wconf 86' lang='lat' dir='ltr'><strong>fuerit</strong></span> <span class='ocrx_word' id='word_1_199' title='bbox 1454 2050 1776 2112; x_wconf 87' lang='lat' dir='ltr'><strong>accusator</strong></span> <span class='ocrx_word' id='word_1_200' title='bbox 1835 2049 1908 2112; x_wconf 92' lang='lat' dir='ltr'><strong>de</strong></span> <span class='ocrx_word' id='word_1_201' title='bbox 1967 2048 2279 2129; x_wconf 88' lang='lat' dir='ltr'><strong>predictis,</strong></span> <span class='ocrx_word' id='word_1_202' title='bbox 2336 2046 2564 2113; x_wconf 86' lang='lat' dir='ltr'><strong>habeat</strong></span> <span class='ocrx_word' id='word_1_203' title='bbox 2624 2047 2887 2112; x_wconf 91' lang='lat' dir='ltr'><strong>tercium</strong></span> <span class='ocrx_word' id='word_1_204' title='bbox 2950 2049 3224 2131; x_wconf 88' lang='lat' dir='ltr'><strong>ipsarum</strong></span> 
     </span>
     <span class='ocr_line' id='line_1_20' title="bbox 502 2134 3226 2218; baseline 0 -20"><span class='ocrx_word' id='word_1_205' title='bbox 502 2154 821 2217; x_wconf 87' lang='lat' dir='ltr'><strong>penarum,</strong></span> <span class='ocrx_word' id='word_1_206' title='bbox 871 2137 933 2199; x_wconf 88' lang='lat' dir='ltr'><strong>et</strong></span> <span class='ocrx_word' id='word_1_207' title='bbox 979 2136 1262 2199; x_wconf 85' lang='lat' dir='ltr'><strong>teneatur</strong></span> <span class='ocrx_word' id='word_1_208' title='bbox 1308 2137 1380 2198; x_wconf 91' lang='lat' dir='ltr'><strong>de</strong></span> <span class='ocrx_word' id='word_1_209' title='bbox 1429 2136 1755 2200; x_wconf 89' lang='lat' dir='ltr'><strong>credentia.</strong></span> <span class='ocrx_word' id='word_1_210' title='bbox 1806 2137 2032 2200; x_wconf 86' lang='lat' dir='ltr'><strong>Verum</strong></span> <span class='ocrx_word' id='word_1_211' title='bbox 2083 2154 2204 2200; x_wconf 89' lang='lat' dir='ltr'><strong>non</strong></span> <span class='ocrx_word' id='word_1_212' title='bbox 2252 2135 2685 2218; x_wconf 88' lang='lat' dir='ltr'><strong>intelligantur</strong></span> <span class='ocrx_word' id='word_1_213' title='bbox 2746 2136 2805 2199; x_wconf 94' lang='lat' dir='ltr'><strong>in</strong></span> <span class='ocrx_word' id='word_1_214' title='bbox 2871 2136 2986 2200; x_wconf 90' lang='lat' dir='ltr'><strong>hac</strong></span> <span class='ocrx_word' id='word_1_215' title='bbox 3048 2134 3226 2200; x_wconf 86' lang='lat' dir='ltr'><strong>strie-</strong></span> 
     </span>
     <span class='ocr_line' id='line_1_21' title="bbox 499 2222 3229 2303; baseline 0 -18"><span class='ocrx_word' id='word_1_216' title='bbox 499 2223 639 2286; x_wconf 88' lang='lat' dir='ltr'><strong>tura</strong></span> <span class='ocrx_word' id='word_1_217' title='bbox 683 2222 1110 2298; x_wconf 79' lang='lat' dir='ltr'><strong>mercationes,</strong></span> <span class='ocrx_word' id='word_1_218' title='bbox 1160 2241 1274 2303; x_wconf 90' lang='lat' dir='ltr'><strong>que</strong></span> <span class='ocrx_word' id='word_1_219' title='bbox 1323 2223 1444 2286; x_wconf 90' lang='lat' dir='ltr'><strong>iam</strong></span> <span class='ocrx_word' id='word_1_220' title='bbox 1488 2225 1695 2287; x_wconf 89' lang='lat' dir='ltr'><strong>essent</strong></span> <span class='ocrx_word' id='word_1_221' title='bbox 1737 2223 1797 2286; x_wconf 91' lang='lat' dir='ltr'><strong>in</strong></span> <span class='ocrx_word' id='word_1_222' title='bbox 1849 2225 1964 2287; x_wconf 89' lang='lat' dir='ltr'><strong>via.</strong></span> <span class='ocrx_word' id='word_1_223' title='bbox 2039 2224 2129 2287; x_wconf 91' lang='lat' dir='ltr'><strong>De</strong></span> <span class='ocrx_word' id='word_1_224' title='bbox 2192 2226 2365 2303; x_wconf 87' lang='lat' dir='ltr'><strong>parte</strong></span> <span class='ocrx_word' id='word_1_225' title='bbox 2410 2224 2513 2301; x_wconf 83' lang='lat'><strong>55,</strong></span> <span class='ocrx_word' id='word_1_226' title='bbox 2564 2224 2637 2287; x_wconf 92' lang='lat' dir='ltr'><strong>de</strong></span> <span class='ocrx_word' id='word_1_227' title='bbox 2669 2239 2786 2287; x_wconf 90' lang='lat' dir='ltr'><strong>non</strong></span> <span class='ocrx_word' id='word_1_228' title='bbox 2828 2223 2889 2299; x_wconf 82' lang='lat'><strong>2,</strong></span> <span class='ocrx_word' id='word_1_229' title='bbox 2939 2242 3055 2287; x_wconf 92' lang='lat' dir='ltr'><strong>non</strong></span> <span class='ocrx_word' id='word_1_230' title='bbox 3100 2223 3229 2286; x_wconf 88' lang='lat' dir='ltr'><strong>sin-</strong></span> 
     </span>
     <span class='ocr_line' id='line_1_22' title="bbox 499 2309 3231 2393; baseline 0 -21"><span class='ocrx_word' id='word_1_231' title='bbox 499 2309 621 2373; x_wconf 89' lang='lat' dir='ltr'><strong>ceri</strong></span> <span class='ocrx_word' id='word_1_232' title='bbox 674 2314 729 2372; x_wconf 84' lang='lat'><strong>5.</strong></span> <span class='ocrx_word' id='word_1_233' title='bbox 782 2309 915 2392; x_wconf 88' lang='lat' dir='ltr'><strong>Ego</strong></span> <span class='ocrx_word' id='word_1_234' title='bbox 963 2309 1275 2374; x_wconf 87' lang='lat' dir='ltr'><strong>Johannes</strong></span> <span class='ocrx_word' id='word_1_235' title='bbox 1328 2311 1664 2374; x_wconf 87' lang='lat' dir='ltr'><strong>Nicholaus</strong></span> <span class='ocrx_word' id='word_1_236' title='bbox 1713 2310 1967 2374; x_wconf 89' lang='lat' dir='ltr'><strong>Rubeus</strong></span> <span class='ocrx_word' id='word_1_237' title='bbox 2031 2330 2113 2374; x_wconf 93' lang='lat' dir='ltr'><strong>m.</strong></span> <span class='ocrx_word' id='word_1_238' title='bbox 2163 2329 2244 2374; x_wconf 88' lang='lat' dir='ltr'><strong>m.</strong></span> <span class='ocrx_word' id='word_1_239' title='bbox 2297 2309 2650 2391; x_wconf 88' lang='lat' dir='ltr'><strong>subscripsi.</strong></span> <span class='ocrx_word' id='word_1_240' title='bbox 2713 2310 2846 2393; x_wconf 83' lang='lat' dir='ltr'><strong>Ego</strong></span> <span class='ocrx_word' id='word_1_241' title='bbox 2892 2309 3231 2374; x_wconf 88' lang='lat' dir='ltr'><strong>Nicholaus</strong></span> 
     </span>
     <span class='ocr_line' id='line_1_23' title="bbox 497 2396 3226 2481; baseline 0 -21"><span class='ocrx_word' id='word_1_242' title='bbox 497 2396 740 2461; x_wconf 88' lang='lat' dir='ltr'><strong>Delfino</strong></span> <span class='ocrx_word' id='word_1_243' title='bbox 787 2416 871 2460; x_wconf 91' lang='lat' dir='ltr'><strong>m.</strong></span> <span class='ocrx_word' id='word_1_244' title='bbox 921 2416 1005 2461; x_wconf 91' lang='lat' dir='ltr'><strong>m.</strong></span> <span class='ocrx_word' id='word_1_245' title='bbox 1075 2397 1438 2479; x_wconf 88' lang='lat' dir='ltr'><strong>subscripsi.</strong></span> <span class='ocrx_word' id='word_1_246' title='bbox 1501 2398 1634 2481; x_wconf 87' lang='lat' dir='ltr'><strong>Ego</strong></span> <span class='ocrx_word' id='word_1_247' title='bbox 1689 2398 2098 2462; x_wconf 88' lang='lat' dir='ltr'><strong>Francischus</strong></span> <span class='ocrx_word' id='word_1_248' title='bbox 2167 2398 2511 2463; x_wconf 85' lang='lat' dir='ltr'><strong>Contareno</strong></span> <span class='ocrx_word' id='word_1_249' title='bbox 2571 2418 2655 2462; x_wconf 92' lang='lat' dir='ltr'><strong>m.</strong></span> <span class='ocrx_word' id='word_1_250' title='bbox 2722 2417 2804 2460; x_wconf 92' lang='lat' dir='ltr'><strong>m.</strong></span> <span class='ocrx_word' id='word_1_251' title='bbox 2868 2399 3226 2480; x_wconf 87' lang='lat' dir='ltr'><strong>subscripsi.</strong></span> 
     </span>
     <span class='ocr_line' id='line_1_24' title="bbox 495 2482 3291 2567; baseline 0 -20"><span class='ocrx_word' id='word_1_252' title='bbox 495 2484 627 2566; x_wconf 87' lang='lat' dir='ltr'><strong>Ego</strong></span> <span class='ocrx_word' id='word_1_253' title='bbox 674 2482 990 2549; x_wconf 87' lang='lat' dir='ltr'><strong>Johannes</strong></span> <span class='ocrx_word' id='word_1_254' title='bbox 1039 2483 1197 2548; x_wconf 89' lang='lat' dir='ltr'><strong>Vido</strong></span> <span class='ocrx_word' id='word_1_255' title='bbox 1245 2484 1520 2548; x_wconf 89' lang='lat' dir='ltr'><strong>notarius</strong></span> <span class='ocrx_word' id='word_1_256' title='bbox 1568 2485 1734 2549; x_wconf 89' lang='lat' dir='ltr'><strong>curie</strong></span> <span class='ocrx_word' id='word_1_257' title='bbox 1781 2485 2262 2566; x_wconf 88' lang='lat' dir='ltr'><strong>suprascriptam</strong></span> <span class='ocrx_word' id='word_1_258' title='bbox 2313 2486 2551 2566; x_wconf 88' lang='lat' dir='ltr'><strong>partem</strong></span> <span class='ocrx_word' id='word_1_259' title='bbox 2585 2486 2659 2549; x_wconf 90' lang='lat' dir='ltr'><strong>de</strong></span> <span class='ocrx_word' id='word_1_260' title='bbox 2697 2486 2981 2551; x_wconf 89' lang='lat' dir='ltr'><strong>mandato</strong></span> <span class='ocrx_word' id='word_1_261' title='bbox 3011 2504 3228 2567; x_wconf 87' lang='lat' dir='ltr'><strong>supra·</strong></span> <span class='ocrx_word' id='word_1_262' title='bbox 3287 2555 3291 2559; x_wconf 56' lang='grc'><strong>,</strong></span> 
     </span>
    </p>
   </div>
   <div class='ocr_carea' id='block_1_2' title="bbox 496 2570 2451 2730">
    <p class='ocr_par' dir='ltr' id='par_1_2' title="bbox 496 2570 2451 2730">
     <span class='ocr_line' id='line_1_25' title="bbox 496 2570 2451 2653; baseline 0.002 -20"><span class='ocrx_word' id='word_1_263' title='bbox 496 2570 865 2653; x_wconf 87' lang='lat' dir='ltr'><strong>scriptorum</strong></span> <span class='ocrx_word' id='word_1_264' title='bbox 907 2570 1290 2635; x_wconf 89' lang='lat' dir='ltr'><strong>dominorum</strong></span> <span class='ocrx_word' id='word_1_265' title='bbox 1339 2572 1666 2636; x_wconf 90' lang='lat' dir='ltr'><strong>cancellari</strong></span> <span class='ocrx_word' id='word_1_266' title='bbox 1720 2571 1906 2636; x_wconf 85' lang='lat'><strong>1376.</strong></span> <span class='ocrx_word' id='word_1_267' title='bbox 1962 2573 2034 2635; x_wconf 91' lang='lat'><strong>11</strong></span> <span class='ocrx_word' id='word_1_268' title='bbox 2088 2573 2451 2637; x_wconf 76' lang='lat' dir='ltr'><strong>decembris,</strong></span> 
     </span>
     <span class='ocr_line' id='line_1_26' title="bbox 584 2659 1832 2730; baseline 0.002 -10"><span class='ocrx_word' id='word_1_269' title='bbox 584 2661 763 2720; x_wconf 72' lang='lat' dir='ltr'><strong>Misti</strong></span> <span class='ocrx_word' id='word_1_270' title='bbox 814 2659 1112 2721; x_wconf 88' lang='lat' dir='ltr'><strong><em>XXXIV</em></strong></span> <span class='ocrx_word' id='word_1_271' title='bbox 1152 2664 1254 2730; x_wconf 86' lang='lat'><strong>35,</strong></span> <span class='ocrx_word' id='word_1_272' title='bbox 1303 2680 1344 2720; x_wconf 78' lang='lat' dir='ltr'><strong><em>u</em></strong></span> <span class='ocrx_word' id='word_1_273' title='bbox 1391 2663 1546 2722; x_wconf 80' lang='lat' dir='ltr'><strong>mlet.</strong></span> <span class='ocrx_word' id='word_1_274' title='bbox 1595 2665 1832 2722; x_wconf 83' lang='lat' dir='ltr'><strong>arkivu.</strong></span> 
     </span>
    </p>
   </div>
   <div class='ocr_carea' id='block_1_3' title="bbox 971 2849 2752 2953">
    <p class='ocr_par' dir='ltr' id='par_1_3' title="bbox 971 2849 2752 2953">
     <span class='ocr_line' id='line_1_27' title="bbox 971 2849 2752 2953; baseline 0 -22"><span class='ocrx_word' id='word_1_275' title='bbox 971 2849 1119 2932; x_wconf 81' lang='lat' dir='ltr'><strong>CC.</strong></span> <span class='ocrx_word' id='word_1_276' title='bbox 1176 2849 1382 2933; x_wconf 72' lang='lat' dir='ltr'><strong>God.</strong></span> <span class='ocrx_word' id='word_1_277' title='bbox 1437 2850 1649 2932; x_wconf 68' lang='lat'><strong>1373.</strong></span> <span class='ocrx_word' id='word_1_278' title='bbox 1702 2852 1797 2936; x_wconf 80' lang='lat'><strong>15</strong></span> <span class='ocrx_word' id='word_1_279' title='bbox 1853 2852 2195 2953; x_wconf 53' lang='lat' dir='ltr'><strong>cinna,</strong></span> <span class='ocrx_word' id='word_1_280' title='bbox 2248 2876 2307 2935; x_wconf 91' lang='lat' dir='ltr'><strong>u</strong></span> <span class='ocrx_word' id='word_1_281' title='bbox 2361 2851 2752 2935; x_wconf 82' lang='lat' dir='ltr'><strong>Mletcih.</strong></span> 
     </span>
    </p>
   </div>
   <div class='ocr_carea' id='block_1_4' title="bbox 487 2990 3227 3335">
    <p class='ocr_par' dir='ltr' id='par_1_4' title="bbox 487 2990 3227 3335">
     <span class='ocr_line' id='line_1_28' title="bbox 707 2990 3226 3074; baseline 0.001 -19"><span class='ocrx_word' id='word_1_282' title='bbox 707 2990 1143 3055; x_wconf 89' lang='lat' dir='ltr'><strong>Committitur</strong></span> <span class='ocrx_word' id='word_1_283' title='bbox 1191 2991 1512 3073; x_wconf 87' lang='lat' dir='ltr'><strong>capitaneo</strong></span> <span class='ocrx_word' id='word_1_284' title='bbox 1561 2991 1704 3055; x_wconf 90' lang='lat' dir='ltr'><strong>culfi</strong></span> <span class='ocrx_word' id='word_1_285' title='bbox 1756 2992 1955 3073; x_wconf 90' lang='lat' dir='ltr'><strong>„quod</strong></span> <span class='ocrx_word' id='word_1_286' title='bbox 2005 2996 2292 3074; x_wconf 87' lang='lat' dir='ltr'><strong>procuret</strong></span> <span class='ocrx_word' id='word_1_287' title='bbox 2331 2990 2556 3056; x_wconf 89' lang='lat' dir='ltr'><strong>habere</strong></span> <span class='ocrx_word' id='word_1_288' title='bbox 2603 3010 2640 3054; x_wconf 87' lang='lat' dir='ltr'><strong>a</strong></span> <span class='ocrx_word' id='word_1_289' title='bbox 2685 2992 2843 3057; x_wconf 61' lang='lat' dir='ltr'><strong>‚Iura</strong></span> <span class='ocrx_word' id='word_1_290' title='bbox 2873 2992 2949 3057; x_wconf 90' lang='lat' dir='ltr'><strong>de</strong></span> <span class='ocrx_word' id='word_1_291' title='bbox 2984 2992 3226 3071; x_wconf 89' lang='lat' dir='ltr'><strong>Balsce,</strong></span> 
     </span>
     <span class='ocr_line' id='line_1_29' title="bbox 487 3077 3227 3159; baseline 0.001 -18"><span class='ocrx_word' id='word_1_292' title='bbox 487 3078 592 3159; x_wconf 91' lang='lat' dir='ltr'><strong>qui</strong></span> <span class='ocrx_word' id='word_1_293' title='bbox 663 3095 787 3141; x_wconf 84' lang='lat' dir='ltr'><strong>uon</strong></span> <span class='ocrx_word' id='word_1_294' title='bbox 844 3079 1018 3142; x_wconf 88' lang='lat' dir='ltr'><strong>curat</strong></span> <span class='ocrx_word' id='word_1_295' title='bbox 1082 3077 1278 3142; x_wconf 86' lang='lat' dir='ltr'><strong>facere</strong></span> <span class='ocrx_word' id='word_1_296' title='bbox 1342 3078 1706 3143; x_wconf 88' lang='lat' dir='ltr'><strong>solutionem</strong></span> <span class='ocrx_word' id='word_1_297' title='bbox 1771 3079 2120 3143; x_wconf 90' lang='lat' dir='ltr'><strong>debitorum</strong></span> <span class='ocrx_word' id='word_1_298' title='bbox 2193 3083 2257 3142; x_wconf 93' lang='lat' dir='ltr'><strong>et</strong></span> <span class='ocrx_word' id='word_1_299' title='bbox 2320 3079 2642 3143; x_wconf 87' lang='lat' dir='ltr'><strong>emendam</strong></span> <span class='ocrx_word' id='word_1_300' title='bbox 2714 3080 3079 3144; x_wconf 82' lang='lat' dir='ltr'><strong>damnorum</strong></span> <span class='ocrx_word' id='word_1_301' title='bbox 3149 3081 3227 3145; x_wconf 85' lang='lat' dir='ltr'><strong>ad</strong></span> 
     </span>
     <span class='ocr_line' id='line_1_30' title="bbox 492 3165 3226 3249; baseline 0.001 -21"><span class='ocrx_word' id='word_1_302' title='bbox 492 3183 812 3229; x_wconf 90' lang='lat' dir='ltr'><strong>summam</strong></span> <span class='ocrx_word' id='word_1_303' title='bbox 858 3166 1214 3229; x_wconf 89' lang='lat' dir='ltr'><strong>ducatorum</strong></span> <span class='ocrx_word' id='word_1_304' title='bbox 1260 3165 1421 3229; x_wconf 89' lang='lat' dir='ltr'><strong>circa</strong></span> <span class='ocrx_word' id='word_1_305' title='bbox 1470 3184 1687 3231; x_wconf 90' lang='lat' dir='ltr'><strong>novem</strong></span> <span class='ocrx_word' id='word_1_306' title='bbox 1737 3166 1959 3243; x_wconf 88' lang='lat' dir='ltr'><strong>millia,</strong></span> <span class='ocrx_word' id='word_1_307' title='bbox 2008 3167 2379 3232; x_wconf 90' lang='lat' dir='ltr'><strong>solutionem</strong></span> <span class='ocrx_word' id='word_1_308' title='bbox 2432 3169 2496 3231; x_wconf 88' lang='lat' dir='ltr'><strong>et</strong></span> <span class='ocrx_word' id='word_1_309' title='bbox 2543 3167 3026 3232; x_wconf 87' lang='lat' dir='ltr'><strong>satisfactionem</strong></span> <span class='ocrx_word' id='word_1_310' title='bbox 3095 3167 3226 3249; x_wconf 89' lang='lat' dir='ltr'><strong>ple-</strong></span> 
     </span>
     <span class='ocr_line' id='line_1_31' title="bbox 491 3250 3225 3335; baseline 0.001 -21"><span class='ocrx_word' id='word_1_311' title='bbox 491 3251 772 3324; x_wconf 86' lang='lat' dir='ltr'><strong>nariam;</strong></span> <span class='ocrx_word' id='word_1_312' title='bbox 823 3251 1096 3332; x_wconf 88' lang='lat' dir='ltr'><strong>alioquin</strong></span> <span class='ocrx_word' id='word_1_313' title='bbox 1139 3250 1298 3332; x_wconf 90' lang='lat' dir='ltr'><strong>quod</strong></span> <span class='ocrx_word' id='word_1_314' title='bbox 1346 3252 1727 3316; x_wconf 87' lang='lat' dir='ltr'><strong>intromittat</strong></span> <span class='ocrx_word' id='word_1_315' title='bbox 1775 3254 1936 3318; x_wconf 84' lang='lat' dir='ltr'><strong>bona</strong></span> <span class='ocrx_word' id='word_1_316' title='bbox 1982 3255 2189 3318; x_wconf 89' lang='lat' dir='ltr'><strong>omnia</strong></span> <span class='ocrx_word' id='word_1_317' title='bbox 2253 3257 2316 3328; x_wconf 88' lang='lat' dir='ltr'><strong>et</strong></span> <span class='ocrx_word' id='word_1_318' title='bbox 2378 3252 2599 3318; x_wconf 85' lang='lat' dir='ltr'><strong>havere</strong></span> <span class='ocrx_word' id='word_1_319' title='bbox 2662 3253 2859 3335; x_wconf 87' lang='lat' dir='ltr'><strong>ipsius</strong></span> <span class='ocrx_word' id='word_1_320' title='bbox 2898 3255 3070 3330; x_wconf 84' lang='lat' dir='ltr'><strong>Jure,</strong></span> <span class='ocrx_word' id='word_1_321' title='bbox 3134 3254 3225 3319; x_wconf 92' lang='lat' dir='ltr'><strong>ci-</strong></span> 
     </span>
    </p>
   </div>
   <div class='ocr_carea' id='block_1_5' title="bbox 483 3339 3226 3490">
    <p class='ocr_par' dir='ltr' id='par_1_5' title="bbox 483 3339 3226 3490">
     <span class='ocr_line' id='line_1_32' title="bbox 491 3339 3226 3425; baseline 0.001 -24"><span class='ocrx_word' id='word_1_322' title='bbox 491 3339 658 3401; x_wconf 88' lang='lat' dir='ltr'><strong>vium</strong></span> <span class='ocrx_word' id='word_1_323' title='bbox 713 3341 777 3400; x_wconf 91' lang='lat' dir='ltr'><strong>et</strong></span> <span class='ocrx_word' id='word_1_324' title='bbox 822 3339 1210 3402; x_wconf 83' lang='lat' dir='ltr'><strong>subditorum</strong></span> <span class='ocrx_word' id='word_1_325' title='bbox 1260 3358 1507 3403; x_wconf 90' lang='lat' dir='ltr'><strong>suorum</strong></span> <span class='ocrx_word' id='word_1_326' title='bbox 1558 3340 1928 3422; x_wconf 90' lang='lat' dir='ltr'><strong>ubicumque</strong></span> <span class='ocrx_word' id='word_1_327' title='bbox 1994 3342 2285 3423; x_wconf 90' lang='lat' dir='ltr'><strong>poterunt</strong></span> <span class='ocrx_word' id='word_1_328' title='bbox 2344 3341 2605 3405; x_wconf 84' lang='lat' dir='ltr'><strong>inveniri</strong></span> <span class='ocrx_word' id='word_1_329' title='bbox 2664 3360 2857 3423; x_wconf 90' lang='lat' dir='ltr'><strong>usque</strong></span> <span class='ocrx_word' id='word_1_330' title='bbox 2919 3343 3226 3425; x_wconf 87' lang='lat' dir='ltr'><strong>integram</strong></span> 
     </span>
     <span class='ocr_line' id='line_1_33' title="bbox 483 3423 1367 3490; baseline -0.002 0"><span class='ocrx_word' id='word_1_331' title='bbox 483 3423 865 3490; x_wconf 90' lang='lat' dir='ltr'><strong>solutionem</strong></span> <span class='ocrx_word' id='word_1_332' title='bbox 914 3428 978 3488; x_wconf 91' lang='lat' dir='ltr'><strong>et</strong></span> <span class='ocrx_word' id='word_1_333' title='bbox 1023 3427 1367 3490; x_wconf 88' lang='lat' dir='ltr'><strong>emendam.</strong></span> 
     </span>
    </p>
   </div>
   <div class='ocr_carea' id='block_1_6' title="bbox 571 3513 1816 3592">
    <p class='ocr_par' dir='ltr' id='par_1_6' title="bbox 571 3513 1816 3592">
     <span class='ocr_line' id='line_1_34' title="bbox 571 3513 1816 3592; baseline 0.002 -20"><span class='ocrx_word' id='word_1_334' title='bbox 571 3514 758 3573; x_wconf 71' lang='lat' dir='ltr'><strong>Misti</strong></span> <span class='ocrx_word' id='word_1_335' title='bbox 805 3513 1101 3574; x_wconf 86' lang='lat' dir='ltr'><strong><em>XXXIV</em></strong></span> <span class='ocrx_word' id='word_1_336' title='bbox 1145 3518 1245 3592; x_wconf 81' lang='lat'><strong>43,</strong></span> <span class='ocrx_word' id='word_1_337' title='bbox 1293 3534 1334 3574; x_wconf 81' lang='lat' dir='ltr'><strong>u</strong></span> <span class='ocrx_word' id='word_1_338' title='bbox 1379 3517 1535 3576; x_wconf 75' lang='lat' dir='ltr'><strong>mlet.</strong></span> <span class='ocrx_word' id='word_1_339' title='bbox 1584 3517 1816 3576; x_wconf 71' lang='lat' dir='ltr'><strong>arkivu.</strong></span> 
     </span>
    </p>
   </div>
   <div class='ocr_carea' id='block_1_7' title="bbox 950 3645 2855 3807">
    <p class='ocr_par' dir='ltr' id='par_1_7' title="bbox 950 3645 2855 3807">
     <span class='ocr_line' id='line_1_35' title="bbox 950 3645 2855 3807; baseline 0.003 -25"><span class='ocrx_word' id='word_1_340' title='bbox 950 3698 1138 3783; x_wconf 75' lang='lat' dir='ltr'><strong>ccl.</strong></span> <span class='ocrx_word' id='word_1_341' title='bbox 1191 3700 1396 3783; x_wconf 73' lang='lat' dir='ltr'><strong>con.</strong></span> <span class='ocrx_word' id='word_1_342' title='bbox 1452 3703 1666 3787; x_wconf 73' lang='lat'><strong>1373.</strong></span> <span class='ocrx_word' id='word_1_343' title='bbox 1720 3703 1769 3785; x_wconf 76' lang='lat'>2</span> <span class='ocrx_word' id='word_1_344' title='bbox 1822 3706 2195 3807; x_wconf 68' lang='lat' dir='ltr'><strong>trama,</strong></span> <span class='ocrx_word' id='word_1_345' title='bbox 2250 3729 2309 3788; x_wconf 86' lang='lat' dir='ltr'><strong>u</strong></span> <span class='ocrx_word' id='word_1_346' title='bbox 2363 3706 2753 3791; x_wconf 69' lang='lat' dir='ltr'><strong>motem.</strong></span> <span class='ocrx_word' id='word_1_347' title='bbox 2848 3645 2855 3648; x_wconf 50' lang='grc'>’</span> 
     </span>
    </p>
   </div>
   <div class='ocr_carea' id='block_1_8' title="bbox 502 3845 3229 4014">
    <p class='ocr_par' dir='ltr' id='par_1_8' title="bbox 502 3845 3229 4014">
     <span class='ocr_line' id='line_1_36' title="bbox 502 3845 3229 3927; baseline 0.004 -23"><span class='ocrx_word' id='word_1_348' title='bbox 502 3845 881 3919; x_wconf 75' lang='lat' dir='ltr'><strong>Zabram&#39;eno</strong></span> <span class='ocrx_word' id='word_1_349' title='bbox 925 3846 1253 3905; x_wconf 66' lang='lat' dir='ltr'><strong>mletadkim</strong></span> <span class='ocrx_word' id='word_1_350' title='bbox 1290 3847 1702 3920; x_wconf 65' lang='lat' dir='ltr'><strong>podloinikom</strong></span> <span class='ocrx_word' id='word_1_351' title='bbox 1747 3851 1926 3910; x_wconf 74' lang='lat' dir='ltr'><strong>voziti</strong></span> <span class='ocrx_word' id='word_1_352' title='bbox 1965 3853 2241 3925; x_wconf 75' lang='lat' dir='ltr'><strong>tryovinu</strong></span> <span class='ocrx_word' id='word_1_353' title='bbox 2270 3870 2314 3911; x_wconf 77' lang='lat' dir='ltr'><em>u</em></span> <span class='ocrx_word' id='word_1_354' title='bbox 2346 3852 2694 3911; x_wconf 80' lang='lat' dir='ltr'><strong>Dubrovnik</strong></span> <span class='ocrx_word' id='word_1_355' title='bbox 2726 3854 2749 3909; x_wconf 75' lang='lat' dir='ltr'><strong>i</strong></span> <span class='ocrx_word' id='word_1_356' title='bbox 2780 3871 2822 3911; x_wconf 81' lang='lat' dir='ltr'><strong>u</strong></span> <span class='ocrx_word' id='word_1_357' title='bbox 2852 3871 2971 3913; x_wconf 74' lang='lat' dir='ltr'><strong>ona</strong></span> <span class='ocrx_word' id='word_1_358' title='bbox 3002 3856 3229 3927; x_wconf 63' lang='lat' dir='ltr'><strong>mesta,</strong></span> 
     </span>
     <span class='ocr_line' id='line_1_37' title="bbox 1159 3934 2554 4014; baseline 0.004 -22"><span class='ocrx_word' id='word_1_359' title='bbox 1159 3934 1358 3993; x_wconf 77' lang='lat' dir='ltr'><strong>odkucz</strong></span> <span class='ocrx_word' id='word_1_360' title='bbox 1402 3936 1461 3993; x_wconf 80' lang='lat' dir='ltr'><strong>bi</strong></span> <span class='ocrx_word' id='word_1_361' title='bbox 1504 3953 1565 3995; x_wconf 84' lang='lat' dir='ltr'><strong>se</strong></span> <span class='ocrx_word' id='word_1_362' title='bbox 1609 3953 1652 3994; x_wconf 81' lang='lat' dir='ltr'><strong>u</strong></span> <span class='ocrx_word' id='word_1_363' title='bbox 1698 3937 2052 3998; x_wconf 83' lang='lat' dir='ltr'><strong>Dubrovm&#39;k</strong></span> <span class='ocrx_word' id='word_1_364' title='bbox 2096 3940 2303 3998; x_wconf 64' lang='lat' dir='ltr'><strong>investi</strong></span> <span class='ocrx_word' id='word_1_365' title='bbox 2345 3940 2554 4014; x_wconf 72' lang='lat' dir='ltr'><strong>moyla.</strong></span> 
     </span>
    </p>
   </div>
   <div class='ocr_carea' id='block_1_9' title="bbox 499 4048 3232 4403">
    <p class='ocr_par' dir='ltr' id='par_1_9' title="bbox 499 4048 3232 4403">
     <span class='ocr_line' id='line_1_38' title="bbox 705 4048 3227 4142; baseline 0.005 -29"><span class='ocrx_word' id='word_1_366' title='bbox 705 4051 871 4117; x_wconf 84' lang='lat'><strong>1373</strong></span> <span class='ocrx_word' id='word_1_367' title='bbox 934 4052 1032 4118; x_wconf 91' lang='lat' dir='ltr'><strong>die</strong></span> <span class='ocrx_word' id='word_1_368' title='bbox 1080 4054 1345 4119; x_wconf 88' lang='lat' dir='ltr'><strong>secundo</strong></span> <span class='ocrx_word' id='word_1_369' title='bbox 1407 4056 1639 4138; x_wconf 85' lang='lat' dir='ltr'><strong>aprilis.</strong></span> <span class='ocrx_word' id='word_1_370' title='bbox 1711 4048 2031 4138; x_wconf 83' lang='lat' dir='ltr'><strong>Sapientes</strong></span> <span class='ocrx_word' id='word_1_371' title='bbox 2096 4058 2400 4122; x_wconf 91' lang='lat' dir='ltr'><strong>ordinum.</strong></span> <span class='ocrx_word' id='word_1_372' title='bbox 2465 4057 2695 4142; x_wconf 83' lang='lat' dir='ltr'><strong>Capta:</strong></span> <span class='ocrx_word' id='word_1_373' title='bbox 2769 4078 2911 4125; x_wconf 92' lang='lat' dir='ltr'><strong>cum</strong></span> <span class='ocrx_word' id='word_1_374' title='bbox 2983 4079 3089 4142; x_wconf 91' lang='lat' dir='ltr'><strong>per</strong></span> <span class='ocrx_word' id='word_1_375' title='bbox 3136 4078 3227 4140; x_wconf 89' lang='lat' dir='ltr'><strong>ea,</strong></span> 
     </span>
     <span class='ocr_line' id='line_1_39' title="bbox 499 4140 3227 4227; baseline 0.003 -23"><span class='ocrx_word' id='word_1_376' title='bbox 499 4159 614 4221; x_wconf 89' lang='lat' dir='ltr'><strong>que</strong></span> <span class='ocrx_word' id='word_1_377' title='bbox 661 4140 985 4219; x_wconf 87' lang='lat' dir='ltr'><strong>habentur,</strong></span> <span class='ocrx_word' id='word_1_378' title='bbox 1033 4160 1140 4224; x_wconf 90' lang='lat' dir='ltr'><strong>per</strong></span> <span class='ocrx_word' id='word_1_379' title='bbox 1184 4141 1426 4223; x_wconf 85' lang='lat' dir='ltr'><strong>aliquos</strong></span> <span class='ocrx_word' id='word_1_380' title='bbox 1473 4142 1638 4207; x_wconf 89' lang='lat' dir='ltr'><strong>cives</strong></span> <span class='ocrx_word' id='word_1_381' title='bbox 1687 4147 1927 4208; x_wconf 90' lang='lat' dir='ltr'><strong>nostros</strong></span> <span class='ocrx_word' id='word_1_382' title='bbox 1974 4165 2084 4227; x_wconf 90' lang='lat' dir='ltr'><strong>per</strong></span> <span class='ocrx_word' id='word_1_383' title='bbox 2131 4144 2502 4210; x_wconf 88' lang='lat' dir='ltr'><strong>indirectum</strong></span> <span class='ocrx_word' id='word_1_384' title='bbox 2550 4148 2874 4212; x_wconf 86' lang='lat' dir='ltr'><strong>contrafiat</strong></span> <span class='ocrx_word' id='word_1_385' title='bbox 2938 4147 3227 4213; x_wconf 87' lang='lat' dir='ltr'><strong>intentio-</strong></span> 
     </span>
     <span class='ocr_line' id='line_1_40' title="bbox 502 4226 3226 4319; baseline 0.004 -30"><span class='ocrx_word' id='word_1_386' title='bbox 502 4226 684 4290; x_wconf 87' lang='lat' dir='ltr'><strong>nibus</strong></span> <span class='ocrx_word' id='word_1_387' title='bbox 730 4229 893 4292; x_wconf 87' lang='lat' dir='ltr'><strong>terre</strong></span> <span class='ocrx_word' id='word_1_388' title='bbox 940 4230 1004 4292; x_wconf 92' lang='lat' dir='ltr'><strong>et</strong></span> <span class='ocrx_word' id='word_1_389' title='bbox 1050 4228 1368 4292; x_wconf 91' lang='lat' dir='ltr'><strong>ordinibus</strong></span> <span class='ocrx_word' id='word_1_390' title='bbox 1410 4231 1611 4313; x_wconf 86' lang='lat' dir='ltr'><strong>captis</strong></span> <span class='ocrx_word' id='word_1_391' title='bbox 1660 4249 1841 4312; x_wconf 85' lang='lat' dir='ltr'><strong>super</strong></span> <span class='ocrx_word' id='word_1_392' title='bbox 1888 4231 2048 4297; x_wconf 87' lang='lat' dir='ltr'><strong>facto</strong></span> <span class='ocrx_word' id='word_1_393' title='bbox 2079 4233 2529 4314; x_wconf 87' lang='lat' dir='ltr'><strong>Raguseorum,</strong></span> <span class='ocrx_word' id='word_1_394' title='bbox 2576 4235 2639 4299; x_wconf 89' lang='lat' dir='ltr'><strong>et</strong></span> <span class='ocrx_word' id='word_1_395' title='bbox 2669 4234 2896 4301; x_wconf 91' lang='lat' dir='ltr'><strong>bonum</strong></span> <span class='ocrx_word' id='word_1_396' title='bbox 2928 4236 3013 4300; x_wconf 91' lang='lat' dir='ltr'><strong>sit</strong></span> <span class='ocrx_word' id='word_1_397' title='bbox 3044 4254 3226 4319; x_wconf 87' lang='lat' dir='ltr'><strong>super</strong></span> 
     </span>
     <span class='ocr_line' id='line_1_41' title="bbox 501 4311 3232 4403; baseline 0.005 -30"><span class='ocrx_word' id='word_1_398' title='bbox 501 4311 796 4391; x_wconf 87' lang='lat' dir='ltr'><strong>predictis</strong></span> <span class='ocrx_word' id='word_1_399' title='bbox 843 4315 1200 4397; x_wconf 70' lang='lat' dir='ltr'><strong>providere:</strong></span> <span class='ocrx_word' id='word_1_400' title='bbox 1252 4316 1424 4380; x_wconf 90' lang='lat' dir='ltr'><strong>vadit</strong></span> <span class='ocrx_word' id='word_1_401' title='bbox 1469 4336 1630 4400; x_wconf 89' lang='lat' dir='ltr'><strong>pars,</strong></span> <span class='ocrx_word' id='word_1_402' title='bbox 1681 4319 1840 4400; x_wconf 89' lang='lat' dir='ltr'><strong>quod</strong></span> <span class='ocrx_word' id='word_1_403' title='bbox 1891 4321 1964 4383; x_wconf 92' lang='lat' dir='ltr'><strong>de</strong></span> <span class='ocrx_word' id='word_1_404' title='bbox 2031 4320 2231 4383; x_wconf 89' lang='lat' dir='ltr'><strong>cetero</strong></span> <span class='ocrx_word' id='word_1_405' title='bbox 2301 4320 2528 4403; x_wconf 87' lang='lat' dir='ltr'><strong>aliquis</strong></span> <span class='ocrx_word' id='word_1_406' title='bbox 2577 4324 2786 4387; x_wconf 86' lang='lat' dir='ltr'><strong>noster</strong></span> <span class='ocrx_word' id='word_1_407' title='bbox 2846 4321 3019 4399; x_wconf 79' lang='lat' dir='ltr'><strong>civiS,</strong></span> <span class='ocrx_word' id='word_1_408' title='bbox 3086 4323 3232 4389; x_wconf 87' lang='lat' dir='ltr'><strong>sub-</strong></span> 
     </span>
    </p>
   </div>
   <div class='ocr_carea' id='block_1_10' title="bbox 377 4396 3234 4490">
    <p class='ocr_par' dir='ltr' id='par_1_10' title="bbox 377 4396 3234 4490">
     <span class='ocr_line' id='line_1_42' title="bbox 377 4396 3234 4490; baseline 0.006 -33"><span class='ocrx_word' id='word_1_409' title='bbox 377 4440 387 4449; x_wconf 89' lang='lat'><strong>.</strong></span> <span class='ocrx_word' id='word_1_410' title='bbox 506 4396 672 4461; x_wconf 88' lang='lat' dir='ltr'><strong>ditus</strong></span> <span class='ocrx_word' id='word_1_411' title='bbox 720 4400 817 4463; x_wconf 91' lang='lat' dir='ltr'><strong>vel</strong></span> <span class='ocrx_word' id='word_1_412' title='bbox 865 4402 1086 4475; x_wconf 89' lang='lat' dir='ltr'><strong>fidelis,</strong></span> <span class='ocrx_word' id='word_1_413' title='bbox 1128 4421 1248 4466; x_wconf 89' lang='lat' dir='ltr'><strong>non</strong></span> <span class='ocrx_word' id='word_1_414' title='bbox 1291 4405 1534 4483; x_wconf 87' lang='lat' dir='ltr'><strong>audeat,</strong></span> <span class='ocrx_word' id='word_1_415' title='bbox 1592 4407 1789 4488; x_wconf 86' lang='lat' dir='ltr'><strong>possit</strong></span> <span class='ocrx_word' id='word_1_416' title='bbox 1832 4406 1929 4470; x_wconf 91' lang='lat' dir='ltr'><strong>vel</strong></span> <span class='ocrx_word' id='word_1_417' title='bbox 1979 4411 2294 4489; x_wconf 89' lang='lat' dir='ltr'><strong>presumat</strong></span> <span class='ocrx_word' id='word_1_418' title='bbox 2340 4427 2448 4490; x_wconf 90' lang='lat' dir='ltr'><strong>per</strong></span> <span class='ocrx_word' id='word_1_419' title='bbox 2495 4428 2561 4473; x_wconf 91' lang='lat' dir='ltr'><strong>se</strong></span> <span class='ocrx_word' id='word_1_420' title='bbox 2629 4410 2727 4473; x_wconf 87' lang='lat' dir='ltr'><strong>vel</strong></span> <span class='ocrx_word' id='word_1_421' title='bbox 2788 4409 2940 4474; x_wconf 88' lang='lat' dir='ltr'><strong>alios</strong></span> <span class='ocrx_word' id='word_1_422' title='bbox 3002 4409 3234 4475; x_wconf 90' lang='lat' dir='ltr'><strong>directe</strong></span> 
     </span>
    </p>
   </div>
   <div class='ocr_carea' id='block_1_11' title="bbox 503 4483 3239 4755">
    <p class='ocr_par' dir='ltr' id='par_1_11' title="bbox 503 4483 3239 4755">
     <span class='ocr_line' id='line_1_43' title="bbox 503 4483 3235 4580; baseline 0.006 -36"><span class='ocrx_word' id='word_1_423' title='bbox 503 4483 604 4546; x_wconf 91' lang='lat' dir='ltr'><strong>vel</strong></span> <span class='ocrx_word' id='word_1_424' title='bbox 649 4483 949 4552; x_wconf 88' lang='lat' dir='ltr'><strong>indirecte</strong></span> <span class='ocrx_word' id='word_1_425' title='bbox 997 4489 1178 4554; x_wconf 91' lang='lat' dir='ltr'><strong>modo</strong></span> <span class='ocrx_word' id='word_1_426' title='bbox 1227 4491 1433 4573; x_wconf 87' lang='lat' dir='ltr'><strong>aliquo</strong></span> <span class='ocrx_word' id='word_1_427' title='bbox 1483 4493 1578 4557; x_wconf 93' lang='lat' dir='ltr'><strong>vel</strong></span> <span class='ocrx_word' id='word_1_428' title='bbox 1626 4493 1871 4574; x_wconf 88' lang='lat' dir='ltr'><strong>ingenio</strong></span> <span class='ocrx_word' id='word_1_429' title='bbox 1919 4495 2256 4558; x_wconf 90' lang='lat' dir='ltr'><strong>conducere</strong></span> <span class='ocrx_word' id='word_1_430' title='bbox 2302 4515 2408 4559; x_wconf 92' lang='lat' dir='ltr'><strong>seu</strong></span> <span class='ocrx_word' id='word_1_431' title='bbox 2457 4497 2711 4561; x_wconf 88' lang='lat' dir='ltr'><strong>conduci</strong></span> <span class='ocrx_word' id='word_1_432' title='bbox 2757 4496 2954 4562; x_wconf 86' lang='lat' dir='ltr'><strong>facere</strong></span> <span class='ocrx_word' id='word_1_433' title='bbox 2982 4497 3235 4580; x_wconf 86' lang='lat' dir='ltr'><strong>aliquod</strong></span> 
     </span>
     <span class='ocr_line' id='line_1_44' title="bbox 508 4569 3239 4667; baseline 0.007 -36"><span class='ocrx_word' id='word_1_434' title='bbox 508 4569 748 4649; x_wconf 89' lang='lat' dir='ltr'><strong>havere,</strong></span> <span class='ocrx_word' id='word_1_435' title='bbox 801 4591 920 4651; x_wconf 80' lang='lat' dir='ltr'><strong>res,</strong></span> <span class='ocrx_word' id='word_1_436' title='bbox 956 4594 1190 4656; x_wconf 88' lang='lat' dir='ltr'><strong>pannos</strong></span> <span class='ocrx_word' id='word_1_437' title='bbox 1234 4578 1332 4641; x_wconf 81' lang='lat' dir='ltr'><strong>vel</strong></span> <span class='ocrx_word' id='word_1_438' title='bbox 1379 4582 1786 4646; x_wconf 83' lang='lat' dir='ltr'><strong>mercationes</strong></span> <span class='ocrx_word' id='word_1_439' title='bbox 1834 4583 1907 4645; x_wconf 89' lang='lat' dir='ltr'><strong>de</strong></span> <span class='ocrx_word' id='word_1_440' title='bbox 1932 4581 2214 4646; x_wconf 87' lang='lat' dir='ltr'><strong>Veneciis</strong></span> <span class='ocrx_word' id='word_1_441' title='bbox 2263 4582 2359 4647; x_wconf 89' lang='lat' dir='ltr'><strong>vel</strong></span> <span class='ocrx_word' id='word_1_442' title='bbox 2408 4584 2481 4648; x_wconf 94' lang='lat' dir='ltr'><strong>de</strong></span> <span class='ocrx_word' id='word_1_443' title='bbox 2528 4584 2737 4666; x_wconf 90' lang='lat' dir='ltr'><strong>aliqua</strong></span> <span class='ocrx_word' id='word_1_444' title='bbox 2769 4585 2892 4649; x_wconf 83' lang='lat' dir='ltr'><strong>alia</strong></span> <span class='ocrx_word' id='word_1_445' title='bbox 2936 4587 3113 4667; x_wconf 86' lang='lat' dir='ltr'><strong>parte</strong></span> <span class='ocrx_word' id='word_1_446' title='bbox 3158 4584 3239 4650; x_wconf 86' lang='lat' dir='ltr'><strong>ad</strong></span> 
     </span>
     <span class='ocr_line' id='line_1_45' title="bbox 505 4657 3239 4755; baseline 0.007 -37"><span class='ocrx_word' id='word_1_447' title='bbox 505 4657 726 4737; x_wconf 68' lang='lat' dir='ltr'><strong>partes.</strong></span> <span class='ocrx_word' id='word_1_448' title='bbox 763 4657 1053 4742; x_wconf 83' lang='lat' dir='ltr'><strong>Raguxii,</strong></span> <span class='ocrx_word' id='word_1_449' title='bbox 1101 4682 1213 4728; x_wconf 87' lang='lat' dir='ltr'><strong>nec</strong></span> <span class='ocrx_word' id='word_1_450' title='bbox 1259 4666 1333 4729; x_wconf 92' lang='lat' dir='ltr'><strong>ad</strong></span> <span class='ocrx_word' id='word_1_451' title='bbox 1381 4667 1620 4748; x_wconf 88' lang='lat' dir='ltr'><strong>aliquas</strong></span> <span class='ocrx_word' id='word_1_452' title='bbox 1667 4666 1823 4733; x_wconf 88' lang='lat' dir='ltr'><strong>alias</strong></span> <span class='ocrx_word' id='word_1_453' title='bbox 1869 4670 2074 4751; x_wconf 88' lang='lat' dir='ltr'><strong>partes</strong></span> <span class='ocrx_word' id='word_1_454' title='bbox 2121 4667 2287 4734; x_wconf 87' lang='lat' dir='ltr'><strong>intra</strong></span> <span class='ocrx_word' id='word_1_455' title='bbox 2326 4670 2579 4751; x_wconf 90' lang='lat' dir='ltr'><strong>culfum,</strong></span> <span class='ocrx_word' id='word_1_456' title='bbox 2630 4673 2790 4739; x_wconf 90' lang='lat' dir='ltr'><strong>unde</strong></span> <span class='ocrx_word' id='word_1_457' title='bbox 2838 4673 3074 4755; x_wconf 89' lang='lat' dir='ltr'><strong>possint</strong></span> <span class='ocrx_word' id='word_1_458' title='bbox 3097 4690 3239 4738; x_wconf 85' lang='lat' dir='ltr'><strong>con-</strong></span> 
     </span>
    </p>
   </div>
  </div>
 </body>
</html>
