3620 5282
2991 320 3124 384 305

546 494 1192 580 CCCGXLVIII.
1272 494 1478 577 God.
1536 494 1762 578 1356.
1823 494 1924 575 10
1977 493 2328 596 siecnja,
2385 516 2443 575 u
2500 492 2962 575 Skradinu.

387 622 601 690 JuraS,
646 621 1039 695 zapovjednik
1078 621 1275 695 qrada
1319 620 1629 680 Skradina
1671 638 1714 679 u
1756 621 1872 679 ime
1926 638 2073 679 cara
2133 621 2418 694 srbskoya
2436 664 2449 689 ‚
2513 619 2777 693 izrueuje
2823 620 2928 678 isti
2964 619 3123 695 yrad

1424 705 1738 786 mlctabkoj
1779 708 2082 780 republici.

596 847 1090 911 lustramentum
1138 846 1487 912 traditionis
1533 846 1725 911 castri
1779 845 2186 929 suprascripti
2235 844 2562 909 Scardoue.
2632 843 2707 908 In
2746 842 2965 908 christi
3012 862 3120 909 no-

388 936 551 1001 mine
598 953 797 1012 amen,
846 953 1005 999 anno
1053 935 1402 1000 nativitatis
1450 934 1726 1000 eiusdem
1778 933 2113 999 millesimo
2148 932 2578 998 trecentesimo
2610 931 3120 1016 quinquagesimo

395 1026 586 1102 sexte,
634 1021 965 1087 indictione
1012 1041 1189 1101 nona,
1243 1023 1342 1088 die
1377 1023 1615 1088 decimo
1639 1021 1921 1100 ianuarii,
1969 1023 2028 1085 in
2078 1024 2281 1086 castro
2305 1020 2613 1086 Scardoue
2660 1021 2819 1102 apud
2868 1022 3116 1102 portam

389 1111 585 1195 ipsius
632 1110 840 1188 castri,
890 1111 1281 1193 presentibus
1324 1111 1634 1175 nobilibus
1683 1110 1834 1174 viris
1890 1109 2158 1173 dominis
2207 1109 2551 1191 presbitero
2617 1109 2806 1171 Petro
2855 1107 3118 1172 Venerio

389 1199 643 1264 ecclesie
686 1196 885 1262 sancti
931 1198 1265 1281 Raphaelis
1314 1200 1389 1264 de
1458 1198 1770 1274 VenetiiS,
1837 1196 2098 1261 Nicolao
2154 1197 2507 1261 Justiniano
2569 1198 2848 1260 contrate
2907 1195 3111 1259 sancti

389 1285 807 1362 PantaleoniS,
856 1304 954 1349 ser
999 1287 1253 1351 Matheo
1300 1287 1532 1351 Faxuol
1578 1287 1653 1351 de
1701 1285 1944 1367 Clugia‚
1993 1304 2091 1348 ser
2136 1284 2455 1349 Jacobello
2515 1283 2737 1347 Barozi
2787 1284 2860 1345 de
2908 1282 3116 1347 Vene-

390 1374 518 1451 tiis,
569 1372 870 1456 magistro
917 1373 1225 1439 Hendrico
1272 1375 1347 1440 de
1392 1375 1457 1438 la
1504 1375 1677 1439 Mota
1739 1391 1997 1455 curayco
2045 1373 2349 1454 quondam
2415 1370 2650 1436 domini
2697 1369 3008 1435 Gabrielis
3054 1372 3118 1435 et

392 1461 533 1526 aliis
580 1460 864 1543 pluribus
912 1463 1202 1527 testibus,
1253 1461 1405 1527 Cum
1454 1462 1736 1525 dominus
1788 1460 1975 1525 Juras
2022 1459 2284 1536 Yscete,
2351 1459 2514 1524 filius
2577 1458 2888 1540 quondam
2933 1456 3116 1522 Helie

396 1550 473 1614 de
521 1548 736 1626 Raxia,
786 1547 1161 1615 castellanus
1222 1551 1285 1613 in
1332 1553 1535 1615 castro
1594 1548 1905 1614 Scardoue
1966 1566 2071 1630 pro
2134 1548 2526 1612 serenissimo
2574 1547 2821 1610 domino
2863 1544 3112 1609 domino

398 1634 713 1719 Stephano
758 1634 1134 1718 imperatore
1180 1638 1391 1716 Raxie,
1433 1637 1724 1701 habuerit
1767 1636 1832 1698 in
1881 1634 2190 1699 mandatis
2233 1653 2269 1698 a
2317 1634 2484 1699 dicto
2545 1633 2793 1696 domino
2849 1634 3117 1715 impera-

394 1726 526 1789 tore
573 1723 705 1788 eius
752 1724 1030 1803 domino,
1093 1741 1235 1788 cum
1281 1725 1401 1789 sibi
1467 1724 1889 1790 committeret
1947 1722 2289 1787 custodiam
2336 1722 2488 1786 dicti
2543 1721 2734 1785 castri
2782 1719 3110 1799 Scardona,

399 1811 582 1894 quod,
632 1810 688 1875 si
733 1829 912 1875 casus
959 1814 1325 1890 occurreret,
1377 1814 1535 1895 quod
1599 1814 1725 1894 ipse
1788 1811 2074 1874 dominus
2133 1810 2388 1874 Jurases
2451 1828 2570 1872 non
2630 1811 2838 1891 posset
2885 1811 3113 1877 tenere.

398 1919 614 1983 regere
661 1899 725 1962 et
770 1899 1006 1964 salvare
1048 1918 1120 1964 ac
1166 1900 1504 1966 deffendere
1552 1901 1788 1964 dictum
1836 1902 2115 1963 castrum
2161 1896 2465 1962 Scardoue
2525 1896 2767 1961 nomine
2812 1894 2961 1958 dicti
3009 1895 3118 1958 do-

388 1988 542 2051 mini
589 1987 999 2068 imperatoriS,
1036 1988 1193 2070 quod
1245 1991 1374 2070 ipse
1419 1989 1671 2052 deberet
1721 1986 1956 2050 dictum
2001 1987 2273 2050 castrum
2320 2003 2543 2067 ponere
2596 1988 2659 2047 et
2691 1982 2837 2047 dare
2886 1982 2948 2045 in
2980 2001 3117 2045 ma-

390 2075 571 2140 nibus
618 2073 1054 2139 dominationis
1102 2077 1165 2140 et
1211 2077 1554 2141 communis
1601 2074 2038 2150 Venetiarum,
2103 2075 2176 2137 de
2224 2092 2341 2155 qua
2401 2071 2827 2136 dominatione
2876 2069 3113 2152 plenis-

393 2163 618 2227 simam
682 2162 870 2226 fidem
927 2162 1198 2228 habebat
1257 2165 1420 2228 idem
1482 2163 1768 2228 dominus
1815 2162 2170 2245 imperator,
2236 2160 2586 2235 tenendum,
2642 2156 3114 2233 custodiendum

392 2252 456 2315 et
500 2249 867 2315 salvandum
913 2269 1024 2333 per
1083 2250 1284 2333 ipsam
1349 2251 1836 2316 dominationem
1898 2251 2141 2314 nomine
2201 2248 2352 2312 dicti
2416 2247 2647 2312 domini
2694 2245 3114 2328 imperatoris

391 2340 475 2403 Et
515 2356 695 2403 casus
746 2338 1205 2419 presentialiter
1251 2340 1446 2404 instet
1481 2340 1662 2418 talia,
1724 2338 1886 2422 quod
1935 2338 2170 2401 dictum
2232 2337 2504 2401 castrum
2558 2335 2690 2417 ipse
2738 2332 3115 2398 castellanus

392 2427 682 2491 dominus
729 2423 988 2490 Jurases
1035 2427 1262 2505 tenere,
1312 2427 1656 2492 deffendere
1706 2429 1771 2490 et
1817 2425 2056 2490 salvare
2103 2443 2222 2489 non
2264 2425 2470 2506 potest
2516 2423 2758 2487 nomine
2806 2421 2954 2485 dicti
3002 2419 3116 2484 do-

390 2513 547 2579 mini
589 2512 987 2595 imperatoris
1030 2517 1280 2597 propter
1326 2516 1665 2598 potentiam
1712 2513 1947 2577 domini
2016 2513 2179 2595 regis
2225 2511 2545 2595 Huugarie
2592 2512 2657 2575 et
2701 2508 2909 2593 gentis
2957 2509 3111 2586 eiua,

389 2621 506 2686 que
555 2601 758 2666 estin
801 2603 1006 2666 castro
1065 2601 1284 2682 Clisse,
1350 2605 1661 2686 querentis
1724 2603 1788 2667 et
1848 2601 2113 2666 volentis
2176 2618 2474 2683 occupare
2538 2598 2774 2662 dictum
2836 2598 3114 2661 castrum

396 2691 705 2757 Scardoue
751 2690 996 2754 nomine
1044 2691 1192 2755 dicti
1239 2693 1405 2775 regis
1451 2689 1788 2775 Huugarie.
1839 2689 1923 2754 Et
1964 2690 2098 2753 ideo
2133 2689 2418 2754 domiuus
2448 2688 2703 2753 Jurases
2736 2684 3113 2749 castellanus

394 2778 707 2862 predictus
756 2777 1143 2843 considerans
1191 2782 1256 2843 et
1299 2780 1513 2845 videns
1560 2797 1632 2844 ac
1678 2795 2050 2861 cognoscens
2099 2776 2284 2852 clare,
2334 2776 2489 2858 quod
2538 2792 2655 2838 non
2701 2774 2915 2855 posset
2941 2791 3017 2836 ,se
3051 2775 3115 2836 et

393 2866 630 2930 dictum
677 2868 954 2930 castrum
1018 2866 1096 2929 ab
1157 2867 1291 2948 ipsa
1350 2869 1534 2951 geute
1592 2867 1739 2931 dicti
1801 2864 2033 2929 domini
2097 2865 2260 2947 regis
2324 2861 2595 2945 Ungarie
2660 2860 3003 2925 deffendere
3051 2860 3116 2923 et

394 2955 631 3019 salvare
679 2953 926 3016 nomine
963 2952 1111 3018 dicti
1158 2955 1391 3019 domini
1436 2953 1849 3038 imperatoris,
1899 2955 1963 3017 et
2007 2952 2242 3016 vollens
2282 2969 2461 3015 omne
2494 2949 2837 3032 periculum
2881 2947 3112 3012 evitare

396 3042 459 3106 et
496 3040 858 3106 mandatum
906 3041 1054 3106 dicti
1104 3042 1335 3107 domini
1383 3043 1775 3126 imperatoris
1818 3040 2084 3104 fideliter
2108 3041 2458 3115 observares
2495 3035 2729 3119 recepit
2773 3036 2837 3099 in
2874 3036 3110 3100 dictum

392 3132 665 3195 castrum
716 3127 989 3206 nobilem
1022 3131 1086 3194 et
1115 3131 1456 3212 sapientem
1503 3131 1704 3195 virum
1749 3129 2068 3193 dominum
2119 3126 2503 3191 Bernardum
2541 3124 2919 3206 JustinianO,
2969 3142 3113 3206 pro-

391 3222 737 3282 curatorem
795 3218 993 3281 sancti
1040 3218 1238 3281 Marci
1299 3218 1374 3283 de
1440 3219 1718 3283 Venetiis
1782 3219 1845 3282 et
1905 3216 2256 3299 generalem
2318 3215 2709 3297 capitaneum
2759 3213 2949 3276 maris
2996 3230 3108 3294 pro

389 3304 804 3371 dominatione
850 3303 1073 3383 ducali,
1124 3308 1187 3370 et
1229 3306 1501 3371 nobilem
1557 3309 1620 3371 et
1666 3306 2010 3387 sapientem
2076 3306 2279 3368 virum
2326 3302 2643 3367 dominum
2689 3300 3097 3365 Laurentium
3175 3381 3184 3392 ,

390 3392 560 3458 Celsi
608 3392 772 3456 dicte
819 3391 1260 3459 dominationis
1306 3395 1369 3458 in
1415 3394 1695 3476 partibus
1742 3392 2064 3457 Sclavenie
2110 3391 2458 3475 generalem
2517 3389 2946 3471 capitaneum,
2997 3406 3109 3452 nec
3183 3447 3202 3458 e

391 3499 509 3544 non
549 3480 793 3544 nobiles
843 3482 909 3544 et
951 3483 1259 3564 sapientes
1322 3482 1482 3546 viros
1547 3482 1826 3546 dominos
1873 3480 2205 3543 Fantinum
2269 3479 2636 3543 Mauroceno
2688 3479 2755 3541 et
2797 3476 3109 3541 Joannem

394 3566 685 3632 Dandulo
730 3567 883 3632 dicti
922 3569 1150 3633 domini
1196 3570 1498 3651 capitanei
1545 3570 1735 3634 maris
1782 3569 2163 3633 consiliarios
2196 3586 2304 3650 pro
2337 3568 2501 3630 dicta
2546 3565 2985 3640 dominatione,
3038 3581 3112 3627 ac

395 3657 583 3722 etiam
623 3654 891 3720 nobilem
941 3656 1005 3720 et
1049 3657 1392 3740 sapientem
1441 3659 1641 3722 virum
1688 3657 2002 3720 dominum
2052 3655 2336 3719 Marcum
2397 3653 2751 3718 Justiniauo
2811 3651 3109 3716 comitem

395 3745 663 3812 Sibeuici
711 3744 776 3808 et
824 3744 1061 3809 nobiles
1110 3748 1174 3811 et
1219 3747 1525 3831 sapientes
1571 3747 1735 3811 viros
1781 3745 2060 3810 dominos
2109 3741 2499 3807 Dominicum
2548 3740 2816 3804 Michael
2863 3740 2926 3803 et
2974 3738 3112 3801 Ma·
3171 3797 3186 3810 ,

393 3836 621 3921 pheum
670 3829 1016 3898 Contareno
1078 3836 1418 3916 provisores
1479 3835 1542 3898 in
1588 3834 1873 3916 partibus
1936 3830 2255 3895 Sclavenie
2317 3849 2425 3912 pro
2491 3829 2654 3892 dicta
2700 3826 3112 3891 dominatione
3171 3817 3196 3844 ’²

392 3921 613 3996 ducali,
662 3920 726 3983 et
770 3918 972 4001 ipsum
1020 3925 1292 3987 castrum
1341 3922 1571 3988 eisdem
1615 3921 1881 3986 dominis
1907 3918 2264 4002 capitaneiS,
2312 3916 2585 3992 consilio,
2634 3914 2845 3980 comiti
2877 3914 2940 3977 et
2970 3931 3113 3995 pro-

400 4009 710 4078 visoribus
756 4008 1070 4088 predictis,
1118 4010 1558 4094 recipientibus
1596 4011 1727 4074 vice
1773 4012 1838 4073 et
1884 4008 2129 4073 nomine
2177 4003 2613 4069 dominationis
2660 4005 2725 4066 et
2770 4001 3110 4065 communis

392 4097 820 4172 Venetiamm,
868 4096 1127 4162 tradidit
1174 4102 1238 4163 et
1281 4098 1662 4182 consignavit
1726 4096 2081 4172 tenendum,
2122 4092 2592 4159 custodiendum
2635 4090 2700 4154 et
2745 4088 3112 4154 salvandum

392 4207 500 4273 pro
547 4183 717 4249 dicta
764 4182 1178 4252 dominatione
1224 4189 1471 4251 nomine
1518 4185 1666 4250 dicti
1713 4184 1944 4250 domini
1994 4181 2386 4266 imperatoris
2433 4199 2503 4244 ac
2550 4179 2666 4260 ipsi
2693 4176 2940 4242 domino
2987 4178 3109 4239 im-

396 4270 673 4361 peratori
721 4286 830 4333 seu
872 4273 1002 4337 eius
1047 4275 1178 4340 filio
1224 4295 1334 4358 per
1379 4275 1607 4339 dictam
1657 4272 2138 4337 dominationem
2187 4267 2634 4333 restituendum
2691 4263 3112 4347 quandocum-

394 4385 509 4450 que
552 4358 675 4444 ipsi
722 4356 969 4423 domino
1017 4363 1376 4447 imperatori
1431 4382 1539 4428 seu
1601 4363 1729 4426 eius
1786 4360 1913 4424 filio
1975 4359 2278 4441 placuerit
2328 4360 2389 4418 et
2453 4354 2749 4430 voluerit,
2817 4353 2906 4416 ita
2951 4350 3110 4433 quod

392 4456 556 4521 idem
603 4444 890 4512 dominus
934 4449 1271 4534 imperator
1317 4471 1424 4515 seu
1467 4451 1599 4515 eius
1644 4450 1813 4513 filius
1861 4450 1934 4512 de
1979 4448 2114 4530 ipso
2167 4446 2368 4509 castro
2415 4442 2613 4525 possit
2656 4439 2856 4504 facere
2915 4437 3113 4503 omni-

389 4541 641 4608 modam
691 4532 1078 4603 voluntatem
1123 4558 1320 4604 suam.
1368 4538 1489 4619 Qui
1534 4537 1765 4601 domini
1808 4534 2132 4618 capitanei,
2182 4530 2534 4606 consiliarii,
2579 4528 2835 4590 comites
2882 4528 2945 4589 et
2972 4543 3112 4607 pro-

390 4632 622 4698 visores
669 4618 900 4705 prefati
948 4628 1183 4694 dictum
1230 4630 1506 4693 castrum
1568 4628 1932 4707 receperunt
1992 4621 2233 4686 nomine
2296 4613 2749 4698 suprascripte,
2801 4631 2873 4676 ac
2919 4613 3110 4676 etiam

388 4709 805 4805 promiserunt
824 4715 1052 4783 ,eidem
1100 4717 1346 4782 domino
1391 4714 1653 4781 Juraxes
1718 4709 2054 4776 castellano
2116 4707 2425 4792 predicte,
2490 4700 2814 4783 recipienti
2874 4700 3001 4763 vice
3049 4698 3112 4761 et

472 4840 671 4892 spon.
703 4840 803 4892 111.
2774 4803 2863 4870 20
