3620 5282
425 377 513 442 54

632 555 725 619 Ed
772 553 851 618 ad
896 572 1110 618 omnes
1157 551 1537 617 conditiones
1588 551 1894 633 predictas
1963 555 2027 615 et
2086 551 2406 616 contentas
2468 548 2531 613 in
2593 550 2880 615 omnibus
2941 568 3164 633 supra-

426 641 680 724 scriptis
726 640 1119 724 presentibus
1167 641 1248 705 sit
1297 641 1614 722 stagnum.

512 749 692 809 Misti
741 748 939 808 XXX
983 749 1128 822 148,
1174 767 1215 806 u
1259 748 1413 807 mlet.
1450 748 1685 806 arkivu.

805 936 1101 1019 XCIV.
1155 935 1362 1018 God.
1417 934 1638 1019 1363.
1691 935 1786 1017 27
1841 937 2215 1037 travnja‚
2266 958 2324 1017 u
2380 934 2769 1016 Mletcih.

637 1077 871 1143 Missus
918 1074 1211 1141 Nicolaus
1273 1076 1629 1141 Justiniano
1694 1095 1835 1140 cum
1899 1075 2100 1140 tribus
2154 1076 2351 1158 galeis
2421 1075 2536 1151 „ad
2582 1074 2907 1139 levandum
2965 1072 3161 1138 filiam

426 1166 687 1230 condam
733 1164 963 1228 domini
1011 1164 1210 1228 duche
1258 1163 1578 1241 Durachii‚
1626 1181 1810 1246 quam
1858 1164 2139 1229 dominus
2186 1162 2375 1228 Canis
2422 1162 2747 1245 Signorius
2779 1163 2854 1226 de
2885 1161 2947 1225 la
2980 1159 3164 1226 Scala

427 1253 493 1317 in
538 1271 785 1317 uxorem
831 1252 1124 1335 accepit.“

523 1356 800 1421 levornik
837 1378 921 1419 na
955 1362 1303 1434 peryamem‘
1349 1378 1389 1419 u
1434 1361 1589 1420 mlet.
1639 1360 1875 1419 arkivu.

855 1548 1108 1631 XCV.
1164 1547 1370 1630 God.
1428 1548 1655 1631 1363.
1711 1549 1764 1629 6
1820 1547 2187 1648 svibnja⁹
2237 1567 2298 1626 u
2350 1545 2744 1628 Mletcih.

435 1692 814 1764 Zabranjeno
858 1693 1037 1753 voziti
1082 1693 1369 1766 kuph'ena
1407 1692 1570 1750 vesla
1614 1709 1656 1750 u
1701 1689 1893 1764 Senju
1937 1692 1963 1747 i
2005 1708 2047 1749 u
2092 1690 2309 1764 dmyih
2375 1690 2608 1749 mie-etih
2667 1691 2854 1748 kneza
2899 1688 3169 1748 Barbula

835 1780 852 1791 ⁸
1397 1779 1683 1853 druyamo
1725 1796 1849 1838 van
1885 1795 1929 1838 u
1973 1777 2216 1837 Mlelke.

651 1898 839 1963 1363.
887 1898 986 1963 die
1031 1898 1073 1960 6
1120 1897 1287 1962 maii.
1335 1898 1659 1972 DominuS,
1722 1898 2058 1963 consiliarii
2122 1900 2188 1961 et
2243 1897 2464 1980 capita.
2529 1896 2760 1979 Capta:
2825 1898 2983 1980 quod
3047 1897 3177 1961 cri-2

437 1986 619 2049 datur
678 1985 780 2050 hic
840 1984 1107 2068 publice,
1168 1986 1326 2067 quod
1387 1986 1614 2068 aliquis
1664 1986 1934 2051 Venetus
1998 1984 2195 2049 fidelis
2252 1987 2361 2049 aut
2404 1985 2717 2049 habitator
2761 1984 3163 2049 veneciarum

437 2090 547 2136 seu
591 2073 897 2137 terrarum
942 2074 1290 2136 nostrarum
1342 2091 1459 2138 non
1508 2074 1738 2137 audeat
1782 2074 1844 2136 in
1895 2073 2173 2155 partibus
2220 2072 2421 2155 Segne
2468 2076 2533 2136 et
2579 2072 2718 2136 aliis
2780 2070 3168 2136 districtibus

437 2159 684 2222 comitis
730 2159 1008 2224 Bartholi
1056 2178 1258 2229 emere
1303 2162 1413 2225 aut
1458 2163 1578 2226 emi
1629 2161 1846 2238 facere,
1896 2160 2155 2224 vendere
2201 2162 2309 2225 aut
2356 2159 2532 2224 vendi
2591 2159 2793 2223 facere
2854 2159 3171 2224 extrahere

440 2245 536 2309 vel
583 2247 818 2311 extrahi
870 2246 1071 2311 facere
1120 2249 1296 2312 modo
1344 2249 1548 2330 aliquo
1596 2250 1690 2313 vel
1740 2249 1984 2331 ingenio
2029 2247 2277 2329 aliquod
2326 2247 2652 2329 remigium
2717 2265 2754 2311 a
2800 2245 2999 2329 galeis
3063 2266 3172 2327 pro

440 2333 735 2414 portando
774 2335 898 2399 alio
938 2354 1121 2416 quam
1170 2335 1446 2400 Venetiis
1486 2335 1600 2400 sub
1647 2355 1806 2418 pena
1851 2336 2186 2399 solidorum
2236 2335 2353 2398 XX
2398 2352 2507 2416 pro
2553 2333 2831 2416 quolibet
2901 2352 3067 2399 remo
3109 2336 3172 2396 et

439 2420 721 2502 qualibet
766 2422 917 2499 vice,
965 2440 1147 2504 quam
1197 2440 1416 2504 penam
1467 2423 1720 2507 exigant
1757 2442 1861 2487 seu
1911 2422 2072 2504 exigi
2121 2421 2352 2485 faciant
2396 2421 2637 2504 patroni
2697 2424 3041 2497 arsenatuS‚
3098 2422 3171 2483 de

440 2524 560 2589 qua
606 2507 874 2572 habeant
918 2510 1202 2584 tercium,
1252 2510 1508 2573 tercium
1558 2513 1880 2575 accusator
1925 2510 1977 2573 si
2026 2509 2230 2583 suerit,
2280 2527 2387 2590 per
2432 2528 2612 2592 quem
2661 2509 2888 2572 veritas
2943 2507 3171 2572 habea·

441 2595 564 2673 tur,
610 2596 676 2659 et
718 2594 1023 2679 reliquum
1072 2595 1157 2660 sit
1201 2598 1563 2661 communie.
1617 2599 1696 2662 Et
1746 2617 1863 2662 non
1912 2597 2108 2679 possit
2159 2596 2290 2661 fieri
2338 2596 2919 2662 contrafacientibus
2968 2595 3173 2678 gratia

443 2682 566 2747 nisi
610 2702 719 2767 per
766 2683 853 2748 VI
898 2683 1291 2762 consiliarios,
1340 2682 1432 2748 111
1476 2686 1681 2768 capita
1725 2688 1790 2750 et
1838 2686 2072 2751 XXXV
2119 2685 2195 2749 de
2244 2686 2371 2764 XL,
2415 2689 2480 2750 et
2509 2688 2636 2749 tres
2669 2686 2879 2767 partes
2920 2683 3172 2747 maioris

444 2770 703 2835 consilii.
754 2771 834 2836 Et
879 2771 932 2835 si
974 2770 1303 2836 consilium
1347 2773 1462 2836 etc.

534 2877 713 2936 Misti
762 2877 995 2938 XXXI
1038 2881 1097 2948 3,
1144 2897 1185 2937 u
1231 2879 1385 2941 ndei.
1435 2879 1668 2939 arkivu.

869 3081 1158 3164 xcvl.
1212 3081 1419 3164 God.
1476 3081 1702 3165 1363.
1758 3084 1848 3163 17
1901 3083 2271 3185 svibnja,
2324 3105 2382 3165 ιι
2435 3080 2741 3164 Dracu.

449 3224 724 3283 Draconi
770 3226 1088 3298 izviesbtou
1134 3226 1423 3285 ndetacku
1469 3227 1668 3294 vladu,
1713 3227 1792 3285 da
1839 3245 1913 3286 su
1959 3229 2196 3286 ukinuli
2240 3229 2408 3300 svoju
2453 3226 2717 3285 naredbu
2774 3245 2807 3284 ο
2843 3226 3178 3298 povecmv‘u

447 3312 591 3370 dade
636 3328 804 3370 samo
846 3329 920 3373 za
966 3317 1193 3386 trqovce
1232 3313 1528 3390 mletaclce,
1577 3316 1692 3372 niti
1735 3316 1816 3374 da
1856 3333 1929 3374 su
1978 3317 2160 3384 voljni
2203 3333 2243 3372 u
2299 3319 2414 3372 tom
2465 3309 2867 3371 Dubrovcane
2920 3312 3179 3370 sravniti

1113 3417 1186 3458 sa
1229 3401 1463 3466 svoiimi
1503 3402 1809 3475 qradjani,
1851 3404 2004 3461 kako
2052 3403 2154 3460 oni
2185 3402 2285 3474 jah
2331 3401 2493 3460 mole.

663 3520 1025 3602 Exemplum
1066 3520 1413 3586 litterarum
1466 3523 1794 3587 missarum
1845 3522 2115 3588 dominio
2162 3541 2269 3604 pro
2318 3520 2504 3586 datiis
2551 3520 2830 3585 remissis
2876 3538 2984 3601 per
3044 3517 3182 3582 uni-

453 3607 818 3673 versitatem
862 3607 1176 3672 Durachii.
1223 3608 1445 3673 Inclite
1492 3609 1752 3673 domine.
1800 3611 2113 3675 Premissa
2158 3608 2535 3674 salutatione
2592 3609 2657 3671 et
2720 3606 3180 3671 recommenda-

451 3695 617 3760 tione
663 3693 903 3771 devota,
948 3713 1196 3776 presens
1240 3694 1477 3760 noviter
1524 3695 1584 3758 in
1634 3696 1888 3760 civitate
1937 3699 2145 3760 nostra
2195 3696 2443 3761 Duracii
2495 3694 2586 3759 vir
2649 3695 3014 3777 magnificus
3079 3694 3183 3756 do-

455 3784 658 3848 minus
708 3780 1071 3848 Dominicus
1133 3782 1403 3846 Michael
1451 3783 1808 3863 capitaneus
1875 3784 2195 3867 galearum
2258 3783 2429 3866 gulfi,
2491 3782 2568 3846 de
2633 3782 2921 3847 mandato
2982 3782 3184 3844 vestro

454 3870 777 3953 requisivit
832 3888 941 3935 nos
1004 3870 1260 3946 attente,
1318 3870 1390 3934 ut
1446 3868 1748 3933 cabellam
1816 3870 2167 3952 impositam
2229 3890 2338 3953 per
2386 3871 2661 3934 nostram
2712 3867 3182 3932 universitatem

455 3976 638 4040 super
698 3958 1106 4024 mercationes
1167 3959 1582 4021 mercatorum
1652 3960 2000 4022 vestrorum
2048 3959 2112 4022 et
2159 3958 2419 4022 alioram
2482 3973 3008 4040 quorumcumque
3069 3955 3188 4018 huc

453 4046 836 4111 venientium
883 4046 961 4110 ad
1008 4044 1391 4110 vendendum
1441 4046 1506 4107 et
1550 4045 1878 4108 emendum
1925 4064 2368 4122 revocaremus,
2416 4045 2482 4108 et
2530 4043 2869 4126 pecuniam,
2924 4059 3034 4124 per
3080 4059 3190 4104 nos

453 4131 684 4197 eisdem
731 4134 957 4199 vestris
1008 4131 1452 4197 mercatoribus
1502 4132 1780 4196 exactam
1829 4133 2102 4213 tempore
2170 4133 2473 4197 retroacto
2519 4149 2629 4213 pro
2675 4147 2887 4194 eorum
2956 4146 3189 4192 merca-

456 4217 748 4299 tionibuS‚
797 4221 1265 4286 restitueremus
1311 4218 1722 4302 integraliter.
1794 4218 1922 4283 Nos
1970 4221 2181 4285 autem
2227 4219 2377 4284 licet
2422 4219 2944 4284 ordinavissemus
2989 4215 3227 4306 cabels

456 4302 582 4367 lam
645 4305 846 4388 ipsam
911 4308 972 4372 in
1035 4306 1380 4371 subsidium
1452 4308 1817 4372 damnorum
1874 4309 1938 4372 et
1986 4325 2388 4389 expensarum
2435 4309 2786 4371 nostrarum
2836 4303 3194 4368 incumben-

458 4387 615 4452 tium
665 4394 838 4457 nobis
886 4413 956 4456 ex
1002 4393 1495 4475 oppressionibus
1540 4394 1688 4459 latis
1731 4394 1909 4459 nobis
1957 4414 2061 4477 per
2095 4395 2378 4459 nonullos
2422 4395 2716 4477 tyrannos
2765 4396 3008 4455 nostros
3050 4408 3193 4454 con-

460 4475 692 4540 vicinos
739 4482 804 4543 et
849 4478 1100 4556 emuloS,
1166 4483 1348 4562 prout
1407 4480 1733 4563 aliquando
1795 4502 1899 4547 vos
1959 4481 2366 4547 consuevistis
2429 4483 2491 4545 in
2554 4480 2898 4545 subsidium
2972 4496 3196 4559 expen-

461 4579 667 4625 sarum
742 4567 1086 4630 vestrarum
1148 4565 1465 4650 duplicare
1527 4569 1793 4633 cabellas
1856 4572 2111 4644 vestras⁹
2174 4570 2381 4633 tamen
2441 4567 2701 4633 obtentu
2772 4563 3196 4648 requisitionis

463 4646 740 4713 eiusdem
790 4650 975 4715 vestri
1022 4654 1328 4735 capitanei
1376 4666 1440 4720 et
1484 4654 1730 4738 intuytu
1776 4655 2213 4722 dominationis
2264 4657 2465 4720 vestre
2532 4673 2601 4718 ac
2661 4653 2980 4734 antiquato
3041 4649 3201 4715 ami-

377 4785 384 4788 .
463 4733 616 4798 citie
660 4735 869 4802 habite
915 4735 1080 4802 inter
1125 4743 1359 4806 vestros
1405 4742 1685 4807 dominos
1732 4744 1797 4807 et
1842 4762 1951 4807 nos
2009 4762 2118 4807 nec
2177 4760 2296 4807 non
2349 4739 2860 4807 communitatem
2916 4739 3198 4803 nostram
