3620 5282
575 444 717 511 466·

576 621 904 688 volvendas
950 624 1012 686 et
1059 620 1448 699 devcivenda,
1494 639 1639 685 cum
1685 619 2309 699 metria-fortificari,
2348 618 2724 699 homiuibuS,
2777 619 3087 695 vassallis,
3129 620 3304 704 juri·

576 712 694 777 bus
739 713 804 777 et
846 710 1233 795 pertinentiis
1278 727 1492 775 eorum
1540 709 1846 787 omnibus,
1889 709 2051 774 feudi
2100 729 2217 774 non
2265 713 2512 774 mutata
2559 710 2778 774 natura
2823 713 2890 774 et
2919 710 3151 774 honore
3203 708 3304 772 fe-

577 800 777 866 udalis
822 797 1079 875 servitii,
1128 798 1291 882 quod
1332 815 1441 881 pro
1487 796 1622 862 illis
1711 800 1920 862 nostre
1989 798 2154 862 curie
2220 795 2570 874 deberetur,
2643 798 3053 881 omnibusque
3123 797 3296 876 aliia,

576 890 738 974 quod
783 906 854 953 ex
901 890 1118 952 natura
1163 886 1332 952 feudi
1376 885 1473 950 vel
1518 887 1670 951 alias
1718 887 2172 969 superioritatis
2204 887 2456 969 majoris
2488 888 2684 952 nostri
2739 886 2997 952 dominii
3047 888 3295 951 ratione

575 977 750 1042 nobis
815 979 878 1041 et
922 975 1041 1058 ipsi
1086 978 1295 1042 nostre
1337 974 1505 1040 curie
1553 974 1812 1039 debetur
1859 995 1931 1039 ex
1975 975 2081 1052 eis,
2131 974 2437 1059 siquidem
2484 974 2752 1040 feudalia
2800 975 3065 1047 fuerint:
3115 976 3184 1039 et
3230 976 3290 1039 si

576 1065 833 1130 alterius
881 1063 1252 1129 conditionis
1300 1062 1545 1141 fuerint,
1594 1063 1657 1127 in
1706 1066 1992 1128 naturam
2040 1062 2339 1129 bonorum
2409 1066 2685 1147 ipsorum
2760 1082 2833 1128 ac
2896 1064 3286 1146 provisiones

576 1171 760 1235 super
804 1154 1264 1237 quibuscunque
1325 1151 1589 1235 gabellis
1636 1153 1702 1216 et
1778 1152 2019 1231 juribus
2094 1152 2400 1217 dictorum
2475 1169 2807 1236 regnorum
2872 1152 3038 1217 iusta
3085 1151 3285 1216 ritum

577 1243 642 1305 et
687 1239 1140 1307 observantiam
1193 1241 1523 1307 eorundem
1570 1258 1903 1324 regnorum
1949 1240 2172 1305 donare
2202 1242 2267 1305 et
2307 1242 2651 1319 concedere,
2689 1240 2783 1305 vel
2816 1239 3093 1323 predicta
3128 1242 3291 1305 bona

574 1328 789 1394 taliter
834 1328 1127 1395 devoluta
1172 1330 1236 1393 et
1279 1327 1655 1395 devolvenda
1702 1330 1880 1393 vendi
1925 1331 1991 1393 et
2037 1327 2293 1395 alienari
2330 1329 2428 1394 vel
2472 1328 2736 1413 obligari
2767 1329 2969 1393 facere
3002 1327 3288 1411 personis

575 1416 821 1501 quidem
869 1417 1160 1483 fidelibus
1207 1435 1347 1483 cum
1387 1416 1633 1500 juribus
1681 1418 1745 1483 et
1785 1417 2184 1501 partiueutiis
2229 1417 2359 1482 suis
2403 1418 2688 1483 omuibus
2752 1436 2863 1501 pro
2910 1434 2982 1481 ea
3027 1416 3281 1499 quanti-

576 1507 710 1571 tate
756 1507 1033 1590 pecunie,
1081 1525 1198 1589 que
1245 1506 1362 1572 sibi
1412 1506 1739 1583 videbitur,
1783 1505 2065 1588 expedire
2109 1507 2171 1570 iu
2222 1507 2423 1571 causis
2455 1505 2804 1589 hujusmodi
2836 1509 2903 1570 et
2929 1504 3092 1582 aliis,
3125 1505 3292 1569 sicut

579 1593 836 1676 dignum
885 1596 948 1660 et
992 1595 1070 1658 ad
1116 1594 1503 1659 commodum
1550 1594 1936 1676 conspexeris
1983 1596 2385 1660 convertenda
2451 1613 2560 1678 pro
2638 1594 2945 1678 dictisque
3005 1594 3283 1676 personis

581 1681 656 1748 de
702 1682 1054 1766 hujusmodi
1101 1683 1485 1748 consessione
1534 1683 1828 1747 bonorum
1874 1683 2290 1764 predictorum
2337 1684 2403 1748 et
2447 1683 2748 1748 solutione
2791 1684 3096 1747 dictarum
3138 1698 3279 1764 pro·

576 1771 883 1837 visionum
907 1789 978 1836 ac
1003 1771 1442 1844 venditionum,
1473 1770 1917 1835 alienationum
1942 1775 2005 1835 et
2029 1771 2477 1854 obligationum
2506 1772 2813 1836 dictorum
2846 1772 3282 1846 comitatuum,

577 1859 994 1938 baroniarum,
1043 1861 1371 1938 terrarum,
1425 1858 1742 1924 feudorum
1814 1862 1880 1923 et
1944 1858 2246 1924 bonorum
2307 1876 2536 1937 eorum,
2586 1878 2707 1925 non
2755 1862 3003 1924 mutata
3044 1862 3286 1935 natura,

579 1948 713 2013 fieri
759 1946 958 2013 facere
1005 1949 1069 2011 et
1112 1950 1438 2014 concedere
1484 1947 1728 2013 litteras
1775 1951 1839 2012 et
1883 1948 2162 2013 cautelas
2207 1947 2349 2013 aliis
2381 1964 2531 2013 *cum
2567 1947 2866 2013 clausulis
2897 1957 2962 2013 et
2992 1946 3282 2012 solemni-

579 2036 816 2102 tatibus
860 2037 1238 2119 opportunis.
1284 2035 1702 2102 Concedeutes
1745 2035 1864 2101 sibi
1897 2037 1958 2099 in
2006 2036 2322 2118 premissis
2352 2037 2636 2102 omnibus
2667 2039 2733 2101 et
2763 2052 2978 2102 eorum
3014 2035 3278 2119 siugulis

581 2125 1023 2207 depedentibus
1069 2128 1130 2189 et
1177 2127 1419 2190 conexis
1469 2143 1539 2189 ex
1587 2125 1676 2189 eis
1721 2125 1946 2190 harum
1994 2126 2150 2190 serie
2199 2126 2274 2189 de
2321 2127 2456 2207 ipsa
2502 2128 2669 2191 certa
2736 2127 2946 2191 nostra
3013 2125 3271 2189 scientia

574 2212 881 2296 plenarias
927 2212 1089 2278 vices
1135 2217 1397 2278 nostras.
1448 2214 1895 2278 Promitteutes
1943 2212 2342 2278 nihilominus
2385 2212 2634 2297 iusuper
2679 2213 3063 2296 presentium
3115 2213 3271 2276 serie

580 2303 653 2367 de
696 2300 863 2367 dicta
907 2303 1076 2366 certa
1123 2304 1330 2368 nostra
1374 2301 1627 2367 scientia
1675 2320 1746 2365 ex
1782 2319 1944 2367 nunc
1990 2302 2158 2366 omni
2204 2300 2412 2366 futuro
2456 2304 2733 2385 tempore
2779 2301 3026 2381 habere,
3063 2302 3273 2366 tenere

577 2392 641 2454 et
680 2391 967 2472 reputare
1008 2392 1236 2468 ratum,
1285 2392 1556 2473 gratum,
1604 2388 1853 2453 firmum
1895 2388 2189 2473 quicquid
2234 2409 2343 2472 per
2383 2393 2446 2454 te
2492 2390 2557 2454 iu
2605 2389 2931 2473 premissis
2962 2394 3026 2453 et
3059 2387 3275 2471 premi-

576 2495 781 2544 serum
838 2477 1301 2561 quomodolibet
1342 2478 1747 2561 omnibusque
1792 2477 1936 2543 aliis
1982 2478 2121 2542 inde
2169 2478 2648 2562 dependentibus
2680 2485 2743 2543 et
2774 2478 3025 2543 annexis
3075 2481 3283 2542 actum

579 2565 1062 2650 quandocunque
1108 2565 1345 2631 factum
1391 2566 1579 2631 fuerit
1624 2568 1755 2630 sive
1802 2569 2068 2651 gestum,
2120 2565 2392 2650 illudque
2438 2566 2986 2651 quomodocunque
3038 2584 3154 2631 non
3187 2564 3282 2630 iu·

578 2654 847 2739 fringere
893 2654 991 2719 vel
1038 2673 1342 2740 revocare,
1388 2674 1499 2720 nec
1546 2653 1977 2732 contrafacere,
2026 2653 2249 2734 dicere,
2322 2658 2501 2721 mand
2518 2674 2622 2722 are
2683 2655 2781 2721 vel
2844 2655 3071 2733 venire,
3115 2656 3278 2738 judi-

583 2761 757 2822 care,
807 2744 1055 2808 mittere
1095 2744 1195 2809 vel
1240 2743 1585 2809 deffendere
1631 2743 1871 2826 publice
1911 2742 2006 2810 vel
2052 2744 2309 2822 occulte,
2353 2746 2459 2810 sed
2504 2743 2981 2828 unumquodque
3051 2743 3281 2826 predic-

578 2833 676 2897 tor
691 2850 795 2895 um
835 2831 1162 2897 observare
1207 2836 1269 2896 et
1313 2832 1624 2897 observari
1670 2832 2112 2897 inviolabiliter
2157 2832 2356 2898 facere
2403 2882 2418 2897 .
2469 2881 2483 2897 .
2533 2882 2546 2895 .
2601 2845 2628 2895 .’
2667 2836 2732 2898 et
2776 2832 2999 2897 effectu
3047 2851 3133 2908 ea,
3167 2850 3279 2914 que

581 2920 673 2984 ad
704 2919 1005 2984 cautelam
1052 2937 1286 2997 eorum,
1336 2938 1596 3004 quorum
1640 2919 1913 2986 interest
1961 2968 2234 2985 .....
2283 2921 2610 2986 concedere
2687 2921 2786 2987 vel
2847 2918 3154 2985 ratificare
3219 2921 3280 2983 et

579 3009 969 3075 corroborare
1016 3027 1121 3091 per
1166 3009 1409 3074 nostras
1455 3008 1752 3092 speciales
1796 3010 2041 3075 litteras
2087 3027 2227 3074 cum
2298 3008 2595 3073 clausulis
2667 3013 2731 3074 et
2777 3007 3282 3074 solemnitatibus

578 3098 957 3180 opportunis.
1007 3096 1252 3163 Volenti
1297 3096 1548 3181 iusuper
1591 3097 1668 3161 de
1714 3098 1850 3180 ipsa
1896 3100 2064 3162 certa
2110 3099 2320 3162 nostra
2363 3099 2623 3162 scientia
2698 3100 3028 3182 nostreque
3075 3102 3280 3180 potes-

576 3185 730 3250 tatis
776 3183 1160 3268 pleuitudiue
1208 3232 1749 3253 .........
1800 3188 1957 3264 acta,
2005 3185 2191 3264 dicta,
2239 3188 2504 3264 narrata,
2548 3203 2831 3268 expressa
2882 3191 2945 3250 et
2992 3186 3279 3268 cogitata,

585 3291 705 3356 que
754 3274 918 3339 cirea
962 3274 1263 3357 premissa
1312 3276 1375 3337 et
1420 3275 1861 3356 premissorum
1910 3273 2369 3355 quomodolibet
2396 3273 2778 3353 necessaria,
2847 3272 3030 3338 utilia
3075 3281 3138 3336 et
3182 3290 3283 3337 ex·

580 3360 892 3444 pedientia
971 3361 1344 3434 viderentur,
1412 3361 1602 3427 etiam
1673 3363 1727 3426 si
1792 3361 1945 3427 talia
2015 3360 2261 3437 fuerint,
2318 3381 2434 3445 que
2483 3363 2554 3427 de
2600 3362 2698 3427 sui
2746 3368 2967 3427 natura
3012 3361 3275 3444 speciale

585 3447 947 3515 mandatum
986 3449 1084 3515 vel
1123 3449 1603 3516 declarationem
1643 3468 1977 3533 congruam
2028 3450 2434 3532 postularent,
2480 3449 2572 3515 ita
2617 3443 2777 3532 q'uod
2825 3450 2953 3514 ullo
3014 3467 3279 3532 uuquam

582 3540 861 3619 tempore
907 3537 969 3600 iu
1019 3539 1337 3619 premissis
1384 3540 1449 3604 et
1490 3538 1753 3623 singulis
1800 3541 1911 3604 aut
1954 3538 2095 3603 aliis
2141 3539 2239 3603 vel
2283 3538 2484 3622 aliquo
2516 3540 2957 3621 premissorum
2993 3542 3105 3603 aut
3137 3557 3275 3602 con-

578 3629 678 3691 tra
724 3625 835 3690 illa
880 3643 998 3690 non
1035 3628 1230 3708 possit
1277 3644 1388 3691 uec
1434 3626 1654 3691 debeat
1698 3626 2029 3710 quicquam
2078 3626 2239 3691 obici
2285 3626 2380 3691 vel
2425 3625 2665 3709 opponi,
2713 3629 2954 3705 ritibus,
3014 3625 3274 3710 legibus,

581 3714 1144 3793 constitutionibuS,
1192 3715 1480 3797 capitulis
1547 3722 1610 3779 et
1668 3715 1985 3798 rescriptis
2054 3715 2515 3798 quibuscunque
2584 3716 2944 3789 contrariiS,
3023 3732 3271 3797 quorum

579 3803 888 3867 vollumus
935 3803 995 3866 in
1044 3803 1158 3868 bac
1204 3805 1376 3884 parte
1417 3804 1688 3885 vigorem
1736 3804 2091 3868 nullatenus
2138 3804 2483 3868 obstituris.
2534 3803 2689 3867 Ecce
2722 3822 2989 3885 namque
3033 3803 3271 3867 ecclesi·

580 3910 752 3956 arum
784 3892 1048 3971 prelatos
1069 3890 1457 3974 requirimus,
1484 3910 1595 3956 nec
1626 3910 1744 3956 non
1777 3892 2195 3974 magnatibuS,
2223 3891 2599 3973 proceribus,
2620 3892 2907 3969 voit-odis,
2926 3891 3268 3965 comitibus,

577 3978 772 4056 banis,
826 3979 1202 4056 castellanis,
1273 3980 1631 4049 rectoribus.
1695 3980 2023 4063 judicibus,
2090 3979 2620 4054 universitatibuS,
2692 3980 3271 4050 communitatibus,

581 4066 962 4143 offitialibus,
1013 4066 1288 4148 personis
1340 4068 1481 4132 aliis
1551 4087 1657 4149 per
1713 4086 1902 4152 regna
1969 4067 2134 4132 dicta
2182 4068 2521 4132 constituta
2579 4068 2863 4132 fidelibus
2914 4068 3142 4132 nostris
3187 4066 3274 4129 di·

580 4154 779 4234 lectis,
845 4156 1063 4219 damus
1144 4155 1350 4238 vigore
1436 4156 1805 4237 presentium
1881 4156 2243 4239 expressivis
2313 4156 2375 4220 in
2421 4155 2749 4233 mandatiS,
2813 4160 3122 4238 quatenus
3169 4154 3279 4218 tibi

581 4245 870 4327 tanquam
922 4243 1149 4308 vicario
1196 4250 1403 4308 nostro
1450 4262 1775 4328 regnorum
1825 4245 2243 4327 predictorum
2290 4263 2396 4325 per
2446 4264 2574 4322 uos,
2623 4246 2696 4308 ut
2734 4243 3094 4326 predicitur,
3129 4245 3283 4308 ordi-

583 4335 729 4397 nato
776 4333 838 4395 in
884 4331 1169 4396 omnibus
1214 4334 1528 4414 tamquam
1577 4352 1832 4416 persone
1880 4337 2085 4397 nostre
2117 4333 2359 4414 proprie
2394 4332 2471 4396 ad
2506 4333 2796 4397 honorem
2830 4338 2894 4396 et
2921 4330 3272 4396 fidelitatem

580 4422 855 4486 nostram
905 4420 1257 4504 bonumque
1326 4423 1562 4486 statum
1632 4427 1694 4485 et
1739 4439 2097 4505 prosperum
2143 4439 2213 4485 ac
2253 4422 2782 4503 recuperationem
2828 4421 3134 4485 dictorum
3181 4436 3265 4480 re·

581 4527 841 4590 gnorum
889 4510 951 4574 et
996 4508 1516 4590 preservationem
1588 4527 1798 4574 eorum
1875 4529 1911 4574 a
1977 4510 2172 4573 noxiis
2217 4509 2682 4592 quibuscunque
2730 4510 2948 4573 devote
2997 4507 3258 4590 pareant,

580 4595 912 4660 efficaciter
958 4596 1290 4661 obbediaut
1335 4599 1397 4661 et
1443 4597 1788 4662 intendant.
1834 4596 1966 4661 Nos
2012 4598 2178 4661 enim
2225 4615 2417 4681 penas
2462 4600 2526 4661 et
2596 4599 2811 4674 banna,
2860 4615 3010 4679 quas
3056 4598 3121 4659 et
3163 4611 3268 4677 que

579 4682 700 4744 rite
743 4686 1067 4764 propterea
1105 4683 1346 4759 tuleriS,
1397 4687 1529 4749 rata
1578 4703 1862 4768 geremus
1908 4688 1972 4749 et
2016 4685 2215 4763 firma,
2265 4704 2454 4768 eaque
2502 4703 2608 4766 per
2652 4687 2714 4749 te
2763 4702 2870 4766 pro
2919 4689 3129 4749 nostra
3171 4700 3268 4744 cu-

578 4766 670 4829 ria
716 4768 1198 4834 irremisibiliter
1242 4773 1405 4854 exigi
1453 4773 1752 4852 volumus,
1800 4791 1910 4856 pro
1951 4776 2025 4838 ut
2062 4774 2302 4856 justum
2346 4772 2552 4851 fuerit,
2623 4791 2661 4837 a
2717 4771 3270 4855 transgressoribus

579 4854 929 4924 eorundem.
975 4855 1108 4920 Has
1154 4861 1395 4923 nostras
1440 4859 1683 4925 litteras
1725 4879 1954 4944 magno
1997 4864 2208 4927 nostro
2250 4860 2538 4945 pendenti
2570 4860 2777 4944 sigillo
2841 4861 3116 4926 munitas
3164 4857 3267 4923 tibi
