3620 5282
3022 337 3153 403 319

416 513 637 589 redire,
685 531 807 577 non
852 513 1142 578 obstante
1190 511 1350 577 illud
1415 511 1649 577 factum
1714 509 1994 587 Cursaci,
2044 511 2158 575 viri
2223 510 2495 592 potentis
2546 513 2608 576 in
2671 511 2780 576 illo
2840 513 3149 591 districtu,

416 600 524 684 qui
570 601 887 665 occasione
933 598 1253 665 homicidii
1306 602 1436 663 stat
1481 605 1651 664 extra
1696 599 2104 672 Durachium,
2151 600 2222 661 de
2269 617 2386 680 quo
2435 599 2878 680 providebitur.
2944 599 3147 678 Quum

421 689 683 773 lignum,
726 689 890 771 quod
967 689 1063 753 est
1106 688 1170 751 in
1249 687 1578 763 Durachi0,
1649 686 1737 750 sit
1805 686 1995 751 nimis
2046 704 2363 767 magnum,
2442 686 2656 751 redeat
2717 687 3032 766 venetias,
3087 693 3150 752 et

417 777 709 841 mittatur
786 776 934 839 illuc
1009 775 1177 839 aliud
1253 794 1564 839 remorum
1644 773 1889 856 viginti.
1958 772 2267 839 Conantes
2348 772 2542 856 aliqui
2577 778 2949 858 ‚mercatum
2998 777 3149 844 salis

414 864 489 927 de
536 862 755 928 Alexio
802 863 1095 928 reducere
1155 863 1230 927 ad
1285 863 1488 928 locum
1535 864 1822 925 vocatum
1888 860 2167 938 Suffada,
2239 861 2557 926 ordinatur
2625 862 2943 944 capitaneo
3022 865 3151 927 Du-

408 951 625 1030 rachii,
674 952 747 1015 ut
791 951 1113 1033 prohibeat
1158 951 1392 1016 venetis
1475 948 1743 1014 subditis
1800 949 2036 1032 aliquid
2085 947 2243 1014 ferre
2312 949 2391 1012 ad
2463 949 2702 1015 dictum
2776 953 3147 1031 mercatum,

417 1038 788 1121 imponendo
827 1039 917 1104 eis
963 1056 1206 1121 penam.

500 1146 682 1208 Misti
727 1143 948 1209 XLII.
1003 1149 1147 1218 129,
1195 1164 1238 1206 u
1277 1146 1432 1206 mlet.
1482 1146 1715 1205 arkivu.

749 1333 1224 1417 CGCGLIV.
1278 1333 1485 1417 Gon.
1548 1334 1768 1418 1393.
1820 1333 1927 1417 20
1980 1334 2266 1435 ruma,
2321 1355 2382 1415 u
2435 1334 2823 1417 Mletein.

414 1464 592 1554 Salju
633 1494 699 1539 sc
742 1478 1078 1554 noyon-lm).
1124 1479 1330 1552 krah'u
1375 1480 1400 1538 i
1442 1478 1717 1626 krah'icik
1729 1478 2172 1625 ίᾳῑπὲνρέορίεἰ
2216 1479 2419 1551 nJ'ekih
2485 1480 2699 1538 listova
2743 1480 3145 1554 naplienjenih

1490 1584 1534 1627 u
1578 1584 1677 1641 me
1718 1584 1810 1626 om
1928 1584 1961 1624 o
2005 1584 2066 1626 u.

633 1685 823 1750 1393.
871 1686 970 1750 die
1016 1687 1318 1770 vigesimo
1363 1687 1758 1770 septembris,
1809 1687 2117 1752 Dominus
2164 1686 2304 1751 dux.
2354 1684 2527 1765 Quod
2577 1706 2684 1769 pro
2721 1687 2940 1752 multis
2978 1688 3154 1752 bonis

421 1774 807 1858 respectibus
854 1773 1192 1852 ordinetur,
1242 1771 1403 1859 quod
1450 1776 1623 1859 copie
1669 1776 1936 1839 istarum
1982 1774 2330 1851 literarum,
2378 1795 2496 1858 que
2528 1779 2772 1858 reperte
2807 1775 3060 1841 fuerunt
3085 1776 3148 1840 in

420 1863 558 1926 isto·
589 1861 958 1945 brigentino,
1007 1864 1072 1927 et
1117 1864 1368 1927 suerunt
1414 1862 1572 1928 lecte
1618 1862 1722 1927 isti
1769 1861 2044 1939 consilio,
2093 1862 2362 1927 debeant
2411 1863 2581 1927 mitti
2605 1878 2733 1946 'per
2759 1882 2869 1928 nos
2902 1864 3153 1929 domino

420 1950 548 2034 regi
598 1953 660 2014 et
706 1951 950 2014 domine
990 1953 1203 2035 regine
1249 1951 1588 2033 Hungarie,
1634 1954 1705 2016 ut
1750 1952 1841 2014 eis
1895 1951 2186 2032 legantur
2248 1951 2311 2014 et
2375 1953 2819 2028 monstrentur,
2883 1952 3145 2018 tenendo

420 2036 482 2101 in
533 2039 648 2102 hoc
694 2037 872 2102 illum
921 2043 1228 2103 secretum
1275 2040 1340 2103 et
1385 2043 1636 2104 cautum
1669 2039 1938 2115 modum,
1966 2037 2070 2119 qui
2120 2036 2429 2103 videbitur
2476 2039 2737 2121 collegio
2784 2040 2883 2104 vel
2932 2040 3151 2104 maiori

418 2126 577 2208 parti
622 2126 1006 2276 pr⁰5h⁰⁰3r⁹
1084 2127 1280 2191 nostri
1360 2126 1639 2191 dominii.
1716 2125 1823 2205 35,
1886 2125 2013 2199 34„
2079 2124 2155 2191 de
2219 2145 2340 2189 non
2401 2129 2583 2208 capta
2640 2127 2769 2206 48„
2832 2128 2962 2202 50„
3035 2145 3151 2192 non

420 2212 647 2278 sinceri
701 2215 731 2278 l
782 2262 797 2291 ,
856 2216 882 2276 1
939 2263 954 2278 .

504 2318 746 2379 Secreta
796 2319 973 2381 Gens.
1021 2320 1172 2396 Roy.
1221 2321 1299 2382 R.
1347 2322 1456 2399 89,
1507 2339 1551 2381 u
1592 2321 1749 2383 mlet.
1797 2322 2037 2383 arkivu.

784 2504 1209 2593 CCCCLV.
1263 2509 1468 2594 God.
1523 2511 1749 2594 1393.
1803 2509 1907 2594 26
1961 2511 2245 2612 ruina,
2300 2533 2359 2592 u
2412 2509 2800 2594 Mletclh.

427 2652 694 2714 Obecava
738 2670 801 2713 se
856 2653 1030 2713 Vuku
1077 2655 1483 2725 ΒναπῙεουίόα,
1530 2656 1612 2715 da
1653 2657 1714 2716 ce
1754 2674 1859 2715 mu
1897 2657 2230 2730 povraceno
2277 2657 2385 2716 biti
2425 2673 2543 2727 sve,
2590 2657 2681 2716 §to
2741 2674 2803 2717 se
2850 2676 2894 2718 u
2945 2658 3158 2719 Dracu

422 2741 596 2803 nasto
642 2747 697 2804 te
747 2739 863 2802 bilo
908 2744 1147 2818 m’eyovc
1190 2748 1374 2804 sestre
1412 2744 1552 2805 iens
1591 2746 1731 2817 polo.
1783 2744 2035 2820 Gjoraja
2101 2745 2323 2818 Τορϋε,
2388 2746 2502 2804 ako
2566 2746 2871 2819 ondjesnje
2930 2750 3159 2821 tryovcc

754 2832 934 2903 pasti
977 2829 1254 2891 slobodno
1301 2832 1477 2893 οὸόὶίί
1518 2849 1595 2905 po
1641 2833 1912 2906 njeyovih
1958 2832 2229 2906 krnjevih
2275 2834 2389 2892 kae
2434 2832 2524 2891 §to
2569 2834 2592 2890 i
2627 2834 2808 2907 pride.

640 2949 832 3015 1393.
877 2952 974 3015 die
1020 2950 1106 3015 26
1152 2951 1545 3033 septembris.
1596 2951 1921 3034 Sapientes
1980 2952 2285 3017 ordinum.
2379 2951 2610 3034 Capta:
2675 2952 2835 3033 quod
2903 2971 3159 3035 respon-

425 3036 649 3103 deatur
692 3039 1028 3121 magnifico
1068 3039 1313 3105 domino
1361 3040 1596 3106 Volcho
1641 3041 1713 3105 de
1756 3039 2059 3117 Brancho,
2104 3040 2327 3104 intimo
2373 3041 2574 3104 amico
2621 3039 2818 3103 nostri
2874 3041 3152 3120 dominii,

429 3126 589 3206 quod
652 3126 991 3191 intellectis
1054 3127 1285 3191 litteris
1345 3130 1477 3192 suis
1538 3146 1648 3192 nos
1710 3127 2166 3192 instantissime
2247 3127 2740 3209 deprecantibus,
2823 3132 3155 3211 quatemus

430 3214 609 3278 nobis
678 3215 918 3296 placeat
978 3215 1097 3279 sibi
1164 3216 1365 3280 facere
1426 3216 1775 3298 consignari
1846 3235 1943 3279 res
2014 3215 2348 3279 existentes
2396 3214 2458 3278 in
2510 3215 2800 3280 manibus
2849 3217 3146 3280 castelani

429 3302 624 3366 nostri
672 3302 983 3377 Durachii,
1033 3321 1150 3384 que
1196 3301 1452 3368 fuerunt
1495 3304 1638 3368 date
1683 3304 1942 3367 condam
1990 3302 2236 3366 domino
2283 3301 2547 3384 Georgio
2598 3303 2832 3367 'Phobie
2864 3322 2972 3384 pro
3005 3306 3149 3368 dote

428 3388 658 3467 sororis
706 3407 847 3465 sue,
896 3389 1052 3472 qnod
1101 3390 1462 3471 scripsimus
1527 3391 1852 3471 superinde
1915 3395 1978 3454 et
2053 3390 2335 3454 dedimus
2405 3392 2467 3453 in
2532 3391 2840 3454 mandatis
2912 3391 3153 3472 prefato

429 3477 637 3541 nostro
675 3476 881 3561 bajulo
928 3479 992 3540 et
1037 3476 1355 3558 capitaneo
1404 3478 1717 3554 Durachii,
1767 3480 1927 3559 quod
1976 3476 2252 3541 faciendo
2304 3478 2766 3558 magnificentia
2830 3497 2940 3541 sua
3007 3498 3158 3561 erga

430 3568 708 3629 nostrum
757 3565 1099 3628 dominium
1150 3569 1214 3629 et
1259 3565 1541 3630 subditos
1589 3571 1652 3629 et
1699 3565 1912 3630 fideles
1959 3569 2202 3630 nostros
2249 3565 2323 3628 de
2374 3566 2555 3628 rebus
2589 3565 3068 3629 rationabilibus
3095 3571 3161 3630 et

431 3651 732 3728 honestiS,
782 3654 938 3734 quod
989 3654 1119 3733 ipse
1170 3656 1375 3717 noster
1423 3654 1665 3717 baiulus
1713 3653 1917 3728 faciet,
1953 3653 2112 3735 quod
2147 3652 2282 3733 ipsa
2318 3671 2428 3716 sua
2462 3652 2925 3735 magnificentia
2969 3654 3159 3717 habe-

435 3739 531 3803 bit
577 3759 642 3803 se
691 3740 915 3803 merito
960 3741 1328 3803 contentari.
1424 3740 1759 3821 Capitaneo
1808 3760 1952 3806 vero
1985 3745 2194 3804 nostro
2245 3739 2520 3820 predicto
2593 3741 2940 3815 mandetur,
3001 3744 3155 3820 quod

433 3843 572 3889 cum
613 3825 744 3891 illis
791 3827 1195 3911 sapientibuS,
1250 3827 1422 3891 bonis
1470 3833 1534 3892 et
1579 3828 1810 3891 dextris
1860 3829 2078 3897 modis.
2128 3829 2234 3909 qui
2283 3847 2391 3891 sue
2424 3828 2723 3908 sapientie
2759 3828 3155 3904 videbuntur,

430 3913 653 3977 debeat
702 3932 1027 3995 procurare
1074 3933 1212 3977 cum
1261 3915 1512 3980 domino
1559 3914 1814 3992 Volch0‚
1864 3915 2024 3997 quod
2074 3915 2206 3996 ipse
2239 3917 2324 3977 sit
2358 3917 2701 3989 coutentuS,
2739 3914 2897 3996 quod
2937 3914 3160 3978 itinera

433 4002 688 4065 currant
732 4004 796 4065 et
841 4004 1010 4066 stent
1052 4008 1327 4083 apporta,
1377 4008 1441 4065 et
1482 4004 1639 4084 quod
1689 4003 1876 4077 civeS,
1931 4008 2303 4065 mercatores
2359 4005 2423 4065 et
2485 4001 2699 4065 fideles
2748 4003 2940 4064 nostri
2995 4004 3159 4064 trac-

431 4090 644 4152 tentur
686 4089 746 4152 in
798 4089 945 4153 locis
980 4094 1043 4152 et
1093 4090 1272 4153 terris
1318 4091 1446 4154 suis
1494 4090 1761 4154 dulciter
1809 4096 1872 4153 et
1921 4089 2202 4173 benigne,
2253 4093 2315 4152 et
2361 4088 2521 4171 quod
2569 4090 2658 4151 eis
2713 4088 3158 4153 confirmentur

432 4175 614 4240 solite
661 4175 983 4241 libertates
1045 4180 1109 4240 et
1173 4176 1527 4254 franchisie‚
1594 4181 1657 4241 et
1720 4176 2021 4253 meliores,
2086 4177 2138 4240 si
2203 4179 2432 4257 poterit
2493 4175 2790 4251 obtinere,
2853 4174 3156 4255 faciende,

432 4262 592 4345 quod
641 4264 715 4328 de
764 4263 1059 4345 predictis
1106 4268 1359 4345 apareat
1403 4266 1710 4346 scriptura
1758 4265 1820 4328 in
1873 4266 2031 4328 bona
2073 4263 2306 4338 forma,
2356 4262 2578 4345 quibus
2628 4263 2716 4326 sic
2761 4263 2957 4344 pactis
3005 4265 3158 4328 etin

433 4350 522 4415 eis
568 4351 871 4416 conclusis
919 4351 1144 4415 debeat
1190 4351 1349 4416 idem
1403 4356 1612 4416 noster
1662 4352 1911 4437 bajulus
1961 4349 2261 4416 Durachii
2316 4352 2676 4432 consignare
2723 4350 2923 4415 facere
2972 4369 3158 4415 unam

430 4456 717 4502 coronam
764 4456 1015 4503 auream
1064 4443 1127 4502 et
1190 4441 1365 4521 paria
1425 4441 1689 4522 quatuor
1753 4439 2150 4504 cercellorum
2216 4438 2531 4520 perlarum
2595 4438 2931 4503 existentes
2992 4441 3151 4520 apud

426 4524 837 4591 castellanum
883 4529 1167 4590 nostrum
1209 4526 1503 4593 Durachii
1547 4527 1915 4609 predictum,
1966 4545 2082 4609 que
2129 4524 2379 4589 fuerunt
2423 4523 2660 4607 prefate
2730 4526 2997 4601 domine,
3046 4526 3144 4589 cui

431 4611 712 4695 predicte
748 4632 848 4678 res
894 4614 1181 4694 spectant
1223 4614 1299 4679 de
1345 4614 1497 4681 iure.
1589 4614 1684 4679 De
1731 4619 1906 4696 parte
1953 4612 2084 4691 alii,
2130 4613 2206 4676 de
2252 4631 2371 4676 non
2416 4612 2479 4690 4,
2528 4630 2648 4677 non
2695 4612 2917 4676 sinceri
2966 4614 3028 4675 2.

503 4718 686 4784 Misti
731 4719 955 4788 XLII.
1006 4722 1152 4792 130,
1198 4738 1242 4781 a
1286 4723 1443 4785 mlct.
1495 4723 1737 4808 arkjivu.
