3620 5282
2954 456 3083 528 22¹2

350 627 539 692 castri
586 628 659 692 de
707 625 941 694 Canina
1002 632 1068 694 et
1125 630 1390 695 aliorum
1456 630 1754 706 locorum,
1819 630 1908 698 ita
1969 632 2127 712 quod
2175 630 2304 697 sint
2355 628 2728 704 liberissime
2774 631 2840 708 in
2884 636 3084 700 mani·

359 717 471 780 bus
525 721 588 780 et
634 715 828 781 forcia
874 721 1105 792 nostra,
1175 718 1454 782 habendo
1521 719 1752 782 dictam
1828 718 2140 782 dominam
2196 719 2473 784 redditus
2518 736 2731 784 omnes
2779 720 3080 787 dictorum

356 803 630 868 locorum
683 806 884 869 solum
935 807 996 869 in
1045 824 1157 870 sua
1199 806 1347 884 vita,
1398 807 1582 888 prout
1627 805 1907 888 superius
1952 804 2188 870 dictum
2225 810 2341 884 est,
2388 809 2523 889 ipsa
2551 808 2828 872 solvente
2871 827 3084 874 omnes

359 910 681 974 expensae,
720 891 848 977 'que
898 894 1467 977 quomodocumque
1514 897 1852 975 sequentur
1876 913 1985 975 pro
2011 893 2293 959 custodia
2340 897 2610 977 ipsorum
2658 896 2970 973 locorum3
3015 901 3081 962 et

359 980 421 1043 in
473 982 642 1044 omni
692 999 855 1053 casu,
903 981 1240 1046 dummodo
1289 982 1423 1065 ipsa
1470 982 1717 1046 domina
1761 983 1847 1046 sit
1878 984 2166 1047 contenta
2226 983 2375 1046 dare
2420 983 2595 1048 nobis
2643 983 2774 1049 loco
2806 985 3085 1067 predicta

352 1086 459 1149 per
512 1088 701 1132 unum
752 1090 822 1133 ex
866 1070 1065 1134 modis
1110 1071 1423 1153 predictiS‚
1473 1070 1698 1135 debeat
1743 1073 1955 1135 noster
2024 1072 2381 1153 capitaneus
2442 1072 2758 1153 providere
2827 1073 2901 1140 de
2969 1073 3079 1140 bo-

342 1155 436 1219 nis
521 1158 585 1220 et
651 1156 1104 1222 sufficientibus
1177 1158 1555 1234 ballistariis,
1619 1175 1771 1239 quos
1837 1157 1969 1239 ipse
2038 1157 2344 1240 depositet
2412 1160 2488 1222 ad
2556 1159 2905 1226 custodiam
2969 1162 3072 1226 del

360 1242 518 1306 Oula
563 1244 639 1308 ad
688 1247 1158 1310 custodiendum
1224 1246 1427 1327 ipsum
1493 1245 1570 1310 ad
1617 1245 1906 1309 honorem
1959 1246 2022 1308 et
2067 1249 2304 1314 statum
2361 1245 2800 1312 dominationis
2846 1250 3074 1313 nostre.

352 1331 435 1394 Et
482 1350 588 1411 pro
652 1333 986 1397 obtinendo
1050 1352 1232 1398 unam
1292 1332 1852 1415 suprascriptarum
1911 1335 2258 1397 nostrarum
2323 1334 2739 1398 intencionum
2781 1334 2970 1400 faciat
3014 1337 3080 1400 et

347 1423 637 1501 operetur
702 1422 1015 1503 predictus
1085 1422 1294 1485 noster
1357 1420 1718 1503 capitaneus
1781 1420 2071 1503 quicquid
2134 1421 2277 1487 boni
2322 1422 2568 1503 poterit,
2619 1424 2797 1506 prout
2842 1425 2915 1488 de
2963 1442 3077 1489 sua

348 1508 654 1589 sapientia
700 1509 1062 1591 plenissime
1109 1510 1473 1574 confidimus
1521 1512 1585 1573 et
1632 1527 1974 1590 speramus,

562 1598 634 1660 In
674 1615 817 1661 casu
866 1616 1030 1673 vero,
1081 1616 1198 1678 quo
1244 1595 1559 1678 predictus
1607 1598 1817 1661 noster
1863 1598 2224 1678 capitaneus
2280 1595 2580 1679 reperiret
2627 1596 2944 1664 Moratum
2992 1601 3069 1666 ad

343 1684 729 1749 obsidionem
778 1684 1075 1749 fortilicie
1118 1685 1312 1766 ipsius
1360 1685 1624 1761 domine,
1676 1704 1790 1749 non
1836 1684 2059 1748 debeat
2107 1689 2314 1749 noster
2351 1684 2710 1766 capitaneus
2759 1685 3070 1767 predictus

343 1792 407 1837 se
454 1772 515 1837 in
566 1773 774 1856 aliquo
801 1773 1106 1855 impedire
1156 1772 1282 1837 ullo
1320 1773 1520 1851 mod0‚
1546 1775 1650 1837 sed
1677 1773 1857 1837 nobis
1904 1774 1979 1837 ad
2013 1790 2259 1838 omnem
2293 1774 2544 1836 modum
2580 1774 2868 1852 scribere,
2903 1775 3072 1857 quic·

340 1860 486 1943 quid
536 1861 759 1926 fecerit
805 1862 871 1926 et
916 1861 1203 1926 habuerit
1249 1861 1312 1925 in
1360 1860 1677 1943 premissis
1720 1878 1831 1943 pro
1880 1863 2090 1925 nostra
2122 1860 2556 1926 informatione
2592 1864 2798 1943 presto
2840 1865 2906 1926 et
2936 1863 3068 1927 sine

338 1949 547 2032 aliqua
594 1951 906 2015 dilatione.

557 2038 785 2103 Verum
833 2040 905 2104 ut
971 2038 1082 2102 hec
1151 2038 1363 2101 nostra
1431 2035 1698 2101 intencio
1765 2036 1963 2108 possit
2036 2054 2218 2101 suum
2278 2037 2565 2119 consequi
2625 2040 2932 2118 effectum,
3001 2042 3065 2102 et

338 2126 496 2206 quod
543 2127 704 2190 facta
768 2129 976 2190 nostra
1037 2127 1194 2189 fiant
1239 2143 1379 2187 cum
1433 2143 1616 2206 quam
1679 2125 1895 2188 maiori
1943 2127 2153 2189 nostra
2197 2126 2590 2208 prerogativa
2632 2127 2763 2190 fieri
2812 2127 3064 2207 poterit,

335 2213 652 2277 ordinetur
698 2217 761 2277 et
806 2232 1086 2294 expresse
1135 2213 1555 2293 prohibeatur,
1616 2212 1777 2295 quod
1834 2212 2059 2296 aliquis
2105 2216 2312 2277 noster
2357 2214 2801 2296 cuiuscumque
2847 2216 3062 2279 condi-

335 2301 521 2364 tionis
568 2301 796 2364 existat
848 2320 964 2364 non
1034 2301 1262 2363 audeat
1323 2301 1418 2363 vel
1459 2300 1655 2381 possit
1679 2320 1784 2381 per
1832 2320 1895 2364 se
1943 2302 2040 2365 vel
2079 2301 2271 2365 alium
2336 2302 2605 2365 tractare
2654 2302 2747 2366 vel
2800 2302 3061 2368 tractari

336 2386 534 2452 facere
586 2388 1051 2453 matrimonium
1102 2406 1241 2452 cum
1294 2389 1430 2470 ipsa
1477 2389 1726 2453 domina
1774 2387 1850 2453 de
1895 2389 1958 2452 13
1999 2387 2237 2452 Valona
2268 2388 2367 2453 vel
2420 2408 2563 2453 cum
2610 2391 2738 2453 suis
2811 2388 3062 2455 filiabus

333 2475 448 2538 sub
509 2495 658 2556 pena
704 2476 913 2539 standi
962 2495 1080 2541 uno
1126 2495 1281 2541 anno
1329 2478 1391 2540 in
1441 2477 1665 2540 nostris
1725 2476 2074 2541 carceribus
2144 2476 2552 2552 inferioribuS,
2602 2480 2916 2543 reservato
2967 2482 3067 2543 ta-

334 2582 474 2626 men
521 2563 723 2628 officio
770 2565 1205 2629 advocatorum
1264 2563 1612 2628 communis
1659 2563 1733 2628 de
1781 2564 2054 2629 ducendo
2119 2564 2632 2630 contrafacientes
2680 2567 2753 2630 ad
2803 2566 3064 2631 consilia

335 2670 443 2734 pro
493 2652 691 2717 dando
738 2655 825 2718 eis
890 2653 1188 2718 maiorem
1253 2672 1493 2736 penam,
1557 2651 1632 2716 de
1689 2672 1808 2735 qua
1869 2672 2026 2736 pena
2094 2653 2277 2717 unius
2324 2655 2467 2717 anni
2515 2673 2634 2718 non
2684 2654 2881 2735 possit
2925 2656 3059 2720 fieri

332 2741 557 2823 gratia,
635 2742 881 2818 donum,
962 2742 1258 2817 remissio,
1328 2739 1665 2804 declaratio
1713 2759 1822 2803 nec
1870 2742 2175 2823 presentis
2219 2743 2412 2822 partis
2476 2743 2785 2805 revocacio
2866 2761 3056 2825 usque

334 2831 392 2892 in
471 2827 783 2893 infinitum
883 2829 998 2892 sub
1087 2847 1245 2911 pena
1335 2828 1697 2892 ducatorum
1781 2828 1905 2892 1111
1996 2828 2167 2892 mille
2237 2846 2343 2909 pro
2432 2829 2706 2910 quolibet
2792 2833 3054 2911 ponente

332 2917 430 2983 vel
480 2918 908 2982 consenciente
955 2919 1192 2998 partem
1237 2920 1297 2980 in
1345 2917 1742 2980 contrarium.

544 3007 634 3070 De
683 3008 856 3088 parte
904 3005 987 3069 76
1036 3041 1120 3050 —-
1168 3005 1242 3069 de
1293 3023 1410 3068 non
1469 3004 1545 3067 14
1592 3041 1678 3049 —
1722 3022 1842 3068 non
1884 3003 2108 3067 sinceri
2167 3004 2264 3066 11.

417 3115 597 3174 Misti
645 3111 783 3176 XL.
832 3116 941 3192 27,
977 3131 1019 3173 u
1064 3115 1222 3174 mlet.
1270 3114 1501 3173 arkivu.

595 3302 1152 3387 CCCXXVII.
1205 3304 1413 3387 God.
1468 3302 1696 3385 1386.
1752 3303 1847 3385 13
1902 3302 2228 3403 srpnja,
2282 3324 2343 3384 u
2395 3303 2790 3386 Mletclh.

330 3450 594 3523 Pristaje
638 3468 717 3527 se,
766 3451 845 3509 da
877 3450 1128 3523 Stjepan
1172 3451 1342 3510 uriuk
1410 3448 1704 3522 Stjepana
1749 3448 1988 3520 vojvode
2027 3446 2422 3523 Erdeb'skoya
2461 3446 2722 3511 oboruia
2775 3468 2818 3508 u
2874 3445 3060 3510 mat-

448 3540 542 3597 cih
575 3539 770 3611 jedna
819 3539 1020 3618 qalzjju
1065 3556 1148 3597 na
1194 3541 1353 3611 svoje
1399 3539 1684 3607 troskove,
1730 3538 1923 3609 hojom
1960 3538 2027 3608 jc
2069 3536 2250 3594 kanio
2296 3537 2436 3595 0ἰίόί
2500 3556 2540 3595 u
2585 3537 2929 3599 ‹seru-solim.

556 3658 737 3731 1386,
780 3660 877 3723 die
943 3660 1134 3723 tercio
1181 3659 1417 3722 decimo
1483 3657 1641 3722 iulii.
1706 3655 1862 3721 Cum
1926 3654 2288 3737 magnificus
2354 3654 2636 3719 dominus
2705 3656 3054 3739 Stephanus

332 3746 609 3810 condam=
660 3747 915 3829 Dionisy
987 3746 1274 3829 voyvode,
1344 3746 1645 3827 magister
1691 3745 2047 3826 Agazonum
2113 3743 2412 3825 regalium
2471 3744 2810 3826 Hungarie,
2861 3762 3048 3826 nepos

332 3834 640 3917 magnifici
689 3835 923 3899 domini
971 3834 1268 3917 Stephani
1300 3835 1566 3917 voyvode
1598 3833 2011 3907 Transilvani,
2041 3830 2360 3913 scripserit
2392 3831 2731 3906 curialiter,
2780 3832 3050 3915 rogando

331 3926 610 3986 nostrum
662 3923 1024 3998 dominium,
1074 3923 1232 4004 quod
1280 3939 1419 3986 cum
1471 3922 1556 3984 sit
1602 3920 1937 4002 dispositus
1987 3920 2076 3984 ire
2121 3920 2197 3982 ad
2241 3917 2502 3983 servicia
2543 3919 2638 3982 dei
2685 3920 2745 3982 iu
2794 3919 3052 3985 Jerusa-

327 4009 476 4087 lem,
527 4010 687 4073 unde
747 4014 945 4093 rogat,
1012 4012 1081 4073 ut
1145 4010 1389 4092 placeat
1444 4009 1626 4072 ‘nobis
1690 4010 1808 4074 sibi
1873 4006 2219 4086 concedere,
2282 4005 2440 4089 quod
2506 4008 2699 4087 possit
2756 4025 2895 4071 cum
2943 4026 3054 4071 sua

328 4099 589 4179 pecunia
633 4102 699 4162 et
744 4116 1010 4180 expensa
1057 4116 1301 4161 armare
1350 4115 1534 4160 unam
1593 4096 1856 4178 galeam,
1898 4114 2036 4159 cum
2086 4113 2206 4176 qua
2253 4092 2340 4156 ire
2389 4096 2619 4176 possit3
2673 4096 2842 4157 vadit
2884 4114 3048 4178 pare,

330 4187 487 4265 quod
537 4186 981 4267 respondeatur
1044 4186 1118 4258 ei,
1180 4185 1337 4266 quod
1400 4204 1469 4247 ex
1532 4185 1831 4266 singulari
1893 4182 2324 4257 benivolentia,
2406 4200 2582 4264 quam
2634 4182 2943 4264 gessimus
2991 4192 3055 4247 et

325 4274 602 4355 gerimus
649 4274 725 4337 ad
766 4273 1290 4357 magnificentiam
1343 4291 1518 4336 suam
1566 4274 1631 4335 et
1676 4271 1909 4335 domini
1957 4268 2254 4352 Stephani
2306 4271 2574 4353 voyvode
2626 4272 2791 4352 patri
2838 4273 2934 4335 sui
2984 4274 3048 4335 et

327 4380 574 4426 suorum
649 4362 845 4425 simus
909 4363 1107 4443 parati
1170 4361 1552 4442 complacere
1595 4360 1669 4435 ei,
1721 4360 1881 4424 sicut
1924 4359 2099 4440 petit,
2162 4357 2453 4421 videlicet
2491 4360 2649 4439 quod
2705 4359 2781 4421 ob
2810 4361 3042 4423 dictam

322 4467 576 4515 causam
626 4450 822 4531 possit
868 4469 1008 4513 cum
1058 4467 1171 4513 sua
1227 4449 1488 4532 pecunia
1535 4451 1599 4511 et
1644 4465 1905 4529 expensa
1953 4464 2195 4511 armare
2240 4445 2471 4509 dictam
2518 4446 2763 4530 galeam
2813 4446 2872 4511 in
2927 4447 3049 4511 Ve-

323 4538 550 4611 netiisz
601 4540 665 4601 et
709 4539 1073 4602 concedetur
1120 4537 1176 4601 ei
1225 4556 1331 4620 per
1379 4555 1488 4600 nos
1536 4553 1758 4617 corpus
1804 4534 1980 4617 galee
2029 4552 2167 4597 cum
2217 4533 2348 4596 suis
2398 4535 2654 4598 corediS.

409 4646 589 4704 Misti
641 4645 777 4704 XL.
826 4646 931 4723 35,
979 4664 1021 4703 u
1063 4646 1219 4705 mlet.
1267 4646 1502 4705 arkivu.
1576 4688 1583 4693 „
