3620 5282
3084 352 3204 415 149

790 527 1159 611 CCXIX.
1236 529 1442 611 God.
1499 530 1727 612 1349.
1785 531 1892 613 20
1948 530 2343 628 kolovoz,
2399 552 2456 610 u
2511 529 2905 610 Mletcib.

473 657 744 729 Mnienje
791 656 1008 714 odbora
1054 675 1085 714 o
1132 657 1371 724 ηαόἰηιι,
1418 657 1571 715 kalco
1617 657 1696 713 da
1739 674 1800 716 se
1845 657 2138 728 sravnqju
2177 656 2490 714 razmirice
2527 656 2805 723 obstoiec‘e
2838 657 3037 729 meclju
3083 658 3202 716 Pa·

511 762 659 818 yom,
698 744 945 818 Rabom,
999 742 1256 812 Osorom,
1309 743 1543 802 Cresom
1584 746 1607 801 i
1652 746 1896 815 Isth-om,
1943 746 1966 801 i
2010 746 2162 802 kako
2204 744 2283 801 da
2316 761 2377 802 se
2422 762 2462 802 u
2510 744 2804 816 naprieda
2845 746 3159 817 prepriede.

684 880 876 945 1349.
926 880 1256 945 indictione
1321 882 1605 959 secunda,
1654 882 1753 945 die
1801 882 1918 945 XX
1969 881 2196 944 mensis
2257 880 2524 963 augusti.
2601 878 2754 945 Cum
2816 880 3090 946 fidelium
3140 884 3205 947 et

472 968 862 1033 subditorum
913 972 1117 1033 status
1165 969 1458 1050 pacificus
1524 971 1587 1033 et
1648 970 1891 1051 quietus
1955 968 2181 1033 famam
2246 967 2706 1031 dominancium
2756 970 2965 1051 augeri
3014 968 3203 1036 faciat

468 1057 649 1138 atque
699 1056 904 1132 decus,
955 1059 1017 1120 et
1059 1059 1387 1139 propterea
1434 1057 1669 1121 ducalis
1717 1056 2162 1121 dominacionis
2211 1056 2457 1120 intersit
2497 1056 2710 1119 taliter
2734 1075 3059 1138 procurare
3092 1076 3201 1140 pro

469 1145 974 1226 augmentatione
1020 1145 1150 1207 eius
1195 1145 1394 1208 laudis
1441 1146 1675 1227 pariter
1721 1148 1784 1209 et
1830 1144 2095 1218 honoriS,
2145 1145 2301 1226 quod
2351 1144 2444 1206 sni
2479 1142 2689 1207 fideles
2737 1146 2800 1207 et
2845 1144 3075 1208 subditi
3111 1146 3202 1210 vi-

465 1236 615 1296 vant
660 1233 1006 1296 adinvicem
1055 1251 1194 1295 cum
1228 1234 1452 1313 quiete,
1506 1234 1569 1296 et
1615 1252 1795 1315 super
1831 1231 2164 1308 violenciiS,
2215 1230 2456 1295 iniuriis
2497 1234 2560 1294 et
2591 1230 3048 1310 offensionibus
3084 1252 3200 1315 que

468 1338 574 1400 per
623 1339 724 1383 eos
772 1319 891 1384 sibi
941 1324 1153 1384 mutuo
1197 1319 1560 1397 inferuntur,
1612 1320 2102 1384 remediabiliter
2148 1318 2504 1400 providere3
2553 1318 2693 1400 quia
2723 1321 3047 1401 propterea
3093 1339 3202 1385 au-

459 1407 608 1471 ditis
655 1409 718 1471 et
767 1406 1102 1471 intellectis
1151 1407 1707 1472 lamentacionibus
1764 1411 1828 1473 et
1874 1405 2164 1490 querellis
2192 1406 2489 1488 depositis
2537 1425 2645 1489 per
2692 1406 2910 1471 fideles
2957 1409 3201 1473 nostros

461 1495 536 1558 de
584 1494 833 1572 euerso,
884 1496 1139 1572 Ausero,
1188 1494 1375 1573 Arbo,
1426 1496 1624 1578 Vegla
1675 1498 1739 1560 et
1784 1497 1971 1578 Pago,
2022 1498 2084 1559 et
2129 1513 2245 1575 que
2280 1494 2525 1559 assidue
2574 1494 2978 1576 deponuntur,
3029 1496 3200 1561 vide-

471 1583 620 1646 licet
667 1583 739 1647 de
789 1583 1047 1659 iniuriiS,
1096 1583 1551 1665 offensionibus,
1587 1582 2145 1665 depredacionibus,
2183 1581 2364 1645 furtis
2410 1584 2473 1645 et
2519 1582 2888 1661 homicidiis,
2941 1602 3056 1666 que
3088 1604 3198 1666 per

470 1672 775 1752 predictos
826 1670 1171 1734 inferuntur
1216 1671 1477 1749 vicisim,
1528 1674 1591 1735 et
1639 1691 1823 1753 super
1870 1672 2021 1753 ipsis
2069 1669 2284 1733 habita
2329 1669 2775 1734 deliberacione
2824 1673 2887 1734 et
2941 1672 3200 1736 consilio

469 1758 773 1841 diligenti,
823 1758 1151 1823 consulunt
1177 1760 1483 1840 sapientes
1528 1759 1608 1823 ad
1637 1762 1994 1841 perpetuam
2029 1757 2438 1821 remocionem
2473 1759 2537 1821 et
2569 1756 2926 1821 incisionem
2965 1777 3197 1837 earum,

467 1847 625 1927 quod
673 1848 837 1910 inter
882 1848 1362 1910 communitates
1406 1848 1819 1928 predictorum
1886 1850 1949 1910 et
2015 1845 2337 1928 quanlibet
2393 1844 2671 1927 ipsarum
2719 1844 2866 1909 ordo
2926 1847 3054 1910 sive
3103 1867 3200 1911 re-

472 1934 764 1998 formacio
813 1933 1212 2017 infrascripta
1261 1953 1446 2016 super
1489 1935 1812 2017 premissis
1857 1953 1965 2015 per
2011 1933 2295 1997 ducalem
2322 1933 2755 1997 excellenciam
2783 1932 3197 2014 confirmetur,

466 2025 761 2104 perpetuo
809 2022 1126 2098 duratura,
1176 2042 1292 2104 que
1339 2022 1585 2104 quidem
1632 2022 1997 2086 reformacio
2046 2021 2197 2084 bene
2245 2024 2309 2084 et
2351 2021 2589 2084 utiliter
2614 2021 2951 2101 respondit,
2996 2023 3060 2085 et
3091 2021 3198 2087 do-

467 2109 634 2173 mino
681 2110 1043 2191 disponente
1091 2109 1310 2173 induat
1354 2110 1873 2191 tranquillitatem
1922 2113 1986 2174 et
2033 2111 2269 2172 statum
2340 2108 2662 2189 pacificum
2712 2108 2873 2172 inter
2919 2127 3199 2173 commu-

466 2198 693 2262 nitates
740 2197 1022 2262 fidelium
1071 2197 1485 2281 predictorum
1536 2198 1916 2279 temporibus
1959 2215 2068 2279 pro
2114 2196 2355 2260 futuris,

677 2285 842 2350 Ordo
890 2293 1098 2350 autem
1148 2286 1275 2350 sive
1325 2285 1684 2350 reformacio
1731 2285 1880 2350 talis
1928 2287 2042 2348 est.

680 2372 909 2455 Capta:
950 2373 1251 2454 inprimis,
1293 2374 1450 2455 quod
1501 2375 1551 2437 si
1604 2373 1829 2455 aliquis
1884 2373 2144 2436 alicuius
2191 2372 2607 2453 predictarum
2672 2371 3197 2437 communitatum

466 2462 592 2524 sive
638 2460 1005 2537 insularum,
1056 2461 1345 2525 videlicet
1391 2464 1520 2524 tam
1571 2460 1803 2538 Chersi‚
1855 2459 2099 2536 Auseri,
2153 2458 2370 2542 Vegle,
2418 2458 2596 2536 Arbi‚
2646 2478 2832 2543 quam
2860 2461 3199 2543 Pagicon-

463 2552 837 2629 quereretur,
888 2550 1044 2633 quod
1093 2549 1291 2613 eidem
1342 2549 1637 2613 animalia
1684 2548 1886 2612 furata
1913 2547 2140 2611 fuerint
2188 2547 2285 2610 vel
2331 2546 2452 2611 alie
2499 2567 2595 2611 res
2644 2567 2751 2630 per
2797 2549 3065 2630 aliquem
3101 2549 3199 2613 vel

469 2636 705 2719 aliquos
752 2637 1017 2702 aliarum
1066 2640 1369 2703 terrarum
1420 2637 1515 2702 vel
1563 2636 1907 2701 insularum
1954 2636 2387 2718 predictarum,
2438 2637 2595 2719 quod
2638 2636 2859 2701 amodo
2907 2636 2970 2700 in
3017 2638 3200 2702 antea

460 2724 604 2788 ordo
655 2725 1082 2807 infrascriptus
1131 2745 1236 2808 per
1285 2744 1495 2790 omnes
1543 2724 1823 2789 totaliter
1870 2725 2249 2801 observetur,
2289 2723 2576 2788 videlicet
2607 2725 2769 2806 quod
2818 2725 2870 2787 si
2920 2724 3048 2802 ille,
3091 2724 3199 2808 qui

467 2814 898 2877 damnificatus
946 2813 1151 2890 fuerit,
1201 2813 1549 2895 probaverit
1592 2832 1697 2895 per
1761 2832 1954 2876 unum
2020 2811 2248 2875 bonum
2310 2813 2536 2875 testem
2595 2814 2898 2895 ydoneum
2949 2812 3045 2876 vel
3091 2831 3200 2895 per

467 2900 671 2981 plures
718 2920 891 2965 suam
943 2900 1374 2978 intencionem,
1424 2902 1585 2984 quod
1631 2901 1757 2977 ille,
1798 2904 2011 2964 contra
2056 2918 2237 2981 quem
2286 2898 2407 2962 erit
2462 2899 2822 2964 testificacio
2869 2899 3056 2977 facta,
3102 2920 3200 2965 re-

466 2988 720 3052 stituere
767 2988 990 3052 debeat
1036 2991 1329 3053 damnum
1376 2989 1440 3052 in
1492 2989 1674 3071 duplo
1739 2988 1816 3052 de
1863 3007 1949 3065 eo,
2015 2986 2174 3069 quod
2237 2985 2425 3051 fuerit
2488 2986 2847 3068 probatum,
2914 2988 3199 3053 videlicet

465 3095 572 3158 pro
620 3076 900 3158 qualibet
944 3095 1054 3140 ove
1101 3081 1163 3141 et
1210 3079 1487 3142 castrone
1537 3076 1772 3141 solvere
1829 3075 2053 3140 debeat
2114 3073 2315 3138 soldos
2378 3074 2599 3158 viginti
2661 3094 3022 3155 parvorum,
3089 3095 3198 3159 pro

463 3163 744 3246 qualibet
789 3183 973 3246 capra
1018 3183 1126 3229 seu
1151 3183 1335 3248 porco
1368 3164 1573 3228 soldos
1607 3163 1914 3228 sexdecim
1949 3180 2294 3245 parvorum,
2342 3181 2453 3244 pro
2489 3162 2766 3246 quolibet
2796 3181 2956 3246 agno
2993 3164 3195 3230 soldos

465 3252 676 3315 decem
726 3257 788 3315 et
833 3253 1121 3333 parvulos
1168 3256 1325 3330 octo,
1374 3270 1483 3335 pro
1522 3252 1800 3334 quolibet
1846 3253 1956 3315 edo
1999 3249 2199 3315 soldos
2248 3255 2386 3315 octo
2451 3269 2780 3333 parvorum
2810 3300 2825 3329 ‚
2887 3254 2951 3316 et
3007 3251 3198 3316 etiam

466 3341 622 3422 qnod
673 3340 873 3404 solvat
918 3359 1214 3422 expensas
1258 3341 1579 3404 tassandas
1627 3358 1733 3421 per
1780 3339 2035 3417 curiam,
2084 3357 2192 3420 per
2240 3356 2426 3421 quam
2475 3339 2583 3403 fiet
2629 3338 2945 3404 diffinicio.
3018 3341 3101 3405 Et
3146 3338 3197 3404 si

466 3427 643 3491 testis
691 3428 953 3491 nesciret
996 3447 1319 3492 numerum
1370 3426 1518 3491 dicti
1567 3427 1796 3504 damni,
1848 3429 1997 3490 tunc
2041 3425 2327 3490 credatur
2370 3430 2759 3491 sacramento
2820 3428 3062 3510 patroni
3105 3427 3200 3491 di-

465 3520 705 3579 ctorum
755 3515 1123 3581 animalium
1171 3518 1236 3580 et
1281 3515 1412 3580 eius
1459 3515 1778 3591 bravariO,
1845 3517 1910 3578 et
1956 3515 2146 3579 etiam
2209 3515 2492 3596 teneatur
2551 3514 2914 3579 tantundem
2962 3516 3200 3580 solvere

467 3622 575 3667 suo
622 3603 952 3680 communi,
1006 3604 1107 3667 ubi
1154 3602 1462 3667 sententia
1520 3603 1705 3667 fuerit
1753 3603 1934 3679 facta,
1985 3604 2310 3684 quamtum
2373 3601 2630 3666 solverit
2693 3602 2823 3680 illi,
2872 3604 2976 3685 qui
3022 3603 3199 3667 dam-

469 3710 612 3754 num
661 3691 980 3772 receperit.
1032 3693 1188 3755 Item
1241 3692 1399 3773 quod
1444 3692 1494 3754 si
1529 3709 1671 3772 pars
1714 3690 2112 3755 damnificata
2134 3691 2396 3772 probare
2444 3708 2562 3754 non
2589 3690 2825 3772 poterit
2869 3710 2975 3771 per
3006 3708 3197 3754 unum

465 3781 692 3843 testem
741 3778 836 3843 vel
876 3778 1104 3861 plures,
1159 3782 1227 3841 ut
1274 3778 1717 3860 supradictum
1751 3779 1867 3854 est,
1915 3780 1980 3843 et
2024 3777 2330 3842 inveniret
2355 3797 2545 3841 unum
2579 3778 2812 3842 animal
2860 3778 2955 3841 vel
2997 3777 3198 3859 plura,

472 3867 719 3950 signata
766 3886 874 3930 suo
920 3866 1119 3948 sign0,
1166 3866 1263 3929 vel
1310 3867 1617 3930 inveniret
1663 3884 1849 3929 unam
1897 3866 2099 3947 pelem
2146 3866 2243 3930 vel
2292 3865 2500 3949 plures
2549 3886 2657 3930 suo
2691 3866 2866 3948 signo
2897 3866 3198 3949 signataS,

467 3957 529 4018 et
575 3954 826 4031 diceret,
875 3975 939 4018 se
988 3955 1287 4036 recepisse
1336 3955 1534 4018 maius
1567 3956 1862 4017 damnum
1911 3972 1998 4030 eo,
2050 3953 2212 4037 quod
2262 3954 2565 4017 invenerit
2610 3954 2670 4017 in
2719 3952 3002 4016 manibus
3048 3952 3198 4030 eiuS,

462 4042 623 4123 quod
670 4044 833 4106 tunc·
859 4043 1144 4106 credatur
1191 4046 1576 4106 sacramento
1603 4041 1839 4123 patroni
1866 4041 2166 4106 dictorum
2195 4040 2557 4105 animalium
2607 4045 2671 4105 et
2719 4041 2849 4104 eius
2895 4040 3199 4118 bravario,

466 4133 528 4193 et
572 4130 646 4194 de
697 4132 793 4193 tot
839 4129 1233 4206 animalibuS,
1282 4133 1429 4211 quot
1478 4129 1817 4194 iuraverint
1864 4129 1968 4193 ille
2016 4130 2112 4193 vel
2158 4128 2274 4206 illi,
2323 4128 2386 4191 in
2428 4148 2683 4210 quorum
2721 4126 3000 4191 manibus
3033 4128 3201 4193 dicta

465 4217 757 4281 animalia
802 4218 901 4282 vel
948 4218 1116 4300 peles
1159 4217 1404 4280 invente
1452 4216 1698 4293 fuerint,
1742 4218 2070 4282 teneantur
2108 4217 2343 4280 solvere
2390 4216 2453 4279 in
2501 4216 2760 4299 duplum
2808 4218 3086 4298 patrono,
3137 4218 3203 4281 et
3307 4299 3310 4302 A

466 4308 827 4369 tantundem
880 4305 1084 4370 solvat
1132 4306 1190 4368 in
1235 4305 1367 4368 eius
1415 4323 1762 4383 commune,
1831 4305 2231 4387 intelligendo
2281 4323 2536 4385 semper,
2588 4304 2743 4385 qnod
2791 4304 3046 4385 probare
3095 4305 3200 4368 de-

464 4393 647 4456 beant
707 4393 880 4457 dicta
952 4391 1249 4458 animalia
1322 4392 1417 4456 vel
1475 4390 1665 4473 pelles
1730 4411 1871 4456 suas
1937 4411 2089 4455 esse.
2151 4393 2311 4456 Item
2363 4392 2519 4474 quod
2570 4392 2623 4455 si
2670 4392 2777 4455 ille
2828 4391 2923 4455 vel
2972 4390 3086 4469 illi,
3138 4392 3197 4455 in

468 4499 723 4562 quorum
776 4480 1066 4544 manibus
1098 4481 1349 4544 inventa
1382 4485 1591 4544 essent
1615 4480 1907 4544 animalia
1939 4480 2036 4544 vel
2063 4479 2255 4560 pelles
2282 4479 2571 4560 predicte,
2619 4480 2849 4543 diceret
2889 4499 2953 4543 se
2980 4481 3203 4544 emisse

466 4569 762 4631 animalia
807 4569 904 4632 vel
943 4568 1139 4650 pelles
1185 4567 1495 4649 predictas
1544 4568 1621 4631 ab
1667 4587 1785 4632 uno
1833 4568 1972 4645 ali0,
2022 4570 2085 4631 et
2131 4568 2219 4630 sic
2265 4585 2400 4629 esse
2444 4586 2653 4630 verum
2697 4567 3004 4649 probaret,
3058 4569 3203 4630 tunc

464 4658 745 4721 teneatur
770 4658 917 4720 dare
956 4657 1016 4719 in
1065 4656 1349 4719 manibus
1395 4655 1835 4719 dominacionis
1881 4655 2082 4732 illum,
2135 4655 2239 4736 qui
2287 4654 2563 4717 venderit
2598 4654 2652 4717 ei
2686 4654 2977 4736 predicta,
3028 4656 3091 4717 et
3136 4671 3205 4715 eo

467 4743 610 4809 dato
659 4746 721 4808 in
757 4743 1046 4808 manibus
1076 4742 1537 4821 dominacionis,
1585 4742 1736 4825 ipse,
1786 4742 1846 4805 in
1874 4742 2047 4807 cuius
2095 4740 2379 4806 manibus
2426 4740 2655 4804 fuerint
2687 4742 2885 4823 primo
2931 4739 3207 4821 predicta
