<?xml version="1.0" encoding="UTF-8"?>
<!DOCTYPE html PUBLIC "-//W3C//DTD XHTML 1.0 Transitional//EN"
    "http://www.w3.org/TR/xhtml1/DTD/xhtml1-transitional.dtd">
<html xmlns="http://www.w3.org/1999/xhtml" xml:lang="en" lang="en">
 <head>
  <title>
</title>
<meta http-equiv="Content-Type" content="text/html;charset=utf-8" />
  <meta name='ocr-system' content='tesseract 3.04.00' />
  <meta name='ocr-capabilities' content='ocr_page ocr_carea ocr_par ocr_line ocrx_word'/>
</head>
<body>
  <div class='ocr_page' id='page_1' title='image "./monumentaspecta02umjegoog_0787.png"; bbox 0 0 3620 5282; ppageno 0'>
   <div class='ocr_carea' id='block_1_1' title="bbox 2938 417 3067 484">
    <p class='ocr_par' dir='ltr' id='par_1_1' title="bbox 2938 417 3067 484">
     <span class='ocr_line' id='line_1_1' title="bbox 2938 417 3067 484; baseline -0.016 0"><span class='ocrx_word' id='word_1_1' title='bbox 2938 417 3067 484; x_wconf 81' lang='lat'>235</span> 
     </span>
    </p>
   </div>
   <div class='ocr_carea' id='block_1_2' title="bbox 326 593 3068 2083">
    <p class='ocr_par' dir='ltr' id='par_1_2' title="bbox 330 593 3068 1030">
     <span class='ocr_line' id='line_1_2' title="bbox 337 593 3064 678; baseline -0 -19"><span class='ocrx_word' id='word_1_2' title='bbox 337 593 568 660; x_wconf 75' lang='lat' dir='ltr'><strong>cientes</strong></span> <span class='ocrx_word' id='word_1_3' title='bbox 615 594 694 658; x_wconf 91' lang='lat' dir='ltr'>ad</span> <span class='ocrx_word' id='word_1_4' title='bbox 741 593 1200 659; x_wconf 88' lang='lat' dir='ltr'>conducendum</span> <span class='ocrx_word' id='word_1_5' title='bbox 1265 594 1497 660; x_wconf 89' lang='lat' dir='ltr'>dictum</span> <span class='ocrx_word' id='word_1_6' title='bbox 1560 594 1937 678; x_wconf 88' lang='lat' dir='ltr'>galedellum</span> <span class='ocrx_word' id='word_1_7' title='bbox 2006 614 2196 678; x_wconf 90' lang='lat' dir='ltr'>usque</span> <span class='ocrx_word' id='word_1_8' title='bbox 2236 595 2639 673; x_wconf 88' lang='lat' dir='ltr'>Durachium,</span> <span class='ocrx_word' id='word_1_9' title='bbox 2685 595 2749 659; x_wconf 92' lang='lat' dir='ltr'>et</span> <span class='ocrx_word' id='word_1_10' title='bbox 2794 594 2952 678; x_wconf 90' lang='lat' dir='ltr'>qnod</span> <span class='ocrx_word' id='word_1_11' title='bbox 3001 594 3064 658; x_wconf 90' lang='lat' dir='ltr'>in</span> 
     </span>
     <span class='ocr_line' id='line_1_3' title="bbox 339 683 3068 767; baseline -0.001 -20"><span class='ocrx_word' id='word_1_12' title='bbox 339 683 620 747; x_wconf 89' lang='lat' dir='ltr'>Veneciis</span> <span class='ocrx_word' id='word_1_13' title='bbox 669 683 1005 747; x_wconf 83' lang='lat' dir='ltr'>extimetur</span> <span class='ocrx_word' id='word_1_14' title='bbox 1049 683 1390 766; x_wconf 89' lang='lat' dir='ltr'>galedellus</span> <span class='ocrx_word' id='word_1_15' title='bbox 1424 683 1513 747; x_wconf 85' lang='lat' dir='ltr'>sic</span> <span class='ocrx_word' id='word_1_16' title='bbox 1545 688 1795 765; x_wconf 88' lang='lat' dir='ltr'>paratus</span> <span class='ocrx_word' id='word_1_17' title='bbox 1843 685 2179 748; x_wconf 87' lang='lat' dir='ltr'>secundum</span> <span class='ocrx_word' id='word_1_18' title='bbox 2226 686 2383 767; x_wconf 89' lang='lat' dir='ltr'>quod</span> <span class='ocrx_word' id='word_1_19' title='bbox 2433 686 2529 748; x_wconf 90' lang='lat' dir='ltr'>est</span> <span class='ocrx_word' id='word_1_20' title='bbox 2576 685 2808 747; x_wconf 89' lang='lat' dir='ltr'>iustum</span> <span class='ocrx_word' id='word_1_21' title='bbox 2860 686 2923 747; x_wconf 90' lang='lat' dir='ltr'>et</span> <span class='ocrx_word' id='word_1_22' title='bbox 2970 703 3068 746; x_wconf 87' lang='lat' dir='ltr'>ra-</span> 
     </span>
     <span class='ocr_line' id='line_1_4' title="bbox 337 771 3067 854; baseline -0 -19"><span class='ocrx_word' id='word_1_23' title='bbox 337 771 655 847; x_wconf 88' lang='lat' dir='ltr'>tionabile,</span> <span class='ocrx_word' id='word_1_24' title='bbox 693 773 755 835; x_wconf 93' lang='lat' dir='ltr'>et</span> <span class='ocrx_word' id='word_1_25' title='bbox 803 771 1073 853; x_wconf 88' lang='lat' dir='ltr'>pretium</span> <span class='ocrx_word' id='word_1_26' title='bbox 1121 773 1252 834; x_wconf 90' lang='lat' dir='ltr'>tam</span> <span class='ocrx_word' id='word_1_27' title='bbox 1303 771 1598 853; x_wconf 84' lang='lat' dir='ltr'>galedelli</span> <span class='ocrx_word' id='word_1_28' title='bbox 1645 790 1829 854; x_wconf 89' lang='lat' dir='ltr'>quam</span> <span class='ocrx_word' id='word_1_29' title='bbox 1879 772 2200 835; x_wconf 88' lang='lat' dir='ltr'>hominum</span> <span class='ocrx_word' id='word_1_30' title='bbox 2250 772 2688 836; x_wconf 89' lang='lat' dir='ltr'>soldandorum</span> <span class='ocrx_word' id='word_1_31' title='bbox 2723 790 2829 853; x_wconf 91' lang='lat' dir='ltr'>pro</span> <span class='ocrx_word' id='word_1_32' title='bbox 2876 789 3067 835; x_wconf 87' lang='lat' dir='ltr'>causa</span> 
     </span>
     <span class='ocr_line' id='line_1_5' title="bbox 336 858 3064 942; baseline 0 -20"><span class='ocrx_word' id='word_1_33' title='bbox 336 859 691 940; x_wconf 89' lang='lat' dir='ltr'>supradicta</span> <span class='ocrx_word' id='word_1_34' title='bbox 740 859 1019 923; x_wconf 86' lang='lat' dir='ltr'>solvatur</span> <span class='ocrx_word' id='word_1_35' title='bbox 1047 878 1155 940; x_wconf 90' lang='lat' dir='ltr'>per</span> <span class='ocrx_word' id='word_1_36' title='bbox 1187 858 1419 923; x_wconf 87' lang='lat' dir='ltr'>dictum</span> <span class='ocrx_word' id='word_1_37' title='bbox 1470 859 1787 923; x_wconf 91' lang='lat' dir='ltr'>dominum</span> <span class='ocrx_word' id='word_1_38' title='bbox 1823 858 2111 924; x_wconf 84' lang='lat' dir='ltr'>Carolum</span> <span class='ocrx_word' id='word_1_39' title='bbox 2144 859 2444 942; x_wconf 82' lang='lat' dir='ltr'>Thopiam</span> <span class='ocrx_word' id='word_1_40' title='bbox 2479 861 2800 941; x_wconf 88' lang='lat' dir='ltr'>capitaneo</span> <span class='ocrx_word' id='word_1_41' title='bbox 2852 860 3064 922; x_wconf 89' lang='lat' dir='ltr'>nostro</span> 
     </span>
     <span class='ocr_line' id='line_1_6' title="bbox 330 946 3060 1030; baseline -0 -20"><span class='ocrx_word' id='word_1_42' title='bbox 330 947 496 1029; x_wconf 87' lang='lat' dir='ltr'>culfi,</span> <span class='ocrx_word' id='word_1_43' title='bbox 546 966 662 1010; x_wconf 88' lang='lat' dir='ltr'>non</span> <span class='ocrx_word' id='word_1_44' title='bbox 710 947 1010 1029; x_wconf 88' lang='lat' dir='ltr'>possendo</span> <span class='ocrx_word' id='word_1_45' title='bbox 1055 947 1291 1011; x_wconf 90' lang='lat' dir='ltr'>dictum</span> <span class='ocrx_word' id='word_1_46' title='bbox 1341 947 1719 1028; x_wconf 88' lang='lat' dir='ltr'>galedellum</span> <span class='ocrx_word' id='word_1_47' title='bbox 1769 947 1858 1010; x_wconf 89' lang='lat' dir='ltr'>ire</span> <span class='ocrx_word' id='word_1_48' title='bbox 1905 948 1965 1011; x_wconf 90' lang='lat' dir='ltr'>in</span> <span class='ocrx_word' id='word_1_49' title='bbox 2015 967 2262 1011; x_wconf 89' lang='lat' dir='ltr'>cursum</span> <span class='ocrx_word' id='word_1_50' title='bbox 2323 967 2431 1030; x_wconf 87' lang='lat' dir='ltr'>per</span> <span class='ocrx_word' id='word_1_51' title='bbox 2475 947 2748 1029; x_wconf 82' lang='lat' dir='ltr'>aliquem</span> <span class='ocrx_word' id='word_1_52' title='bbox 2792 946 3060 1010; x_wconf 91' lang='lat' dir='ltr'>modum.</span> 
     </span>
    </p>

    <p class='ocr_par' dir='ltr' id='par_1_3' title="bbox 326 1034 3065 2083">
     <span class='ocr_line' id='line_1_7' title="bbox 549 1034 3062 1117; baseline 0 -19"><span class='ocrx_word' id='word_1_53' title='bbox 549 1035 647 1098; x_wconf 89' lang='lat' dir='ltr'>Ad</span> <span class='ocrx_word' id='word_1_54' title='bbox 696 1037 1029 1099; x_wconf 90' lang='lat' dir='ltr'>secundam</span> <span class='ocrx_word' id='word_1_55' title='bbox 1080 1034 1567 1117; x_wconf 83' lang='lat' dir='ltr'>requisitionem,</span> <span class='ocrx_word' id='word_1_56' title='bbox 1620 1035 1922 1112; x_wconf 87' lang='lat' dir='ltr'>videlicet,</span> <span class='ocrx_word' id='word_1_57' title='bbox 1957 1036 2115 1117; x_wconf 88' lang='lat' dir='ltr'>quod</span> <span class='ocrx_word' id='word_1_58' title='bbox 2165 1035 2492 1100; x_wconf 77' lang='lat' dir='ltr'>mittamus</span> <span class='ocrx_word' id='word_1_59' title='bbox 2540 1054 2728 1099; x_wconf 88' lang='lat' dir='ltr'>unum</span> <span class='ocrx_word' id='word_1_60' title='bbox 2780 1038 3062 1098; x_wconf 88' lang='lat' dir='ltr'>nostrum</span> 
     </span>
     <span class='ocr_line' id='line_1_8' title="bbox 335 1122 3062 1205; baseline -0.001 -18"><span class='ocrx_word' id='word_1_61' title='bbox 335 1123 630 1187; x_wconf 87' lang='lat' dir='ltr'>nuncium</span> <span class='ocrx_word' id='word_1_62' title='bbox 680 1122 758 1186; x_wconf 89' lang='lat' dir='ltr'>ad</span> <span class='ocrx_word' id='word_1_63' title='bbox 822 1124 1033 1205; x_wconf 88' lang='lat' dir='ltr'>partes</span> <span class='ocrx_word' id='word_1_64' title='bbox 1096 1122 1411 1198; x_wconf 88' lang='lat' dir='ltr'>Durachii,</span> <span class='ocrx_word' id='word_1_65' title='bbox 1476 1123 1581 1204; x_wconf 92' lang='lat' dir='ltr'>qui</span> <span class='ocrx_word' id='word_1_66' title='bbox 1631 1122 1836 1186; x_wconf 87' lang='lat' dir='ltr'>videat</span> <span class='ocrx_word' id='word_1_67' title='bbox 1883 1123 2144 1187; x_wconf 89' lang='lat' dir='ltr'>intratas</span> <span class='ocrx_word' id='word_1_68' title='bbox 2191 1122 2406 1199; x_wconf 88' lang='lat' dir='ltr'>doane,</span> <span class='ocrx_word' id='word_1_69' title='bbox 2458 1123 2601 1205; x_wconf 87' lang='lat' dir='ltr'>quia</span> <span class='ocrx_word' id='word_1_70' title='bbox 2647 1123 2722 1186; x_wconf 89' lang='lat' dir='ltr'>de</span> <span class='ocrx_word' id='word_1_71' title='bbox 2770 1123 2909 1205; x_wconf 89' lang='lat' dir='ltr'>ipsa</span> <span class='ocrx_word' id='word_1_72' title='bbox 2957 1124 3062 1185; x_wconf 85' lang='lat' dir='ltr'>do-</span> 
     </span>
     <span class='ocr_line' id='line_1_9' title="bbox 337 1209 3064 1293; baseline -0 -20"><span class='ocrx_word' id='word_1_73' title='bbox 337 1211 544 1274; x_wconf 91' lang='lat' dir='ltr'>minus</span> <span class='ocrx_word' id='word_1_74' title='bbox 593 1209 848 1275; x_wconf 83' lang='lat' dir='ltr'>Carolus</span> <span class='ocrx_word' id='word_1_75' title='bbox 912 1211 1230 1292; x_wconf 88' lang='lat' dir='ltr'>predictus</span> <span class='ocrx_word' id='word_1_76' title='bbox 1299 1211 1432 1274; x_wconf 87' lang='lat' dir='ltr'>vult</span> <span class='ocrx_word' id='word_1_77' title='bbox 1488 1210 1641 1273; x_wconf 90' lang='lat' dir='ltr'>duas</span> <span class='ocrx_word' id='word_1_78' title='bbox 1702 1212 1923 1290; x_wconf 79' lang='lat' dir='ltr'>parteS,</span> <span class='ocrx_word' id='word_1_79' title='bbox 1973 1216 2035 1274; x_wconf 89' lang='lat' dir='ltr'>et</span> <span class='ocrx_word' id='word_1_80' title='bbox 2077 1211 2237 1293; x_wconf 89' lang='lat' dir='ltr'>quod</span> <span class='ocrx_word' id='word_1_81' title='bbox 2309 1210 2496 1275; x_wconf 89' lang='lat' dir='ltr'>tertia</span> <span class='ocrx_word' id='word_1_82' title='bbox 2542 1230 2684 1292; x_wconf 88' lang='lat' dir='ltr'>pars</span> <span class='ocrx_word' id='word_1_83' title='bbox 2731 1212 3064 1291; x_wconf 88' lang='lat' dir='ltr'>deputetur</span> 
     </span>
     <span class='ocr_line' id='line_1_10' title="bbox 331 1295 3065 1381; baseline 0 -21"><span class='ocrx_word' id='word_1_84' title='bbox 331 1316 439 1379; x_wconf 89' lang='lat' dir='ltr'>pro</span> <span class='ocrx_word' id='word_1_85' title='bbox 489 1299 660 1362; x_wconf 91' lang='lat' dir='ltr'>soldo</span> <span class='ocrx_word' id='word_1_86' title='bbox 708 1301 772 1362; x_wconf 90' lang='lat' dir='ltr'>et</span> <span class='ocrx_word' id='word_1_87' title='bbox 834 1299 1140 1381; x_wconf 86' lang='lat' dir='ltr'>stipendio</span> <span class='ocrx_word' id='word_1_88' title='bbox 1203 1295 1667 1362; x_wconf 87' lang='lat' dir='ltr'>balistatiorum</span> <span class='ocrx_word' id='word_1_89' title='bbox 1728 1298 1847 1362; x_wconf 91' lang='lat' dir='ltr'>sibi</span> <span class='ocrx_word' id='word_1_90' title='bbox 1917 1300 2402 1363; x_wconf 89' lang='lat' dir='ltr'>necessariorum</span> <span class='ocrx_word' id='word_1_91' title='bbox 2451 1316 2559 1380; x_wconf 92' lang='lat' dir='ltr'>pro</span> <span class='ocrx_word' id='word_1_92' title='bbox 2598 1298 2880 1362; x_wconf 87' lang='lat' dir='ltr'>custodia</span> <span class='ocrx_word' id='word_1_93' title='bbox 2933 1298 3065 1361; x_wconf 92' lang='lat' dir='ltr'>Du-</span> 
     </span>
     <span class='ocr_line' id='line_1_11' title="bbox 332 1384 3062 1470; baseline -0 -21"><span class='ocrx_word' id='word_1_94' title='bbox 332 1384 547 1464; x_wconf 89' lang='lat' dir='ltr'>rachii,</span> <span class='ocrx_word' id='word_1_95' title='bbox 598 1403 751 1469; x_wconf 91' lang='lat' dir='ltr'>qnos</span> <span class='ocrx_word' id='word_1_96' title='bbox 801 1387 937 1451; x_wconf 85' lang='lat' dir='ltr'>vult</span> <span class='ocrx_word' id='word_1_97' title='bbox 997 1386 1272 1466; x_wconf 86' lang='lat' dir='ltr'>accipere</span> <span class='ocrx_word' id='word_1_98' title='bbox 1324 1386 1385 1449; x_wconf 89' lang='lat' dir='ltr'>in</span> <span class='ocrx_word' id='word_1_99' title='bbox 1451 1385 1727 1449; x_wconf 88' lang='lat' dir='ltr'>Venetiis</span> <span class='ocrx_word' id='word_1_100' title='bbox 1791 1388 1924 1450; x_wconf 86' lang='lat' dir='ltr'>etc:</span> <span class='ocrx_word' id='word_1_101' title='bbox 1976 1388 2134 1469; x_wconf 88' lang='lat' dir='ltr'>quod</span> <span class='ocrx_word' id='word_1_102' title='bbox 2198 1406 2316 1450; x_wconf 90' lang='lat' dir='ltr'>non</span> <span class='ocrx_word' id='word_1_103' title='bbox 2363 1387 2608 1451; x_wconf 83' lang='lat' dir='ltr'>videtur</span> <span class='ocrx_word' id='word_1_104' title='bbox 2656 1386 2829 1449; x_wconf 92' lang='lat' dir='ltr'>nobis</span> <span class='ocrx_word' id='word_1_105' title='bbox 2878 1403 3062 1470; x_wconf 81' lang='lat' dir='ltr'>expe-</span> 
     </span>
     <span class='ocr_line' id='line_1_12' title="bbox 327 1472 3063 1557; baseline 0 -21"><span class='ocrx_word' id='word_1_106' title='bbox 327 1473 508 1537; x_wconf 83' lang='lat' dir='ltr'>diens</span> <span class='ocrx_word' id='word_1_107' title='bbox 557 1475 806 1538; x_wconf 84' lang='lat' dir='ltr'>mittere</span> <span class='ocrx_word' id='word_1_108' title='bbox 851 1474 1122 1557; x_wconf 86' lang='lat' dir='ltr'>aliquem</span> <span class='ocrx_word' id='word_1_109' title='bbox 1171 1477 1450 1537; x_wconf 90' lang='lat' dir='ltr'>nostrum</span> <span class='ocrx_word' id='word_1_110' title='bbox 1519 1473 1666 1537; x_wconf 88' lang='lat' dir='ltr'>illuc</span> <span class='ocrx_word' id='word_1_111' title='bbox 1757 1474 1924 1538; x_wconf 89' lang='lat' dir='ltr'>dicta</span> <span class='ocrx_word' id='word_1_112' title='bbox 1967 1477 2040 1537; x_wconf 88' lang='lat' dir='ltr'>de</span> <span class='ocrx_word' id='word_1_113' title='bbox 2087 1492 2291 1550; x_wconf 88' lang='lat' dir='ltr'>causa,</span> <span class='ocrx_word' id='word_1_114' title='bbox 2348 1472 2452 1537; x_wconf 90' lang='lat' dir='ltr'>sed</span> <span class='ocrx_word' id='word_1_115' title='bbox 2495 1475 2657 1537; x_wconf 89' lang='lat' dir='ltr'>sicut</span> <span class='ocrx_word' id='word_1_116' title='bbox 2702 1473 2859 1537; x_wconf 87' lang='lat' dir='ltr'>alias</span> <span class='ocrx_word' id='word_1_117' title='bbox 2907 1474 3063 1537; x_wconf 87' lang='lat' dir='ltr'>feci·</span> 
     </span>
     <span class='ocr_line' id='line_1_13' title="bbox 329 1560 3062 1643; baseline -0.001 -18"><span class='ocrx_word' id='word_1_118' title='bbox 329 1581 467 1625; x_wconf 91' lang='lat' dir='ltr'>mus</span> <span class='ocrx_word' id='word_1_119' title='bbox 515 1563 971 1643; x_wconf 86' lang='lat' dir='ltr'>responsionem</span> <span class='ocrx_word' id='word_1_120' title='bbox 1035 1563 1158 1624; x_wconf 91' lang='lat' dir='ltr'>alie</span> <span class='ocrx_word' id='word_1_121' title='bbox 1226 1560 1578 1626; x_wconf 82' lang='lat' dir='ltr'>ambaxiate</span> <span class='ocrx_word' id='word_1_122' title='bbox 1643 1560 1795 1625; x_wconf 87' lang='lat' dir='ltr'>dicti</span> <span class='ocrx_word' id='word_1_123' title='bbox 1858 1562 2091 1625; x_wconf 88' lang='lat' dir='ltr'>domini</span> <span class='ocrx_word' id='word_1_124' title='bbox 2159 1561 2235 1626; x_wconf 89' lang='lat' dir='ltr'>ad</span> <span class='ocrx_word' id='word_1_125' title='bbox 2283 1581 2390 1626; x_wconf 91' lang='lat' dir='ltr'>nos</span> <span class='ocrx_word' id='word_1_126' title='bbox 2437 1561 2641 1633; x_wconf 86' lang='lat' dir='ltr'>misse,</span> <span class='ocrx_word' id='word_1_127' title='bbox 2691 1579 2796 1624; x_wconf 90' lang='lat' dir='ltr'>nos</span> <span class='ocrx_word' id='word_1_128' title='bbox 2845 1579 3062 1624; x_wconf 88' lang='lat' dir='ltr'>sumus</span> 
     </span>
     <span class='ocr_line' id='line_1_14' title="bbox 330 1648 3061 1732; baseline 0 -20"><span class='ocrx_word' id='word_1_129' title='bbox 330 1649 606 1713; x_wconf 83' lang='lat' dir='ltr'>contenti</span> <span class='ocrx_word' id='word_1_130' title='bbox 653 1651 717 1713; x_wconf 93' lang='lat' dir='ltr'>et</span> <span class='ocrx_word' id='word_1_131' title='bbox 762 1651 969 1731; x_wconf 89' lang='lat' dir='ltr'>placet</span> <span class='ocrx_word' id='word_1_132' title='bbox 1012 1648 1205 1723; x_wconf 87' lang='lat' dir='ltr'>nobis,</span> <span class='ocrx_word' id='word_1_133' title='bbox 1256 1648 1414 1732; x_wconf 89' lang='lat' dir='ltr'>quod</span> <span class='ocrx_word' id='word_1_134' title='bbox 1462 1666 1567 1730; x_wconf 90' lang='lat' dir='ltr'>pro</span> <span class='ocrx_word' id='word_1_135' title='bbox 1615 1666 1727 1712; x_wconf 88' lang='lat' dir='ltr'>sua</span> <span class='ocrx_word' id='word_1_136' title='bbox 1776 1652 2038 1731; x_wconf 86' lang='lat' dir='ltr'>pecunia</span> <span class='ocrx_word' id='word_1_137' title='bbox 2089 1650 2286 1732; x_wconf 85' lang='lat' dir='ltr'>possit</span> <span class='ocrx_word' id='word_1_138' title='bbox 2330 1649 2571 1713; x_wconf 87' lang='lat' dir='ltr'>soldare</span> <span class='ocrx_word' id='word_1_139' title='bbox 2603 1648 2678 1712; x_wconf 90' lang='lat' dir='ltr'>de</span> <span class='ocrx_word' id='word_1_140' title='bbox 2718 1648 3061 1712; x_wconf 85' lang='lat' dir='ltr'>balistariis</span> 
     </span>
     <span class='ocr_line' id='line_1_15' title="bbox 330 1736 3060 1820; baseline -0.001 -20"><span class='ocrx_word' id='word_1_141' title='bbox 330 1739 395 1801; x_wconf 90' lang='lat' dir='ltr'>et</span> <span class='ocrx_word' id='word_1_142' title='bbox 440 1736 577 1800; x_wconf 86' lang='lat' dir='ltr'>aliis</span> <span class='ocrx_word' id='word_1_143' title='bbox 626 1738 916 1819; x_wconf 88' lang='lat' dir='ltr'>gentibus</span> <span class='ocrx_word' id='word_1_144' title='bbox 966 1737 1416 1802; x_wconf 85' lang='lat' dir='ltr'>habitatoribus</span> <span class='ocrx_word' id='word_1_145' title='bbox 1465 1737 1743 1801; x_wconf 86' lang='lat' dir='ltr'>Venetiis</span> <span class='ocrx_word' id='word_1_146' title='bbox 1770 1756 1878 1820; x_wconf 90' lang='lat' dir='ltr'>pro</span> <span class='ocrx_word' id='word_1_147' title='bbox 1904 1739 2184 1802; x_wconf 90' lang='lat' dir='ltr'>custodia</span> <span class='ocrx_word' id='word_1_148' title='bbox 2222 1738 2466 1801; x_wconf 88' lang='lat' dir='ltr'>tantum</span> <span class='ocrx_word' id='word_1_149' title='bbox 2500 1736 2774 1801; x_wconf 90' lang='lat' dir='ltr'>locorum</span> <span class='ocrx_word' id='word_1_150' title='bbox 2808 1754 3060 1800; x_wconf 90' lang='lat' dir='ltr'>suorum</span> 
     </span>
     <span class='ocr_line' id='line_1_16' title="bbox 328 1823 3064 1907; baseline 0 -20"><span class='ocrx_word' id='word_1_151' title='bbox 328 1824 404 1888; x_wconf 87' lang='lat' dir='ltr'>ad</span> <span class='ocrx_word' id='word_1_152' title='bbox 456 1825 910 1906; x_wconf 88' lang='lat' dir='ltr'>beneplacitum</span> <span class='ocrx_word' id='word_1_153' title='bbox 960 1827 1111 1904; x_wconf 79' lang='lat' dir='ltr'>eiuS‚</span> <span class='ocrx_word' id='word_1_154' title='bbox 1163 1825 1250 1889; x_wconf 90' lang='lat' dir='ltr'>ita</span> <span class='ocrx_word' id='word_1_155' title='bbox 1297 1828 1453 1907; x_wconf 90' lang='lat' dir='ltr'>quod</span> <span class='ocrx_word' id='word_1_156' title='bbox 1504 1844 1644 1888; x_wconf 91' lang='lat' dir='ltr'>cum</span> <span class='ocrx_word' id='word_1_157' title='bbox 1695 1844 1807 1890; x_wconf 88' lang='lat' dir='ltr'>sua</span> <span class='ocrx_word' id='word_1_158' title='bbox 1855 1826 2112 1906; x_wconf 86' lang='lat' dir='ltr'>pecunia</span> <span class='ocrx_word' id='word_1_159' title='bbox 2161 1825 2370 1907; x_wconf 90' lang='lat' dir='ltr'>posset</span> <span class='ocrx_word' id='word_1_160' title='bbox 2426 1826 2665 1888; x_wconf 85' lang='lat' dir='ltr'>soldare</span> <span class='ocrx_word' id='word_1_161' title='bbox 2712 1823 2905 1888; x_wconf 84' lang='lat' dir='ltr'>dictos</span> <span class='ocrx_word' id='word_1_162' title='bbox 2953 1823 3064 1887; x_wconf 89' lang='lat' dir='ltr'>ba-</span> 
     </span>
     <span class='ocr_line' id='line_1_17' title="bbox 327 1912 3061 1995; baseline -0 -20"><span class='ocrx_word' id='word_1_163' title='bbox 327 1912 603 1977; x_wconf 89' lang='lat' dir='ltr'>listarios</span> <span class='ocrx_word' id='word_1_164' title='bbox 651 1918 712 1975; x_wconf 90' lang='lat' dir='ltr'>et</span> <span class='ocrx_word' id='word_1_165' title='bbox 773 1914 951 1991; x_wconf 90' lang='lat' dir='ltr'>alios,</span> <span class='ocrx_word' id='word_1_166' title='bbox 1016 1916 1076 1976; x_wconf 89' lang='lat' dir='ltr'>et</span> <span class='ocrx_word' id='word_1_167' title='bbox 1140 1914 1373 1976; x_wconf 88' lang='lat' dir='ltr'>solvere</span> <span class='ocrx_word' id='word_1_168' title='bbox 1444 1913 1551 1989; x_wconf 81' lang='lat' dir='ltr'>eiS,</span> <span class='ocrx_word' id='word_1_169' title='bbox 1623 1913 1768 1995; x_wconf 88' lang='lat' dir='ltr'>quia</span> <span class='ocrx_word' id='word_1_170' title='bbox 1817 1932 1936 1977; x_wconf 91' lang='lat' dir='ltr'>non</span> <span class='ocrx_word' id='word_1_171' title='bbox 1983 1915 2081 1977; x_wconf 91' lang='lat' dir='ltr'>est</span> <span class='ocrx_word' id='word_1_172' title='bbox 2142 1912 2486 1995; x_wconf 65' lang='lat' dir='ltr'>expediam,</span> <span class='ocrx_word' id='word_1_173' title='bbox 2535 1912 2692 1994; x_wconf 91' lang='lat' dir='ltr'>quod</span> <span class='ocrx_word' id='word_1_174' title='bbox 2735 1912 3061 1975; x_wconf 88' lang='lat' dir='ltr'>mittamus</span> 
     </span>
     <span class='ocr_line' id='line_1_18' title="bbox 326 1999 1634 2083; baseline 0 -19"><span class='ocrx_word' id='word_1_175' title='bbox 326 1999 596 2083; x_wconf 87' lang='lat' dir='ltr'>aliquem</span> <span class='ocrx_word' id='word_1_176' title='bbox 647 2000 724 2063; x_wconf 92' lang='lat' dir='ltr'>ad</span> <span class='ocrx_word' id='word_1_177' title='bbox 777 2001 1106 2066; x_wconf 88' lang='lat' dir='ltr'>videndum</span> <span class='ocrx_word' id='word_1_178' title='bbox 1157 2001 1422 2065; x_wconf 87' lang='lat' dir='ltr'>intratas</span> <span class='ocrx_word' id='word_1_179' title='bbox 1469 2018 1634 2064; x_wconf 88' lang='lat' dir='ltr'>suas.</span> 
     </span>
    </p>
   </div>
   <div class='ocr_carea' id='block_1_3' title="bbox 329 2107 3061 2700">
    <p class='ocr_par' dir='ltr' id='par_1_4' title="bbox 329 2107 3061 2609">
     <span class='ocr_line' id='line_1_19' title="bbox 535 2107 3052 2189; baseline 0 -19"><span class='ocrx_word' id='word_1_180' title='bbox 535 2107 633 2170; x_wconf 90' lang='lat' dir='ltr'>Ad</span> <span class='ocrx_word' id='word_1_181' title='bbox 683 2109 931 2172; x_wconf 88' lang='lat' dir='ltr'>tertiam</span> <span class='ocrx_word' id='word_1_182' title='bbox 984 2108 1468 2189; x_wconf 87' lang='lat' dir='ltr'>requisitionem,</span> <span class='ocrx_word' id='word_1_183' title='bbox 1505 2107 1813 2183; x_wconf 86' lang='lat' dir='ltr'>videlicet,</span> <span class='ocrx_word' id='word_1_184' title='bbox 1854 2109 2011 2189; x_wconf 89' lang='lat' dir='ltr'>quod</span> <span class='ocrx_word' id='word_1_185' title='bbox 2049 2107 2459 2188; x_wconf 87' lang='lat' dir='ltr'>precipiamus</span> <span class='ocrx_word' id='word_1_186' title='bbox 2493 2107 2811 2187; x_wconf 77' lang='lat' dir='ltr'>capitaneo</span> <span class='ocrx_word' id='word_1_187' title='bbox 2846 2108 3052 2170; x_wconf 84' lang='lat' dir='ltr'>nostro</span> 
     </span>
     <span class='ocr_line' id='line_1_20' title="bbox 337 2194 3061 2277; baseline -0.001 -18"><span class='ocrx_word' id='word_1_188' title='bbox 337 2194 508 2270; x_wconf 88' lang='lat' dir='ltr'>culfi,</span> <span class='ocrx_word' id='word_1_189' title='bbox 559 2197 719 2277; x_wconf 89' lang='lat' dir='ltr'>quod</span> <span class='ocrx_word' id='word_1_190' title='bbox 764 2214 901 2259; x_wconf 89' lang='lat' dir='ltr'>cum</span> <span class='ocrx_word' id='word_1_191' title='bbox 949 2196 1144 2276; x_wconf 84' lang='lat' dir='ltr'>galeis</span> <span class='ocrx_word' id='word_1_192' title='bbox 1194 2196 1421 2258; x_wconf 88' lang='lat' dir='ltr'>nostris</span> <span class='ocrx_word' id='word_1_193' title='bbox 1470 2195 1587 2258; x_wconf 88' lang='lat' dir='ltr'>sibi</span> <span class='ocrx_word' id='word_1_194' title='bbox 1637 2195 1984 2259; x_wconf 84' lang='lat' dir='ltr'>commissis</span> <span class='ocrx_word' id='word_1_195' title='bbox 2035 2196 2254 2259; x_wconf 88' lang='lat' dir='ltr'>debeat</span> <span class='ocrx_word' id='word_1_196' title='bbox 2301 2197 2364 2257; x_wconf 90' lang='lat' dir='ltr'>in</span> <span class='ocrx_word' id='word_1_197' title='bbox 2412 2195 2657 2259; x_wconf 86' lang='lat' dir='ltr'>casibus</span> <span class='ocrx_word' id='word_1_198' title='bbox 2705 2195 3061 2275; x_wconf 88' lang='lat' dir='ltr'>opportunis</span> 
     </span>
     <span class='ocr_line' id='line_1_21' title="bbox 333 2282 3061 2366; baseline -0.002 -19"><span class='ocrx_word' id='word_1_199' title='bbox 333 2301 685 2347; x_wconf 81' lang='lat' dir='ltr'>succurrere</span> <span class='ocrx_word' id='word_1_200' title='bbox 735 2282 898 2347; x_wconf 90' lang='lat' dir='ltr'>dicte</span> <span class='ocrx_word' id='word_1_201' title='bbox 947 2285 1109 2346; x_wconf 88' lang='lat' dir='ltr'>terre</span> <span class='ocrx_word' id='word_1_202' title='bbox 1160 2282 1455 2347; x_wconf 89' lang='lat' dir='ltr'>Durachii</span> <span class='ocrx_word' id='word_1_203' title='bbox 1503 2303 1610 2364; x_wconf 92' lang='lat' dir='ltr'>per</span> <span class='ocrx_word' id='word_1_204' title='bbox 1655 2300 1847 2360; x_wconf 89' lang='lat' dir='ltr'>mare,</span> <span class='ocrx_word' id='word_1_205' title='bbox 1898 2285 2154 2358; x_wconf 90' lang='lat' dir='ltr'>dicatur,</span> <span class='ocrx_word' id='word_1_206' title='bbox 2208 2283 2363 2366; x_wconf 85' lang='lat' dir='ltr'>quod</span> <span class='ocrx_word' id='word_1_207' title='bbox 2424 2282 2850 2345; x_wconf 84' lang='lat' dir='ltr'>mandavimus</span> <span class='ocrx_word' id='word_1_208' title='bbox 2899 2282 3061 2361; x_wconf 88' lang='lat' dir='ltr'>capi-</span> 
     </span>
     <span class='ocr_line' id='line_1_22' title="bbox 332 2369 3061 2455; baseline -0 -24"><span class='ocrx_word' id='word_1_209' title='bbox 332 2372 512 2432; x_wconf 90' lang='lat' dir='ltr'>taneo</span> <span class='ocrx_word' id='word_1_210' title='bbox 560 2371 764 2434; x_wconf 90' lang='lat' dir='ltr'>nostro</span> <span class='ocrx_word' id='word_1_211' title='bbox 812 2370 981 2446; x_wconf 79' lang='lat' dir='ltr'>culfi,</span> <span class='ocrx_word' id='word_1_212' title='bbox 1031 2373 1094 2434; x_wconf 89' lang='lat' dir='ltr'>et</span> <span class='ocrx_word' id='word_1_213' title='bbox 1141 2370 1229 2435; x_wconf 91' lang='lat' dir='ltr'>sic</span> <span class='ocrx_word' id='word_1_214' title='bbox 1278 2370 1758 2452; x_wconf 89' lang='lat' dir='ltr'>repplicabimus</span> <span class='ocrx_word' id='word_1_215' title='bbox 1820 2391 1927 2455; x_wconf 90' lang='lat' dir='ltr'>per</span> <span class='ocrx_word' id='word_1_216' title='bbox 1992 2374 2230 2434; x_wconf 84' lang='lat' dir='ltr'>nostras</span> <span class='ocrx_word' id='word_1_217' title='bbox 2297 2371 2542 2433; x_wconf 81' lang='lat' dir='ltr'>litteras</span> <span class='ocrx_word' id='word_1_218' title='bbox 2612 2369 2775 2435; x_wconf 86' lang='lat' dir='ltr'>dicto</span> <span class='ocrx_word' id='word_1_219' title='bbox 2822 2370 3061 2451; x_wconf 88' lang='lat' dir='ltr'>capita-</span> 
     </span>
     <span class='ocr_line' id='line_1_23' title="bbox 330 2456 3057 2539; baseline -0.001 -18"><span class='ocrx_word' id='word_1_220' title='bbox 330 2475 461 2534; x_wconf 90' lang='lat' dir='ltr'>neo,</span> <span class='ocrx_word' id='word_1_221' title='bbox 510 2456 666 2539; x_wconf 91' lang='lat' dir='ltr'>quod</span> <span class='ocrx_word' id='word_1_222' title='bbox 731 2458 955 2523; x_wconf 89' lang='lat' dir='ltr'>debeat</span> <span class='ocrx_word' id='word_1_223' title='bbox 1018 2477 1151 2522; x_wconf 86' lang='lat' dir='ltr'>esse</span> <span class='ocrx_word' id='word_1_224' title='bbox 1200 2460 1262 2521; x_wconf 91' lang='lat' dir='ltr'>in</span> <span class='ocrx_word' id='word_1_225' title='bbox 1324 2477 1506 2523; x_wconf 88' lang='lat' dir='ltr'>omne</span> <span class='ocrx_word' id='word_1_226' title='bbox 1564 2457 1863 2524; x_wconf 87' lang='lat' dir='ltr'>auxilium</span> <span class='ocrx_word' id='word_1_227' title='bbox 1927 2462 1990 2523; x_wconf 92' lang='lat' dir='ltr'>et</span> <span class='ocrx_word' id='word_1_228' title='bbox 2037 2458 2309 2523; x_wconf 86' lang='lat' dir='ltr'>favorem</span> <span class='ocrx_word' id='word_1_229' title='bbox 2377 2457 2523 2521; x_wconf 85' lang='lat' dir='ltr'>dicti</span> <span class='ocrx_word' id='word_1_230' title='bbox 2570 2457 2797 2522; x_wconf 91' lang='lat' dir='ltr'>domini</span> <span class='ocrx_word' id='word_1_231' title='bbox 2853 2456 3057 2522; x_wconf 89' lang='lat' dir='ltr'>Caroli</span> 
     </span>
     <span class='ocr_line' id='line_1_24' title="bbox 329 2543 1028 2609; baseline 0 -1"><span class='ocrx_word' id='word_1_232' title='bbox 329 2546 391 2608; x_wconf 83' lang='lat' dir='ltr'>et</span> <span class='ocrx_word' id='word_1_233' title='bbox 443 2543 717 2609; x_wconf 89' lang='lat' dir='ltr'>locorum</span> <span class='ocrx_word' id='word_1_234' title='bbox 760 2564 1028 2609; x_wconf 87' lang='lat' dir='ltr'>suorum.</span> 
     </span>
    </p>

    <p class='ocr_par' dir='ltr' id='par_1_5' title="bbox 538 2631 1815 2700">
     <span class='ocr_line' id='line_1_25' title="bbox 538 2631 1815 2700; baseline 0.002 -3"><span class='ocrx_word' id='word_1_235' title='bbox 538 2631 876 2698; x_wconf 79' lang='lat' dir='ltr'>—70-de</span> <span class='ocrx_word' id='word_1_236' title='bbox 926 2653 1042 2698; x_wconf 90' lang='lat' dir='ltr'>non</span> <span class='ocrx_word' id='word_1_237' title='bbox 1100 2634 1174 2697; x_wconf 88' lang='lat'>19</span> <span class='ocrx_word' id='word_1_238' title='bbox 1223 2652 1342 2699; x_wconf 91' lang='lat' dir='ltr'>non</span> <span class='ocrx_word' id='word_1_239' title='bbox 1389 2633 1815 2700; x_wconf 84' lang='lat' dir='ltr'>sinceri—15.</span> 
     </span>
    </p>
   </div>
   <div class='ocr_carea' id='block_1_4' title="bbox 296 2738 1507 2809">
    <p class='ocr_par' dir='ltr' id='par_1_6' title="bbox 296 2738 1507 2809">
     <span class='ocr_line' id='line_1_26' title="bbox 296 2738 1507 2809; baseline 0.006 -11"><span class='ocrx_word' id='word_1_240' title='bbox 296 2738 317 2747; x_wconf 69' lang='grc'><strong><em>“</em></strong></span> <span class='ocrx_word' id='word_1_241' title='bbox 413 2740 593 2799; x_wconf 76' lang='lat' dir='ltr'>Misti</span> <span class='ocrx_word' id='word_1_242' title='bbox 645 2740 787 2801; x_wconf 89' lang='lat' dir='ltr'>XL.</span> <span class='ocrx_word' id='word_1_243' title='bbox 840 2742 939 2809; x_wconf 86' lang='grc'>68,</span> <span class='ocrx_word' id='word_1_244' title='bbox 985 2759 1026 2799; x_wconf 84' lang='lat' dir='ltr'><em>u</em></span> <span class='ocrx_word' id='word_1_245' title='bbox 1075 2743 1228 2803; x_wconf 80' lang='lat' dir='ltr'>mlet.</span> <span class='ocrx_word' id='word_1_246' title='bbox 1273 2744 1507 2805; x_wconf 78' lang='lat' dir='ltr'>arkivu.</span> 
     </span>
    </p>
   </div>
   <div class='ocr_carea' id='block_1_5' title="bbox 397 2943 2988 3067">
    <p class='ocr_par' dir='ltr' id='par_1_7' title="bbox 397 2943 2988 3067">
     <span class='ocr_line' id='line_1_27' title="bbox 397 2943 2988 3067; baseline 0.001 -41"><span class='ocrx_word' id='word_1_247' title='bbox 397 2943 1087 3028; x_wconf 84' lang='lat' dir='ltr'>CCCXXXVIII.</span> <span class='ocrx_word' id='word_1_248' title='bbox 1147 2947 1352 3030; x_wconf 78' lang='lat' dir='ltr'>God.</span> <span class='ocrx_word' id='word_1_249' title='bbox 1410 2948 1629 3030; x_wconf 77' lang='lat'>1387.</span> <span class='ocrx_word' id='word_1_250' title='bbox 1684 2949 1790 3031; x_wconf 75' lang='lat'>24</span> <span class='ocrx_word' id='word_1_251' title='bbox 1843 2951 2220 3067; x_wconf 61' lang='lat' dir='ltr'>trax-ma,</span> <span class='ocrx_word' id='word_1_252' title='bbox 2278 2972 2332 3030; x_wconf 90' lang='lat' dir='ltr'>u</span> <span class='ocrx_word' id='word_1_253' title='bbox 2389 2949 2988 3031; x_wconf 84' lang='lat' dir='ltr'>Dubrovniku.</span> 
     </span>
    </p>
   </div>
   <div class='ocr_carea' id='block_1_6' title="bbox 243 3090 3062 3429">
    <p class='ocr_par' dir='ltr' id='par_1_8' title="bbox 243 3090 3062 3429">
     <span class='ocr_line' id='line_1_28' title="bbox 326 3090 3061 3165; baseline 0.001 -19"><span class='ocrx_word' id='word_1_254' title='bbox 326 3090 710 3148; x_wconf 65' lang='lat' dir='ltr'>Dubrovcani</span> <span class='ocrx_word' id='word_1_255' title='bbox 767 3091 1135 3165; x_wconf 73' lang='lat' dir='ltr'>odyovaraju</span> <span class='ocrx_word' id='word_1_256' title='bbox 1196 3092 1579 3160; x_wconf 65' lang='lat' dir='ltr'>Mletcanom,</span> <span class='ocrx_word' id='word_1_257' title='bbox 1628 3094 1705 3149; x_wconf 82' lang='lat' dir='ltr'>da</span> <span class='ocrx_word' id='word_1_258' title='bbox 1753 3094 1854 3150; x_wconf 62' lang='lat' dir='ltr'>am&amp;</span> <span class='ocrx_word' id='word_1_259' title='bbox 1900 3110 2119 3165; x_wconf 75' lang='lat' dir='ltr'>nepaze</span> <span class='ocrx_word' id='word_1_260' title='bbox 2182 3094 2360 3152; x_wconf 79' lang='lat' dir='ltr'>toliko</span> <span class='ocrx_word' id='word_1_261' title='bbox 2407 3112 2489 3152; x_wconf 83' lang='lat' dir='ltr'>na</span> <span class='ocrx_word' id='word_1_262' title='bbox 2535 3098 2819 3151; x_wconf 79' lang='lat' dir='ltr'>ustanove</span> <span class='ocrx_word' id='word_1_263' title='bbox 2866 3095 3061 3151; x_wconf 73' lang='lat' dir='ltr'>turin-</span> 
     </span>
     <span class='ocr_line' id='line_1_29' title="bbox 325 3178 3062 3256; baseline 0.001 -21"><span class='ocrx_word' id='word_1_264' title='bbox 325 3178 509 3252; x_wconf 75' lang='lat' dir='ltr'>skoqa</span> <span class='ocrx_word' id='word_1_265' title='bbox 554 3179 710 3235; x_wconf 74' lang='lat' dir='ltr'>mira</span> <span class='ocrx_word' id='word_1_266' title='bbox 759 3196 801 3237; x_wconf 83' lang='lat' dir='ltr'><em>u</em></span> <span class='ocrx_word' id='word_1_267' title='bbox 841 3180 929 3237; x_wconf 68' lang='lat' dir='ltr'>sto</span> <span class='ocrx_word' id='word_1_268' title='bbox 976 3196 1037 3238; x_wconf 81' lang='lat' dir='ltr'>se</span> <span class='ocrx_word' id='word_1_269' title='bbox 1084 3179 1193 3238; x_wconf 58' lang='lat' dir='ltr'>tide</span> <span class='ocrx_word' id='word_1_270' title='bbox 1256 3181 1486 3239; x_wconf 81' lang='lat' dir='ltr'>slobode</span> <span class='ocrx_word' id='word_1_271' title='bbox 1552 3184 1868 3254; x_wconf 69' lang='lat' dir='ltr'>tryoeama</span> <span class='ocrx_word' id='word_1_272' title='bbox 1913 3198 1956 3240; x_wconf 80' lang='lat' dir='ltr'><em>u</em></span> <span class='ocrx_word' id='word_1_273' title='bbox 2005 3182 2269 3256; x_wconf 76' lang='lat' dir='ltr'>Mletce&#39;h‚</span> <span class='ocrx_word' id='word_1_274' title='bbox 2316 3182 2484 3254; x_wconf 72' lang='lat' dir='ltr'>pos&#39;to</span> <span class='ocrx_word' id='word_1_275' title='bbox 2525 3198 2595 3239; x_wconf 81' lang='lat' dir='ltr'>su</span> <span class='ocrx_word' id='word_1_276' title='bbox 2627 3182 2929 3255; x_wconf 67' lang='lat' dir='ltr'>umorem,</span> <span class='ocrx_word' id='word_1_277' title='bbox 2980 3181 3062 3239; x_wconf 80' lang='lat' dir='ltr'>da</span> 
     </span>
     <span class='ocr_line' id='line_1_30' title="bbox 243 3265 3058 3343; baseline 0.001 -19"><span class='ocrx_word' id='word_1_278' title='bbox 243 3296 257 3310; x_wconf 78' lang='lat'>=</span> <span class='ocrx_word' id='word_1_279' title='bbox 314 3267 433 3337; x_wconf 75' lang='lat' dir='ltr'>jim</span> <span class='ocrx_word' id='word_1_280' title='bbox 480 3267 618 3326; x_wconf 65' lang='lat' dir='ltr'>nece</span> <span class='ocrx_word' id='word_1_281' title='bbox 664 3267 821 3326; x_wconf 80' lang='lat' dir='ltr'>mlet.</span> <span class='ocrx_word' id='word_1_282' title='bbox 868 3265 1188 3340; x_wconf 77' lang='lat' dir='ltr'>republika</span> <span class='ocrx_word' id='word_1_283' title='bbox 1224 3273 1385 3327; x_wconf 78' lang='lat' dir='ltr'>stare</span> <span class='ocrx_word' id='word_1_284' title='bbox 1432 3270 1659 3339; x_wconf 76' lang='lat' dir='ltr'>ljubavi</span> <span class='ocrx_word' id='word_1_285' title='bbox 1702 3270 2008 3342; x_wconf 62' lang='lat' dir='ltr'>usk-ratiti,</span> <span class='ocrx_word' id='word_1_286' title='bbox 2060 3287 2203 3343; x_wconf 68' lang='grc' dir='ltr'><strong><em>περι)</em></strong></span> <span class='ocrx_word' id='word_1_287' title='bbox 2242 3270 2321 3327; x_wconf 79' lang='lat' dir='ltr'>da</span> <span class='ocrx_word' id='word_1_288' title='bbox 2367 3270 2429 3328; x_wconf 78' lang='grc' dir='ltr'>έε</span> <span class='ocrx_word' id='word_1_289' title='bbox 2473 3287 2535 3328; x_wconf 87' lang='lat' dir='ltr'>se</span> <span class='ocrx_word' id='word_1_290' title='bbox 2600 3286 2630 3327; x_wconf 86' lang='lat' dir='ltr'>s</span> <span class='ocrx_word' id='word_1_291' title='bbox 2661 3270 2834 3342; x_wconf 76' lang='lat' dir='ltr'>njimi</span> <span class='ocrx_word' id='word_1_292' title='bbox 2865 3286 3058 3342; x_wconf 78' lang='lat' dir='ltr'>pona-</span> 
     </span>
     <span class='ocr_line' id='line_1_31' title="bbox 1230 3356 2150 3429; baseline 0.003 -15"><span class='ocrx_word' id='word_1_293' title='bbox 1230 3356 1352 3414; x_wconf 70' lang='lat' dir='ltr'>s&#39;ati</span> <span class='ocrx_word' id='word_1_294' title='bbox 1415 3358 1626 3426; x_wconf 77' lang='lat' dir='ltr'>onan,</span> <span class='ocrx_word' id='word_1_295' title='bbox 1679 3358 1793 3416; x_wconf 75' lang='grc' dir='ltr'><em>Ιεαο</em></span> <span class='ocrx_word' id='word_1_296' title='bbox 1841 3356 1929 3415; x_wconf 68' lang='lat' dir='ltr'>sto</span> <span class='ocrx_word' id='word_1_297' title='bbox 1971 3358 2150 3429; x_wconf 73' lang='lat' dir='ltr'>pr-ije.</span> 
     </span>
    </p>
   </div>
   <div class='ocr_carea' id='block_1_7' title="bbox 320 3474 3059 3893">
    <p class='ocr_par' dir='ltr' id='par_1_9' title="bbox 320 3474 3059 3893">
     <span class='ocr_line' id='line_1_32' title="bbox 534 3474 3059 3560; baseline 0.002 -23"><span class='ocrx_word' id='word_1_298' title='bbox 534 3474 877 3556; x_wconf 86' lang='lat' dir='ltr'>Responsio</span> <span class='ocrx_word' id='word_1_299' title='bbox 928 3475 1298 3541; x_wconf 88' lang='lat' dir='ltr'>litteratoria</span> <span class='ocrx_word' id='word_1_300' title='bbox 1340 3477 1501 3542; x_wconf 86' lang='lat' dir='ltr'>facta</span> <span class='ocrx_word' id='word_1_301' title='bbox 1549 3498 1657 3560; x_wconf 86' lang='lat' dir='ltr'>per</span> <span class='ocrx_word' id='word_1_302' title='bbox 1727 3480 2047 3553; x_wconf 87' lang='lat' dir='ltr'>rectorem,</span> <span class='ocrx_word' id='word_1_303' title='bbox 2116 3477 2439 3540; x_wconf 88' lang='lat' dir='ltr'>consilium</span> <span class='ocrx_word' id='word_1_304' title='bbox 2489 3479 2551 3539; x_wconf 89' lang='lat' dir='ltr'>et</span> <span class='ocrx_word' id='word_1_305' title='bbox 2608 3496 2936 3542; x_wconf 89' lang='lat' dir='ltr'>commune</span> <span class='ocrx_word' id='word_1_306' title='bbox 2969 3477 3059 3542; x_wconf 88' lang='lat' dir='ltr'>ci-</span> 
     </span>
     <span class='ocr_line' id='line_1_33' title="bbox 331 3561 3059 3647; baseline 0.003 -24"><span class='ocrx_word' id='word_1_307' title='bbox 331 3561 545 3626; x_wconf 84' lang='lat' dir='ltr'>vitatis</span> <span class='ocrx_word' id='word_1_308' title='bbox 592 3562 852 3645; x_wconf 85' lang='lat' dir='ltr'>Ragusii</span> <span class='ocrx_word' id='word_1_309' title='bbox 913 3564 991 3626; x_wconf 90' lang='lat' dir='ltr'>ad</span> <span class='ocrx_word' id='word_1_310' title='bbox 1040 3565 1287 3628; x_wconf 86' lang='lat' dir='ltr'>ducales</span> <span class='ocrx_word' id='word_1_311' title='bbox 1349 3565 1589 3628; x_wconf 78' lang='lat' dir='ltr'>litteras</span> <span class='ocrx_word' id='word_1_312' title='bbox 1654 3566 2062 3638; x_wconf 79' lang='lat' dir='ltr'>continenteS,</span> <span class='ocrx_word' id='word_1_313' title='bbox 2111 3565 2162 3627; x_wconf 87' lang='lat' dir='ltr'>si</span> <span class='ocrx_word' id='word_1_314' title='bbox 2213 3565 2420 3646; x_wconf 86' lang='lat' dir='ltr'>aliqua</span> <span class='ocrx_word' id='word_1_315' title='bbox 2468 3567 2669 3647; x_wconf 90' lang='lat' dir='ltr'>portio</span> <span class='ocrx_word' id='word_1_316' title='bbox 2720 3568 2784 3628; x_wconf 87' lang='lat' dir='ltr'>et</span> <span class='ocrx_word' id='word_1_317' title='bbox 2829 3568 3059 3647; x_wconf 89' lang='lat' dir='ltr'>quanta</span> 
     </span>
     <span class='ocr_line' id='line_1_34' title="bbox 334 3648 3055 3735; baseline 0.001 -22"><span class='ocrx_word' id='word_1_318' title='bbox 334 3651 429 3714; x_wconf 92' lang='lat' dir='ltr'>est</span> <span class='ocrx_word' id='word_1_319' title='bbox 476 3648 715 3715; x_wconf 86' lang='lat' dir='ltr'>civibus</span> <span class='ocrx_word' id='word_1_320' title='bbox 761 3654 824 3714; x_wconf 91' lang='lat' dir='ltr'>et</span> <span class='ocrx_word' id='word_1_321' title='bbox 868 3652 1316 3716; x_wconf 83' lang='lat' dir='ltr'>mercatoribus</span> <span class='ocrx_word' id='word_1_322' title='bbox 1364 3655 1494 3716; x_wconf 89' lang='lat' dir='ltr'>suis</span> <span class='ocrx_word' id='word_1_323' title='bbox 1539 3652 1807 3717; x_wconf 86' lang='lat' dir='ltr'>limitata</span> <span class='ocrx_word' id='word_1_324' title='bbox 1855 3653 2066 3735; x_wconf 81' lang='lat' dir='ltr'>vigore</span> <span class='ocrx_word' id='word_1_325' title='bbox 2130 3654 2387 3733; x_wconf 86' lang='lat' dir='ltr'>capituli</span> <span class='ocrx_word' id='word_1_326' title='bbox 2440 3654 2606 3735; x_wconf 82' lang='lat' dir='ltr'>pacis</span> <span class='ocrx_word' id='word_1_327' title='bbox 2656 3654 3055 3728; x_wconf 80' lang='lat' dir='ltr'>continentie,</span> 
     </span>
     <span class='ocr_line' id='line_1_35' title="bbox 327 3737 3056 3823; baseline 0.002 -23"><span class='ocrx_word' id='word_1_328' title='bbox 327 3737 486 3817; x_wconf 87' lang='lat' dir='ltr'>quod</span> <span class='ocrx_word' id='word_1_329' title='bbox 534 3737 842 3802; x_wconf 83' lang='lat' dir='ltr'>Jadratini</span> <span class='ocrx_word' id='word_1_330' title='bbox 892 3740 956 3802; x_wconf 88' lang='lat' dir='ltr'>et</span> <span class='ocrx_word' id='word_1_331' title='bbox 1004 3739 1349 3803; x_wconf 86' lang='lat' dir='ltr'>Dalmatini</span> <span class='ocrx_word' id='word_1_332' title='bbox 1414 3752 1529 3804; x_wconf 80' lang='lat' dir='ltr'>etc.</span> <span class='ocrx_word' id='word_1_333' title='bbox 1579 3761 1770 3823; x_wconf 86' lang='lat' dir='ltr'>usqne</span> <span class='ocrx_word' id='word_1_334' title='bbox 1826 3742 1900 3802; x_wconf 86' lang='lat' dir='ltr'>ad</span> <span class='ocrx_word' id='word_1_335' title='bbox 1950 3760 2140 3804; x_wconf 89' lang='lat' dir='ltr'>annos</span> <span class='ocrx_word' id='word_1_336' title='bbox 2191 3740 2308 3805; x_wconf 91' lang='lat' dir='ltr'>XX</span> <span class='ocrx_word' id='word_1_337' title='bbox 2355 3743 2588 3822; x_wconf 79' lang='lat' dir='ltr'>possint</span> <span class='ocrx_word' id='word_1_338' title='bbox 2638 3742 2902 3820; x_wconf 87' lang='lat' dir='ltr'>portare,</span> <span class='ocrx_word' id='word_1_339' title='bbox 2953 3761 3056 3805; x_wconf 84' lang='lat' dir='ltr'>ex-</span> 
     </span>
     <span class='ocr_line' id='line_1_36' title="bbox 320 3826 3049 3893; baseline 0.002 -6"><span class='ocrx_word' id='word_1_340' title='bbox 320 3826 516 3888; x_wconf 90' lang='lat' dir='ltr'>traere</span> <span class='ocrx_word' id='word_1_341' title='bbox 565 3831 627 3889; x_wconf 91' lang='lat' dir='ltr'>et</span> <span class='ocrx_word' id='word_1_342' title='bbox 672 3829 938 3891; x_wconf 87' lang='lat' dir='ltr'>tractare</span> <span class='ocrx_word' id='word_1_343' title='bbox 988 3827 1045 3890; x_wconf 92' lang='lat' dir='ltr'>in</span> <span class='ocrx_word' id='word_1_344' title='bbox 1097 3828 1350 3891; x_wconf 86' lang='lat' dir='ltr'>civitate</span> <span class='ocrx_word' id='word_1_345' title='bbox 1414 3829 1814 3893; x_wconf 83' lang='lat' dir='ltr'>Venetiarum</span> <span class='ocrx_word' id='word_1_346' title='bbox 1884 3830 2074 3892; x_wconf 86' lang='lat' dir='ltr'>etiam</span> <span class='ocrx_word' id='word_1_347' title='bbox 2146 3848 2286 3891; x_wconf 91' lang='lat' dir='ltr'>cum</span> <span class='ocrx_word' id='word_1_348' title='bbox 2336 3849 2453 3892; x_wconf 83' lang='lat' dir='ltr'>non</span> <span class='ocrx_word' id='word_1_349' title='bbox 2506 3829 2762 3892; x_wconf 88' lang='lat' dir='ltr'>Venetis</span> <span class='ocrx_word' id='word_1_350' title='bbox 2812 3848 3049 3893; x_wconf 85' lang='lat' dir='ltr'>merces</span> 
     </span>
    </p>
   </div>
   <div class='ocr_carea' id='block_1_8' title="bbox 319 3912 3156 3998">
    <p class='ocr_par' dir='ltr' id='par_1_10' title="bbox 319 3912 3156 3998">
     <span class='ocr_line' id='line_1_37' title="bbox 319 3912 3156 3998; baseline 0.001 -23"><span class='ocrx_word' id='word_1_351' title='bbox 319 3912 397 3975; x_wconf 91' lang='lat' dir='ltr'>ad</span> <span class='ocrx_word' id='word_1_352' title='bbox 447 3912 713 3977; x_wconf 90' lang='lat' dir='ltr'>valorem</span> <span class='ocrx_word' id='word_1_353' title='bbox 761 3916 1123 3978; x_wconf 83' lang='lat' dir='ltr'>ducatorum</span> <span class='ocrx_word' id='word_1_354' title='bbox 1178 3915 1417 3979; x_wconf 88' lang='lat' dir='ltr'>XXXV</span> <span class='ocrx_word' id='word_1_355' title='bbox 1467 3917 1754 3993; x_wconf 86' lang='lat' dir='ltr'>millium,</span> <span class='ocrx_word' id='word_1_356' title='bbox 1806 3916 2110 3980; x_wconf 74' lang='lat' dir='ltr'>Jadratini</span> <span class='ocrx_word' id='word_1_357' title='bbox 2148 3916 2384 3981; x_wconf 90' lang='lat' dir='ltr'>scilicet</span> <span class='ocrx_word' id='word_1_358' title='bbox 2433 3935 2540 3998; x_wconf 88' lang='lat' dir='ltr'>pro</span> <span class='ocrx_word' id='word_1_359' title='bbox 2591 3915 2710 3978; x_wconf 91' lang='lat' dir='ltr'>XX</span> <span class='ocrx_word' id='word_1_360' title='bbox 2774 3917 3053 3979; x_wconf 85' lang='lat' dir='ltr'>millibus</span> <span class='ocrx_word' id='word_1_361' title='bbox 3139 3972 3156 3989; x_wconf 63' lang='lat'>,</span> 
     </span>
    </p>
   </div>
   <div class='ocr_carea' id='block_1_9' title="bbox 323 4002 1682 4084">
    <p class='ocr_par' dir='ltr' id='par_1_11' title="bbox 323 4002 1682 4084">
     <span class='ocr_line' id='line_1_38' title="bbox 323 4002 1682 4084; baseline 0.002 -20"><span class='ocrx_word' id='word_1_362' title='bbox 323 4002 387 4065; x_wconf 87' lang='lat' dir='ltr'>et</span> <span class='ocrx_word' id='word_1_363' title='bbox 433 4002 620 4064; x_wconf 86' lang='lat' dir='ltr'>ceteri</span> <span class='ocrx_word' id='word_1_364' title='bbox 672 4002 1012 4067; x_wconf 87' lang='lat' dir='ltr'>Dalmatini</span> <span class='ocrx_word' id='word_1_365' title='bbox 1060 4022 1167 4084; x_wconf 91' lang='lat' dir='ltr'>pro</span> <span class='ocrx_word' id='word_1_366' title='bbox 1213 4004 1329 4067; x_wconf 90' lang='lat' dir='ltr'>XV</span> <span class='ocrx_word' id='word_1_367' title='bbox 1380 4004 1682 4067; x_wconf 87' lang='lat' dir='ltr'>millibus.</span> 
     </span>
    </p>
   </div>
   <div class='ocr_carea' id='block_1_10' title="bbox 317 4104 3058 4878">
    <p class='ocr_par' dir='ltr' id='par_1_12' title="bbox 317 4104 3058 4878">
     <span class='ocr_line' id='line_1_39' title="bbox 533 4104 3048 4190; baseline 0.001 -21"><span class='ocrx_word' id='word_1_368' title='bbox 533 4104 940 4172; x_wconf 71' lang='lat' dir='ltr'>serenissime</span> <span class='ocrx_word' id='word_1_369' title='bbox 988 4110 1050 4171; x_wconf 86' lang='lat' dir='ltr'>et</span> <span class='ocrx_word' id='word_1_370' title='bbox 1121 4108 1642 4174; x_wconf 83' lang='lat' dir='ltr'>excellentissime</span> <span class='ocrx_word' id='word_1_371' title='bbox 1707 4110 1951 4174; x_wconf 89' lang='lat' dir='ltr'>domine</span> <span class='ocrx_word' id='word_1_372' title='bbox 2007 4111 2220 4174; x_wconf 85' lang='lat' dir='ltr'>debita</span> <span class='ocrx_word' id='word_1_373' title='bbox 2263 4109 2859 4173; x_wconf 87' lang='lat' dir='ltr'>recommendatione</span> <span class='ocrx_word' id='word_1_374' title='bbox 2911 4128 3048 4190; x_wconf 86' lang='lat' dir='ltr'>pre-</span> 
     </span>
     <span class='ocr_line' id='line_1_40' title="bbox 324 4191 3044 4278; baseline 0.001 -22"><span class='ocrx_word' id='word_1_375' title='bbox 324 4191 536 4257; x_wconf 89' lang='lat' dir='ltr'>missa.</span> <span class='ocrx_word' id='word_1_376' title='bbox 600 4195 907 4278; x_wconf 84' lang='lat' dir='ltr'>Benignas</span> <span class='ocrx_word' id='word_1_377' title='bbox 972 4195 1217 4261; x_wconf 87' lang='lat' dir='ltr'>litteras</span> <span class='ocrx_word' id='word_1_378' title='bbox 1278 4199 1526 4261; x_wconf 78' lang='lat' dir='ltr'>ducales</span> <span class='ocrx_word' id='word_1_379' title='bbox 1577 4203 1774 4261; x_wconf 87' lang='lat' dir='ltr'>vestre</span> <span class='ocrx_word' id='word_1_380' title='bbox 1822 4200 2176 4262; x_wconf 87' lang='lat' dir='ltr'>serenitatis</span> <span class='ocrx_word' id='word_1_381' title='bbox 2219 4200 2431 4262; x_wconf 87' lang='lat' dir='ltr'>debita</span> <span class='ocrx_word' id='word_1_382' title='bbox 2481 4199 2821 4277; x_wconf 82' lang='lat' dir='ltr'>recepimus</span> <span class='ocrx_word' id='word_1_383' title='bbox 2876 4215 3044 4259; x_wconf 89' lang='lat' dir='ltr'>reve-</span> 
     </span>
     <span class='ocr_line' id='line_1_41' title="bbox 320 4281 3045 4362; baseline 0.001 -18"><span class='ocrx_word' id='word_1_384' title='bbox 320 4281 539 4355; x_wconf 83' lang='lat' dir='ltr'>rentia,</span> <span class='ocrx_word' id='word_1_385' title='bbox 591 4281 995 4348; x_wconf 85' lang='lat' dir='ltr'>effectualiter</span> <span class='ocrx_word' id='word_1_386' title='bbox 1061 4286 1467 4362; x_wconf 80' lang='lat' dir='ltr'>continenteS,</span> <span class='ocrx_word' id='word_1_387' title='bbox 1517 4303 1626 4349; x_wconf 86' lang='lat' dir='ltr'>nos</span> <span class='ocrx_word' id='word_1_388' title='bbox 1676 4285 1898 4349; x_wconf 77' lang='lat' dir='ltr'>debere</span> <span class='ocrx_word' id='word_1_389' title='bbox 1960 4285 2241 4349; x_wconf 84' lang='lat' dir='ltr'>ducalem</span> <span class='ocrx_word' id='word_1_390' title='bbox 2317 4285 2742 4349; x_wconf 82' lang='lat' dir='ltr'>excellentiam</span> <span class='ocrx_word' id='word_1_391' title='bbox 2796 4285 3045 4348; x_wconf 87' lang='lat' dir='ltr'>reddere</span> 
     </span>
     <span class='ocr_line' id='line_1_42' title="bbox 318 4370 3051 4456; baseline 0.001 -23"><span class='ocrx_word' id='word_1_392' title='bbox 318 4370 546 4433; x_wconf 89' lang='lat' dir='ltr'>nostris</span> <span class='ocrx_word' id='word_1_393' title='bbox 595 4372 1011 4453; x_wconf 87' lang='lat' dir='ltr'>responsionis</span> <span class='ocrx_word' id='word_1_394' title='bbox 1063 4373 1289 4436; x_wconf 89' lang='lat' dir='ltr'>litteris</span> <span class='ocrx_word' id='word_1_395' title='bbox 1339 4373 1685 4448; x_wconf 87' lang='lat' dir='ltr'>certiorem,</span> <span class='ocrx_word' id='word_1_396' title='bbox 1735 4392 1814 4436; x_wconf 91' lang='lat' dir='ltr'>an</span> <span class='ocrx_word' id='word_1_397' title='bbox 1865 4373 1939 4437; x_wconf 89' lang='lat' dir='ltr'>de</span> <span class='ocrx_word' id='word_1_398' title='bbox 1971 4374 2177 4437; x_wconf 86' lang='lat' dir='ltr'>valore</span> <span class='ocrx_word' id='word_1_399' title='bbox 2227 4373 2578 4456; x_wconf 83' lang='lat' dir='ltr'>quindecim</span> <span class='ocrx_word' id='word_1_400' title='bbox 2615 4372 2883 4436; x_wconf 89' lang='lat' dir='ltr'>millium</span> <span class='ocrx_word' id='word_1_401' title='bbox 2936 4372 3051 4435; x_wconf 90' lang='lat' dir='ltr'>du-</span> 
     </span>
     <span class='ocr_line' id='line_1_43' title="bbox 319 4458 3055 4542; baseline 0.001 -21"><span class='ocrx_word' id='word_1_402' title='bbox 319 4458 597 4521; x_wconf 88' lang='lat' dir='ltr'>catorum</span> <span class='ocrx_word' id='word_1_403' title='bbox 647 4460 780 4523; x_wconf 89' lang='lat' dir='ltr'>auri</span> <span class='ocrx_word' id='word_1_404' title='bbox 828 4460 1128 4523; x_wconf 86' lang='lat' dir='ltr'>mercium</span> <span class='ocrx_word' id='word_1_405' title='bbox 1156 4462 1689 4525; x_wconf 87' lang='lat' dir='ltr'>conducendarum</span> <span class='ocrx_word' id='word_1_406' title='bbox 1718 4464 1781 4526; x_wconf 88' lang='lat' dir='ltr'>et</span> <span class='ocrx_word' id='word_1_407' title='bbox 1821 4462 2340 4526; x_wconf 80' lang='lat' dir='ltr'>extrahendarum</span> <span class='ocrx_word' id='word_1_408' title='bbox 2370 4480 2439 4525; x_wconf 87' lang='lat' dir='ltr'>ac</span> <span class='ocrx_word' id='word_1_409' title='bbox 2479 4460 3055 4542; x_wconf 84' lang='lat' dir='ltr'>pertractandarum</span> 
     </span>
     <span class='ocr_line' id='line_1_44' title="bbox 319 4545 3058 4630; baseline 0.001 -21"><span class='ocrx_word' id='word_1_410' title='bbox 319 4545 382 4609; x_wconf 91' lang='lat' dir='ltr'>in</span> <span class='ocrx_word' id='word_1_411' title='bbox 424 4545 681 4610; x_wconf 78' lang='lat' dir='ltr'>civitate</span> <span class='ocrx_word' id='word_1_412' title='bbox 731 4552 935 4611; x_wconf 86' lang='lat' dir='ltr'>vestra</span> <span class='ocrx_word' id='word_1_413' title='bbox 982 4547 1169 4611; x_wconf 86' lang='lat' dir='ltr'>etiam</span> <span class='ocrx_word' id='word_1_414' title='bbox 1237 4568 1374 4613; x_wconf 90' lang='lat' dir='ltr'>cum</span> <span class='ocrx_word' id='word_1_415' title='bbox 1440 4568 1555 4612; x_wconf 89' lang='lat' dir='ltr'>non</span> <span class='ocrx_word' id='word_1_416' title='bbox 1604 4549 1860 4613; x_wconf 88' lang='lat' dir='ltr'>Venetis</span> <span class='ocrx_word' id='word_1_417' title='bbox 1924 4569 2028 4630; x_wconf 88' lang='lat' dir='ltr'>per</span> <span class='ocrx_word' id='word_1_418' title='bbox 2087 4551 2323 4613; x_wconf 87' lang='lat' dir='ltr'>ceteros</span> <span class='ocrx_word' id='word_1_419' title='bbox 2398 4549 2792 4613; x_wconf 87' lang='lat' dir='ltr'>Dalmatinos</span> <span class='ocrx_word' id='word_1_420' title='bbox 2840 4553 2901 4611; x_wconf 91' lang='lat' dir='ltr'>et</span> <span class='ocrx_word' id='word_1_421' title='bbox 2945 4548 3058 4613; x_wconf 85' lang='lat' dir='ltr'>Ja-</span> 
     </span>
     <span class='ocr_line' id='line_1_45' title="bbox 317 4632 3058 4720; baseline 0.001 -25"><span class='ocrx_word' id='word_1_422' title='bbox 317 4632 641 4697; x_wconf 87' lang='lat' dir='ltr'>drensibus</span> <span class='ocrx_word' id='word_1_423' title='bbox 689 4637 1023 4699; x_wconf 86' lang='lat' dir='ltr'>secundum</span> <span class='ocrx_word' id='word_1_424' title='bbox 1071 4636 1409 4717; x_wconf 86' lang='lat' dir='ltr'>capitulum</span> <span class='ocrx_word' id='word_1_425' title='bbox 1461 4638 1702 4701; x_wconf 84' lang='lat' dir='ltr'>firmate</span> <span class='ocrx_word' id='word_1_426' title='bbox 1737 4637 1906 4720; x_wconf 88' lang='lat' dir='ltr'>pacis</span> <span class='ocrx_word' id='word_1_427' title='bbox 1953 4637 2115 4699; x_wconf 87' lang='lat' dir='ltr'>inter</span> <span class='ocrx_word' id='word_1_428' title='bbox 2162 4635 2422 4699; x_wconf 89' lang='lat' dir='ltr'>celebris</span> <span class='ocrx_word' id='word_1_429' title='bbox 2456 4639 2750 4700; x_wconf 84' lang='lat' dir='ltr'>memorie</span> <span class='ocrx_word' id='word_1_430' title='bbox 2795 4636 3058 4699; x_wconf 86' lang='lat' dir='ltr'>serenis-</span> 
     </span>
     <span class='ocr_line' id='line_1_46' title="bbox 320 4722 3058 4806; baseline 0.001 -25"><span class='ocrx_word' id='word_1_431' title='bbox 320 4724 547 4785; x_wconf 89' lang='lat' dir='ltr'>simum</span> <span class='ocrx_word' id='word_1_432' title='bbox 594 4723 914 4787; x_wconf 89' lang='lat' dir='ltr'>dominum</span> <span class='ocrx_word' id='word_1_433' title='bbox 964 4722 1339 4787; x_wconf 88' lang='lat' dir='ltr'>Ludovicum</span> <span class='ocrx_word' id='word_1_434' title='bbox 1410 4725 1728 4806; x_wconf 85' lang='lat' dir='ltr'>Hungarie</span> <span class='ocrx_word' id='word_1_435' title='bbox 1794 4744 2006 4806; x_wconf 89' lang='lat' dir='ltr'>regem</span> <span class='ocrx_word' id='word_1_436' title='bbox 2078 4724 2387 4786; x_wconf 88' lang='lat' dir='ltr'>illustrem</span> <span class='ocrx_word' id='word_1_437' title='bbox 2459 4742 2530 4785; x_wconf 85' lang='lat' dir='ltr'>ex</span> <span class='ocrx_word' id='word_1_438' title='bbox 2582 4741 2701 4786; x_wconf 88' lang='lat' dir='ltr'>una</span> <span class='ocrx_word' id='word_1_439' title='bbox 2748 4726 2921 4805; x_wconf 85' lang='lat' dir='ltr'>parte</span> <span class='ocrx_word' id='word_1_440' title='bbox 2993 4726 3058 4785; x_wconf 85' lang='lat' dir='ltr'>et</span> 
     </span>
     <span class='ocr_line' id='line_1_47' title="bbox 318 4808 3054 4878; baseline 0.003 -7"><span class='ocrx_word' id='word_1_441' title='bbox 318 4808 636 4874; x_wconf 88' lang='lat' dir='ltr'>recolende</span> <span class='ocrx_word' id='word_1_442' title='bbox 721 4811 1019 4875; x_wconf 87' lang='lat' dir='ltr'>memorie</span> <span class='ocrx_word' id='word_1_443' title='bbox 1094 4811 1506 4876; x_wconf 90' lang='lat' dir='ltr'>clarissimum</span> <span class='ocrx_word' id='word_1_444' title='bbox 1571 4815 1636 4876; x_wconf 91' lang='lat' dir='ltr'>et</span> <span class='ocrx_word' id='word_1_445' title='bbox 1704 4810 2294 4877; x_wconf 83' lang='lat' dir='ltr'>excellentissimum</span> <span class='ocrx_word' id='word_1_446' title='bbox 2366 4811 2683 4876; x_wconf 87' lang='lat' dir='ltr'>dominum</span> <span class='ocrx_word' id='word_1_447' title='bbox 2739 4811 3054 4878; x_wconf 83' lang='lat' dir='ltr'>dominum</span> 
     </span>
    </p>
   </div>
  </div>
 </body>
</html>
