3620 5282
3009 373 3140 439 253

616 548 847 631 Capta:
915 568 1102 632 super
1145 549 1412 615 secundo
1461 548 1766 631 capitulo,
1829 566 1940 631 per
1989 546 2150 631 quod
2208 546 2410 613 dictus
2469 565 2675 614 comes
2722 549 3136 632 conqueritur,

402 638 563 721 qnod
609 637 731 720 ipsi
777 637 852 701 de
900 635 1159 702 Curzola
1205 640 1599 701 ecrescerunt
1643 638 1958 701 monetam
2025 638 2088 700 in
2136 635 2399 701 Curzola
2461 655 2645 702 causa
2712 637 2967 701 nocendi
3015 637 3135 701 sibi

404 729 479 791 de
528 744 638 789 suo
688 725 959 803 sallari0,
1000 725 1208 789 sicunt
1254 725 1569 808 sapientes
1632 726 1697 789 et
1757 724 2115 803 consulunt,
2182 725 2345 807 quod
2406 742 2610 790 comes
2676 723 2906 787 habeat
2952 743 3136 789 suum

404 812 748 890 sallarium,
798 813 979 878 utin
1026 812 1295 895 proximo
1359 812 1635 894 capitulo
1697 812 2047 876 continetur
2106 829 2228 877 non
2293 811 2579 876 obstante
2641 810 2851 875 ordine
2916 811 3133 894 aliquo

409 900 506 966 vel
553 902 788 966 statuto
836 899 1002 965 sacto
1046 900 1123 964 de
1168 899 1355 965 dictis
1423 901 1685 965 monetis
1728 900 1792 964 in
1839 899 2243 1015 preiuditium
2308 898 2522 963 salarii
2584 898 2829 963 comitis
2877 898 2953 963 de
3001 902 3135 965 toto

403 991 681 1072 tempore
728 988 1046 1071 preterito.

613 1074 843 1159 Capta.
889 1094 1071 1159 super
1138 1075 1324 1141 tertio
1381 1075 1674 1159 capitulo,
1737 1095 1848 1158 per
1909 1074 2070 1157 quod
2130 1092 2337 1140 comes
2398 1075 2788 1157 conqueritur
2830 1074 2896 1139 et
2941 1074 3129 1155 dicat,

410 1162 568 1247 quod
618 1183 761 1229 cum
805 1164 1067 1229 haberet
1115 1163 1409 1230 animalia
1453 1164 1517 1228 in
1561 1163 1764 1228 insula
1813 1162 2054 1227 minuta
2100 1165 2164 1228 et
2209 1182 2425 1246 grossa
2453 1163 2528 1228 ad
2555 1162 2970 1244 quantitatem
3006 1163 3133 1228 sive

410 1270 741 1316 numerum
787 1253 1051 1334 quatuor
1094 1252 1370 1336 capitum
1418 1252 1517 1317 vel
1564 1251 1744 1330 circa,
1794 1269 1910 1333 que
1957 1251 2228 1315 habebat
2274 1252 2338 1316 in
2385 1251 2682 1316 societate
2720 1269 2860 1315 cum
2911 1251 3135 1334 aliqui-

408 1340 523 1404 bus
565 1338 747 1403 bonis
791 1339 1149 1405 hominibus
1197 1340 1273 1404 de
1317 1338 1541 1416 insula,
1590 1340 1963 1404 universitas
2009 1341 2071 1404 et
2114 1357 2439 1403 commune
2464 1338 2720 1404 Curzole
2767 1341 3136 1421 acceperunt

416 1426 922 1492 dicta'animalia
967 1427 1044 1491 de
1094 1427 1381 1491 manibus
1428 1426 1697 1505 illorum,
1748 1427 2093 1507 inquorum
2139 1428 2334 1504 erant,
2383 1427 2448 1491 et
2470 1427 2806 1509 posuerunt
2849 1426 2928 1490 ad
2958 1445 3133 1490 suam

416 1515 809 1580 volunt-atem
869 1516 934 1580 in
995 1515 1283 1581 manibus
1346 1514 1617 1598 plurium
1689 1532 2127 1597 personarum3
2195 1514 2357 1579 unde
2416 1515 2667 1597 reputat
2728 1532 2793 1578 se
2861 1515 3136 1597 graviter

422 1602 911 1677 damnificatum,
956 1604 1020 1667 et
1059 1603 1196 1667 ideo
1243 1604 1421 1685 petit,
1471 1603 1632 1684 quod
1693 1602 1862 1666 dicta
1921 1601 2216 1666 animalia
2279 1602 2668 1666 revertantur
2712 1601 2775 1665 in
2826 1603 3131 1682 manibus,

420 1709 679 1774 quorum
728 1692 908 1755 erant
951 1692 1149 1769 antea,
1198 1695 1271 1755 ut
1317 1691 1413 1755 illi
1457 1690 1617 1755 tales
1665 1690 2032 1773 consignent
2076 1693 2138 1752 et
2180 1691 2505 1754 ostendant
2549 1707 2727 1753 suam
2790 1690 3132 1764 rationem;

416 1778 479 1842 et
525 1778 620 1842 illi
667 1778 741 1843 de
790 1776 1052 1844 Curzola
1086 1778 1316 1858 dicant,
1365 1777 1524 1860 quod
1548 1797 1658 1860 per
1683 1796 2008 1843 commune
2056 1778 2120 1842 et
2170 1777 2636 1842 universitatem
2663 1775 2921 1841 Curzole
2951 1798 3135 1842 num-

411 1884 597 1947 quam
645 1868 900 1949 accepta
945 1866 1114 1931 dicta
1164 1866 1462 1931 animalia
1484 1866 1755 1943 suerunt,
1808 1884 1920 1930 nec
1967 1865 2032 1929 in
2075 1864 2165 1928 eis
2206 1882 2502 1946 umquam
2550 1882 2614 1929 se
2644 1864 3132 1946 impediverunt3

409 1973 521 2017 nec
569 1955 925 2036 reperietur,
976 1954 1138 2036 quod
1184 1972 1505 2019 commune
1553 1958 1615 2019 et
1658 1973 1766 2036 per
1810 1971 2135 2018 commune
2175 1953 2387 2035 aliqua
2427 1952 2667 2017 novitas
2707 1952 2872 2016 facta
2919 1952 3126 2030 fuerit,

410 2043 535 2105 imo
581 2041 915 2106 ostendunt
961 2048 1025 2107 et
1068 2044 1411 2124 producunt
1457 2041 1578 2125 ipsi
1622 2042 1696 2106 de
1721 2039 1981 2106 Curzola
2003 2040 2311 2122 quandam
2349 2041 2860 2121 protestationem
2897 2040 3127 2106 factam

407 2133 623 2194 contra
669 2129 928 2194 Petrum
977 2129 1177 2194 filium
1231 2130 1478 2194 comitis
1524 2129 1766 2212 quando
1815 2130 2092 2208 recessit,
2140 2128 2302 2211 quod
2350 2128 2483 2210 ipse
2531 2128 2880 2193 dimitteret
2925 2147 3133 2211 perso-

404 2235 568 2294 nam,
617 2236 733 2300 que
780 2217 1043 2282 haberet
1086 2236 1297 2282 curam
1344 2219 1416 2281 de
1464 2216 1648 2282 dictis
1695 2215 2070 2280 animalibus
2117 2220 2239 2280 etc.
2303 2216 2386 2279 Et
2448 2217 2584 2281 ideo
2646 2215 2876 2281 auditis
2923 2217 3132 2299 alega-

406 2304 679 2369 tionibus
725 2304 1019 2388 partium,
1071 2306 1281 2369 dicunt
1318 2304 1647 2387 sapientes,
1695 2303 1859 2387 quod
1897 2304 1986 2367 eis
2018 2322 2139 2367 non
2174 2303 2440 2381 videtur,
2492 2303 2653 2386 quod
2698 2321 2904 2368 comes
2936 2305 3132 2386 possit

408 2411 516 2455 nec
563 2393 787 2457 debeat
830 2392 1032 2457 facere
1082 2393 1269 2457 istam
1316 2394 1677 2474 petitionem
1736 2391 1991 2456 sindicis
2054 2392 2401 2456 communis
2469 2390 2761 2470 Curzole,
2827 2409 2971 2455 cum
3017 2392 3131 2457 hoc
3229 2413 3236 2421 ·

402 2499 520 2544 non
568 2481 848 2545 videatur
895 2480 1133 2563 aliquid
1180 2482 1431 2563 tangere
1478 2497 1803 2545 commune
1848 2477 2104 2545 Curzole
2150 2479 2214 2543 in
2261 2479 2592 2545 communi.
2641 2478 2727 2542 Et
2758 2479 2895 2543 ideo
2923 2479 3134 2543 dicunt

400 2569 466 2632 et
510 2567 864 2648 consulunt,
912 2586 1031 2652 quo
1072 2587 1276 2632 comes
1323 2567 1512 2632 habet
1557 2570 1763 2652 petere
1813 2585 1988 2630 suam
2035 2568 2335 2632 rationem
2384 2567 2460 2631 ab
2507 2567 2635 2631 illis
2683 2566 2976 2649 personis,
3012 2586 3130 2649 que

402 2657 632 2721 habent
671 2675 784 2720 sua
829 2658 1147 2735 animalia,
1196 2658 1261 2722 et
1307 2676 1447 2721 cum
1488 2657 1575 2722 eis
1622 2674 1765 2720 suas
1813 2655 2014 2720 facere
2060 2656 2368 2734 rationeS,
2433 2659 2746 2720 reservato
2789 2655 2908 2720 sibi
2955 2655 3130 2719 omni

401 2762 508 2810 suo
553 2745 685 2808 iure
731 2743 976 2826 petendi
1026 2763 1167 2809 cum
1213 2744 1522 2809 iudicibus
1548 2743 1803 2810 Curzole
1850 2748 2066 2808 contra
2090 2761 2507 2825 quoscumque
2557 2761 2628 2807 ac
2676 2742 2868 2807 etiam
2916 2745 3129 2808 contra

400 2850 740 2904 commune,
786 2831 841 2897 si
886 2834 1211 2915 appareret
1268 2851 1592 2897 commune
1658 2852 1724 2896 se
1784 2832 1849 2896 in
1916 2830 2120 2914 aliquo
2183 2830 2578 2912 impedivisse
2629 2830 2705 2894 de
2767 2830 2950 2895 dictis
2999 2832 3132 2895 ani-

401 2919 687 2984 malibuS.
3141 2961 3142 2964 κ

608 3006 842 3089 Capta:
903 3026 1087 3091 super
1152 3009 1368 3090 quarto
1435 3006 1727 3090 capitu10,
1777 3025 1887 3089 per
1932 3006 2095 3087 quod
2145 3025 2470 3072 commune
2533 3007 2780 3084 asserit,
2845 3006 3008 3088 quod
3056 3026 3129 3069 ex

397 3093 596 3160 forma
640 3095 943 3160 sententie
985 3097 1355 3178 astringitur
1397 3114 1518 3159 non
1564 3113 1746 3178 posse
1793 3098 2001 3159 tenere
2048 3112 2159 3157 nec
2207 3093 2511 3175 pasculari
2560 3093 2759 3159 facere
2825 3093 3126 3157 animalia

399 3181 458 3245 in
506 3181 728 3260 insula,
771 3185 936 3247 sicut
981 3184 1330 3248 continetur
1375 3183 1438 3247 in
1485 3187 1660 3264 parte
1706 3185 1890 3265 capta
1952 3181 2016 3245 in
2080 3180 2335 3246 consilio
2404 3184 2794 3263 rogatorum,
2860 3182 2926 3245 et
2985 3182 3126 3264 ipse

398 3269 624 3334 habeat
667 3270 830 3335 circa
876 3273 1135 3353 quatuor
1181 3272 1382 3335 millia
1426 3270 1721 3335 animalia
1767 3273 1832 3334 et
1877 3269 2112 3334 bestias
2162 3268 2434 3333 minutas
2482 3269 2798 3347 ininsula,
2845 3289 2965 3352 que
3000 3287 3124 3334 non

398 3359 605 3437 posset
645 3357 735 3423 ita
779 3357 905 3422 cito
951 3360 1271 3423 extrahere
1332 3359 1397 3423 et
1456 3360 1736 3441 expedire
1779 3357 1856 3423 de
1916 3356 2152 3433 insula,
2199 3358 2263 3421 et
2310 3357 2387 3420 ob
2444 3358 2555 3421 hoc
2618 3357 2795 3439 petat
2846 3357 3120 3439 aliquem

400 3444 737 3510 terminum
788 3448 1247 3530 competentem
1292 3447 1431 3523 etc.,
1480 3447 1695 3511 dicunt
1739 3447 1804 3510 et
1849 3445 2177 3510 consulunt
2239 3445 2578 3527 sapienteS,
2645 3445 2859 3509 habita
2923 3446 3124 3508 consi-

396 3531 710 3598 deratione
759 3533 836 3597 ad
875 3535 1119 3616 tempus
1163 3533 1404 3617 yemale
1450 3537 1515 3598 et
1558 3533 1634 3598 ad
1680 3533 2093 3615 quantitatem
2138 3532 2526 3609 animalium,
2576 3532 2739 3614 quod
2797 3533 3121 3596 statuatur

398 3621 699 3686 terminus
748 3620 926 3686 ‘dicto
971 3621 1185 3687 comiti
1245 3640 1283 3686 a
1327 3623 1507 3686 modo
1573 3639 1765 3703 usque
1826 3620 1904 3684 ad
1952 3619 2179 3685 festum
2239 3622 2451 3684 sancte
2517 3619 2715 3683 Mario
2763 3620 2837 3684 de
2909 3619 3121 3684 medio

400 3708 649 3790 augusti
697 3708 983 3792 proximi,
1032 3709 1194 3792 quod
1242 3710 1463 3773 debeat
1506 3707 1843 3775 extraxisse
1890 3708 1956 3772 et
2001 3727 2066 3772 se
2115 3707 2491 3789 expedivisse
2524 3707 2598 3771 de
2644 3707 2832 3771 dictis
2878 3708 3117 3771 anima-

400 3794 564 3861 libus
612 3798 685 3861 de
720 3796 923 3862 insula
969 3798 1084 3861 sub
1133 3816 1288 3880 pena
1333 3796 1497 3862 dicto
1543 3796 1774 3872 comiti,
1824 3796 2032 3878 elapso
2076 3796 2362 3873 termino,
2411 3794 2705 3876 perdendi
2755 3793 2922 3859 dicta
2983 3795 3121 3859 ani-

397 3884 589 3948 malia
635 3885 755 3949 sibi
802 3884 1130 3967 prohibita,
1179 3885 1348 3949 cuius
1411 3905 1564 3967 pene
1625 3884 1882 3949 tertium
1945 3883 2030 3948 sit
2069 3882 2432 3947 >communis
2492 3881 2788 3960 Curzole,
2858 3883 3121 3946 tertium

394 3970 835 4037 advocatorum
880 3971 1281 4036 Venetiarum
1329 3972 1394 4036 et
1429 3973 1686 4037 tertium
1734 3972 2131 4049 accusatoris,
2198 3972 2252 4035 si
2299 3970 2441 4034 inde
2503 3969 2693 4034 fuerit
2755 3972 3120 4044 accusator;

394 4061 456 4122 et
500 4060 658 4143 quod
704 4078 826 4124 non
873 4061 1069 4142 possit
1131 4061 1295 4124 dicto
1362 4058 1573 4125 comiti
1636 4058 1845 4140 elapso
1903 4059 2169 4123 termino
2237 4058 2397 4122 alius
2459 4057 2763 4122 terminus
2838 4058 3119 4141 elongari

394 4165 504 4211 nec
550 4148 753 4230 gratia
793 4147 924 4212 fieri
973 4147 1047 4212 de
1090 4147 1466 4212 animalibus
1511 4146 1804 4229 predictis
1869 4147 1985 4210 nisi
2032 4165 2141 4229 per
2186 4165 2291 4210 sex
2358 4145 2774 4224 consiliarioS,
2841 4145 2965 4210 tria
3018 4164 3118 4210 ca-

394 4234 525 4316 pita
570 4236 646 4300 de
695 4237 1107 4319 quadraginta
1155 4237 1219 4300 et
1264 4237 1392 4300 tres
1439 4236 1646 4317 partes
1681 4233 1922 4299 consilii
1957 4236 2312 4317 rogatorum
2344 4235 2859 4316 congregatorum
2915 4253 2950 4297 a
2983 4253 3121 4316 sep-

391 4323 679 4406 tuaginta
724 4342 929 4406 snpra.

605 4409 833 4511 Capta:
882 4431 1069 4494 super
1114 4410 1299 4476 certis
1341 4409 1482 4475 aliis
1525 4374 1835 4491 capitulis,
1885 4429 1995 4493 per
2027 4429 2143 4493 que
2184 4428 2386 4474 comes
2419 4410 2661 4488 asserit,
2717 4410 2877 4493 quod
2908 4428 3121 4476 omnes

389 4498 573 4582 scoyi,
623 4499 726 4581 qui
778 4492 925 4564 sunt
964 4500 1196 4564 circum
1245 4499 1513 4563 insulam
1566 4496 1844 4577 Curzole,
1895 4500 2176 4580 spectant
2224 4499 2289 4562 et
2334 4499 2649 4579 pertinent
2716 4497 2794 4562 ad
2837 4517 2977 4563 eum
3025 4518 3122 4562 se-

388 4587 656 4650 cundum
705 4587 966 4651 formam
1013 4605 1260 4651 suorum
1306 4593 1651 4669 pactorum,
1696 4585 1930 4664 dicenS,
1981 4585 2142 4667 quod
2189 4604 2404 4649 omnes
2435 4585 2664 4651 debent
2717 4605 2850 4650 esse
2898 4587 3014 4661 sui,
3049 4605 3118 4650 eo

388 4674 544 4755 quod
589 4675 792 4738 totum
838 4678 935 4739 est
982 4693 1182 4752 suum,
1232 4674 1402 4738 salvo
1450 4691 1541 4752 eo,
1592 4673 1750 4755 quod
1814 4672 2113 4737 tenebant
2159 4672 2255 4736 illi
2322 4675 2394 4738 de
2443 4672 2705 4738 Curzola
2766 4693 2876 4756 per
2921 4692 3110 4737 unum

387 4777 613 4825 annum
661 4765 806 4827 ante
847 4760 1182 4827 adventum
1239 4760 1473 4826 domini
1520 4760 1786 4825 Marsilii
1851 4759 2116 4844 Georgio
2177 4776 2392 4824 eornm
2452 4760 2638 4843 primi
2702 4761 2983 4838 comitis,
3041 4762 3107 4823 et
