3620 5282
463 331 600 398 310

678 505 903 573 Simite
948 503 1343 587 privilegium
1393 503 1626 569 factum
1673 503 1794 568 fuit
1840 503 1917 571 de
1963 503 2146 569 verbo
2178 502 2253 569 ad
2286 503 2546 569 verbum
2578 500 2827 586 egregio
2860 503 2927 566 et
2959 499 3198 584 magui-

466 594 581 660 fico
628 595 760 659 viro
805 593 1051 657 domine
1084 591 1320 657 Volcho
1354 593 1530 673 bano,
1572 592 1700 658 filio
1732 594 1992 658 condam
2024 591 2292 675 voyvode
2325 591 2734 669 Bossinensis,
2769 589 2952 654 fratri
2983 608 3198 674 supra-

466 681 684 763 scripti
733 680 966 745 domini
1014 678 1349 763 Chervoye.

548 788 737 849 Liber
780 789 1237 865 Privileyiorum
1286 783 1338 848 I.
1392 790 1536 859 107,
1582 806 1623 848 u
1669 788 1827 848 mlet.
1877 789 2115 850 arkivu.

625 1003 1277 1087 CCCCXLVIII.
1335 1003 1542 1087 θοὰ.
1597 1004 1825 1090 1393.
1886 1004 1976 1086 17
2028 1002 2480 1104 kolovoza,
2533 1025 2594 1086 u
2649 1003 3039 1087 Mletclh.

652 1165 984 1258 Rreffavqju
1024 1183 1087 1225 se
1130 1166 1301 1239 make
1348 1164 1613 1226 erarem
1646 1164 2003 1239 preazorene
2047 1165 2125 1225 οα
2162 1165 2486 1239 poslanika
2531 1164 2734 1226 owine
2770 1165 3006 1226 araeke.

681 1310 868 1376 1393.
916 1312 1145 1377 mensis
1195 1313 1449 1395 augusti
1495 1313 1593 1377 die
1640 1312 1842 1377 XVII.
1893 1312 2232 1378 indictione
2266 1313 2483 1396 prima.
2531 1311 2859 1395 Sapientes
2887 1311 3192 1379 ordinum.

473 1398 704 1481 Capta:
774 1417 915 1464 cum
1000 1417 1210 1464 coram
1280 1403 1491 1465 nostro
1560 1400 1833 1465 dominio
1902 1400 2364 1482 comparuerint
2418 1401 2850 1466 ambaxatores
2912 1399 3194 1465 civitatis

469 1490 679 1552 nostre
724 1486 1041 1565 Durachii,
1111 1488 1434 1552 humiliter
1501 1487 1942 1570 supplicantes,
2014 1490 2317 1571 quatenus
2386 1489 2785 1573 dignaremur
2853 1488 2926 1551 de
2988 1488 3198 1571 gratia

469 1574 724 1657 speciali
771 1575 862 1640 eis
904 1575 1232 1640 concedere
1279 1578 1345 1640 et
1391 1575 1773 1640 confermare
1819 1575 2089 1658 capitala
2136 1575 2532 1658 infrascripta
2566 1596 2672 1658 per
2703 1594 2807 1640 eos
2843 1575 3021 1640 nobis
3054 1594 3197 1659 por-

471 1665 658 1740 recta,
708 1662 774 1727 et
820 1662 988 1744 pium
1038 1663 1123 1726 sit
1168 1662 1257 1728 eis
1303 1663 1367 1727 in
1413 1665 1714 1746 quantum
1765 1664 2073 1744 possimus
2119 1682 2259 1727 cum
2293 1665 2527 1729 honore
2582 1668 2788 1729 nostro
2851 1663 3196 1742 subvenire,

472 1751 664 1815 etiam
712 1768 824 1833 pro
870 1749 1220 1833 populando
1266 1749 1587 1815 civitatem
1636 1752 1915 1815 nostram
1965 1749 2343 1834 predictam;
2407 1752 2582 1817 vadit
2642 1770 2806 1835 pars,
2880 1753 3041 1833 quod
3108 1752 3197 1817 eis

473 1838 916 1921 respondeatur
956 1838 1019 1901 et
1062 1837 1501 1903 confirmentur
1541 1838 1818 1921 capitula
1887 1837 2283 1921 infrascripta
2347 1857 2489 1903 cum
2558 1838 3037 1904 correctionibus
3103 1841 3198 1905 in·

470 1924 664 1991 ferius
713 1926 1029 1990 annotatis
1076 1928 1140 1989 et
1185 1926 1248 1989 in
1295 1927 1383 1991 eis
1430 1926 1700 2003 insertiS,
1749 1926 2058 1991 videlicet.

682 2013 768 2078 Et
807 2012 1009 2096 primo
1056 2029 1239 2095 super
1283 2013 1486 2096 primo
1532 2014 1830 2096 capitulo,
1874 2032 1983 2096 per
2029 2013 2191 2097 quod
2262 2016 2500 2098 petant,
2569 2015 2732 2097 quod
2778 2031 2996 2079 omnes
3038 2013 3199 2077 cives

472 2101 767 2168 Durachii
813 2118 1044 2184 pascua
1090 2119 1294 2165 coram
1343 2101 1622 2166 Zemalia
1663 2103 1728 2166 et
1767 2102 1966 2166 estiva
2036 2103 2214 2184 prata
2282 2108 2346 2166 et
2406 2108 2702 2167 montana
2747 2106 2813 2166 et
2856 2101 3014 2166 illud
3060 2120 3195 2184 pas-

470 2207 678 2266 cuum,
725 2188 825 2253 cui
877 2189 1102 2253 dicitur
1150 2188 1334 2266 Varo,
1385 2207 1497 2255 nec
1540 2206 1657 2255 non
1706 2190 1914 2254 vineas
1955 2190 2020 2253 et
2065 2208 2313 2272 campos
2383 2209 2821 2273 quoscumque,
2871 2191 3081 2254 hortos
3127 2190 3192 2253 et

473 2276 707 2341 salinas
754 2295 866 2341 nec
912 2293 1032 2341 non
1081 2276 1435 2341 molendina
1480 2294 1674 2360 aquea
1719 2276 2077 2359 possideant
2137 2276 2330 2342 libere
2382 2282 2448 2343 et
2506 2278 2735 2361 quiete,
2799 2277 3073 2342 vendant
3130 2279 3194 2339 et

476 2363 729 2429 tradant
776 2382 884 2446 pro
932 2382 1144 2429 eorum
1193 2364 1456 2429 arbitrio
1504 2364 1863 2442 voluntatis,
1912 2367 1977 2429 et
2021 2364 2180 2448 quod
2228 2365 2466 2431 ratione
2515 2367 2742 2431 usatici
2795 2385 2904 2431 seu
2952 2365 3189 2430 afficta·

472 2453 634 2526 ture,
680 2470 866 2535 quam
914 2451 1298 2517 Albanenses
1343 2453 1443 2517 vel
1487 2452 1595 2519 alii
1641 2454 2091 2518 consueverunt
2130 2454 2276 2518 dare
2321 2453 2507 2519 dictis
2553 2453 2794 2519 civibus
2862 2453 3194 2518 Duracenis

474 2557 582 2622 pro
630 2540 783 2622 ipsis
828 2539 1025 2621 pratis
1071 2539 1310 2605 ratione
1355 2558 1749 2623 pascuorum,
1821 2558 1940 2604 non
2003 2542 2242 2624 possint
2296 2541 2584 2624 impediri
2647 2540 3029 2606 venditiones
3088 2558 3193 2604 seu

476 2626 884 2693 alienationes
933 2625 1142 2693 fiende'
1175 2646 1283 2711 per
1327 2629 1634 2711 predictos
1681 2631 1756 2694 de
1802 2628 2111 2694 Durachio
2158 2631 2300 2707 etc,
2347 2630 2514 2695 vadit
2562 2649 2728 2713 pars,
2800 2628 2961 2714 quod
3027 2626 3193 2692 dicta

470 2715 690 2799 petitio
736 2715 1137 2781 confirmetur
1178 2717 1287 2793 eis,
1336 2717 1501 2782 sicut
1544 2718 1786 2801 petunt,
1837 2735 1978 2781 cum
2044 2717 2159 2781 hoc
2205 2719 2436 2791 tamen,
2481 2717 2639 2799 quod
2685 2717 2807 2800 ipsi
2857 2716 3188 2781 Durachini

470 2804 709 2888 possint
750 2804 1019 2887 gaudere
1065 2803 1256 2868 libere
1301 2805 1588 2870 omnibus
1619 2804 2059 2887 suprascriptis
2104 2824 2216 2888 per
2261 2824 2365 2869 eos
2404 2805 2642 2888 petitia,
2690 2805 2915 2887 quibus
2950 2823 3188 2886 presen-

471 2892 705 2957 tialiter
745 2892 1019 2975 gaudent
1060 2893 1123 2955 et
1165 2891 1582 2974 perfruuntur,
1630 2893 1941 2957 dumuodo
1987 2891 2151 2958 dicte
2195 2911 2295 2958 res
2341 2911 2462 2958 non
2512 2896 2793 2975 spectent
2841 2910 2952 2957 nec
3015 2910 3190 2974 spec·

472 2983 606 3046 tare
653 2980 893 3062 possint
930 2982 1142 3045 nostro
1188 2980 1523 3059 communi,
1572 2998 1683 3046 nec
1729 2981 1792 3044 in
1841 2980 1930 3045 eis
1977 2982 2264 3045 nostrum
2310 2999 2635 3046 commune
2667 2980 2766 3044 ius
2798 2980 3043 3057 habeat,
3070 2996 3191 3043 non

473 3067 820 3150 derogando
866 3068 1058 3132 etiam
1104 3069 1426 3150 propterea
1499 3068 1563 3133 in
1620 3068 1829 3150 aliquo
1897 3067 2178 3150 partibus
2244 3069 2444 3151 captis
2513 3070 2576 3133 in
2633 3069 2872 3132 nostris
2917 3066 3195 3132 consiliis

470 3158 822 3237 rogatorum
864 3157 928 3220 et
977 3155 1325 3232 additioniS,
1374 3157 1778 3233 continenteS,
1831 3156 1991 3238 quod
2037 3155 2426 3222 Albanenses
2477 3156 2718 3238 possint
2755 3156 3028 3238 gaudete
3060 3171 3191 3220 om-

352 3319 375 3328 ,
470 3244 651 3308 uibus
699 3244 765 3307 et
809 3242 1072 3326 singulis
1119 3244 1612 3324 possessionibus
1658 3246 1724 3308 et
1768 3244 1912 3307 aliis
1961 3243 2248 3308 omnibus
2294 3245 2385 3307 eis
2430 3244 2676 3307 donatis
2725 3262 2834 3326 per
2880 3242 3187 3326 quondam

471 3330 789 3395 dominum
838 3328 1177 3414 Georgium
1225 3330 1543 3394 dominum
1593 3329 1892 3396 Durachii
1941 3334 2080 3408 etc„
2127 3332 2291 3395 sicut
2321 3331 2383 3394 in
2417 3332 2584 3395 dicta
2617 3334 2794 3413 parte
2823 3330 3192 3395 continetur.

681 3415 877 3500 Super
921 3418 1186 3483 secundo
1233 3417 1526 3500 capitulo,
1567 3437 1675 3500 per
1720 3420 1876 3500 quod
1923 3420 2162 3502 petunt,
2210 3418 2371 3501 quod
2435 3419 2709 3499 predicta
2752 3417 3197 3484 communitate

470 3503 782 3589 gaudeant
825 3506 1194 3587 quicumque
1231 3507 1511 3571 venerint
1555 3505 1905 3570 habitatum
1950 3506 2336 3571 Durachium
2369 3509 2618 3588 propter
2654 3506 3012 3571 libertatem
3043 3505 3196 3569 civi-

472 3592 624 3658 tatis
672 3592 991 3671 Durachii,
1040 3597 1102 3657 et
1150 3591 1414 3658 debeant
1461 3594 1799 3658 Duracenis
1845 3594 2119 3676 copulari
2167 3595 2298 3667 etc;
2362 3596 2530 3658 vadit
2591 3613 2755 3676 pare,
2828 3594 2984 3677 quod
3030 3592 3198 3656 dicta

468 3680 687 3764 petitio
734 3680 1104 3745 reformetur
1147 3680 1212 3744 in
1259 3682 1421 3745 hunc
1467 3683 1739 3760 modum,
1787 3681 2097 3759 videlicet,
2146 3680 2305 3763 quod
2353 3701 2562 3747 omnes
2610 3685 2673 3746 et
2719 3680 2950 3764 singuli
2994 3679 3194 3745 foren-

468 3787 587 3847 ses,
634 3769 1072 3850 cuiuscumque
1142 3768 1508 3832 conditionis
1577 3768 1863 3845 existent,
1928 3768 2032 3852 qui
2111 3770 2389 3834 venerint
2453 3788 2595 3834 cum
2656 3787 2871 3835 eorum
2933 3768 3191 3832 familiis

464 3856 819 3923 habitatum
869 3853 1279 3934 Durachium‚
1343 3858 1409 3921 et
1450 3858 1741 3921 steterint
1799 3875 1942 3921 cum
2011 3856 2194 3921 dictis
2252 3857 2385 3921 suis
2454 3856 2709 3922 familiis
2785 3855 3060 3921 fatiendo
3124 3858 3190 3918 et

465 3944 881 4028 supportando
929 3962 1113 4009 onera
1159 3946 1224 4008 et
1268 3943 1564 4008 factiones
1611 3947 1677 4009 et
1719 3945 2007 4027 guardias
2053 3946 2217 4010 dicte
2267 3948 2430 4009 terre
2475 3964 2583 4027 per
2631 3945 2904 4028 quinque
2970 3962 3182 4018 annoS,

464 4034 591 4098 siut
637 4033 802 4098 cives
847 4031 1162 4108 Durachii,
1196 4034 1261 4096 et
1308 4031 1574 4096 debeant
1618 4032 1877 4097 tractari
1957 4051 2063 4114 pro
2136 4033 2482 4110 Duraciuis,
2545 4050 2617 4095 ac
2679 4031 2875 4096 etiam
2924 4032 3191 4113 gaudere

465 4120 759 4186 omnibus
807 4121 871 4183 et
915 4118 1182 4204 singulis
1231 4119 1545 4183 beneficiis
1592 4124 1654 4183 et
1697 4120 2220 4195 immunitatibus,
2271 4120 2495 4202 quibus
2541 4119 2811 4202 gaudent
2853 4118 3019 4184 cives
3060 4117 3197 4182 Du-

465 4207 682 4286 rachii,
729 4210 793 4273 et
838 4206 954 4273 hoc
998 4207 1073 4272 ut
1113 4206 1335 4272 civitas
1383 4207 1604 4272 melius
1646 4207 2031 4289 apopuletur.
2063 4208 2297 4272 Verum
2331 4208 2382 4271 si
2416 4207 2672 4290 predicti
2718 4206 2991 4271 forenses
3035 4207 3197 4269 irent

462 4297 821 4362 habitatum
867 4296 1026 4361 alias
1072 4312 1214 4359 cum
1263 4312 1376 4359 sua
1416 4293 1677 4372 familia,
1729 4297 1857 4359 sint
1901 4300 2074 4359 extra
2115 4297 2342 4359 dictam
2385 4295 2771 4359 civilitatem.

677 4382 873 4465 Super
918 4381 1112 4448 tercio
1159 4381 1449 4464 capitulo,
1500 4402 1610 4465 per
1657 4385 1817 4466 quod
1867 4386 2106 4463 petunt,
2159 4381 2319 4465 quod
2367 4381 2626 4446 ecclesie
2667 4382 2862 4447 latine
2909 4383 2975 4446 et
3013 4399 3196 4462 greca

465 4471 596 4536 tam
648 4472 724 4536 de
770 4470 1300 4553 archiepiscopatu
1348 4489 1531 4552 quam
1580 4471 1655 4533 de
1702 4470 2058 4553 episcopatu
2109 4489 2220 4535 nec
2269 4487 2383 4534 non
2433 4470 2643 4535 clerici
2704 4472 2770 4533 et
2826 4469 3197 4533 monasteria

464 4560 530 4620 et
575 4575 788 4621 eorum
835 4576 933 4622 res
980 4558 1109 4622 sint
1152 4558 1492 4622 secundum
1538 4576 1750 4627 eorum
1796 4558 1934 4623 iura
1968 4560 2034 4624 et
2076 4557 2545 4623 consuetudines
2576 4557 2756 4622 liberi
2792 4558 2857 4620 et
2885 4557 3197 4620 immunes

468 4644 532 4703 et
576 4642 899 4721 potissime
946 4663 1057 4709 sue
1094 4644 1463 4723 elemosine;
1526 4645 1699 4712 vadit
1761 4664 1925 4729 pare,
1992 4647 2151 4729 quod
2212 4646 2381 4710 dicta
2448 4645 2670 4726 peticio
2716 4642 3088 4709 reformetur
3133 4643 3196 4706 in

465 4723 629 4789 hunc
675 4727 946 4810 modum,
998 4730 1303 4811 videlicet,
1352 4732 1514 4815 quod
1562 4752 1777 4799 omnes
1823 4733 2176 4813 elemosine,
2224 4752 2345 4819 que
2392 4732 2535 4799 date
2579 4731 2812 4797 fuerint
2874 4730 3194 4809 fratribus,
