3620 5282
473 277 605 346 344

470 455 526 520 ei
572 455 813 538 placeat
860 456 1036 522 nobis
1082 457 1423 522 terminum
1475 455 1876 522 codecentem
1922 453 2307 536 consignare,
2363 455 2435 521 ut
2465 479 2470 484 ·
2499 455 2805 537 possimus
2854 453 3197 538 adimplere

464 545 759 625 predicta,
808 544 1103 610 avisando
1152 546 1352 626 ipsam
1398 543 1740 622 dominam,
1787 543 1950 626 quod
1988 542 2054 606 in
2097 541 2219 607 fine
2265 541 2539 617 termini,
2567 561 2751 625 quem
2781 542 2962 608 nobis
2992 542 3194 607 consi-

465 634 771 714 gnaverit,
822 632 957 714 ipsa
1002 632 1089 696 sit
1134 634 1355 715 parata
1402 651 1544 696 cum
1597 631 1860 714 pecunia
1905 630 2083 696 nobis
2144 630 2439 709 debenda,
2501 632 2575 695 ut
2634 629 2835 712 possit
2893 629 3189 694 rehabere

463 717 671 782 locum
718 738 901 783 suum
948 719 1319 802 predictum,
1368 738 1555 801 quem
1619 737 1727 784 uos
1796 720 1854 783 ei
1915 718 2425 802 consignabimus
2486 717 2553 781 in
2595 715 2890 796 finaliter,
2937 721 3008 781 ut
3053 735 3191 799 pre-

465 805 754 871 diximus.

672 894 755 958 Et
800 893 854 958 si
896 891 1050 958 dicti
1096 893 1300 958 nuntii
1347 893 1639 972 dicerent,
1690 892 1928 959 nullam
1964 892 2190 958 habere
2221 891 2581 958 libertatem
2610 891 2971 975 assignandi
3004 891 3187 956 nobis

462 978 735 1062 aliquem
782 981 1140 1059 terminum,
1182 982 1246 1044 et
1288 981 1524 1047 vellent
1569 982 1924 1064 protestari,
1973 981 2074 1046 vel
2118 981 2246 1045 alia
2294 979 2570 1045 dicerent
2616 979 2929 1045 difformis
2976 979 3187 1043 inten-

463 1067 619 1131 tioni
669 1070 897 1148 nostre,
946 1069 1096 1134 tunc
1144 1068 1385 1133 dicatur
1431 1069 1541 1147 eis,
1604 1067 1767 1151 quod
1824 1086 1934 1132 nos
1994 1086 2212 1133 sumus
2272 1066 2561 1150 dispositi
2620 1071 2874 1151 propter
2928 1067 3047 1132 hoc
3107 1066 3188 1131 de

463 1155 745 1237 presenti
790 1156 1104 1221 destinare
1154 1175 1342 1221 unum
1390 1158 1672 1221 nostrum
1722 1156 2003 1220 nentium
2053 1154 2132 1219 ad
2164 1156 2397 1221 dictam
2429 1154 2741 1220 dominam
2775 1154 3190 1232 comitissam,

380 1236 398 1248 ‘
460 1243 526 1307 et
572 1261 694 1307 non
740 1244 1122 1324 dubitamus,
1171 1244 1298 1308 imo
1344 1263 1560 1309 sumus
1597 1242 1953 1320 certissimi,
2001 1242 2162 1325 quod
2202 1244 2441 1309 attento
2472 1242 2775 1326 singulari
2808 1261 3017 1308 amore
3041 1242 3188 1307 binc

459 1328 602 1393 inde
666 1331 916 1414 vigente
962 1334 1097 1414 ipsa
1137 1331 1583 1397 condescendet
1634 1331 2003 1396 iustissimis
2069 1331 2578 1414 requisitionibus
2647 1331 2894 1395 nostris.
2974 1329 3061 1394 Et
3109 1348 3188 1394 ex

456 1436 625 1482 nunc
670 1418 757 1484 sit
800 1421 1075 1502 captum,
1123 1419 1285 1502 quod
1331 1418 1659 1502 collegium
1708 1418 1961 1496 domini,
2008 1418 2526 1496 consiliariorum,
2574 1418 2851 1501 capitum
2902 1417 3190 1500 etfsapi-

457 1507 672 1570 entum
723 1526 829 1588 per
875 1508 1176 1572 maiorem
1224 1509 1466 1589 partem
1514 1508 1578 1570 in
1622 1506 1790 1571 omni
1837 1524 1980 1570 casu
2024 1505 2252 1571 habeat
2296 1506 2658 1571 libertatem
2698 1504 3052 1570 destinandi
3100 1504 3183 1569 ad

455 1592 657 1675 ipsam
704 1594 1014 1660 dominam
1065 1594 1475 1674 comitissam,
1520 1596 1599 1659 ad
1647 1591 1967 1658 dominum
2014 1593 2224 1659 Padue
2271 1596 2335 1658 et
2380 1592 2458 1659 ad
2505 1592 2662 1658 alios
2707 1592 3015 1657 cumillis
3049 1611 3187 1657 ver-

457 1679 575 1758 bis,
613 1700 732 1764 que
767 1682 935 1746 dicto
967 1681 1228 1763 collegio
1260 1682 1647 1759 videbuntur,
1681 1681 1759 1746 ad
1793 1681 2190 1747 tractandum
2213 1683 2278 1746 et
2311 1680 2758 1763 procurandum
2795 1681 2867 1744 de
2900 1679 3186 1745 habendo

456 1767 664 1833 locum
708 1770 1055 1851 predictum
1106 1789 1212 1851 per
1257 1769 1438 1835 illum
1487 1768 1805 1834 meliorem
1855 1770 2124 1847 modum,
2187 1768 2293 1852 qui
2340 1769 2597 1834 tractari
2644 1769 2894 1850 poterit,
2944 1771 3015 1832 ut
3063 1786 3184 1832 non

461 1858 637 2008 {xeat
684 1857 757 1920 de
803 1857 1089 1923 manibus
1134 1859 1386 1937 nostris,
1436 1876 1554 1922 non
1584 1855 1885 1940 possendo
1916 1855 2155 1940 aliquid
2186 1853 2552 1921 concludere
2589 1857 2826 1940 absque
2858 1854 3187 1921 voluntate

508 1944 647 2008 uius
693 1944 957 2009 consilii.

671 2031 754 2095 Et
798 2031 1163 2097 informetur
1209 2031 1570 2114 capitaneus
1619 2034 1830 2097 noster
1873 2029 2202 2113 Raspurch
2250 2031 2325 2095 de
2370 2029 2776 2114 requisitione
2808 2031 2989 2095 nobis
3020 2030 3192 2100 facta

456 2136 566 2200 per
614 2118 812 2183 dictos
855 2119 1130 2185 muntios
1176 2122 1240 2183 et
1285 2120 1362 2184 de
1406 2125 1617 2185 nostra
1663 2118 2079 2202 responsione,
2145 2118 2493 2183 mandando
2558 2117 2616 2182 ei
2667 2120 2730 2182 et
2777 2120 3075 2201 potestati
3120 2119 3192 2184 et

455 2204 778 2287 capitaneo
818 2207 1031 2272 nostro
1076 2206 1513 2289 Justinopolis,
1562 2207 1723 2291 quod
1769 2207 2041 2272 debeant
2083 2206 2437 2270 examinare
2493 2205 2607 2269 illa
2666 2206 2826 2285 loca,
2894 2225 3014 2289 que
3061 2206 3188 2272 sibi

457 2294 806 2358 scribentur
853 2313 964 2378 per
1009 2293 1328 2371 dommim,
1393 2295 1799 2361 examinando
1849 2295 2041 2358 etiam
2105 2310 2426 2377 expensas,
2491 2312 2608 2375 que
2678 2296 3076 2359 occurrerent
3122 2294 3189 2359 in

457 2381 868 2449 construendo
914 2381 1163 2465 aliquod
1212 2381 1576 2448 fortilicium
1617 2382 1680 2447 in
1726 2381 1898 2456 locis
1946 2399 2066 2464 que
2113 2380 2233 2464 ipsi
2280 2381 2746 2459 examinabunt,
2786 2382 2852 2446 et
2881 2384 3043 2463 quod
3075 2401 3188 2446 nos

454 2467 792 2535 informent
830 2470 906 2533 de
953 2468 1051 2534 his
1100 2470 1164 2534 et
1209 2470 1495 2536 omnibus
1556 2469 1718 2547 aliis,
1784 2489 1903 2553 qne
1960 2467 2292 2533 habuerint
2355 2470 2419 2532 et
2478 2467 2568 2532 eis
2616 2470 2965 2534 necessaria
3010 2468 3187 2534 vide-

456 2555 706 2635 buntur,
754 2558 825 2622 ut
871 2574 981 2622 nos
1026 2558 1100 2620 de
1143 2556 1432 2623 omnibus
1478 2557 1799 2623 informati
1846 2557 1911 2622 et
1955 2555 2189 2639 provisi
2215 2555 2440 2621 melius
2473 2554 2817 2621 deliberare
2849 2556 3188 2639 possimus,

455 2643 621 2709 sicut
664 2644 840 2709 nobis
876 2664 1028 2728 opus
1051 2647 1235 2725 esset,
1283 2645 1565 2711 habendo
1610 2645 1922 2728 prefatum
1969 2645 2251 2710 nostrum
2297 2644 2691 2727 capitaneum
2724 2646 3053 2728 Raspurch
3092 2647 3188 2711 in-

456 2734 643 2797 terim
691 2731 789 2796 die
836 2738 1140 2815 noctuque
1186 2733 1414 2799 bonam
1459 2733 1804 2799 custodiam
1851 2735 2043 2816 atque
2083 2750 2299 2798 curam
2347 2733 2423 2796 de
2467 2731 2604 2797 loco
2663 2733 2787 2799 sibi
2850 2733 3188 2798 commisso

456 2822 522 2883 et
566 2818 642 2884 de
690 2822 915 2886 ceteris
976 2821 1159 2886 terris
1219 2822 1452 2887 nostris
1518 2820 1724 2887 Istrie.
1773 2821 1868 2886 De
1935 2820 2110 2904 parte
2169 2838 2386 2886 omnes
2449 2819 2581 2899 alii,
2644 2822 2720 2886 de
2780 2840 2900 2887 non
2964 2821 3027 2901 6,
3063 2839 3187 2886 non

458 2907 681 2972 sinceri
728 2909 791 2972 4.

542 3013 703 3078 Scor.
756 3013 929 3078 Gens.
981 3015 1130 3091 Roy.
1178 3015 1258 3076 R.
1310 3017 1457 3086 110,
1495 3032 1538 3075 u
1583 3015 1739 3076 mlet.
1779 3016 2019 3077 arkivu.

781 3201 1213 3286 CCCCXC.
1269 3202 1474 3285 (3011.
1528 3204 1754 3289 1395.
1810 3207 1865 3288 6
1917 3205 2287 3307 evimus,
2340 3227 2402 3287 u
2456 3204 2846 3289 Mleteih.

458 3325 800 3403 Republika
842 3348 918 3404 po
964 3347 1126 3391 svom
1167 3331 1488 3404 poslaniku
1520 3348 1786 3405 uyovara
1828 3348 1900 3391 sa
1930 3326 2295 3411 knjeyinjom
2325 3330 2637 3406 Senjskon·
2670 3349 2704 3392 o
2744 3329 2993 3404 nucina,
3024 3333 3183 3393 koko

1293 3418 1375 3477 da
1404 3418 1505 3491 joj
1539 3420 1788 3492 pom-ati
1827 3419 1985 3494 yrad
2028 3420 2335 3494 Raspurk.

669 3535 854 3601 1395.
904 3536 1237 3602 indictione
1284 3536 1498 3616 tercia,
1547 3537 1646 3604 die
1694 3540 1867 3604 sexto
1915 3538 2087 3604 maii.
2136 3538 2249 3605 Ser
2294 3539 2646 3605 Leonardus
2679 3539 2963 3605 Dandulo
2995 3539 3180 3606 miles

453 3626 826 3709 procurator,
874 3624 1191 3691 Johannes
1238 3624 1492 3705 Bembo,
1543 3645 1643 3691 ser
1688 3628 1973 3692 Donatus
2023 3628 2262 3706 Mauro,
2314 3646 2413 3691 ser
2451 3626 2770 3693 Jobannes
2816 3626 3039 3704 Miani,
3077 3648 3180 3693 ser

455 3714 683 3795 Symon
734 3712 1054 3777 Dalmario
1101 3712 1410 3794 sapientes
1458 3713 1724 3779 consilii.
1775 3714 2009 3797 Capta:
2057 3714 2218 3797 quod
2266 3715 2577 3780 scribatur
2624 3714 2957 3797 magnifico
3003 3715 3177 3781 Hen-

454 3803 586 3867 rico
648 3802 722 3865 de
771 3799 1208 3865 Boldemandis
1260 3799 1531 3885 physico,
1580 3803 1684 3885 qui
1727 3803 1827 3867 est
1884 3804 1960 3867 de
2022 3805 2230 3868 nostro
2280 3804 2572 3868 mandato
2633 3803 2796 3885 apud
2857 3803 3177 3869 dominam

459 3887 847 3955 comitissam
897 3885 1118 3972 Segnie
1163 3888 1227 3951 in
1270 3887 1382 3957 hac
1428 3887 1644 3968 forma,
1695 3888 2005 3955 videlicet.

665 3975 982 4058 Sapientis
1030 3977 1233 4040 vestre
1278 3975 1518 4054 literas,
1569 3977 1747 4042 datas
1793 3976 2019 4060 Segnie
2067 3976 2466 4044 decimonono
2511 3977 2730 4060 aprilis
2778 3978 2927 4043 bora
2960 3979 3180 4046 octava

453 4063 576 4130 diei
623 4063 1008 4129 continentes
1052 4062 1329 4128 ordinate
1375 4067 1517 4129 acta
1557 4082 1666 4146 per
1707 4082 1816 4129 vos
1862 4068 1927 4131 et
1966 4064 2180 4130 habita
2225 4082 2264 4128 a
2311 4066 2641 4150 magnifica
2687 4065 2935 4131 domina
2982 4068 3181 4132 comi-

456 4151 613 4217 tissa
665 4151 888 4234 Segnie
937 4169 1122 4232 super
1165 4150 1348 4215 factis
1396 4151 1571 4216 vobis
1619 4153 1988 4231 commissi5‚
2037 4152 2422 4236 suscepimus
2463 4156 2529 4218 et
2555 4151 2833 4237 plenarie
2865 4153 3181 4236 intellexi·

457 4258 619 4318 mus,
666 4258 776 4322 pro
822 4238 1045 4321 quibus
1101 4237 1469 4320 sapientiam
1540 4242 1808 4305 vestram
1877 4240 1942 4304 et
2002 4242 2211 4305 modos
2273 4259 2379 4322 per
2438 4259 2546 4305 vos
2609 4241 2889 4305 servatos
2949 4243 3180 4307 merito

457 4331 919 4405 comendamus,
968 4326 1250 4392 volentes
1296 4328 1360 4390 et
1405 4325 1770 4392 mandantes
1830 4325 2027 4405 vobis,
2094 4332 2393 4410 quatenus
2454 4329 2586 4393 toto
2647 4327 2855 4392 studio
2917 4333 2984 4391 et
3029 4328 3181 4393 dili-

455 4414 668 4498 gentia
713 4414 854 4479 sitis
900 4413 1183 4479 solicitus
1229 4414 1294 4479 et
1338 4414 1613 4479 attentus
1659 4416 1734 4479 ad
1784 4416 2235 4497 procurandum
2267 4417 2331 4479 et
2353 4411 2755 4480 obtinendum
2790 4433 2829 4480 a
2857 4414 3030 4481 dicta
3063 4418 3177 4481 do-

457 4501 644 4578 mina,
691 4502 849 4585 quod
897 4503 1170 4566 castrum
1218 4500 1541 4583 Raspurch
1587 4502 1766 4567 nobis
1828 4502 2190 4568 dimittatur
2248 4500 2329 4567 ad
2381 4520 2565 4585 quam
2626 4502 2972 4585 longiorem
3047 4506 3180 4569 ter-

468 4588 707 4651 minum
769 4588 1002 4671 poterit
1067 4588 1345 4653 obtinere
1406 4591 1471 4653 et
1529 4589 1607 4654 ad
1665 4589 1874 4656 minus
1938 4608 2133 4673 usque
2192 4592 2269 4655 ad
2329 4590 2849 4673 complementum
2918 4593 3184 4658 rectoris

455 4673 670 4754 nostri,
720 4674 824 4759 qui
869 4675 957 4740 ibi
1001 4677 1117 4755 est,
1167 4674 1508 4744 secundum
1554 4676 1820 4744 formam
1869 4681 2075 4745 vestre
2104 4676 2591 4756 commissioni83
2632 4679 2698 4745 et
2726 4679 2971 4764 quando
3008 4680 3184 4748 diffi-
