<?xml version="1.0" encoding="UTF-8"?>
<!DOCTYPE html PUBLIC "-//W3C//DTD XHTML 1.0 Transitional//EN"
    "http://www.w3.org/TR/xhtml1/DTD/xhtml1-transitional.dtd">
<html xmlns="http://www.w3.org/1999/xhtml" xml:lang="en" lang="en">
 <head>
  <title>
</title>
<meta http-equiv="Content-Type" content="text/html;charset=utf-8" />
  <meta name='ocr-system' content='tesseract 3.04.00' />
  <meta name='ocr-capabilities' content='ocr_page ocr_carea ocr_par ocr_line ocrx_word'/>
</head>
<body>
  <div class='ocr_page' id='page_1' title='image "./monumentaspecta02umjegoog_1013.png"; bbox 0 0 3620 5282; ppageno 0'>
   <div class='ocr_carea' id='block_1_1' title="bbox 167 4765 226 5102">
    <p class='ocr_par' dir='ltr' id='par_1_1' title="bbox 167 4765 226 5102">
     <span class='ocr_line' id='line_1_1' title="bbox 167 4765 226 5102; baseline 0 0"><span class='ocrx_word' id='word_1_1' title='bbox 167 4765 226 5102; x_wconf 51' lang='lat' dir='ltr'>i</span> 
     </span>
    </p>
   </div>
   <div class='ocr_carea' id='block_1_2' title="bbox 375 316 3093 3073">
    <p class='ocr_par' dir='ltr' id='par_1_2' title="bbox 375 316 3093 3073">
     <span class='ocr_line' id='line_1_2' title="bbox 2963 316 3092 390; baseline 0 0"><span class='ocrx_word' id='word_1_2' title='bbox 2963 316 3092 390; x_wconf 82' lang='lat'>455</span> 
     </span>
     <span class='ocr_line' id='line_1_3' title="bbox 387 480 3093 602; baseline 0.003 -21"><span class='ocrx_word' id='word_1_3' title='bbox 387 515 529 602; x_wconf 89' lang='lat' dir='ltr'>quia</span> <span class='ocrx_word' id='word_1_4' title='bbox 602 514 782 582; x_wconf 86' lang='lat' dir='ltr'>modo</span> <span class='ocrx_word' id='word_1_5' title='bbox 856 513 932 580; x_wconf 88' lang='lat' dir='ltr'>de</span> <span class='ocrx_word' id='word_1_6' title='bbox 1001 533 1155 580; x_wconf 88' lang='lat' dir='ltr'>novo</span> <span class='ocrx_word' id='word_1_7' title='bbox 1222 535 1332 600; x_wconf 89' lang='lat' dir='ltr'>per</span> <span class='ocrx_word' id='word_1_8' title='bbox 1405 519 1800 597; x_wconf 87' lang='lat' dir='ltr'>mercatores,</span> <span class='ocrx_word' id='word_1_9' title='bbox 1872 535 1981 601; x_wconf 89' lang='lat' dir='ltr'>per</span> <span class='ocrx_word' id='word_1_10' title='bbox 2046 518 2290 585; x_wconf 76' lang='lat' dir='ltr'><strong>litteras</strong></span> <span class='ocrx_word' id='word_1_11' title='bbox 2349 480 2414 585; x_wconf 84' lang='lat' dir='ltr'>et</span> <span class='ocrx_word' id='word_1_12' title='bbox 2486 518 2740 585; x_wconf 80' lang='lat' dir='ltr'><strong>nuncios</strong></span> <span class='ocrx_word' id='word_1_13' title='bbox 2816 518 2894 585; x_wconf 87' lang='lat' dir='ltr'>de</span> <span class='ocrx_word' id='word_1_14' title='bbox 2963 518 3093 588; x_wconf 91' lang='lat' dir='ltr'>illis</span> 
     </span>
     <span class='ocr_line' id='line_1_4' title="bbox 387 602 3089 691; baseline 0.002 -21"><span class='ocrx_word' id='word_1_15' title='bbox 387 605 666 688; x_wconf 88' lang='lat' dir='ltr'>partibus</span> <span class='ocrx_word' id='word_1_16' title='bbox 712 605 1024 669; x_wconf 89' lang='lat' dir='ltr'>venientes</span> <span class='ocrx_word' id='word_1_17' title='bbox 1073 605 1307 670; x_wconf 88' lang='lat' dir='ltr'>dictum</span> <span class='ocrx_word' id='word_1_18' title='bbox 1355 624 1581 670; x_wconf 89' lang='lat' dir='ltr'>novum</span> <span class='ocrx_word' id='word_1_19' title='bbox 1627 605 2013 671; x_wconf 77' lang='lat' dir='ltr'>liberationis</span> <span class='ocrx_word' id='word_1_20' title='bbox 2061 609 2125 669; x_wconf 89' lang='lat' dir='ltr'>et</span> <span class='ocrx_word' id='word_1_21' title='bbox 2161 607 2580 674; x_wconf 75' lang='lat' dir='ltr'>restitutionis</span> <span class='ocrx_word' id='word_1_22' title='bbox 2629 608 2825 691; x_wconf 88' lang='lat' dir='ltr'>ipsius</span> <span class='ocrx_word' id='word_1_23' title='bbox 2855 602 3089 675; x_wconf 86' lang='lat' dir='ltr'>domini</span> 
     </span>
     <span class='ocr_line' id='line_1_5' title="bbox 390 692 3089 780; baseline 0.001 -21"><span class='ocrx_word' id='word_1_24' title='bbox 390 692 552 777; x_wconf 89' lang='lat' dir='ltr'>regis</span> <span class='ocrx_word' id='word_1_25' title='bbox 599 711 672 758; x_wconf 86' lang='lat' dir='ltr'>ex</span> <span class='ocrx_word' id='word_1_26' title='bbox 714 694 843 758; x_wconf 90' lang='lat' dir='ltr'>toto</span> <span class='ocrx_word' id='word_1_27' title='bbox 892 692 1260 771; x_wconf 85' lang='lat' dir='ltr'>verificatur,</span> <span class='ocrx_word' id='word_1_28' title='bbox 1311 698 1558 776; x_wconf 86' lang='lat' dir='ltr'>propter</span> <span class='ocrx_word' id='word_1_29' title='bbox 1602 695 1765 777; x_wconf 88' lang='lat' dir='ltr'>quod</span> <span class='ocrx_word' id='word_1_30' title='bbox 1810 713 1930 760; x_wconf 89' lang='lat' dir='ltr'>non</span> <span class='ocrx_word' id='word_1_31' title='bbox 1976 696 2185 778; x_wconf 89' lang='lat' dir='ltr'>potest</span> <span class='ocrx_word' id='word_1_32' title='bbox 2252 715 2384 761; x_wconf 90' lang='lat' dir='ltr'>esse</span> <span class='ocrx_word' id='word_1_33' title='bbox 2452 695 2623 761; x_wconf 88' lang='lat' dir='ltr'>aliud</span> <span class='ocrx_word' id='word_1_34' title='bbox 2683 714 2870 780; x_wconf 87' lang='lat' dir='ltr'>quam</span> <span class='ocrx_word' id='word_1_35' title='bbox 2935 697 3089 763; x_wconf 89' lang='lat' dir='ltr'>utile</span> 
     </span>
     <span class='ocr_line' id='line_1_6' title="bbox 391 779 3092 866; baseline 0.001 -20"><span class='ocrx_word' id='word_1_36' title='bbox 391 781 664 847; x_wconf 88' lang='lat' dir='ltr'>scribere</span> <span class='ocrx_word' id='word_1_37' title='bbox 714 781 829 864; x_wconf 90' lang='lat' dir='ltr'>ipsi</span> <span class='ocrx_word' id='word_1_38' title='bbox 878 780 1126 847; x_wconf 90' lang='lat' dir='ltr'>domino</span> <span class='ocrx_word' id='word_1_39' title='bbox 1173 779 1305 864; x_wconf 86' lang='lat' dir='ltr'>regi</span> <span class='ocrx_word' id='word_1_40' title='bbox 1351 781 1586 863; x_wconf 92' lang='lat' dir='ltr'>aliquid</span> <span class='ocrx_word' id='word_1_41' title='bbox 1638 801 1822 866; x_wconf 88' lang='lat' dir='ltr'>super</span> <span class='ocrx_word' id='word_1_42' title='bbox 1867 781 2029 848; x_wconf 84' lang='lat' dir='ltr'>facto</span> <span class='ocrx_word' id='word_1_43' title='bbox 2074 783 2268 865; x_wconf 90' lang='lat' dir='ltr'>ipsius</span> <span class='ocrx_word' id='word_1_44' title='bbox 2307 783 2693 850; x_wconf 85' lang='lat' dir='ltr'>liberationis</span> <span class='ocrx_word' id='word_1_45' title='bbox 2724 803 2835 849; x_wconf 92' lang='lat' dir='ltr'>sue</span> <span class='ocrx_word' id='word_1_46' title='bbox 2867 788 2931 850; x_wconf 90' lang='lat' dir='ltr'>et</span> <span class='ocrx_word' id='word_1_47' title='bbox 2962 805 3092 849; x_wconf 90' lang='lat' dir='ltr'>res-</span> 
     </span>
     <span class='ocr_line' id='line_1_7' title="bbox 389 867 3088 955; baseline 0.002 -22"><span class='ocrx_word' id='word_1_48' title='bbox 389 869 702 935; x_wconf 90' lang='lat' dir='ltr'>titutionis</span> <span class='ocrx_word' id='word_1_49' title='bbox 744 870 822 933; x_wconf 85' lang='lat' dir='ltr'>ad</span> <span class='ocrx_word' id='word_1_50' title='bbox 869 887 1151 953; x_wconf 87' lang='lat' dir='ltr'>regnum,</span> <span class='ocrx_word' id='word_1_51' title='bbox 1200 872 1264 933; x_wconf 90' lang='lat' dir='ltr'>et</span> <span class='ocrx_word' id='word_1_52' title='bbox 1309 888 1427 934; x_wconf 93' lang='lat' dir='ltr'>non</span> <span class='ocrx_word' id='word_1_53' title='bbox 1473 869 1537 933; x_wconf 91' lang='lat' dir='ltr'>in</span> <span class='ocrx_word' id='word_1_54' title='bbox 1578 867 1799 948; x_wconf 88' lang='lat' dir='ltr'>forma,</span> <span class='ocrx_word' id='word_1_55' title='bbox 1847 889 1970 955; x_wconf 89' lang='lat' dir='ltr'>qua</span> <span class='ocrx_word' id='word_1_56' title='bbox 2014 875 2326 953; x_wconf 88' lang='lat' dir='ltr'>appareat,</span> <span class='ocrx_word' id='word_1_57' title='bbox 2371 891 2481 938; x_wconf 92' lang='lat' dir='ltr'>nos</span> <span class='ocrx_word' id='word_1_58' title='bbox 2510 870 2709 938; x_wconf 89' lang='lat' dir='ltr'>dictas</span> <span class='ocrx_word' id='word_1_59' title='bbox 2741 890 2883 938; x_wconf 90' lang='lat' dir='ltr'>suas</span> <span class='ocrx_word' id='word_1_60' title='bbox 2912 871 3088 939; x_wconf 90' lang='lat' dir='ltr'>litte-</span> 
     </span>
     <span class='ocr_line' id='line_1_8' title="bbox 389 957 3085 1043; baseline 0.002 -20"><span class='ocrx_word' id='word_1_61' title='bbox 389 977 489 1023; x_wconf 90' lang='lat' dir='ltr'>ras</span> <span class='ocrx_word' id='word_1_62' title='bbox 538 957 862 1041; x_wconf 82' lang='lat' dir='ltr'>recepisse,</span> <span class='ocrx_word' id='word_1_63' title='bbox 909 975 1023 1023; x_wconf 92' lang='lat' dir='ltr'>nec</span> <span class='ocrx_word' id='word_1_64' title='bbox 1070 957 1199 1022; x_wconf 89' lang='lat' dir='ltr'>illis</span> <span class='ocrx_word' id='word_1_65' title='bbox 1244 958 1663 1040; x_wconf 86' lang='lat' dir='ltr'>respondere,</span> <span class='ocrx_word' id='word_1_66' title='bbox 1678 958 1786 1022; x_wconf 87' lang='lat' dir='ltr'>sed</span> <span class='ocrx_word' id='word_1_67' title='bbox 1856 957 2055 1024; x_wconf 88' lang='lat' dir='ltr'>solum</span> <span class='ocrx_word' id='word_1_68' title='bbox 2123 964 2418 1043; x_wconf 81' lang='lat' dir='ltr'>appareat</span> <span class='ocrx_word' id='word_1_69' title='bbox 2483 978 2591 1024; x_wconf 90' lang='lat' dir='ltr'>nos</span> <span class='ocrx_word' id='word_1_70' title='bbox 2661 959 2962 1027; x_wconf 88' lang='lat' dir='ltr'>consolari</span> <span class='ocrx_word' id='word_1_71' title='bbox 3007 960 3085 1029; x_wconf 84' lang='lat' dir='ltr'>de</span> 
     </span>
     <span class='ocr_line' id='line_1_9' title="bbox 387 1045 3079 1131; baseline 0.002 -23"><span class='ocrx_word' id='word_1_72' title='bbox 387 1045 902 1130; x_wconf 83' lang='lat' dir='ltr'>prosperitatibus</span> <span class='ocrx_word' id='word_1_73' title='bbox 956 1045 1106 1124; x_wconf 75' lang='lat' dir='ltr'>suiS,</span> <span class='ocrx_word' id='word_1_74' title='bbox 1152 1063 1267 1128; x_wconf 90' lang='lat' dir='ltr'>que</span> <span class='ocrx_word' id='word_1_75' title='bbox 1315 1045 1394 1109; x_wconf 91' lang='lat' dir='ltr'>ad</span> <span class='ocrx_word' id='word_1_76' title='bbox 1441 1046 1717 1112; x_wconf 87' lang='lat' dir='ltr'>nostram</span> <span class='ocrx_word' id='word_1_77' title='bbox 1763 1048 2055 1112; x_wconf 85' lang='lat' dir='ltr'>noticiam</span> <span class='ocrx_word' id='word_1_78' title='bbox 2104 1050 2167 1110; x_wconf 87' lang='lat' dir='ltr'>et</span> <span class='ocrx_word' id='word_1_79' title='bbox 2211 1047 2591 1115; x_wconf 89' lang='lat' dir='ltr'>audientiam</span> <span class='ocrx_word' id='word_1_80' title='bbox 2650 1050 3079 1131; x_wconf 87' lang='lat' dir='ltr'>pervenerunt,</span> 
     </span>
     <span class='ocr_line' id='line_1_10' title="bbox 388 1132 3080 1220; baseline 0.001 -21"><span class='ocrx_word' id='word_1_81' title='bbox 388 1135 758 1199; x_wconf 87' lang='lat' dir='ltr'>ostendendo</span> <span class='ocrx_word' id='word_1_82' title='bbox 806 1134 1018 1211; x_wconf 87' lang='lat' dir='ltr'>etiam,</span> <span class='ocrx_word' id='word_1_83' title='bbox 1068 1134 1230 1216; x_wconf 90' lang='lat' dir='ltr'>quod</span> <span class='ocrx_word' id='word_1_84' title='bbox 1277 1132 1432 1198; x_wconf 87' lang='lat' dir='ltr'>alias</span> <span class='ocrx_word' id='word_1_85' title='bbox 1477 1134 1906 1218; x_wconf 83' lang='lat' dir='ltr'>scripserimus</span> <span class='ocrx_word' id='word_1_86' title='bbox 1947 1154 2129 1219; x_wconf 88' lang='lat' dir='ltr'>super</span> <span class='ocrx_word' id='word_1_87' title='bbox 2160 1134 2326 1201; x_wconf 88' lang='lat' dir='ltr'>dicta</span> <span class='ocrx_word' id='word_1_88' title='bbox 2372 1135 2664 1211; x_wconf 67' lang='lat' dir='ltr'>materia:</span> <span class='ocrx_word' id='word_1_89' title='bbox 2712 1137 2884 1201; x_wconf 85' lang='lat' dir='ltr'>vadit</span> <span class='ocrx_word' id='word_1_90' title='bbox 2912 1155 3080 1220; x_wconf 87' lang='lat' dir='ltr'>pars,</span> 
     </span>
     <span class='ocr_line' id='line_1_11' title="bbox 387 1220 3079 1308; baseline 0.001 -22"><span class='ocrx_word' id='word_1_91' title='bbox 387 1223 544 1306; x_wconf 89' lang='lat' dir='ltr'>quod</span> <span class='ocrx_word' id='word_1_92' title='bbox 570 1224 872 1295; x_wconf 84' lang='lat' dir='ltr'>scribatur</span> <span class='ocrx_word' id='word_1_93' title='bbox 906 1220 1027 1306; x_wconf 88' lang='lat' dir='ltr'>ipsi</span> <span class='ocrx_word' id='word_1_94' title='bbox 1074 1221 1319 1286; x_wconf 89' lang='lat' dir='ltr'>domino</span> <span class='ocrx_word' id='word_1_95' title='bbox 1366 1222 1516 1305; x_wconf 86' lang='lat' dir='ltr'>regi,</span> <span class='ocrx_word' id='word_1_96' title='bbox 1565 1223 1833 1306; x_wconf 88' lang='lat' dir='ltr'>qualiter</span> <span class='ocrx_word' id='word_1_97' title='bbox 1878 1223 2058 1302; x_wconf 78' lang='lat' dir='ltr'>aliaS,</span> <span class='ocrx_word' id='word_1_98' title='bbox 2094 1223 2237 1287; x_wconf 91' lang='lat' dir='ltr'>dum</span> <span class='ocrx_word' id='word_1_99' title='bbox 2270 1224 2344 1288; x_wconf 88' lang='lat' dir='ltr'>ad</span> <span class='ocrx_word' id='word_1_100' title='bbox 2378 1225 2657 1288; x_wconf 89' lang='lat' dir='ltr'>nostrum</span> <span class='ocrx_word' id='word_1_101' title='bbox 2694 1224 3079 1308; x_wconf 87' lang='lat' dir='ltr'>pervenisset</span> 
     </span>
     <span class='ocr_line' id='line_1_12' title="bbox 384 1309 3075 1395; baseline 0.001 -20"><span class='ocrx_word' id='word_1_102' title='bbox 384 1310 683 1390; x_wconf 88' lang='lat' dir='ltr'>auditum,</span> <span class='ocrx_word' id='word_1_103' title='bbox 730 1311 891 1395; x_wconf 90' lang='lat' dir='ltr'>quod</span> <span class='ocrx_word' id='word_1_104' title='bbox 941 1310 1233 1375; x_wconf 85' lang='lat' dir='ltr'>maiestas</span> <span class='ocrx_word' id='word_1_105' title='bbox 1284 1327 1397 1375; x_wconf 90' lang='lat' dir='ltr'>sua</span> <span class='ocrx_word' id='word_1_106' title='bbox 1441 1309 1697 1375; x_wconf 89' lang='lat' dir='ltr'>reducta</span> <span class='ocrx_word' id='word_1_107' title='bbox 1743 1311 1877 1385; x_wconf 87' lang='lat' dir='ltr'>erat</span> <span class='ocrx_word' id='word_1_108' title='bbox 1929 1311 2005 1376; x_wconf 87' lang='lat' dir='ltr'>ad</span> <span class='ocrx_word' id='word_1_109' title='bbox 2071 1310 2399 1394; x_wconf 88' lang='lat' dir='ltr'>pristinam</span> <span class='ocrx_word' id='word_1_110' title='bbox 2464 1311 2822 1377; x_wconf 87' lang='lat' dir='ltr'>libertatem</span> <span class='ocrx_word' id='word_1_111' title='bbox 2891 1316 2955 1379; x_wconf 90' lang='lat' dir='ltr'>et</span> <span class='ocrx_word' id='word_1_112' title='bbox 2999 1313 3075 1380; x_wconf 88' lang='lat' dir='ltr'>ad</span> 
     </span>
     <span class='ocr_line' id='line_1_13' title="bbox 383 1397 3081 1482; baseline 0.001 -20"><span class='ocrx_word' id='word_1_113' title='bbox 383 1417 637 1482; x_wconf 88' lang='lat' dir='ltr'>regnum</span> <span class='ocrx_word' id='word_1_114' title='bbox 686 1418 867 1465; x_wconf 89' lang='lat' dir='ltr'>suum</span> <span class='ocrx_word' id='word_1_115' title='bbox 913 1397 1233 1482; x_wconf 87' lang='lat' dir='ltr'>Hungarie</span> <span class='ocrx_word' id='word_1_116' title='bbox 1277 1397 1619 1463; x_wconf 90' lang='lat' dir='ltr'>liberaliter</span> <span class='ocrx_word' id='word_1_117' title='bbox 1688 1399 1993 1473; x_wconf 89' lang='lat' dir='ltr'>restituta,</span> <span class='ocrx_word' id='word_1_118' title='bbox 2062 1417 2172 1464; x_wconf 92' lang='lat' dir='ltr'>nos</span> <span class='ocrx_word' id='word_1_119' title='bbox 2233 1400 2306 1464; x_wconf 87' lang='lat' dir='ltr'>de</span> <span class='ocrx_word' id='word_1_120' title='bbox 2373 1399 2736 1482; x_wconf 86' lang='lat' dir='ltr'>captivitate</span> <span class='ocrx_word' id='word_1_121' title='bbox 2808 1401 2873 1466; x_wconf 88' lang='lat' dir='ltr'>et</span> <span class='ocrx_word' id='word_1_122' title='bbox 2939 1399 3081 1466; x_wconf 90' lang='lat' dir='ltr'>aliis</span> 
     </span>
     <span class='ocr_line' id='line_1_14' title="bbox 383 1486 3088 1571; baseline 0.001 -20"><span class='ocrx_word' id='word_1_123' title='bbox 383 1488 754 1571; x_wconf 87' lang='lat' dir='ltr'>perpetratis</span> <span class='ocrx_word' id='word_1_124' title='bbox 802 1487 866 1551; x_wconf 91' lang='lat' dir='ltr'>in</span> <span class='ocrx_word' id='word_1_125' title='bbox 913 1504 1236 1569; x_wconf 88' lang='lat' dir='ltr'>personam</span> <span class='ocrx_word' id='word_1_126' title='bbox 1278 1504 1390 1551; x_wconf 91' lang='lat' dir='ltr'>sue</span> <span class='ocrx_word' id='word_1_127' title='bbox 1432 1486 1804 1566; x_wconf 89' lang='lat' dir='ltr'>serenitatis,</span> <span class='ocrx_word' id='word_1_128' title='bbox 1858 1488 2176 1571; x_wconf 85' lang='lat' dir='ltr'>tamquam</span> <span class='ocrx_word' id='word_1_129' title='bbox 2223 1488 2521 1557; x_wconf 86' lang='lat' dir='ltr'>zelatores</span> <span class='ocrx_word' id='word_1_130' title='bbox 2589 1489 2652 1553; x_wconf 89' lang='lat' dir='ltr'>et</span> <span class='ocrx_word' id='word_1_131' title='bbox 2710 1487 2899 1554; x_wconf 88' lang='lat' dir='ltr'>amici</span> <span class='ocrx_word' id='word_1_132' title='bbox 2959 1488 3088 1554; x_wconf 91' lang='lat' dir='ltr'>sin-</span> 
     </span>
     <span class='ocr_line' id='line_1_15' title="bbox 384 1573 3080 1658; baseline 0.001 -18"><span class='ocrx_word' id='word_1_133' title='bbox 384 1574 690 1640; x_wconf 86' lang='lat' dir='ltr'>cerissimi</span> <span class='ocrx_word' id='word_1_134' title='bbox 735 1573 983 1643; x_wconf 89' lang='lat' dir='ltr'>honoris</span> <span class='ocrx_word' id='word_1_135' title='bbox 1028 1576 1092 1638; x_wconf 89' lang='lat' dir='ltr'>et</span> <span class='ocrx_word' id='word_1_136' title='bbox 1136 1578 1339 1639; x_wconf 88' lang='lat' dir='ltr'>status</span> <span class='ocrx_word' id='word_1_137' title='bbox 1386 1574 1502 1651; x_wconf 88' lang='lat' dir='ltr'>sui,</span> <span class='ocrx_word' id='word_1_138' title='bbox 1548 1575 1888 1640; x_wconf 82' lang='lat' dir='ltr'>maximam</span> <span class='ocrx_word' id='word_1_139' title='bbox 1933 1577 2275 1658; x_wconf 86' lang='lat' dir='ltr'>passionem</span> <span class='ocrx_word' id='word_1_140' title='bbox 2346 1579 2412 1641; x_wconf 89' lang='lat' dir='ltr'>et</span> <span class='ocrx_word' id='word_1_141' title='bbox 2477 1575 2811 1642; x_wconf 85' lang='lat' dir='ltr'>tristiciam</span> <span class='ocrx_word' id='word_1_142' title='bbox 2873 1594 3080 1643; x_wconf 86' lang='lat' dir='ltr'>sense-</span> 
     </span>
     <span class='ocr_line' id='line_1_16' title="bbox 385 1662 3088 1748; baseline 0.001 -20"><span class='ocrx_word' id='word_1_143' title='bbox 385 1681 617 1742; x_wconf 82' lang='lat' dir='ltr'>ramus,</span> <span class='ocrx_word' id='word_1_144' title='bbox 650 1662 885 1729; x_wconf 87' lang='lat' dir='ltr'>fuimus</span> <span class='ocrx_word' id='word_1_145' title='bbox 918 1679 1142 1746; x_wconf 85' lang='lat' dir='ltr'>magno</span> <span class='ocrx_word' id='word_1_146' title='bbox 1176 1662 1398 1746; x_wconf 89' lang='lat' dir='ltr'>repleti</span> <span class='ocrx_word' id='word_1_147' title='bbox 1433 1663 1677 1747; x_wconf 87' lang='lat' dir='ltr'>gaudio,</span> <span class='ocrx_word' id='word_1_148' title='bbox 1713 1665 2087 1748; x_wconf 83' lang='lat' dir='ltr'>spiritusque</span> <span class='ocrx_word' id='word_1_149' title='bbox 2117 1663 2312 1743; x_wconf 83' lang='lat' dir='ltr'>nostri</span> <span class='ocrx_word' id='word_1_150' title='bbox 2364 1665 2798 1731; x_wconf 87' lang='lat' dir='ltr'>remanserunt</span> <span class='ocrx_word' id='word_1_151' title='bbox 2821 1664 3088 1732; x_wconf 85' lang='lat' dir='ltr'>maxime</span> 
     </span>
     <span class='ocr_line' id='line_1_17' title="bbox 388 1748 3080 1855; baseline 0 -38"><span class='ocrx_word' id='word_1_152' title='bbox 388 1748 706 1830; x_wconf 86' lang='lat' dir='ltr'>consolati,</span> <span class='ocrx_word' id='word_1_153' title='bbox 754 1752 916 1818; x_wconf 88' lang='lat' dir='ltr'>sicut</span> <span class='ocrx_word' id='word_1_154' title='bbox 959 1751 1184 1816; x_wconf 88' lang='lat' dir='ltr'>nostris</span> <span class='ocrx_word' id='word_1_155' title='bbox 1227 1751 1458 1817; x_wconf 87' lang='lat' dir='ltr'>litteris</span> <span class='ocrx_word' id='word_1_156' title='bbox 1504 1754 1653 1818; x_wconf 89' lang='lat' dir='ltr'>tunc</span> <span class='ocrx_word' id='word_1_157' title='bbox 1690 1751 1899 1819; x_wconf 87' lang='lat' dir='ltr'>missis</span> <span class='ocrx_word' id='word_1_158' title='bbox 1945 1752 2227 1819; x_wconf 85' lang='lat' dir='ltr'>diffusius</span> <span class='ocrx_word' id='word_1_159' title='bbox 2272 1753 2480 1837; x_wconf 88' lang='lat' dir='ltr'>potuit</span> <span class='ocrx_word' id='word_1_160' title='bbox 2521 1752 2935 1855; x_wconf 77' lang='lat' dir='ltr'>presensis803</span> <span class='ocrx_word' id='word_1_161' title='bbox 2970 1771 3080 1838; x_wconf 91' lang='lat' dir='ltr'>po-</span> 
     </span>
     <span class='ocr_line' id='line_1_18' title="bbox 387 1839 3074 1926; baseline 0 -20"><span class='ocrx_word' id='word_1_162' title='bbox 387 1842 522 1906; x_wconf 88' lang='lat' dir='ltr'>stea</span> <span class='ocrx_word' id='word_1_163' title='bbox 567 1842 775 1907; x_wconf 87' lang='lat' dir='ltr'>autem</span> <span class='ocrx_word' id='word_1_164' title='bbox 818 1839 1118 1908; x_wconf 82' lang='lat' dir='ltr'>verificati</span> <span class='ocrx_word' id='word_1_165' title='bbox 1163 1839 1445 1905; x_wconf 88' lang='lat' dir='ltr'>dietenus</span> <span class='ocrx_word' id='word_1_166' title='bbox 1492 1842 1556 1904; x_wconf 91' lang='lat' dir='ltr'>et</span> <span class='ocrx_word' id='word_1_167' title='bbox 1599 1840 1779 1906; x_wconf 91' lang='lat' dir='ltr'>modo</span> <span class='ocrx_word' id='word_1_168' title='bbox 1826 1840 2157 1907; x_wconf 85' lang='lat' dir='ltr'>novissime</span> <span class='ocrx_word' id='word_1_169' title='bbox 2214 1859 2325 1926; x_wconf 89' lang='lat' dir='ltr'>per</span> <span class='ocrx_word' id='word_1_170' title='bbox 2370 1842 2649 1920; x_wconf 77' lang='lat' dir='ltr'>nuncioS,</span> <span class='ocrx_word' id='word_1_171' title='bbox 2696 1841 3074 1908; x_wconf 89' lang='lat' dir='ltr'>mercatores</span> 
     </span>
     <span class='ocr_line' id='line_1_19' title="bbox 383 1926 3073 2013; baseline 0 -19"><span class='ocrx_word' id='word_1_172' title='bbox 383 1930 450 1994; x_wconf 90' lang='lat' dir='ltr'>et</span> <span class='ocrx_word' id='word_1_173' title='bbox 493 1928 738 1996; x_wconf 87' lang='lat' dir='ltr'>litteras</span> <span class='ocrx_word' id='word_1_174' title='bbox 784 1930 859 1995; x_wconf 87' lang='lat' dir='ltr'>ad</span> <span class='ocrx_word' id='word_1_175' title='bbox 907 1928 1180 1994; x_wconf 87' lang='lat' dir='ltr'>diversos</span> <span class='ocrx_word' id='word_1_176' title='bbox 1226 1928 1300 1992; x_wconf 91' lang='lat' dir='ltr'>de</span> <span class='ocrx_word' id='word_1_177' title='bbox 1343 1926 1472 1993; x_wconf 91' lang='lat' dir='ltr'>illis</span> <span class='ocrx_word' id='word_1_178' title='bbox 1509 1928 1791 2012; x_wconf 90' lang='lat' dir='ltr'>partibus</span> <span class='ocrx_word' id='word_1_179' title='bbox 1837 1929 2170 2008; x_wconf 77' lang='lat' dir='ltr'>venienteS,</span> <span class='ocrx_word' id='word_1_180' title='bbox 2218 1927 2380 2013; x_wconf 89' lang='lat' dir='ltr'>quod</span> <span class='ocrx_word' id='word_1_181' title='bbox 2425 1930 2516 1995; x_wconf 87' lang='lat' dir='ltr'>ita</span> <span class='ocrx_word' id='word_1_182' title='bbox 2561 1928 2647 1995; x_wconf 90' lang='lat' dir='ltr'>sit</span> <span class='ocrx_word' id='word_1_183' title='bbox 2686 1928 2778 1995; x_wconf 89' lang='lat' dir='ltr'>rei</span> <span class='ocrx_word' id='word_1_184' title='bbox 2822 1930 3073 2010; x_wconf 85' lang='lat' dir='ltr'>veritas,</span> 
     </span>
     <span class='ocr_line' id='line_1_20' title="bbox 383 2010 3081 2097; baseline 0.001 -15"><span class='ocrx_word' id='word_1_185' title='bbox 383 2018 543 2082; x_wconf 89' lang='lat' dir='ltr'>teste</span> <span class='ocrx_word' id='word_1_186' title='bbox 589 2016 703 2082; x_wconf 91' lang='lat' dir='ltr'>deo</span> <span class='ocrx_word' id='word_1_187' title='bbox 750 2018 926 2082; x_wconf 88' lang='lat' dir='ltr'>illam</span> <span class='ocrx_word' id='word_1_188' title='bbox 973 2015 1307 2082; x_wconf 89' lang='lat' dir='ltr'>cordialem</span> <span class='ocrx_word' id='word_1_189' title='bbox 1355 2016 1835 2082; x_wconf 88' lang='lat' dir='ltr'>consolationem</span> <span class='ocrx_word' id='word_1_190' title='bbox 1883 2020 1946 2083; x_wconf 89' lang='lat' dir='ltr'>et</span> <span class='ocrx_word' id='word_1_191' title='bbox 1987 2017 2264 2083; x_wconf 89' lang='lat' dir='ltr'>leticiam</span> <span class='ocrx_word' id='word_1_192' title='bbox 2312 2017 2618 2084; x_wconf 87' lang='lat' dir='ltr'>sensimus</span> <span class='ocrx_word' id='word_1_193' title='bbox 2664 2010 2729 2083; x_wconf 85' lang='lat' dir='ltr'>et</span> <span class='ocrx_word' id='word_1_194' title='bbox 2773 2017 3081 2097; x_wconf 85' lang='lat' dir='ltr'>sentinus,</span> 
     </span>
     <span class='ocr_line' id='line_1_21' title="bbox 381 2104 3083 2190; baseline -0 -19"><span class='ocrx_word' id='word_1_195' title='bbox 381 2124 565 2190; x_wconf 90' lang='lat' dir='ltr'>quam</span> <span class='ocrx_word' id='word_1_196' title='bbox 614 2106 873 2190; x_wconf 89' lang='lat' dir='ltr'>requirit</span> <span class='ocrx_word' id='word_1_197' title='bbox 917 2104 1196 2171; x_wconf 88' lang='lat' dir='ltr'>amicicie</span> <span class='ocrx_word' id='word_1_198' title='bbox 1234 2123 1378 2171; x_wconf 87' lang='lat' dir='ltr'>vera</span> <span class='ocrx_word' id='word_1_199' title='bbox 1426 2105 1521 2171; x_wconf 84' lang='lat' dir='ltr'>lex</span> <span class='ocrx_word' id='word_1_200' title='bbox 1566 2108 1630 2171; x_wconf 85' lang='lat' dir='ltr'>et</span> <span class='ocrx_word' id='word_1_201' title='bbox 1675 2108 1913 2173; x_wconf 88' lang='lat' dir='ltr'>sincere</span> <span class='ocrx_word' id='word_1_202' title='bbox 1980 2105 2262 2172; x_wconf 90' lang='lat' dir='ltr'>debitum</span> <span class='ocrx_word' id='word_1_203' title='bbox 2328 2104 2632 2185; x_wconf 88' lang='lat' dir='ltr'>caritatis,</span> <span class='ocrx_word' id='word_1_204' title='bbox 2704 2123 2849 2171; x_wconf 91' lang='lat' dir='ltr'>nam</span> <span class='ocrx_word' id='word_1_205' title='bbox 2920 2105 3083 2171; x_wconf 90' lang='lat' dir='ltr'>sicut</span> 
     </span>
     <span class='ocr_line' id='line_1_22' title="bbox 378 2193 3080 2279; baseline 0.001 -21"><span class='ocrx_word' id='word_1_206' title='bbox 378 2195 677 2270; x_wconf 85' lang='lat' dir='ltr'>serenitas</span> <span class='ocrx_word' id='word_1_207' title='bbox 721 2213 836 2260; x_wconf 90' lang='lat' dir='ltr'>sua</span> <span class='ocrx_word' id='word_1_208' title='bbox 882 2193 1098 2259; x_wconf 90' lang='lat' dir='ltr'>multis</span> <span class='ocrx_word' id='word_1_209' title='bbox 1144 2194 1209 2259; x_wconf 89' lang='lat' dir='ltr'>et</span> <span class='ocrx_word' id='word_1_210' title='bbox 1253 2194 1436 2260; x_wconf 87' lang='lat' dir='ltr'>variis</span> <span class='ocrx_word' id='word_1_211' title='bbox 1496 2195 1800 2277; x_wconf 80' lang='lat' dir='ltr'>operibuS,</span> <span class='ocrx_word' id='word_1_212' title='bbox 1864 2213 1980 2278; x_wconf 90' lang='lat' dir='ltr'>que</span> <span class='ocrx_word' id='word_1_213' title='bbox 2041 2194 2290 2260; x_wconf 89' lang='lat' dir='ltr'>mentiri</span> <span class='ocrx_word' id='word_1_214' title='bbox 2346 2213 2468 2260; x_wconf 92' lang='lat' dir='ltr'>non</span> <span class='ocrx_word' id='word_1_215' title='bbox 2530 2195 2806 2279; x_wconf 78' lang='lat' dir='ltr'>possunt,</span> <span class='ocrx_word' id='word_1_216' title='bbox 2869 2193 3080 2261; x_wconf 83' lang='lat' dir='ltr'>videre</span> 
     </span>
     <span class='ocr_line' id='line_1_23' title="bbox 377 2281 3077 2366; baseline 0 -19"><span class='ocrx_word' id='word_1_217' title='bbox 377 2284 443 2347; x_wconf 88' lang='lat' dir='ltr'>et</span> <span class='ocrx_word' id='word_1_218' title='bbox 486 2282 998 2366; x_wconf 86' lang='lat' dir='ltr'>comprehendere</span> <span class='ocrx_word' id='word_1_219' title='bbox 1044 2282 1246 2365; x_wconf 89' lang='lat' dir='ltr'>potuit</span> <span class='ocrx_word' id='word_1_220' title='bbox 1282 2281 1627 2362; x_wconf 88' lang='lat' dir='ltr'>manifeste,</span> <span class='ocrx_word' id='word_1_221' title='bbox 1674 2301 1785 2348; x_wconf 90' lang='lat' dir='ltr'>nos</span> <span class='ocrx_word' id='word_1_222' title='bbox 1810 2301 2050 2365; x_wconf 89' lang='lat' dir='ltr'>semper</span> <span class='ocrx_word' id='word_1_223' title='bbox 2082 2283 2475 2349; x_wconf 90' lang='lat' dir='ltr'>maiestatem</span> <span class='ocrx_word' id='word_1_224' title='bbox 2507 2300 2686 2348; x_wconf 90' lang='lat' dir='ltr'>suam</span> <span class='ocrx_word' id='word_1_225' title='bbox 2717 2281 3077 2363; x_wconf 79' lang='lat' dir='ltr'>dileximus,</span> 
     </span>
     <span class='ocr_line' id='line_1_24' title="bbox 379 2366 3079 2455; baseline 0 -20"><span class='ocrx_word' id='word_1_226' title='bbox 379 2372 443 2435; x_wconf 91' lang='lat' dir='ltr'>et</span> <span class='ocrx_word' id='word_1_227' title='bbox 488 2370 686 2436; x_wconf 89' lang='lat' dir='ltr'>eidem</span> <span class='ocrx_word' id='word_1_228' title='bbox 735 2390 805 2438; x_wconf 89' lang='lat' dir='ltr'>ac</span> <span class='ocrx_word' id='word_1_229' title='bbox 853 2390 1066 2436; x_wconf 90' lang='lat' dir='ltr'>corone</span> <span class='ocrx_word' id='word_1_230' title='bbox 1113 2371 1179 2436; x_wconf 88' lang='lat' dir='ltr'>et</span> <span class='ocrx_word' id='word_1_231' title='bbox 1220 2388 1407 2454; x_wconf 87' lang='lat' dir='ltr'>regno</span> <span class='ocrx_word' id='word_1_232' title='bbox 1454 2390 1564 2435; x_wconf 89' lang='lat' dir='ltr'>suo</span> <span class='ocrx_word' id='word_1_233' title='bbox 1612 2366 1688 2438; x_wconf 70' lang='lat' dir='ltr'>in&#39;</span> <span class='ocrx_word' id='word_1_234' title='bbox 1721 2372 2007 2437; x_wconf 90' lang='lat' dir='ltr'>omnibus</span> <span class='ocrx_word' id='word_1_235' title='bbox 2077 2370 2256 2437; x_wconf 88' lang='lat' dir='ltr'>nobis</span> <span class='ocrx_word' id='word_1_236' title='bbox 2328 2369 2731 2455; x_wconf 89' lang='lat' dir='ltr'>possibilibus</span> <span class='ocrx_word' id='word_1_237' title='bbox 2801 2370 3079 2454; x_wconf 87' lang='lat' dir='ltr'>compla-</span> 
     </span>
     <span class='ocr_line' id='line_1_25' title="bbox 377 2458 3079 2544; baseline 0 -20"><span class='ocrx_word' id='word_1_238' title='bbox 377 2458 618 2524; x_wconf 90' lang='lat' dir='ltr'>cuimus</span> <span class='ocrx_word' id='word_1_239' title='bbox 664 2460 869 2525; x_wconf 90' lang='lat' dir='ltr'>animo</span> <span class='ocrx_word' id='word_1_240' title='bbox 914 2458 1289 2538; x_wconf 89' lang='lat' dir='ltr'>iocundanti,</span> <span class='ocrx_word' id='word_1_241' title='bbox 1336 2460 1654 2543; x_wconf 89' lang='lat' dir='ltr'>sperantes</span> <span class='ocrx_word' id='word_1_242' title='bbox 1693 2478 1837 2544; x_wconf 84' lang='lat' dir='ltr'>ymo</span> <span class='ocrx_word' id='word_1_243' title='bbox 1885 2477 1922 2525; x_wconf 88' lang='lat' dir='ltr'>a</span> <span class='ocrx_word' id='word_1_244' title='bbox 1967 2460 2135 2525; x_wconf 87' lang='lat' dir='ltr'>certo</span> <span class='ocrx_word' id='word_1_245' title='bbox 2177 2460 2477 2539; x_wconf 89' lang='lat' dir='ltr'>tenentes,</span> <span class='ocrx_word' id='word_1_246' title='bbox 2542 2459 2701 2543; x_wconf 89' lang='lat' dir='ltr'>quod</span> <span class='ocrx_word' id='word_1_247' title='bbox 2747 2458 2855 2524; x_wconf 89' lang='lat' dir='ltr'>ille</span> <span class='ocrx_word' id='word_1_248' title='bbox 2907 2477 3079 2525; x_wconf 90' lang='lat' dir='ltr'>sum-</span> 
     </span>
     <span class='ocr_line' id='line_1_26' title="bbox 379 2546 3074 2650; baseline 0.001 -40"><span class='ocrx_word' id='word_1_249' title='bbox 379 2566 519 2611; x_wconf 91' lang='lat' dir='ltr'>mus</span> <span class='ocrx_word' id='word_1_250' title='bbox 566 2567 666 2612; x_wconf 86' lang='lat' dir='ltr'>rex</span> <span class='ocrx_word' id='word_1_251' title='bbox 711 2548 986 2614; x_wconf 91' lang='lat' dir='ltr'>omnium</span> <span class='ocrx_word' id='word_1_252' title='bbox 1030 2547 1232 2630; x_wconf 83' lang='lat' dir='ltr'>opifex</span> <span class='ocrx_word' id='word_1_253' title='bbox 1274 2550 1337 2611; x_wconf 90' lang='lat' dir='ltr'>et</span> <span class='ocrx_word' id='word_1_254' title='bbox 1381 2547 1682 2630; x_wconf 86' lang='lat' dir='ltr'>magister</span> <span class='ocrx_word' id='word_1_255' title='bbox 1728 2548 1896 2628; x_wconf 78' lang='lat' dir='ltr'>deuS,</span> <span class='ocrx_word' id='word_1_256' title='bbox 1945 2547 2051 2630; x_wconf 90' lang='lat' dir='ltr'>qui</span> <span class='ocrx_word' id='word_1_257' title='bbox 2114 2546 2280 2614; x_wconf 86' lang='lat' dir='ltr'>facta</span> <span class='ocrx_word' id='word_1_258' title='bbox 2344 2566 2586 2633; x_wconf 86' lang='lat' dir='ltr'>regum</span> <span class='ocrx_word' id='word_1_259' title='bbox 2610 2549 2674 2612; x_wconf 94' lang='lat' dir='ltr'>et</span> <span class='ocrx_word' id='word_1_260' title='bbox 2718 2547 3074 2650; x_wconf 80' lang='lat' dir='ltr'>principum</span> 
     </span>
     <span class='ocr_line' id='line_1_27' title="bbox 377 2633 3069 2721; baseline 0 -21"><span class='ocrx_word' id='word_1_261' title='bbox 377 2633 684 2720; x_wconf 87' lang='lat' dir='ltr'>gubernat</span> <span class='ocrx_word' id='word_1_262' title='bbox 728 2636 792 2703; x_wconf 91' lang='lat' dir='ltr'>et</span> <span class='ocrx_word' id='word_1_263' title='bbox 838 2637 1003 2721; x_wconf 87' lang='lat' dir='ltr'>regit</span> <span class='ocrx_word' id='word_1_264' title='bbox 1047 2636 1123 2701; x_wconf 86' lang='lat' dir='ltr'>ad</span> <span class='ocrx_word' id='word_1_265' title='bbox 1170 2637 1391 2702; x_wconf 88' lang='lat' dir='ltr'>nutum</span> <span class='ocrx_word' id='word_1_266' title='bbox 1440 2635 1790 2702; x_wconf 87' lang='lat' dir='ltr'>maiestatis</span> <span class='ocrx_word' id='word_1_267' title='bbox 1852 2655 1980 2715; x_wconf 88' lang='lat' dir='ltr'>sue,</span> <span class='ocrx_word' id='word_1_268' title='bbox 2052 2637 2296 2702; x_wconf 89' lang='lat' dir='ltr'>tantum</span> <span class='ocrx_word' id='word_1_269' title='bbox 2344 2635 2418 2702; x_wconf 89' lang='lat' dir='ltr'>de</span> <span class='ocrx_word' id='word_1_270' title='bbox 2464 2654 2574 2701; x_wconf 90' lang='lat' dir='ltr'>sua</span> <span class='ocrx_word' id='word_1_271' title='bbox 2632 2635 2838 2719; x_wconf 87' lang='lat' dir='ltr'>gratia</span> <span class='ocrx_word' id='word_1_272' title='bbox 2885 2634 3069 2702; x_wconf 90' lang='lat' dir='ltr'>mini-</span> 
     </span>
     <span class='ocr_line' id='line_1_28' title="bbox 377 2724 3066 2809; baseline 0 -20"><span class='ocrx_word' id='word_1_273' title='bbox 377 2724 621 2803; x_wconf 87' lang='lat' dir='ltr'>strabit,</span> <span class='ocrx_word' id='word_1_274' title='bbox 669 2726 828 2809; x_wconf 90' lang='lat' dir='ltr'>quod</span> <span class='ocrx_word' id='word_1_275' title='bbox 874 2744 1132 2808; x_wconf 87' lang='lat' dir='ltr'>regnum</span> <span class='ocrx_word' id='word_1_276' title='bbox 1179 2727 1242 2790; x_wconf 91' lang='lat' dir='ltr'>et</span> <span class='ocrx_word' id='word_1_277' title='bbox 1285 2724 1543 2808; x_wconf 89' lang='lat' dir='ltr'>populos</span> <span class='ocrx_word' id='word_1_278' title='bbox 1581 2726 1699 2791; x_wconf 89' lang='lat' dir='ltr'>sibi</span> <span class='ocrx_word' id='word_1_279' title='bbox 1748 2726 2007 2789; x_wconf 90' lang='lat' dir='ltr'>traditos</span> <span class='ocrx_word' id='word_1_280' title='bbox 2066 2724 2130 2789; x_wconf 90' lang='lat' dir='ltr'>iu</span> <span class='ocrx_word' id='word_1_281' title='bbox 2199 2724 2404 2807; x_wconf 86' lang='lat' dir='ltr'>quiete</span> <span class='ocrx_word' id='word_1_282' title='bbox 2451 2727 2515 2789; x_wconf 91' lang='lat' dir='ltr'>et</span> <span class='ocrx_word' id='word_1_283' title='bbox 2559 2743 2709 2807; x_wconf 89' lang='lat' dir='ltr'>pace</span> <span class='ocrx_word' id='word_1_284' title='bbox 2755 2724 3066 2807; x_wconf 87' lang='lat' dir='ltr'>disponet,</span> 
     </span>
     <span class='ocr_line' id='line_1_29' title="bbox 375 2812 3080 2898; baseline 0 -22"><span class='ocrx_word' id='word_1_285' title='bbox 375 2815 439 2877; x_wconf 90' lang='lat' dir='ltr'>et</span> <span class='ocrx_word' id='word_1_286' title='bbox 478 2814 591 2878; x_wconf 90' lang='lat' dir='ltr'>sub</span> <span class='ocrx_word' id='word_1_287' title='bbox 637 2813 986 2881; x_wconf 89' lang='lat' dir='ltr'>obedientia</span> <span class='ocrx_word' id='word_1_288' title='bbox 1031 2817 1093 2879; x_wconf 87' lang='lat' dir='ltr'>et</span> <span class='ocrx_word' id='word_1_289' title='bbox 1138 2812 1438 2878; x_wconf 88' lang='lat' dir='ltr'>fidelitate</span> <span class='ocrx_word' id='word_1_290' title='bbox 1468 2831 1582 2878; x_wconf 90' lang='lat' dir='ltr'>sua</span> <span class='ocrx_word' id='word_1_291' title='bbox 1626 2814 1794 2897; x_wconf 85' lang='lat' dir='ltr'>regia</span> <span class='ocrx_word' id='word_1_292' title='bbox 1834 2831 1941 2895; x_wconf 90' lang='lat' dir='ltr'>per</span> <span class='ocrx_word' id='word_1_293' title='bbox 1973 2813 2337 2898; x_wconf 86' lang='lat' dir='ltr'>longissima</span> <span class='ocrx_word' id='word_1_294' title='bbox 2364 2814 2647 2895; x_wconf 89' lang='lat' dir='ltr'>tempora</span> <span class='ocrx_word' id='word_1_295' title='bbox 2686 2814 3080 2879; x_wconf 87' lang='lat' dir='ltr'>conservabit</span> 
     </span>
     <span class='ocr_line' id='line_1_30' title="bbox 376 2900 3075 2986; baseline -0 -19"><span class='ocrx_word' id='word_1_296' title='bbox 376 2901 448 2967; x_wconf 89' lang='lat' dir='ltr'>de</span> <span class='ocrx_word' id='word_1_297' title='bbox 495 2901 717 2985; x_wconf 88' lang='lat' dir='ltr'>quibus</span> <span class='ocrx_word' id='word_1_298' title='bbox 764 2902 991 2967; x_wconf 89' lang='lat' dir='ltr'>erimus</span> <span class='ocrx_word' id='word_1_299' title='bbox 1042 2902 1309 2966; x_wconf 87' lang='lat' dir='ltr'>maxime</span> <span class='ocrx_word' id='word_1_300' title='bbox 1354 2901 1653 2968; x_wconf 90' lang='lat' dir='ltr'>consolati</span> <span class='ocrx_word' id='word_1_301' title='bbox 1695 2903 1771 2966; x_wconf 89' lang='lat' dir='ltr'>ad</span> <span class='ocrx_word' id='word_1_302' title='bbox 1813 2901 2074 2967; x_wconf 87' lang='lat' dir='ltr'>honores</span> <span class='ocrx_word' id='word_1_303' title='bbox 2134 2903 2198 2967; x_wconf 92' lang='lat' dir='ltr'>et</span> <span class='ocrx_word' id='word_1_304' title='bbox 2249 2900 2634 2984; x_wconf 87' lang='lat' dir='ltr'>beneplacita</span> <span class='ocrx_word' id='word_1_305' title='bbox 2678 2920 2794 2966; x_wconf 87' lang='lat' dir='ltr'>sua</span> <span class='ocrx_word' id='word_1_306' title='bbox 2838 2920 3075 2986; x_wconf 90' lang='lat' dir='ltr'>queque</span> 
     </span>
     <span class='ocr_line' id='line_1_31' title="bbox 380 2988 2949 3073; baseline 0.001 -20"><span class='ocrx_word' id='word_1_307' title='bbox 380 2990 709 3056; x_wconf 87' lang='lat' dir='ltr'>caritativa</span> <span class='ocrx_word' id='word_1_308' title='bbox 754 2993 816 3056; x_wconf 92' lang='lat' dir='ltr'>et</span> <span class='ocrx_word' id='word_1_309' title='bbox 861 2989 1099 3056; x_wconf 83' lang='lat' dir='ltr'>sincera</span> <span class='ocrx_word' id='word_1_310' title='bbox 1146 2992 1351 3056; x_wconf 92' lang='lat' dir='ltr'>mente</span> <span class='ocrx_word' id='word_1_311' title='bbox 1396 2990 1612 3073; x_wconf 89' lang='lat' dir='ltr'>parati</span> <span class='ocrx_word' id='word_1_312' title='bbox 1661 2990 1755 3054; x_wconf 91' lang='lat' dir='ltr'>De</span> <span class='ocrx_word' id='word_1_313' title='bbox 1802 2992 1977 3073; x_wconf 88' lang='lat' dir='ltr'>parte</span> <span class='ocrx_word' id='word_1_314' title='bbox 2022 2988 2127 3070; x_wconf 89' lang='grc'>94,</span> <span class='ocrx_word' id='word_1_315' title='bbox 2173 3007 2295 3056; x_wconf 91' lang='lat' dir='ltr'>non</span> <span class='ocrx_word' id='word_1_316' title='bbox 2341 2989 2405 3069; x_wconf 85' lang='lat'>5,</span> <span class='ocrx_word' id='word_1_317' title='bbox 2453 3008 2573 3055; x_wconf 93' lang='lat' dir='ltr'>non</span> <span class='ocrx_word' id='word_1_318' title='bbox 2620 2989 2842 3055; x_wconf 88' lang='lat' dir='ltr'>sinceri</span> <span class='ocrx_word' id='word_1_319' title='bbox 2890 2988 2949 3055; x_wconf 81' lang='lat'>7.</span> 
     </span>
    </p>
   </div>
   <div class='ocr_carea' id='block_1_3' title="bbox 466 3096 1950 3177">
    <p class='ocr_par' dir='ltr' id='par_1_3' title="bbox 466 3096 1950 3177">
     <span class='ocr_line' id='line_1_32' title="bbox 466 3096 1950 3177; baseline -0.001 -18"><span class='ocrx_word' id='word_1_320' title='bbox 466 3096 706 3160; x_wconf 75' lang='lat' dir='ltr'>Secreta</span> <span class='ocrx_word' id='word_1_321' title='bbox 755 3098 926 3160; x_wconf 72' lang='lat' dir='ltr'>C&#39;ons.</span> <span class='ocrx_word' id='word_1_322' title='bbox 970 3099 1119 3175; x_wconf 76' lang='lat' dir='ltr'>Roy.</span> <span class='ocrx_word' id='word_1_323' title='bbox 1167 3098 1224 3161; x_wconf 92' lang='lat'>1.</span> <span class='ocrx_word' id='word_1_324' title='bbox 1276 3099 1379 3177; x_wconf 86' lang='grc'>54,</span> <span class='ocrx_word' id='word_1_325' title='bbox 1426 3117 1469 3157; x_wconf 79' lang='lat' dir='ltr'>u</span> <span class='ocrx_word' id='word_1_326' title='bbox 1514 3097 1669 3159; x_wconf 78' lang='lat' dir='ltr'>mlet.</span> <span class='ocrx_word' id='word_1_327' title='bbox 1715 3099 1950 3159; x_wconf 80' lang='lat' dir='ltr'>arkivu.</span> 
     </span>
    </p>
   </div>
   <div class='ocr_carea' id='block_1_4' title="bbox 708 3286 2761 3390">
    <p class='ocr_par' dir='ltr' id='par_1_4' title="bbox 708 3286 2761 3390">
     <span class='ocr_line' id='line_1_33' title="bbox 708 3286 2761 3390; baseline -0.001 -19"><span class='ocrx_word' id='word_1_328' title='bbox 708 3287 1663 3372; x_wconf 72' lang='lat' dir='ltr'>DCXVII.God.1402.</span> <span class='ocrx_word' id='word_1_329' title='bbox 1718 3289 1816 3372; x_wconf 82' lang='lat'>13</span> <span class='ocrx_word' id='word_1_330' title='bbox 1868 3287 2206 3390; x_wconf 62' lang='lat' dir='ltr'>ozujka,</span> <span class='ocrx_word' id='word_1_331' title='bbox 2258 3308 2319 3369; x_wconf 89' lang='lat' dir='ltr'>u</span> <span class='ocrx_word' id='word_1_332' title='bbox 2372 3286 2761 3369; x_wconf 73' lang='lat' dir='ltr'>Mletcih.</span> 
     </span>
    </p>
   </div>
   <div class='ocr_carea' id='block_1_5' title="bbox 390 3411 3085 3580">
    <p class='ocr_par' dir='ltr' id='par_1_5' title="bbox 390 3411 3085 3579">
     <span class='ocr_line' id='line_1_34' title="bbox 390 3411 3085 3491; baseline 0 -15"><span class='ocrx_word' id='word_1_333' title='bbox 390 3414 556 3476; x_wconf 72' lang='lat' dir='ltr'>Viece</span> <span class='ocrx_word' id='word_1_334' title='bbox 599 3414 882 3475; x_wconf 70' lang='lat' dir='ltr'>mletadko</span> <span class='ocrx_word' id='word_1_335' title='bbox 926 3416 1150 3475; x_wconf 76' lang='lat' dir='ltr'>izabire</span> <span class='ocrx_word' id='word_1_336' title='bbox 1202 3414 1319 3474; x_wconf 82' lang='lat' dir='ltr'>dva</span> <span class='ocrx_word' id='word_1_337' title='bbox 1365 3416 1758 3489; x_wconf 71' lang='lat' dir='ltr'>pouzdanika</span> <span class='ocrx_word' id='word_1_338' title='bbox 1807 3432 1840 3475; x_wconf 84' lang='lat' dir='ltr'>s</span> <span class='ocrx_word' id='word_1_339' title='bbox 1861 3415 2204 3491; x_wconf 77' lang='lat' dir='ltr'>naputkom,</span> <span class='ocrx_word' id='word_1_340' title='bbox 2245 3415 2399 3474; x_wconf 76' lang='lat' dir='ltr'>nelca</span> <span class='ocrx_word' id='word_1_341' title='bbox 2440 3413 2635 3472; x_wconf 75' lang='lat' dir='ltr'>budno</span> <span class='ocrx_word' id='word_1_342' title='bbox 2662 3413 2944 3489; x_wconf 77' lang='lat' dir='ltr'>pobiraju</span> <span class='ocrx_word' id='word_1_343' title='bbox 2975 3411 3085 3476; x_wconf 86' lang='lat' dir='ltr'>do·</span> 
     </span>
     <span class='ocr_line' id='line_1_35' title="bbox 1086 3503 2418 3580; baseline 0.001 -18"><span class='ocrx_word' id='word_1_344' title='bbox 1086 3503 1404 3579; x_wconf 71' lang='lat' dir='ltr'>yadjaJ‘uce</span> <span class='ocrx_word' id='word_1_345' title='bbox 1447 3521 1510 3564; x_wconf 80' lang='lat' dir='ltr'>se</span> <span class='ocrx_word' id='word_1_346' title='bbox 1553 3505 1798 3580; x_wconf 77' lang='lat' dir='ltr'>novosti,</span> <span class='ocrx_word' id='word_1_347' title='bbox 1847 3505 1872 3561; x_wconf 76' lang='lat' dir='ltr'>i</span> <span class='ocrx_word' id='word_1_348' title='bbox 1909 3521 1942 3563; x_wconf 93' lang='lat' dir='ltr'>o</span> <span class='ocrx_word' id='word_1_349' title='bbox 1986 3503 2119 3577; x_wconf 74' lang='lat' dir='ltr'>njih</span> <span class='ocrx_word' id='word_1_350' title='bbox 2161 3504 2418 3564; x_wconf 74' lang='lat' dir='ltr'>izvieste.</span> 
     </span>
    </p>
   </div>
   <div class='ocr_carea' id='block_1_6' title="bbox 372 3603 3089 4748">
    <p class='ocr_par' dir='ltr' id='par_1_6' title="bbox 372 3603 3089 4748">
     <span class='ocr_line' id='line_1_36' title="bbox 596 3603 3088 3691; baseline 0.001 -21"><span class='ocrx_word' id='word_1_351' title='bbox 596 3603 781 3670; x_wconf 81' lang='lat'>1402.</span> <span class='ocrx_word' id='word_1_352' title='bbox 833 3606 929 3671; x_wconf 89' lang='lat' dir='ltr'>die</span> <span class='ocrx_word' id='word_1_353' title='bbox 976 3605 1130 3670; x_wconf 92' lang='lat' dir='ltr'>XIII</span> <span class='ocrx_word' id='word_1_354' title='bbox 1175 3606 1415 3671; x_wconf 88' lang='lat' dir='ltr'>marcii.</span> <span class='ocrx_word' id='word_1_355' title='bbox 1462 3605 1692 3689; x_wconf 87' lang='lat' dir='ltr'>Capta:</span> <span class='ocrx_word' id='word_1_356' title='bbox 1735 3607 1879 3691; x_wconf 88' lang='lat' dir='ltr'>quia</span> <span class='ocrx_word' id='word_1_357' title='bbox 1908 3606 2060 3672; x_wconf 85' lang='lat' dir='ltr'>facit</span> <span class='ocrx_word' id='word_1_358' title='bbox 2088 3606 2240 3672; x_wconf 87' lang='lat' dir='ltr'>satis</span> <span class='ocrx_word' id='word_1_359' title='bbox 2267 3624 2376 3689; x_wconf 90' lang='lat' dir='ltr'>pro</span> <span class='ocrx_word' id='word_1_360' title='bbox 2400 3605 2583 3671; x_wconf 86' lang='lat' dir='ltr'>factis</span> <span class='ocrx_word' id='word_1_361' title='bbox 2617 3604 2845 3670; x_wconf 88' lang='lat' dir='ltr'>nostris</span> <span class='ocrx_word' id='word_1_362' title='bbox 2878 3607 3076 3690; x_wconf 89' lang='lat' dir='ltr'>speci·</span> <span class='ocrx_word' id='word_1_363' title='bbox 3085 3667 3088 3674; x_wconf 89' lang='lat'>.</span> 
     </span>
     <span class='ocr_line' id='line_1_37' title="bbox 374 3693 3072 3776; baseline -0 -16"><span class='ocrx_word' id='word_1_364' title='bbox 374 3694 558 3760; x_wconf 88' lang='lat' dir='ltr'>aliter</span> <span class='ocrx_word' id='word_1_365' title='bbox 596 3697 870 3776; x_wconf 85' lang='lat' dir='ltr'>presenti</span> <span class='ocrx_word' id='word_1_366' title='bbox 917 3696 1193 3776; x_wconf 91' lang='lat' dir='ltr'>tempore</span> <span class='ocrx_word' id='word_1_367' title='bbox 1237 3694 1462 3760; x_wconf 87' lang='lat' dir='ltr'>habere</span> <span class='ocrx_word' id='word_1_368' title='bbox 1507 3696 1730 3761; x_wconf 87' lang='lat' dir='ltr'>bonam</span> <span class='ocrx_word' id='word_1_369' title='bbox 1761 3696 1826 3759; x_wconf 93' lang='lat' dir='ltr'>et</span> <span class='ocrx_word' id='word_1_370' title='bbox 1858 3696 2213 3760; x_wconf 89' lang='lat' dir='ltr'>continuam</span> <span class='ocrx_word' id='word_1_371' title='bbox 2245 3693 2747 3760; x_wconf 84' lang='lat' dir='ltr'>informationem</span> <span class='ocrx_word' id='word_1_372' title='bbox 2780 3711 3072 3760; x_wconf 87' lang='lat' dir='ltr'>novorum</span> 
     </span>
     <span class='ocr_line' id='line_1_38' title="bbox 372 3781 3075 3866; baseline 0 -20"><span class='ocrx_word' id='word_1_373' title='bbox 372 3782 447 3847; x_wconf 91' lang='lat' dir='ltr'>de</span> <span class='ocrx_word' id='word_1_374' title='bbox 471 3781 637 3847; x_wconf 91' lang='lat' dir='ltr'>omni</span> <span class='ocrx_word' id='word_1_375' title='bbox 662 3785 856 3865; x_wconf 87' lang='lat' dir='ltr'>parte,</span> <span class='ocrx_word' id='word_1_376' title='bbox 878 3783 1049 3848; x_wconf 87' lang='lat' dir='ltr'>vadit</span> <span class='ocrx_word' id='word_1_377' title='bbox 1076 3803 1229 3865; x_wconf 73' lang='lat' dir='ltr'>para,</span> <span class='ocrx_word' id='word_1_378' title='bbox 1249 3784 1406 3866; x_wconf 90' lang='lat' dir='ltr'>quod</span> <span class='ocrx_word' id='word_1_379' title='bbox 1433 3784 1761 3866; x_wconf 88' lang='lat' dir='ltr'>collegium</span> <span class='ocrx_word' id='word_1_380' title='bbox 1785 3783 2038 3861; x_wconf 89' lang='lat' dir='ltr'>domini,</span> <span class='ocrx_word' id='word_1_381' title='bbox 2058 3782 2566 3860; x_wconf 84' lang='lat' dir='ltr'>consiliariorum,</span> <span class='ocrx_word' id='word_1_382' title='bbox 2588 3783 2862 3864; x_wconf 89' lang='lat' dir='ltr'>capitum</span> <span class='ocrx_word' id='word_1_383' title='bbox 2891 3785 2954 3846; x_wconf 91' lang='lat' dir='ltr'>et</span> <span class='ocrx_word' id='word_1_384' title='bbox 2978 3801 3075 3847; x_wconf 90' lang='lat' dir='ltr'>sa-</span> 
     </span>
     <span class='ocr_line' id='line_1_39' title="bbox 373 3869 3079 3955; baseline 0.001 -22"><span class='ocrx_word' id='word_1_385' title='bbox 373 3871 653 3955; x_wconf 85' lang='lat' dir='ltr'>pientum</span> <span class='ocrx_word' id='word_1_386' title='bbox 697 3870 941 3936; x_wconf 90' lang='lat' dir='ltr'>consilii</span> <span class='ocrx_word' id='word_1_387' title='bbox 977 3871 1200 3936; x_wconf 86' lang='lat' dir='ltr'>habeat</span> <span class='ocrx_word' id='word_1_388' title='bbox 1244 3871 1600 3937; x_wconf 87' lang='lat' dir='ltr'>libertatem</span> <span class='ocrx_word' id='word_1_389' title='bbox 1634 3872 1901 3954; x_wconf 87' lang='lat' dir='ltr'>eligendi</span> <span class='ocrx_word' id='word_1_390' title='bbox 1925 3872 2097 3952; x_wconf 77' lang='lat' dir='ltr'>duoS,</span> <span class='ocrx_word' id='word_1_391' title='bbox 2131 3872 2233 3954; x_wconf 90' lang='lat' dir='ltr'>qui</span> <span class='ocrx_word' id='word_1_392' title='bbox 2267 3870 2356 3936; x_wconf 90' lang='lat' dir='ltr'>eis</span> <span class='ocrx_word' id='word_1_393' title='bbox 2390 3871 2588 3954; x_wconf 86' lang='lat' dir='ltr'>magis</span> <span class='ocrx_word' id='word_1_394' title='bbox 2622 3870 2754 3954; x_wconf 89' lang='lat' dir='ltr'>apti</span> <span class='ocrx_word' id='word_1_395' title='bbox 2795 3872 2860 3935; x_wconf 85' lang='lat' dir='ltr'>et</span> <span class='ocrx_word' id='word_1_396' title='bbox 2891 3869 3079 3936; x_wconf 90' lang='lat' dir='ltr'>utiles</span> 
     </span>
     <span class='ocr_line' id='line_1_40' title="bbox 375 3957 3063 4043; baseline 0 -21"><span class='ocrx_word' id='word_1_397' title='bbox 375 3959 719 4037; x_wconf 80' lang='lat' dir='ltr'>videantur,</span> <span class='ocrx_word' id='word_1_398' title='bbox 767 3978 874 4043; x_wconf 88' lang='lat' dir='ltr'>per</span> <span class='ocrx_word' id='word_1_399' title='bbox 919 3959 1098 4024; x_wconf 91' lang='lat' dir='ltr'>illum</span> <span class='ocrx_word' id='word_1_400' title='bbox 1148 3961 1396 4024; x_wconf 90' lang='lat' dir='ltr'>modum</span> <span class='ocrx_word' id='word_1_401' title='bbox 1444 3964 1507 4024; x_wconf 92' lang='lat' dir='ltr'>et</span> <span class='ocrx_word' id='word_1_402' title='bbox 1552 3978 1691 4025; x_wconf 89' lang='lat' dir='ltr'>cum</span> <span class='ocrx_word' id='word_1_403' title='bbox 1738 3959 1865 4024; x_wconf 91' lang='lat' dir='ltr'>illis</span> <span class='ocrx_word' id='word_1_404' title='bbox 1890 3959 2362 4038; x_wconf 77' lang='lat' dir='ltr'>conditionibu3‚</span> <span class='ocrx_word' id='word_1_405' title='bbox 2405 3977 2521 4041; x_wconf 89' lang='lat' dir='ltr'>que</span> <span class='ocrx_word' id='word_1_406' title='bbox 2554 3960 2641 4022; x_wconf 85' lang='lat' dir='ltr'>eis</span> <span class='ocrx_word' id='word_1_407' title='bbox 2677 3957 3063 4037; x_wconf 83' lang='lat' dir='ltr'>videbuntur,</span> 
     </span>
     <span class='ocr_line' id='line_1_41' title="bbox 373 4047 3077 4132; baseline -0 -20"><span class='ocrx_word' id='word_1_408' title='bbox 373 4048 596 4131; x_wconf 88' lang='lat' dir='ltr'>quibus</span> <span class='ocrx_word' id='word_1_409' title='bbox 644 4047 883 4113; x_wconf 88' lang='lat' dir='ltr'>duobus</span> <span class='ocrx_word' id='word_1_410' title='bbox 929 4047 1076 4113; x_wconf 87' lang='lat' dir='ltr'>dare</span> <span class='ocrx_word' id='word_1_411' title='bbox 1138 4049 1403 4113; x_wconf 89' lang='lat' dir='ltr'>debeant</span> <span class='ocrx_word' id='word_1_412' title='bbox 1444 4048 1800 4112; x_wconf 88' lang='lat' dir='ltr'>libertatem</span> <span class='ocrx_word' id='word_1_413' title='bbox 1850 4047 2132 4131; x_wconf 90' lang='lat' dir='ltr'>possendi</span> <span class='ocrx_word' id='word_1_414' title='bbox 2179 4049 2406 4114; x_wconf 90' lang='lat' dir='ltr'>sentire</span> <span class='ocrx_word' id='word_1_415' title='bbox 2453 4049 2518 4111; x_wconf 89' lang='lat' dir='ltr'>et</span> <span class='ocrx_word' id='word_1_416' title='bbox 2561 4047 2935 4132; x_wconf 86' lang='lat' dir='ltr'>investigare</span> <span class='ocrx_word' id='word_1_417' title='bbox 2967 4065 3077 4131; x_wconf 88' lang='lat' dir='ltr'>per</span> 
     </span>
     <span class='ocr_line' id='line_1_42' title="bbox 373 4133 3082 4220; baseline -0.001 -20"><span class='ocrx_word' id='word_1_418' title='bbox 373 4136 514 4201; x_wconf 90' lang='lat' dir='ltr'>illas</span> <span class='ocrx_word' id='word_1_419' title='bbox 559 4134 692 4201; x_wconf 88' lang='lat' dir='ltr'>vias</span> <span class='ocrx_word' id='word_1_420' title='bbox 737 4138 801 4200; x_wconf 89' lang='lat' dir='ltr'>et</span> <span class='ocrx_word' id='word_1_421' title='bbox 846 4138 1080 4214; x_wconf 89' lang='lat' dir='ltr'>modos,</span> <span class='ocrx_word' id='word_1_422' title='bbox 1128 4139 1231 4218; x_wconf 91' lang='lat' dir='ltr'>qui</span> <span class='ocrx_word' id='word_1_423' title='bbox 1277 4155 1386 4201; x_wconf 90' lang='lat' dir='ltr'>sue</span> <span class='ocrx_word' id='word_1_424' title='bbox 1432 4137 1735 4220; x_wconf 87' lang='lat' dir='ltr'>sapientie</span> <span class='ocrx_word' id='word_1_425' title='bbox 1783 4137 2176 4208; x_wconf 82' lang='lat' dir='ltr'>videbuntur.</span> <span class='ocrx_word' id='word_1_426' title='bbox 2230 4135 2306 4200; x_wconf 91' lang='lat' dir='ltr'>de</span> <span class='ocrx_word' id='word_1_427' title='bbox 2350 4136 2630 4200; x_wconf 89' lang='lat' dir='ltr'>habendo</span> <span class='ocrx_word' id='word_1_428' title='bbox 2677 4133 2753 4198; x_wconf 92' lang='lat' dir='ltr'>de</span> <span class='ocrx_word' id='word_1_429' title='bbox 2799 4138 3082 4218; x_wconf 89' lang='lat' dir='ltr'>tempore</span> 
     </span>
     <span class='ocr_line' id='line_1_43' title="bbox 373 4222 3081 4308; baseline 0 -21"><span class='ocrx_word' id='word_1_430' title='bbox 373 4223 438 4289; x_wconf 91' lang='lat' dir='ltr'>in</span> <span class='ocrx_word' id='word_1_431' title='bbox 487 4225 733 4307; x_wconf 89' lang='lat' dir='ltr'>tempus</span> <span class='ocrx_word' id='word_1_432' title='bbox 765 4224 1260 4289; x_wconf 88' lang='lat' dir='ltr'>informationem</span> <span class='ocrx_word' id='word_1_433' title='bbox 1293 4224 1368 4289; x_wconf 91' lang='lat' dir='ltr'>de</span> <span class='ocrx_word' id='word_1_434' title='bbox 1401 4224 1686 4290; x_wconf 90' lang='lat' dir='ltr'>omnibus</span> <span class='ocrx_word' id='word_1_435' title='bbox 1720 4225 1895 4290; x_wconf 89' lang='lat' dir='ltr'>novis</span> <span class='ocrx_word' id='word_1_436' title='bbox 1931 4242 2429 4308; x_wconf 89' lang='lat' dir='ltr'>quarumcunque</span> <span class='ocrx_word' id='word_1_437' title='bbox 2460 4224 2755 4306; x_wconf 88' lang='lat' dir='ltr'>partium,</span> <span class='ocrx_word' id='word_1_438' title='bbox 2781 4222 3081 4307; x_wconf 87' lang='lat' dir='ltr'>possendo</span> 
     </span>
     <span class='ocr_line' id='line_1_44' title="bbox 377 4310 3083 4397; baseline -0 -20"><span class='ocrx_word' id='word_1_439' title='bbox 377 4312 587 4389; x_wconf 88' lang='lat' dir='ltr'>etiam,</span> <span class='ocrx_word' id='word_1_440' title='bbox 636 4314 686 4378; x_wconf 87' lang='lat' dir='ltr'>si</span> <span class='ocrx_word' id='word_1_441' title='bbox 738 4332 889 4395; x_wconf 92' lang='lat' dir='ltr'>opus</span> <span class='ocrx_word' id='word_1_442' title='bbox 935 4312 1141 4391; x_wconf 84' lang='lat' dir='ltr'>fuerit,</span> <span class='ocrx_word' id='word_1_443' title='bbox 1190 4311 1390 4378; x_wconf 84' lang='lat' dir='ltr'>facere</span> <span class='ocrx_word' id='word_1_444' title='bbox 1434 4312 1706 4395; x_wconf 87' lang='lat' dir='ltr'>aliquam</span> <span class='ocrx_word' id='word_1_445' title='bbox 1753 4331 2102 4397; x_wconf 82' lang='lat' dir='ltr'>expensam,</span> <span class='ocrx_word' id='word_1_446' title='bbox 2152 4312 2483 4377; x_wconf 89' lang='lat' dir='ltr'>secundum</span> <span class='ocrx_word' id='word_1_447' title='bbox 2557 4310 2713 4396; x_wconf 87' lang='lat' dir='ltr'>quod</span> <span class='ocrx_word' id='word_1_448' title='bbox 2777 4310 3083 4376; x_wconf 85' lang='lat' dir='ltr'>delibera-</span> 
     </span>
     <span class='ocr_line' id='line_1_45' title="bbox 376 4398 3085 4484; baseline -0.001 -19"><span class='ocrx_word' id='word_1_449' title='bbox 376 4400 545 4465; x_wconf 86' lang='lat' dir='ltr'>bitur</span> <span class='ocrx_word' id='word_1_450' title='bbox 590 4419 700 4484; x_wconf 88' lang='lat' dir='ltr'>per</span> <span class='ocrx_word' id='word_1_451' title='bbox 742 4400 1103 4479; x_wconf 87' lang='lat' dir='ltr'>dominium,</span> <span class='ocrx_word' id='word_1_452' title='bbox 1148 4419 1253 4483; x_wconf 89' lang='lat' dir='ltr'>pro</span> <span class='ocrx_word' id='word_1_453' title='bbox 1299 4400 1577 4466; x_wconf 88' lang='lat' dir='ltr'>habendo</span> <span class='ocrx_word' id='word_1_454' title='bbox 1622 4401 1846 4466; x_wconf 88' lang='lat' dir='ltr'>melius</span> <span class='ocrx_word' id='word_1_455' title='bbox 1914 4401 2244 4468; x_wconf 83' lang='lat' dir='ltr'>veritatem</span> <span class='ocrx_word' id='word_1_456' title='bbox 2316 4398 2775 4484; x_wconf 78' lang='lat' dir='ltr'>predictorum3</span> <span class='ocrx_word' id='word_1_457' title='bbox 2834 4401 2899 4464; x_wconf 83' lang='lat' dir='ltr'>et</span> <span class='ocrx_word' id='word_1_458' title='bbox 2944 4416 3085 4463; x_wconf 91' lang='lat' dir='ltr'>cum</span> 
     </span>
     <span class='ocr_line' id='line_1_46' title="bbox 378 4486 3078 4573; baseline -0.001 -20"><span class='ocrx_word' id='word_1_459' title='bbox 378 4489 684 4553; x_wconf 86' lang='lat' dir='ltr'>senserint</span> <span class='ocrx_word' id='word_1_460' title='bbox 730 4491 796 4554; x_wconf 90' lang='lat' dir='ltr'>et</span> <span class='ocrx_word' id='word_1_461' title='bbox 841 4489 1175 4555; x_wconf 85' lang='lat' dir='ltr'>habuerint</span> <span class='ocrx_word' id='word_1_462' title='bbox 1221 4489 1428 4573; x_wconf 89' lang='lat' dir='ltr'>aliqua</span> <span class='ocrx_word' id='word_1_463' title='bbox 1473 4490 1676 4554; x_wconf 89' lang='lat' dir='ltr'>relatu</span> <span class='ocrx_word' id='word_1_464' title='bbox 1724 4491 1932 4573; x_wconf 86' lang='lat' dir='ltr'>digna,</span> <span class='ocrx_word' id='word_1_465' title='bbox 1980 4491 2306 4554; x_wconf 85' lang='lat' dir='ltr'>teneantur</span> <span class='ocrx_word' id='word_1_466' title='bbox 2353 4488 2559 4553; x_wconf 85' lang='lat' dir='ltr'>venire</span> <span class='ocrx_word' id='word_1_467' title='bbox 2607 4486 2685 4553; x_wconf 87' lang='lat' dir='ltr'>ad</span> <span class='ocrx_word' id='word_1_468' title='bbox 2733 4487 3078 4553; x_wconf 91' lang='lat' dir='ltr'>dominium</span> 
     </span>
     <span class='ocr_line' id='line_1_47' title="bbox 381 4574 3089 4661; baseline -0.001 -21"><span class='ocrx_word' id='word_1_469' title='bbox 381 4578 444 4640; x_wconf 90' lang='lat' dir='ltr'>et</span> <span class='ocrx_word' id='word_1_470' title='bbox 486 4575 838 4659; x_wconf 87' lang='lat' dir='ltr'>significare</span> <span class='ocrx_word' id='word_1_471' title='bbox 878 4576 980 4643; x_wconf 73' lang='lat' dir='ltr'>“de</span> <span class='ocrx_word' id='word_1_472' title='bbox 1028 4580 1301 4660; x_wconf 90' lang='lat' dir='ltr'>tempore</span> <span class='ocrx_word' id='word_1_473' title='bbox 1346 4577 1411 4642; x_wconf 90' lang='lat' dir='ltr'>in</span> <span class='ocrx_word' id='word_1_474' title='bbox 1459 4579 1705 4659; x_wconf 87' lang='lat' dir='ltr'>tempus</span> <span class='ocrx_word' id='word_1_475' title='bbox 1753 4578 1982 4656; x_wconf 77' lang='lat' dir='ltr'>omnia,</span> <span class='ocrx_word' id='word_1_476' title='bbox 2032 4593 2147 4661; x_wconf 90' lang='lat' dir='ltr'>que</span> <span class='ocrx_word' id='word_1_477' title='bbox 2193 4577 2524 4642; x_wconf 89' lang='lat' dir='ltr'>habebunt.</span> <span class='ocrx_word' id='word_1_478' title='bbox 2573 4576 2776 4641; x_wconf 83' lang='lat' dir='ltr'>Electi</span> <span class='ocrx_word' id='word_1_479' title='bbox 2822 4574 2900 4640; x_wconf 88' lang='lat' dir='ltr'>ad</span> <span class='ocrx_word' id='word_1_480' title='bbox 2946 4592 3089 4656; x_wconf 88' lang='lat' dir='ltr'>pre-</span> 
     </span>
     <span class='ocr_line' id='line_1_48' title="bbox 381 4663 2232 4748; baseline 0.002 -21"><span class='ocrx_word' id='word_1_481' title='bbox 381 4663 549 4730; x_wconf 88' lang='lat' dir='ltr'>dicta</span> <span class='ocrx_word' id='word_1_482' title='bbox 594 4682 691 4729; x_wconf 89' lang='lat' dir='ltr'>ser</span> <span class='ocrx_word' id='word_1_483' title='bbox 734 4664 1031 4730; x_wconf 88' lang='lat' dir='ltr'>Nicolaus</span> <span class='ocrx_word' id='word_1_484' title='bbox 1077 4665 1384 4746; x_wconf 88' lang='lat' dir='ltr'>Mudacio,</span> <span class='ocrx_word' id='word_1_485' title='bbox 1435 4686 1535 4731; x_wconf 89' lang='lat' dir='ltr'>ser</span> <span class='ocrx_word' id='word_1_486' title='bbox 1577 4665 1858 4731; x_wconf 89' lang='lat' dir='ltr'>Alvisius</span> <span class='ocrx_word' id='word_1_487' title='bbox 1907 4664 2232 4748; x_wconf 88' lang='lat' dir='ltr'>Delphin0.</span> 
     </span>
    </p>
   </div>
   <div class='ocr_carea' id='block_1_7' title="bbox 472 4768 1966 4855">
    <p class='ocr_par' dir='ltr' id='par_1_7' title="bbox 472 4768 1966 4855">
     <span class='ocr_line' id='line_1_49' title="bbox 472 4768 1966 4855; baseline 0.001 -24"><span class='ocrx_word' id='word_1_488' title='bbox 472 4768 711 4833; x_wconf 77' lang='lat' dir='ltr'>Secreta</span> <span class='ocrx_word' id='word_1_489' title='bbox 760 4772 933 4836; x_wconf 79' lang='lat' dir='ltr'>C&#39;ons.</span> <span class='ocrx_word' id='word_1_490' title='bbox 984 4773 1135 4850; x_wconf 73' lang='lat' dir='ltr'>Roy.</span> <span class='ocrx_word' id='word_1_491' title='bbox 1179 4774 1242 4835; x_wconf 91' lang='grc' dir='ltr'>Ι.</span> <span class='ocrx_word' id='word_1_492' title='bbox 1290 4776 1393 4855; x_wconf 86' lang='grc'>54,</span> <span class='ocrx_word' id='word_1_493' title='bbox 1439 4792 1483 4834; x_wconf 75' lang='lat' dir='ltr'>u</span> <span class='ocrx_word' id='word_1_494' title='bbox 1526 4769 1683 4835; x_wconf 73' lang='lat' dir='ltr'>mlet.</span> <span class='ocrx_word' id='word_1_495' title='bbox 1728 4773 1966 4834; x_wconf 78' lang='lat' dir='ltr'>arkivu.</span> 
     </span>
    </p>
   </div>
  </div>
 </body>
</html>
