3620 5282
3060 311 3191 377 353

459 480 610 546 dum
658 482 825 548 esset
868 481 1000 565 ipse
1046 501 1147 548 ser
1189 481 1481 567 Aloysius
1529 482 1616 547 ibi
1661 481 1958 565 potestas,
2007 481 2073 546 et
2114 481 2255 565 post
2306 483 2573 547 mortem
2622 481 2816 566 ipsius
2860 487 3188 553 recesserit

461 567 535 635 de
583 570 809 648 Lesna,
856 571 1031 635 extra
1074 588 1265 652 quam
1316 572 1546 635 terram
1595 570 1775 634 stetit
1819 588 1930 652 per
1974 568 2102 633 tres
2148 569 2279 634 dies
2341 570 2441 635 vel
2486 571 2784 652 quatuor,
2849 574 2990 655 post
3030 592 3183 657 quos

458 655 686 723 redivit
730 659 993 723 Farram
1042 656 1274 723 faciens
1323 657 1388 722 et
1433 673 1720 723 exercens
1767 674 1948 722 suum
1999 655 2279 738 regimen
2324 656 2388 721 in
2437 656 2604 722 dicta
2650 659 2832 738 terra,
2881 662 2953 725 ut
2994 661 3185 728 facie-

458 744 571 810 bat
614 746 758 811 ante
805 746 1071 810 mortem
1118 763 1217 810 ser
1261 743 1459 810 Marci
1503 742 1785 826 predicti,
1835 744 1900 809 et
1945 743 2305 809 subduxerit
2327 743 2562 809 iudices
2588 745 2750 811 dicte
2798 751 2959 812 terre
2983 748 3181 815 Lesne

460 833 534 897 ad
580 831 930 898 faciendum
979 831 1420 915 inquietionem
1466 830 1692 896 falsam
1741 849 1864 896 una
1909 849 2050 896 cum
2091 830 2228 914 ipso
2273 850 2373 897 ser
2433 831 2690 916 Aloysio
2734 833 3022 916 Micaeli,
3085 836 3182 901 in-

458 919 746 1004 culpante
791 920 1122 1003 quemdam
1166 919 1470 987 Jacobum
1516 917 1865 984 Todescum
1908 918 2218 985 famulum
2275 919 2474 1002 ipsius
2534 938 2635 985 ser
2693 921 2931 1006 Aloysii
2954 971 2971 1001 ,
3019 923 3181 1007 quod

457 1008 870 1075 interfecisset
913 1007 1149 1074 dictum
1195 1027 1294 1074 ser
1344 1007 1626 1072 Marcum
1673 1008 1751 1071 da
1797 1007 1861 1072 la
1907 1006 2204 1085 Fontana,
2239 1006 2601 1073 subduxerit
2640 1026 2878 1093 quoque
2924 1012 2989 1076 et
3033 1029 3179 1076 con-

460 1094 864 1162 taminaverit
906 1097 1108 1161 certos
1154 1097 1346 1161 testes
1392 1093 1604 1173 falsos,
1651 1112 1804 1178 quos
1851 1094 1984 1177 ipse
2028 1112 2129 1159 ser
2171 1091 2466 1179 Aloysius
2512 1095 2577 1161 et
2621 1097 2849 1162 iudices
2913 1099 3177 1181 predicti

458 1184 843 1250 admiserunt
875 1184 954 1247 ad
998 1183 1382 1267 probandum
1426 1184 1491 1248 in
1536 1182 1937 1266 inquisitione
1982 1181 2279 1265 predicta,
2346 1183 2506 1265 quod
2567 1182 2701 1266 ipse
2742 1183 3015 1252 Jacobus
3061 1188 3179 1253 To-

458 1273 678 1337 descus
725 1271 1124 1337 interfecerat
1167 1290 1266 1336 ser
1311 1270 1594 1336 Marcum
1633 1270 1999 1353 predictum,
2052 1269 2236 1353 prout
2272 1269 2337 1334 in
2383 1269 2553 1335 dicta
2584 1271 2981 1354 inquisitione
3015 1274 3175 1341 falso

454 1356 622 1424 facta
666 1361 733 1425 in
777 1359 935 1425 actis
983 1360 1150 1424 curie
1197 1361 1270 1424 de
1313 1357 1512 1440 ipsius
1557 1376 1656 1423 ser
1701 1357 1945 1441 Aloysii
1990 1359 2281 1423 mandato
2329 1358 2647 1425 evidenter
2694 1363 2987 1443 apparet,
3052 1381 3171 1445 que

453 1446 699 1529 quidem
745 1446 955 1513 omnia
994 1449 1060 1513 et
1101 1446 1350 1529 singula
1396 1449 1542 1510 suut
1584 1446 1798 1511 contra
1857 1446 2149 1511 honorem
2213 1448 2277 1510 et
2339 1443 2570 1510 famam
2617 1447 2810 1512 nostri
2879 1449 3170 1515 dominii:

450 1534 623 1600 vadit
664 1553 830 1619 pars,
878 1535 952 1600 ut
995 1536 1125 1614 fiat,
1168 1533 1329 1619 quod
1375 1536 1619 1617 spectat
1660 1533 1876 1599 honori
1919 1534 2126 1598 nostro
2173 1536 2235 1596 et
2279 1531 2480 1612 fame,
2528 1534 2687 1615 quod
2734 1537 3168 1602 committatur

449 1623 815 1688 auctoritate
860 1622 1045 1688 huius
1092 1621 1335 1688 consilii
1401 1620 1617 1686 comiti
1677 1623 1742 1686 et
1800 1620 2122 1703 capitaneo
2183 1619 2407 1699 Jadre,
2474 1621 2635 1703 quod
2680 1621 2904 1688 debeat
2961 1625 3170 1708 ipsum

447 1707 777 1794 Aloysium
820 1710 1065 1793 publice
1104 1711 1304 1776 facere
1349 1709 1626 1786 clamari,
1691 1709 1853 1791 quod
1913 1709 2135 1773 debeat
2194 1726 2547 1791 comparere
2615 1728 2824 1774 coram
2889 1729 2959 1776 eo
3006 1712 3168 1777 infra

449 1816 643 1863 unum
684 1817 961 1864 mensem
1009 1798 1088 1863 ad
1135 1815 1200 1863 se
1248 1796 1666 1863 excusandum
1712 1795 1788 1861 de
1839 1796 2122 1862 omnibus
2189 1796 2600 1878 supradictis,
2662 1798 2885 1879 quibus
2932 1802 3029 1865 est
3071 1800 3169 1865 in-

445 1885 751 1969 culpatus,
798 1904 921 1952 non
968 1884 1371 1969 intelligendo
1439 1885 1504 1949 in
1548 1885 1664 1948 hoc
1723 1883 1971 1966 culpam
2025 1882 2377 1956 homicidii,
2440 1882 2601 1948 infra
2655 1903 2871 1967 quem,
2943 1886 2999 1951 si
3044 1906 3166 1952 non

442 1974 872 2057 comparuerit,
918 1975 1154 2040 scribat
1191 1972 1463 2037 dominio
1510 1971 1586 2036 de
1632 1972 2114 2055 proclamatione
2160 1970 2437 2054 predicta
2483 1973 2548 2036 et
2593 1970 2668 2035 de
2728 1974 2994 2039 termino
3039 1975 3164 2041 sibi

441 2059 619 2145 dato,
656 2062 722 2127 et
765 2062 914 2128 tunc
959 2081 1070 2145 per
1113 2062 1509 2128 advocatores
1555 2058 1902 2124 communis
1964 2059 2243 2124 venietur
2289 2059 2446 2136 huc,
2495 2059 2560 2124 et
2603 2058 2729 2138 fiet,
2776 2062 2938 2125 sicut
2981 2062 3156 2128 vide-

440 2148 629 2215 bitur.
677 2148 912 2215 Verum
959 2149 1015 2214 si
1058 2147 1474 2233 comparuerit
1535 2165 1743 2212 coram
1788 2146 1924 2231 ipso
1969 2146 2312 2230 potestate,
2377 2145 2567 2211 faciat
2610 2147 2755 2229 poni
2800 2148 2934 2232 ipse
2979 2152 3157 2232 pote·
3206 2166 3215 2172 ·

439 2236 570 2301 stas
615 2235 681 2301 in
727 2237 998 2321 scriptis,
1047 2235 1342 2322 quicquid
1388 2237 1465 2300 ad
1510 2234 1605 2300 sui
1652 2234 2112 2300 excusationem
2156 2234 2359 2299 dicere
2403 2233 2702 2314 voluerit,
2761 2239 2825 2301 et
2869 2236 3162 2303 similiter

438 2323 848 2406 probationes,
897 2344 1049 2409 quas
1090 2325 1358 2390 voluerit
1400 2323 1738 2407 producere
1784 2340 2128 2405 super.sua
2174 2322 2585 2402 excusatione,
2645 2324 2710 2388 et
2751 2322 3161 2390 dominationi

437 2412 831 2479 transmittat
876 2413 992 2478 sub
1038 2431 1149 2479 suo
1196 2411 1403 2496 sigillo
1450 2411 1679 2476 dictam
1725 2429 1906 2475 suam
1950 2410 2409 2475 excusationem
2455 2428 2598 2475 cum
2646 2410 2776 2476 eius
2836 2413 3152 2494 probatio-

436 2498 637 2579 nibus,
685 2501 909 2585 quibus
957 2499 1346 2569 venientibus
1392 2498 1682 2564 similiter
1729 2498 2009 2562 venietur
2055 2497 2195 2578 huc,
2244 2498 2306 2561 et
2349 2497 2462 2562 fiet
2521 2499 2739 2563 contra
2797 2499 3038 2581 ipsum,
3088 2502 3160 2566 ut

435 2586 741 2655 videbitur
786 2607 921 2655 esse
966 2589 1222 2655 iustum.
1265 2586 1371 2665 54,
1421 2588 1496 2652 de
1542 2604 1663 2652 non
1692 2584 1749 2663 7,
1797 2603 1920 2651 non
1961 2584 2185 2651 sinceri
2208 2584 2269 2651 2.
2320 2584 2651 2652 Processus
2696 2585 2899 2653 factus
2945 2590 3157 2656 contra

434 2694 573 2740 eum
620 2679 718 2743 est
761 2677 826 2742 in
869 2676 1029 2742 libro
1074 2675 1159 2742 26
1203 2676 1280 2742 de
1320 2674 1432 2741 XL
1469 2673 1548 2740 ad
1588 2675 1761 2740 carta
1806 2674 1912 2739 80.

514 2765 695 2829 Misti
744 2767 1067 2829 XXVIII.
1116 2770 1216 2848 13,
1272 2784 1315 2826 u
1359 2767 1576 2826 arkivu
1620 2765 1980 2825 mletadkom.

791 2982 1202 3066 DXXIX.
1267 2981 1475 3065 (iod.
1529 2982 1749 3066 1357.
1803 2980 1849 3063 ’7
1901 2981 2187 3083 ruina,
2241 3001 2303 3061 u
2355 2979 2747 3064 Mletcih.

1083 3109 1357 3185 Rieseno,
1403 3110 1485 3168 aa
1527 3126 1590 3169 se
1632 3109 1798 3183 meki
1840 3108 2102 3168 urotnici
2135 3108 2489 3181 pohvatqju.

636 3247 825 3315 1357.
890 3247 987 3313 die
1033 3247 1158 3313 VII
1203 3246 1605 3331 septembris,
1672 3248 1893 3330 capta:
1959 3247 2121 3329 quod
2183 3265 2283 3312 ser
2344 3245 2635 3311 Nicolaus
2697 3247 2891 3314 Aurio
2957 3249 3146 3316 vadat

427 3333 727 3420 Clugiam,
775 3337 839 3401 et
886 3336 1076 3402 simul
1120 3354 1259 3404 cum
1307 3336 1749 3418 vicepotestate
1795 3333 2114 3417 provideat
2158 3336 2231 3399 de
2285 3334 2570 3399 faciendo
2622 3335 2757 3418 capi
2799 3334 3144 3405 christofo-

433 3442 571 3487 rum
617 3424 996 3490 Cimatorem
1045 3424 1109 3488 et
1153 3424 1384 3488 socium
1431 3425 1581 3501 eius,
1632 3424 1695 3487 et
1741 3424 1889 3488 dent
1935 3421 2208 3487 ordinem
2256 3423 2448 3487 eciam
2498 3422 2573 3485 de
2620 3423 2915 3506 capiendo
2961 3424 3143 3491 Jaco-

421 3509 566 3576 bum
608 3513 685 3577 de
733 3511 947 3595 Papia,
996 3512 1050 3576 si
1096 3512 1354 3589 venerit,
1395 3512 1461 3575 et
1504 3510 1921 3575 conducantur
1960 3512 2038 3574 ad
2082 3511 2365 3575 nostram
2408 3511 2788 3592 presenciam
2836 3531 3018 3594 quam
3052 3515 3142 3578 ci-

417 3598 545 3663 sius
589 3618 725 3665 esse
771 3599 1023 3682 poterit.
1070 3597 1300 3664 Omnes
1348 3599 1423 3663 de
1475 3600 1665 3680 parte.

506 3688 680 3754 Gens,
733 3690 811 3750 X.
857 3690 1038 3750 Misti
1080 3690 1195 3751 IV.
1246 3692 1346 3760 61,
1391 3708 1435 3749 u
1477 3689 1820 3749 mletackom
1864 3690 2095 3749 arkivu.

794 3907 1152 3991 DXXX.
1229 3906 1437 3989 (iod.
1490 3906 1708 3990 1357.
1763 3905 1859 3990 15
1899 3908 2202 4014 Armua,
2252 3928 2313 3987 u
2365 3905 2757 3988 Mletcih.

412 4033 711 4113 Odsudier‘r
755 4053 841 4097 na
880 4036 1031 4096 smrt
1071 4035 1234 4109 njeki
1277 4033 1358 4092 M
1358 4033 1634 4104 letcanin,
1680 4034 1778 4106 koj
1823 4050 1885 4094 se
1930 4035 2258 4108 doyovarao
2303 4049 2335 4092 e
2373 4033 2678 4108 uqarskim
2712 4033 3052 4106 palatinam
3094 4051 3129 4095 o

1309 4121 1616 4195 unistem‘u
1658 4122 1938 4182 mletadke
1982 4119 2214 4183 driave.

616 4264 806 4331 1357.
855 4261 954 4331 die
996 4264 1116 4330 XV
1161 4262 1550 4347 septembriS,
1596 4260 1932 4327 indictione
1979 4259 2091 4337 XI,
2131 4259 2347 4341 capta:
2392 4257 2448 4323 si
2493 4257 2736 4323 videtur
2793 4258 2965 4323 vobis
3012 4277 3122 4342 per

401 4371 492 4435 ea,
541 4373 658 4438 que
705 4352 874 4419 dicta
919 4354 983 4418 et
1027 4352 1194 4417 lecta
1239 4354 1419 4429 sunt,
1485 4348 1649 4433 quod
1707 4348 2077 4431 procedatur
2140 4349 2353 4411 contra
2395 4346 2680 4410 Marcum
2743 4344 2820 4410 de
2866 4346 3122 4415 Donado

397 4444 701 4507 sertorem
744 4441 1014 4507 olim‘de
1059 4440 1343 4505 contrata
1387 4437 1586 4502 sancti
1613 4434 1900 4504 Silvestri
1946 4454 2019 4503 ca
2042 4433 2322 4511 Venerio,
2373 4433 2479 4516 qui
2516 4434 2735 4497 habuit
2779 4433 3120 4500 tractatum

380 4546 535 4594 cum
580 4527 808 4594 comite
854 4527 1128 4611 palatino
1175 4526 1350 4610 regni
1392 4525 1726 4608 Hungarie,
1772 4524 1838 4588 et
1880 4540 2021 4587 cum
2091 4519 2390 4603 Jacopino
2450 4520 2525 4583 de
2589 4521 2816 4602 Papia,
2882 4520 3116 4586 famulo

390 4616 541 4683 dicti
586 4615 867 4691 comitis,
914 4615 992 4680 de
1056 4613 1468 4680 subvertendo
1530 4610 1871 4677 dominium
1927 4612 1991 4675 et
2048 4609 2281 4673 statum
2343 4607 2616 4673 civitatis
2681 4607 3112 4673 Veneciarum.

392 4706 468 4786 -1-
516 4704 617 4784 12,
664 4705 769 4769 vel
810 4721 931 4768 non
972 4703 1036 4783 O,
1087 4720 1205 4767 non
1253 4700 1497 4767 sinceri⁴
1525 4700 1581 4766 1.

472 4823 672 4874 spon.
703 4824 804 4872 111.
2778 4796 2864 4860 23
