3620 5282
448 322 535 389 70

448 502 644 576 tuose,
688 498 848 580 quod
893 514 1003 563 vos
1051 516 1120 571 ex
1160 497 1335 578 parte
1383 496 1588 561 vestra
1646 495 1840 560 etiam
1884 494 2234 579 inquiratis,
2283 498 2348 561 et
2389 513 2640 562 omnem
2682 494 3183 563 informationem

448 590 514 663 et
556 585 932 662 claritatem,
996 602 1177 667 quam
1246 584 1509 667 potestis
1574 585 1702 647 tam
1758 585 1833 647 de
1895 581 2247 649 nominibus
2315 586 2717 667 patronorum
2789 582 3182 666 navigiorum

448 692 635 759 quam
697 670 1102 755 culpabilium
1164 676 1227 735 et
1293 675 1613 735 auctorum
1676 671 1954 752 ipsorum
2017 672 2408 745 damnorum,
2473 672 2527 734 si
2572 689 2694 754 quo
2741 672 2922 735 modo
2967 670 3182 736 haberi

450 763 675 847 potest,
745 778 934 842 quam
1005 759 1272 823 velocius
1347 760 1410 823 et
1463 759 1722 824 celerius
1786 759 2071 840 poteritis
2140 758 2611 836 transmittatis,
2677 759 2963 834 scientes,
3020 759 3183 841 quod

448 848 643 916 nostri
691 847 855 912 firmi
896 846 1193 930 prepositi
1240 849 1353 923 est,
1403 844 1742 927 culpabiles
1791 846 1856 910 et
1900 864 2116 910 eorum
2155 847 2317 912 bona
2363 845 2590 911 nedum
2651 846 2727 912 ad
2794 846 3050 929 dignam
3120 848 3185 911 et

449 938 769 1002 decentem
833 934 1322 999 satisfactionem
1385 936 1450 999 et
1508 933 1834 997 emendam
1899 934 2304 1015 compellere,
2367 935 2470 998 sed
2533 952 2636 998 eos
2696 933 2947 1016 insuper
3009 932 3185 1015 penis

454 1024 682 1090 debitis
727 1021 941 1088 taliter
971 1023 1311 1099 cohercere,
1361 1021 1520 1103 quod
1555 1020 1661 1085 alii
1699 1021 1759 1085 in
1792 1023 2113 1103 posterum
2147 1022 2457 1087 attentare
2491 1021 2726 1086 similla
2766 1021 3182 1098 reformident,

452 1113 516 1177 et
563 1110 725 1195 quod
771 1127 878 1174 vos
925 1120 989 1174 et
1037 1108 1225 1174 vestri
1272 1109 1347 1173 de
1394 1109 1606 1174 nostra
1656 1109 1898 1173 iustitia
1943 1108 2223 1174 habeatis
2269 1110 2332 1175 et
2375 1108 2629 1192 possitis
2669 1110 2893 1173 merito
2935 1110 3185 1173 conten·

453 1199 598 1265 tari.
646 1198 812 1262 Data
856 1196 1201 1279 penultimo
1249 1196 1485 1281 aprilis,
1535 1197 1798 1261 secunde
1846 1195 2219 1263 indictionis.

662 1284 901 1351 Similis
948 1284 1357 1368 regiminibus
1402 1285 1611 1349 Jadre.

535 1393 775 1456 Secreta
820 1394 1056 1455 consilii
1097 1398 1458 1470 roqatorum.

871 1600 1130 1684 CXX.
1185 1598 1390 1682 God.
1447 1599 1678 1682 1364.
1731 1600 1784 1682 3
1837 1600 2203 1701 svibnjm
2258 1622 2315 1680 u
2373 1600 2762 1682 Mletcih.

466 1746 657 1806 Vlada
700 1746 989 1805 mletacka
1030 1745 1161 1818 pise
1207 1745 1396 1809 knew
1443 1743 1714 1822 Gjorqju,
1759 1747 1916 1805 ncka
1959 1746 2132 1820 dodjc
2174 1763 2305 1805 sam
2339 1764 2382 1804 u
2413 1746 2657 1820 Mletke,
2703 1745 2784 1804 da
2803 1746 2881 1820 ju
2924 1746 3187 1818 potanko

454 1835 738 1895 obavicsti
782 1852 816 1893 o
863 1837 996 1903 tom,
1041 1833 1130 1892 §to
1169 1833 1298 1902 veli,
1346 1833 1425 1890 da
1457 1834 1524 1905 je
1568 1835 1899 1908 wan-hrt).
1962 1833 2124 1906 kralj
2168 1834 2338 1906 proti
2398 1834 2527 1907 njoj
2584 1850 2785 1893 veoma
2841 1833 3186 1906 razljutien.

662 1951 891 2018 Comiti
938 1951 1219 2034 Georgio.
1268 1950 1613 2016 Intellectis
1659 1951 1891 2017 litteris
1935 1953 2158 2016 vestris
2196 1971 2378 2036 quam
2419 1953 2702 2034 pluribus
2736 1957 2801 2016 et
2836 1952 3185 2037 aliquorum

452 2043 805 2107 nostrorum
854 2039 1183 2115 rectorum,
1245 2038 1309 2102 in
1371 2039 1592 2122 quibus
1639 2039 1868 2104 litteris
1909 2043 2261 2105 nostrorum
2314 2044 2625 2105 rectorum
2664 2042 3029 2119 continetur,
3081 2062 3187 2124 per

452 2147 563 2195 nos
613 2128 732 2192 sibi
778 2127 1048 2192 relatum
1095 2144 1249 2204 esse,
1300 2144 1406 2191 vos
1456 2126 1696 2191 venisse
1765 2146 1802 2191 a
1862 2129 2176 2211 presentia
2238 2127 2471 2192 domini
2536 2128 2698 2211 regis
2746 2129 3066 2212 Hungarie
3123 2134 3188 2194 et

453 2218 737 2295 sensisse,
802 2216 1008 2297 ipsum
1070 2214 1389 2278 dominum
1451 2232 1659 2297 regem
1728 2234 1841 2278 non
1903 2217 2054 2280 bene
2117 2215 2485 2297 dispositum
2536 2235 2670 2279 esse
2718 2234 2866 2298 erga
2933 2234 3063 2294 nos,
3126 2221 3191 2281 et

452 2304 654 2368 multa
723 2303 996 2368 tractata
1065 2320 1202 2365 esse
1270 2310 1336 2366 et
1403 2303 1661 2367 tractari
1734 2304 1947 2366 contra
2021 2304 2259 2368 statum
2330 2303 2609 2367 nostrum
2641 2352 2657 2382 ,
2736 2307 2801 2366 et
2877 2303 3038 2384 quod
3114 2304 3186 2367 de

452 2392 550 2457 his
576 2439 593 2472 ,
658 2392 711 2455 si
775 2388 1037 2455 venietis
1102 2389 1177 2452 ad
1244 2394 1520 2454 nostram
1584 2390 1963 2473 presentiam
1992 2438 2007 2468 ,
2084 2391 2262 2455 nobis
2325 2390 2611 2454 latiorem
2693 2389 3187 2455 informationem

451 2477 792 2562 prebebitis
819 2526 835 2554 ,
904 2477 1348 2560 respondemus
1378 2526 1394 2554 ,
1461 2479 1615 2559 quod
1693 2477 1945 2542 difficile
2020 2479 2085 2543 et
2164 2477 2340 2561 quasi
2416 2477 2767 2560 imposibile
2844 2478 3022 2542 nobis
3098 2478 3190 2542 vi-

452 2569 652 2643 detur,
702 2564 862 2649 quod
909 2564 1190 2628 dominus
1239 2584 1359 2643 rex,
1408 2565 1511 2647 qui
1560 2565 1657 2628 est
1702 2564 2083 2629 iustissimus
2144 2569 2207 2630 et
2275 2567 2547 2631 famosus
2608 2564 2911 2641 dominuS,
2975 2568 3190 2630 contra

452 2672 564 2719 nos
609 2652 836 2718 habeat
877 2651 1065 2716 aliam
1131 2652 1593 2733 dispositionem
1641 2671 1826 2735 quam
1878 2654 2122 2730 bonam,
2186 2672 2374 2736 quare
2438 2671 2588 2736 erga
2647 2673 2788 2718 eum
2857 2655 3188 2719 habuimus

452 2745 517 2806 et
561 2742 861 2806 habemus
907 2738 1082 2804 illam
1128 2741 1432 2804 sinceram
1477 2742 1542 2804 et
1588 2740 1814 2804 bonam
1863 2741 2271 2817 voluntatem,
2343 2760 2527 2824 quam
2589 2740 2727 2823 plus
2773 2740 2999 2805 habere
3047 2761 3188 2825 pos-

450 2848 684 2895 sumus.
732 2827 1190 2893 Nichilominus
1236 2846 1425 2910 quare
1456 2827 1682 2907 dicitis,
1731 2847 1839 2893 vos
1887 2829 2043 2893 velle
2091 2831 2299 2894 venire
2339 2828 2654 2905 Venetiae,
2702 2830 2766 2893 et
2798 2829 3083 2894 dubitare
3115 2830 3190 2894 de

453 2916 631 2981 nobis
690 2919 945 2999 propter
1005 2915 1212 2999 aliqua
1275 2915 1463 2981 verba
1522 2916 1689 2981 dicta
1736 2921 1950 2982 contra
2015 2935 2143 2997 nos,
2207 2916 2604 2981 rescribimus
2652 2915 2846 2990 vobis,
2893 2918 3053 2999 quod
3100 2916 3191 2982 ita

455 3021 669 3068 secure
733 3003 993 3086 potestis
1046 3003 1257 3069 venire
1321 3004 1636 3083 Venetias,
1701 3005 1865 3069 sicut
1927 3006 2111 3068 antea
2174 3005 2491 3087 poteratiS,
2559 3003 2649 3068 ita
2695 3005 2852 3086 quod
2899 3004 3068 3069 istud
3116 3005 3190 3068 de

456 3091 753 3157 veniendo
799 3091 865 3155 et
910 3110 1032 3155 non
1076 3092 1374 3155 veniendo
1420 3095 1698 3156 remanet
1747 3092 1809 3155 in
1880 3091 2138 3156 arbitrio
2207 3094 2429 3156 vestro.
2500 3089 2704 3169 Quare
2768 3093 2995 3156 nostris
3062 3111 3190 3156 rec-

457 3178 699 3243 toribus
748 3180 1200 3256 mandabimus,
1250 3178 1411 3261 quod
1458 3180 1651 3245 libere
1698 3197 1805 3245 vos
1854 3179 2059 3245 venire
2108 3181 2172 3244 et
2227 3178 2424 3244 redire
2482 3180 2869 3261 permittant.
2934 3181 3097 3245 Data
3148 3179 3189 3243 3

458 3266 625 3341 maii,
675 3266 936 3330 secunde
984 3265 1362 3331 indictionis.

540 3370 780 3430 Secreta
824 3373 1060 3435 consilii
1104 3376 1462 3449 rogatorum.

834 3558 1123 3646 CXXI.
1174 3560 1381 3644 God.
1437 3561 1663 3644 1364.
1719 3563 1818 3644 14
1871 3563 2240 3664 svibnja‚
2296 3585 2353 3644 u
2409 3561 2804 3644 Mletcih.

455 3706 686 3766 Nalaie
730 3722 793 3765 se
836 3705 1141 3778 kapetanu
1177 3706 1610 3779 pomer-shown,
1659 3706 1757 3774 da,
1805 3707 1919 3764 ako
1963 3710 2159 3764 sretnc
2203 3723 2287 3763 na
2328 3722 2496 3764 moru
2546 3705 2805 3765 oruiane
2860 3707 3042 3779 yalv'e
3087 3723 3190 3763 ar-

458 3795 722 3854 bana-elce
771 3793 940 3853 ι’ἀαόε
983 3794 1143 3866 proti
1190 3790 1422 3863 Dracu,
1457 3799 1726 3867 postupa
1766 3795 1929 3866 proti
1986 3794 2136 3866 mim
2181 3794 2294 3852 kao
2345 3795 2516 3865 proti
2574 3794 2980 3866 neprtjatelju,
3038 3795 3194 3853 nelca

461 3879 711 3943 brodovc
755 3881 948 3942 unisti
991 3898 1031 3940 a
1076 3881 1239 3954 (jude
1282 3881 1468 3951 ἕίοάἰς
1515 3881 1720 4029 augeat
1741 3883 1841 4028 εἰ
1860 3881 2194 4028 33πέεέἀίἰί
2235 3882 2481 3956 napasti
2535 3898 2619 3940 na
2663 3880 2980 3950 Mletcane,
3042 3881 3193 3939 tuda

673 4086 858 4153 1364.
907 4087 1241 4156 indictione
1286 4087 1574 4164 secunda,
1622 4087 1722 4152 die
1768 4086 1955 4151 XIIII
2005 4086 2237 4152 mensis
2283 4086 2450 4154 maii.
2514 4085 2839 4167 Sapientes
2885 4086 3187 4152 ordinum.

454 4175 689 4260 Capta:
739 4175 900 4259 quod
946 4176 1259 4241 scribatur
1305 4194 1403 4240 ser
1441 4174 1688 4240 Andree
1734 4173 1904 4240 Geno
1952 4174 2273 4258 capitaneo
2316 4174 2461 4241 culfi
2521 4175 2587 4239 in
2645 4174 2763 4239 hac
2822 4173 3034 4252 forma,
3096 4176 3189 4240 vi-

454 4264 717 4334 delicet:
763 4263 975 4346 Nuper
1020 4260 1457 4340 intelleximus,
1508 4263 1668 4348 quod
1716 4263 1962 4346 quidam
2008 4260 2374 4327 albanenses
2420 4262 2587 4328 circa
2658 4265 2862 4343 partes
2910 4261 3186 4328 Dirachii

456 4350 617 4413 male
663 4350 947 4433 dispositi
995 4352 1246 4417 armant
1306 4352 1506 4416 certas
1567 4350 1813 4435 galeas
1846 4352 1909 4416 et
1955 4351 2125 4433 ligna
2167 4350 2247 4413 ad
2294 4351 2588 4415 damnum
2649 4348 2896 4414 illorum
2958 4350 3031 4413 de
3080 4350 3189 4414 Di-

453 4435 682 4515 rachiO,
732 4440 890 4519 quod
937 4438 1116 4504 nobis
1164 4438 1344 4503 valde
1392 4438 1765 4519 displiceret,
1816 4438 1872 4503 si
1916 4438 2006 4502 sic
2052 4439 2235 4516 esset,
2287 4441 2418 4502 tum
2466 4438 2614 4519 quia
2646 4436 2908 4519 predicti
2958 4440 3031 4503 de
3081 4438 3191 4501 Di-

454 4522 663 4587 rachio
710 4528 855 4589 sunt
900 4527 1095 4591 nostri
1142 4525 1350 4591 intimi
1397 4527 1602 4606 amici,
1645 4530 1778 4591 tum
1827 4526 2019 4590 eciam
2064 4527 2207 4607 quia
2243 4525 2525 4589 nolemus
2581 4524 2706 4590 ullo
2766 4526 2964 4603 modo,
3028 4524 3189 4607 quod

453 4608 1493 4784 istiusspssbff{inissffsspssssiaffssl
1530 4614 1810 4786 {50⁰3}ssssss
1843 4612 2105 4766 ¹355&
2118 4613 2459 4768 ²3²&ssss
2494 4612 2690 4766 ¹233.
2723 4612 3193 4783 qgiln⁰t¹32¹⁵⁰2l²

1445 4769 1450 4774 «
1787 4767 1790 4770 ¹
2113 4750 2128 4781 ς
2692 4746 2713 4779 v
3160 4734 3193 4748 “
