3620 5282
3132 342 3219 408 93

490 513 720 578 merclo
780 515 1179 597 persolvendo
1241 517 1370 580 tam
1436 514 1736 580 intrando.
1779 534 1964 598 quam
2051 515 2323 581 exeundo
2384 517 2449 579 et
2510 518 2638 579 tam
2706 515 2964 581 emendo
3028 535 3212 598 quam

497 599 831 677 vendendo,
895 605 960 665 et
1019 602 1180 683 quod
1242 604 1576 667 habeamus
1638 603 1830 666 etiam
1888 603 1949 665 in
2012 602 2151 667 aliis
2212 603 2363 668 locis
2427 603 2555 667 suis
2617 622 2817 667 omnes
2865 603 3005 667 illas
3052 603 3218 668 fran-

495 686 741 767 chisias‚
792 690 1120 771 avant-agia
1165 691 1227 754 et
1288 689 1746 754 iurisdictiones
1793 707 1865 753 ac
1926 688 2265 768 libertateS,
2329 709 2479 774 quas
2544 690 2763 753 melius
2820 691 3048 772 poterit
3111 691 3218 754 ob·

493 776 719 852 tinere;
769 777 833 840 et
875 776 929 839 si
977 777 1180 841 dictus
1228 776 1511 840 Moratus
1557 778 1678 841 erit
1723 778 2049 841 contentus
2119 779 2262 841 dare
2323 778 2499 841 nobis
2560 778 2798 841 dictum
2863 777 3088 852 locum,
3155 780 3218 841 et

498 862 696 926 facere
742 862 916 926 nobis
963 861 1128 927 dicta
1188 865 1536 946 avantagia,
1600 866 1751 928 tunc
1813 865 2098 945 procuret
2156 865 2356 928 dictus
2420 864 2801 940 ambaxator,
2862 867 3023 945 quod
3083 865 3217 946 ipse

494 949 664 1013 locus
711 949 1081 1014 fortificetur
1128 968 1313 1031 quam
1362 951 1544 1014 citius
1593 970 1723 1014 esse
1773 950 2018 1031 poterit,
2067 952 2130 1014 et
2175 952 2333 1034 quod
2379 951 2454 1014 de
2502 952 2617 1015 hoc
2663 951 2816 1015 fiant
2856 970 2962 1032 per
3010 952 3213 1032 ipsum

497 1036 806 1100 Moratum
846 1038 1170 1118 privilegia
1219 1037 1469 1120 publica
1532 1056 1670 1102 cum
1733 1038 1994 1101 cautelis
2064 1040 2127 1102 et
2190 1038 2666 1120 obligationibus
2730 1038 3091 1102 necessariis
3154 1043 3217 1101 et

495 1124 869 1205 opportunis,
919 1126 983 1187 et
1028 1126 1252 1201 omnia,
1302 1144 1417 1207 que
1464 1124 1525 1187 in
1575 1124 1871 1207 predictis
1917 1124 2117 1189 dictus
2178 1130 2386 1189 noster
2449 1125 2812 1189 ambaxator
2880 1125 3095 1188 fecerit
3154 1128 3218 1188 et

494 1209 798 1288 habuerit,
847 1212 1019 1275 nobis
1066 1212 1339 1277 notificet
1381 1231 1488 1293 per
1533 1230 1675 1276 suas
1721 1211 1968 1276 litteras
2017 1230 2199 1294 quam
2248 1213 2430 1277 citius
2479 1213 2722 1294 poterit.
2776 1213 2865 1275 De
2904 1215 3078 1294 parte
3109 1212 3214 1276 66.

579 1318 758 1378 Misi-a·
807 1316 1083 1378 XXXII
1128 1321 1272 1390 121,
1319 1339 1360 1378 u
1407 1321 1560 1380 mlet.
1609 1321 1843 1380 arkivu.

833 1505 1197 1589 CLXVI.
1254 1508 1462 1590 God.
1516 1506 1743 1590 1368.
1800 1506 1893 1589 13
1946 1508 2315 1608 svibnja,
2371 1530 2427 1588 ιι
2484 1508 2877 1590 Mletcih.

494 1648 886 1712 Dubrovdani
915 1654 1181 1726 poa—vani
1225 1670 1307 1711 na
1351 1652 1638 1725 izvrs‘enje
1690 1653 1881 1724 svojih
1929 1651 2217 1722 duinostzss
2279 1654 2391 1712 ako
2451 1654 2604 1721 aede,
2669 1658 2749 1712 da
2811 1653 2969 1729 buda
3040 1653 3216 1713 1ίέεηί

1444 1740 1803 1813 mletad‘koya
1851 1740 2266 1813 θναιϋαηείυα.

702 1857 816 1922 Die
862 1858 1016 1922 XlIl
1064 1860 1188 1923 mai
1229 1859 1411 1923 1368.
1462 1857 1689 1941 Capta:
1738 1878 1877 1922 cum
1916 1859 2193 1923 homines
2226 1860 2289 1924 et
2318 1859 2730 1923 communitas
2766 1858 3019 1940 Ragusii
3066 1858 3210 1922 sacti

493 1943 723 2010 fuerint
768 1946 930 2010 cives
973 1947 1213 2024 Veneti,
1265 1965 1373 2027 per
1420 1947 1687 2029 gratiam
1738 1946 1894 2009 alias
1956 1945 2045 2009 eis
2106 1946 2352 2023 factam,
2419 1965 2557 2009 cum
2621 1945 2990 2021 conditione,
3055 1947 3208 2028 quod

491 2034 817 2097 teneantur
860 2034 940 2097 ad
986 2034 1474 2098 observationem
1522 2034 1796 2097 omnium
1845 2034 2124 2097 ordinum
2176 2034 2596 2111 Veneoiarum,
2645 2035 2831 2114 prout
2861 2033 2970 2096 alii
3018 2034 3212 2096 nostri

491 2120 671 2198 civeS,
720 2121 879 2201 quod
930 2119 1179 2202 quidem
1233 2121 1485 2184 minime
1533 2119 1766 2184 faciunt
1836 2139 1946 2184 nec
1991 2121 2189 2184 facere
2251 2121 2481 2195 volunt,
2548 2120 2657 2185 sed
2720 2120 2942 2184 cotidie
3011 2120 3210 2183 multa

490 2207 905 2271 contrabanna
960 2208 1362 2271 committunt
1431 2209 1492 2270 in
1562 2225 1681 2271 non
1754 2208 2062 2272 modicum
2114 2207 2556 2272 detrimentum
2626 2210 2787 2271 terre
2855 2208 3079 2284 nostre,
3151 2209 3213 2269 et

490 2293 684 2376 pridie
732 2294 1033 2377 scriptum
1082 2293 1271 2358 fuerit
1316 2294 1423 2368 eie,
1474 2296 1630 2376 quod
1680 2297 2070 2375 disponerent
2116 2313 2180 2358 se
2226 2296 2303 2357 ad
2351 2295 2839 2360 observationem
2908 2294 3207 2358 dictorum

491 2380 792 2459 ordinum,
859 2383 1191 2446 secundum
1270 2381 1430 2464 quod
1499 2383 1560 2446 in
1629 2383 1834 2463 gratia
1902 2381 2020 2445 sibi
2084 2380 2249 2445 facta
2318 2383 2560 2464 plenius
2607 2381 2972 2455 continetur,
3027 2379 3210 2445 aliter

491 2469 651 2533 dicta
695 2467 900 2551 gratia
948 2471 1333 2543 cessaretur;
1381 2486 1567 2549 super
1612 2468 1837 2549 quibus
1880 2487 2069 2549 nuper
2115 2487 2224 2550 per
2288 2487 2431 2532 suas
2490 2470 2744 2533 litteras
2804 2467 3207 2533 dominationi

488 2556 955 2636 rescripserunt,
1006 2556 1164 2637 qnod
1213 2557 1268 2619 si
1337 2556 1559 2621 debent
1618 2556 1802 2619 dictis
1866 2555 2183 2620 ordinibus
2246 2555 2583 2634 subiacere,
2645 2554 2995 2636 specificare
3055 2554 3208 2619 velit

487 2640 704 2707 ducale
766 2643 1103 2708 dominium
1173 2643 1370 2708 dictos
1430 2643 1690 2721 ordines,
1759 2643 1832 2707 ut
1891 2644 2101 2707 habito
2168 2662 2275 2707 sno
2321 2644 2589 2720 consilio,
2641 2644 2887 2708 valeant
2936 2644 3203 2707 debitam

489 2729 684 2794 facere
727 2730 1175 2810 responsionem
1229 2732 1366 2808 etc„
1416 2732 1479 2794 et
1524 2750 1662 2794 cum
1709 2730 1950 2794 ordines
1995 2731 2398 2794 Veneciarum
2450 2732 2904 2813 proclamentur
2951 2728 3208 2811 singulis

487 2816 665 2881 annis
713 2818 774 2881 in
821 2816 976 2882 festo
1022 2817 1222 2882 sancti
1272 2817 1594 2881 Michaelis
1642 2818 1704 2880 in
1750 2816 1901 2881 locis
1947 2818 2144 2880 solitis
2178 2837 2284 2899 per
2316 2817 2587 2882 officium
2622 2818 3005 2901 provisorum
3038 2835 3205 2881 com·

487 2903 710 2974 munis,
756 2906 828 2968 ut
873 2905 1159 2968 omnibus
1207 2905 1335 2968 sint
1381 2905 1529 2982 noti,
1581 2922 1691 2968 nec
1732 2904 2096 2968 conveniens
2135 2907 2244 2967 aut
2282 2906 2498 2968 decens
2531 2906 2713 2982 esset,
2770 2906 2928 2986 ipsos
2966 2906 3205 2968 nostros

488 2989 753 3068 ordineS,
804 2991 909 3073 qui
955 2992 1139 3055 multi
1186 2994 1248 3054 et
1294 2992 1445 3055 varii
1495 2993 1658 3068 sunt,
1707 2991 1768 3054 in
1818 2991 2065 3072 scriptis
2130 2992 2376 3056 mittere
2442 2992 2592 3073 ipsis
2639 2991 2981 3073 Raguseis3
3034 2990 3207 3054 vadit

489 3095 647 3160 pars,
696 3079 1027 3142 secuudum
1073 3077 1395 3143 consilinm
1445 3079 1831 3157 provisorum
1874 3078 2236 3155 communis,
2287 3080 2448 3160 quod
2497 3078 2805 3143 scribatur
2842 3080 3005 3143 dicte
3037 3095 3206 3143 com-

486 3164 774 3229 munitati
823 3168 887 3229 et
931 3165 1283 3229 hominibus
1328 3166 1401 3229 de
1441 3166 1732 3247 Ragusio,
1782 3164 1938 3246 quod
1990 3184 2181 3247 usque
2228 3184 2336 3247 per
2383 3167 2583 3229 totum
2631 3184 2905 3230 mensem
2954 3165 3202 3248 augusti

486 3254 754 3331 proxime
802 3251 1067 3316 debeant
1112 3251 1353 3316 misisse
1402 3253 1699 3316 Veneoias
1747 3253 2071 3333 acceptum
2104 3251 2275 3316 illam
2313 3252 2812 3318 informationem
2855 3253 3204 3317 nostrorum

484 3337 787 3417 ordinum,
831 3356 1015 3421 quam
1063 3339 1287 3403 habere
1335 3339 1560 3417 volent,
1620 3341 1697 3403 ad
1758 3358 2016 3420 quorum
2066 3339 2555 3404 observationem
2619 3342 2883 3405 debeant
2934 3359 3000 3404 ee
3046 3339 3205 3403 obli-

484 3443 649 3506 gare,
698 3426 862 3489 sicut
905 3427 1208 3502 tenentur,
1257 3445 1363 3508 per
1407 3426 1671 3490 formam
1721 3427 1916 3508 gratie
1959 3427 2075 3491 sibi
2108 3424 2285 3503 facte,
2321 3446 2458 3492 cum
2497 3428 2557 3490 in
2598 3429 2715 3493 hoc
2757 3428 2928 3494 nulla
2963 3427 3204 3491 novitas

484 3511 595 3576 fiat
635 3513 743 3589 eie,
791 3512 974 3576 aliter
1021 3513 1185 3576 dicta
1230 3513 1430 3595 gratia
1473 3513 1848 3577 annulletur.

569 3620 749 3679 Misti
794 3619 1066 3678 XXXII
1114 3622 1254 3689 126,
1304 3637 1343 3679 u
1388 3621 1543 3682 mlet.
1592 3622 1827 3680 arkivu.

826 3824 1236 3906 CLXVss.
1292 3823 1493 3905 God.
1553 3824 1775 3907 1368.
1834 3825 1925 3908 31
1981 3827 2306 3927 srpnja,
2358 3850 2418 3909 u
2471 3828 2858 3910 Mletcih.

484 3965 692 4044 GJ'orw‘
736 3967 947 4027 Βαῖεἰό
987 3966 1282 4042 qospodar
1327 3964 1510 4025 Zente
1571 3967 1595 4024 i
1632 3966 1844 4026 Budve
1890 3968 2027 4026 moli
2072 3967 2387 4039 Mletdane,
2452 3970 2605 4029 nelca
2658 3986 2758 4028 mu
2819 3969 3064 4039 ιῑοευοῑε,
3121 3971 3201 4029 da

1157 4055 1313 4113 niobe
1359 4051 1556 4113 driati
1601 4053 1859 4113 orniane
1903 4055 2147 4114 brodove
2191 4073 2274 4114 na
2318 4073 2507 4115 moru.

696 4173 881 4238 1368.
932 4173 1028 4237 die
1074 4172 1300 4236 ultimo
1369 4171 1522 4250 iulii,
1585 4174 1672 4237 VI
1716 4172 2068 4238 indictione.
2130 4172 2242 4239 Ser
2305 4176 2425 4239 Leo
2486 4175 2739 4253 Bembo,
2803 4196 2901 4242 ser
2950 4177 3194 4251 Marcus

478 4261 723 4333 Barim,
790 4279 889 4324 ser
950 4259 1316 4324 Laurentius
1380 4260 1561 4337 Zane,
1633 4259 1939 4340 sapientes
2001 4262 2299 4326 ordinum.
2362 4260 2533 4340 Quod
2595 4264 2982 4331 considerata
3043 4270 3198 4335 bona

475 4348 869 4430 dispositione
901 4346 1082 4411 istius
1126 4347 1168 4412 J
1176 4367 1278 4411 ure
1311 4348 1384 4410 de
1426 4345 1614 4411 Balsa
1645 4347 1875 4411 domini
1911 4349 2115 4425 Zente,
2164 4350 2485 4414 castellani
2525 4349 2757 4428 Budue,
2805 4352 2957 4417 civis
3003 4359 3195 4422 nostri

477 4437 843 4499 concedatur
905 4435 981 4512 ei,
1046 4435 1204 4515 quod
1274 4434 1470 4515 possit
1537 4451 1775 4497 armare
1841 4434 1903 4498 iu
1972 4437 2124 4499 mari
2172 4435 2431 4500 barchas
2478 4439 2542 4501 et
2602 4439 2849 4520 navigia
2893 4441 2969 4503 ad
3011 4462 3194 4511 suum

476 4522 943 4603 beneplacitum,
988 4521 1187 4586 dando
1232 4521 1641 4585 sufficientem
1683 4520 2013 4601 plenariam
2045 4522 2106 4586 in
2137 4523 2439 4602 VeneoiiS,
2488 4542 2604 4605 que
2637 4525 2875 4606 placeat
2906 4528 3194 4602 dominio,

476 4608 550 4672 de
596 4608 963 4674 subiacendo
1030 4608 1362 4685 ordinibuS,
1431 4606 1658 4671 uostris
1719 4610 1782 4670 et
1844 4609 1918 4672 de
1979 4628 2096 4673 non
2160 4609 2518 4675 offendendo
2583 4611 2676 4676 vel
2739 4611 3189 4682 damnificando

475 4693 743 4776 aliquem
788 4697 1069 4761 nostrum
1103 4698 1533 4774 mercatorem,
1580 4689 1898 4760 subditum
1940 4696 2039 4760 vel
2084 4696 2351 4778 fidelem,
2401 4716 2512 4763 nec
2542 4698 2779 4782 aliquos
2826 4701 2982 4766 alios
3031 4721 3192 4769 mer-
