3620 5282
2980 359 3114 429 205

378 536 746 623 petitionem
796 537 861 600 et
906 535 1366 619 requisitionem
1416 535 1730 601 dictorum
1779 536 2171 619 egregiorum
2219 536 2281 601 et
2327 536 2627 601 nobilium
2686 535 2959 601 militum
3005 535 3114 601 do·-

378 627 684 691 minorum
730 624 1028 690 comitum
1075 624 1398 689 Budislavi
1448 627 1511 689 et
1571 623 1853 707 Gregorii
1926 626 2569 707 supranominatorum
2641 642 2747 689 seu
2813 624 3113 689 nobilium

377 714 650 779 virorum
717 732 816 778 ser
886 710 1207 778 cristofori
1274 712 1424 778 olim
1486 713 1800 777 Francisci
1859 712 1934 777 de
1981 712 2247 776 Liccesis
2296 712 2447 777 civis
2517 711 2858 789 Jadrensis‚
2909 714 2973 777 et
3016 730 3116 776 ser

386 801 668 867 Anselmi
736 801 1041 885 quondam
1077 800 1382 884 Miligosti
1430 802 1502 865 de
1542 800 1716 864 Nona
1762 802 2222 882 procuratorum
2271 820 2542 878 suorum,
2593 801 2751 883 quod
2799 818 2992 882 usque
3039 799 3115 864 ad

383 889 705 955 kallendas
777 889 1126 954 novembris
1174 890 1323 953 tunc
1370 889 1629 970 proximi
1678 889 1957 970 preteriti
2008 887 2234 951 habere
2278 889 2571 953 deberent
2621 905 2727 970 pro
2774 891 2960 971 prode
2993 889 3114 952 sibi

372 979 634 1062 sequuto
702 977 852 1042 dicti
922 996 1131 1042 eorum
1198 976 1457 1059 depositi
1521 976 1883 1040 ducatorum
1958 976 2075 1040 duo
2145 975 2348 1040 millia
2395 977 2546 1052 anri,
2607 977 2813 1060 itaque
2860 975 2937 1040 ab
2986 976 3115 1052 ipso

376 1066 653 1149 tempore
700 1066 875 1143 citra,
902 1066 1059 1147 quod
1086 1066 1184 1129 est
1207 1066 1345 1128 anni
1375 1065 1673 1147 septem„
1727 1115 1741 1129 .
1793 1111 1808 1126 .
1837 1063 2013 1129 milla
2034 1063 2222 1146 prode
2283 1065 2703 1147 perceperint3
2749 1082 2821 1128 ea
2867 1070 3118 1146 propter

383 1153 655 1236 petebat,
704 1153 864 1237 quod
905 1153 1026 1236 ipsi
1075 1151 1303 1217 domini
1352 1153 1582 1217 indices
1627 1153 1995 1233 petitionum
2032 1170 2244 1215 eorum
2279 1152 2521 1217 iustitia
2555 1152 2867 1217 mediante
2892 1152 3114 1229 dicere,
3149 1228 3153 1232 ‚

383 1242 794 1308 determinare
839 1241 904 1306 et
949 1240 1265 1323 percipere
1329 1241 1733 1324 dignarentur
1794 1239 2027 1304 eisdem
2078 1240 2345 1304 dominis
2394 1289 2408 1304 .
2459 1290 2472 1303 .
2526 1288 2540 1303 .
2589 1239 2965 1305 officialibus
3013 1258 3118 1304 ca-

388 1350 553 1394 mere
597 1329 916 1407 frumenti,
980 1329 1136 1411 quod
1202 1346 1310 1410 pro
1374 1328 1706 1392 medietate
1753 1327 2063 1392 dictorum
2127 1329 2389 1410 quatuor
2438 1326 2705 1392 millium
2756 1328 3114 1392 ducatorum

388 1421 789 1502 sequutorum
817 1415 973 1481 alias
1016 1416 1090 1481 de
1140 1417 1326 1499 prode
1374 1416 1679 1480 dictorum
1723 1417 1929 1480 decem
1980 1415 2222 1479 milium
2287 1416 2675 1498 ducatorum·
2696 1417 2760 1480 et
2805 1415 2910 1498 qui
2957 1434 3117 1480 nunc

383 1505 460 1569 de
504 1506 757 1587 capitali
828 1505 958 1569 sine
1026 1504 1408 1569 condictione
1478 1503 1683 1586 prodis
1729 1504 1920 1577 stant,
1985 1503 2105 1566 sibi
2151 1502 2421 1568 debeant
2467 1506 2540 1569 de
2586 1503 2833 1567 ducatis
2877 1503 3118 1567 duobus

389 1592 641 1657 milibus
688 1593 1071 1674 respondere,
1098 1595 1159 1657 et
1207 1612 1313 1675 pro
1376 1593 1708 1656 medietate
1767 1590 1973 1673 prodis
2030 1592 2271 1674 sequuti
2341 1592 2415 1656 de
2462 1590 2648 1656 dictis
2695 1590 2907 1655 decem
2956 1589 3119 1655 mili-

389 1681 504 1746 bus
552 1681 795 1745 ducatis
845 1700 954 1764 per
999 1698 1191 1744 anuos
1237 1682 1473 1762 septem
1522 1679 1775 1761 petebat
1816 1680 2067 1744 ducatos
2116 1679 2288 1743 mille
2346 1679 2768 1762 septingentos
2815 1679 3121 1762 quinqua-

386 1769 580 1851 ginta,
619 1769 789 1833 salvo
843 1788 1044 1832 errore
1109 1767 1374 1832 chalculi
1446 1769 1512 1831 et
1551 1767 1838 1831 omnibus
1899 1766 2043 1830 aliis
2091 1766 2328 1831 iuribus
2374 1767 2521 1831 suis.
2566 1765 2665 1831 Ad
2714 1785 2832 1848 que
2879 1766 3118 1831 nobiles

388 1855 503 1921 viri
552 1857 784 1922 domini
852 1855 1205 1920 Reuutius
1232 1856 1437 1920 Vitnri
1485 1857 1549 1919 et
1593 1841 1908 1920 Jobannes
1957 1853 2234 1922 Suriano.
2268 1854 2571 1919 officiales
2598 1855 3118 1938 supramemorati

385 1943 462 2008 ad
512 1963 818 2009 cameram
879 1942 1194 2022 frumenti,
1238 1944 1564 2026 superinde
1626 1943 2086 2024 respondebant
2145 1943 2371 2025 aliqua,
2437 1962 2553 2025 que
2598 1942 2834 2008 domini
2882 1941 3117 2007 iudices

389 2034 543 2098 bene
590 2032 1046 2097 intellexerunt.
1096 2031 1271 2109 Unde
1319 2031 1537 2112 prefati
1587 2030 1819 2095 domini
1868 2029 2098 2094 iudices
2139 2030 2530 2113 petitionum,
2559 2031 2727 2109 visis,
2778 2030 3010 2095 auditis
3056 2033 3122 2095 et

385 2120 718 2204 diligenter
764 2119 1094 2185 intellectis
1141 2119 1510 2203 petionibuS‚
1547 2117 2061 2201 responsionibus,
2091 2118 2329 2183 iuribus
2381 2122 2443 2183 et
2475 2119 2815 2185 rationibus
2848 2119 3119 2201 partium

391 2210 852 2290 premissarum‚
901 2213 964 2272 et
1009 2207 1174 2272 dicto
1220 2207 1670 2289 procurationis
1713 2207 2130 2271 instrumento
2178 2225 2249 2271 ac
2297 2207 2508 2272 littera
2569 2206 2833 2290 reginali
2877 2205 3123 2290 prefata

388 2315 461 2361 ac
505 2296 787 2379 deposito
837 2296 1090 2378 pecunie
1140 2297 1499 2371 memorate,
1548 2314 1655 2359 seu
1702 2294 1900 2376 ipsius
1945 2294 2118 2377 copia
2169 2314 2275 2377 per
2317 2294 2599 2360 dominos
2645 2293 2935 2360 offitiales
2981 2312 3124 2378 pre-

388 2383 587 2448 dictos
632 2384 698 2449 in
743 2385 911 2449 curia
957 2387 1314 2467 presentata
1361 2386 1425 2447 et
1470 2382 1982 2447 determinatione
2022 2383 2175 2448 alias
2223 2383 2351 2449 lata
2409 2403 2515 2466 per
2563 2384 2839 2447 dominos
2886 2382 3121 2447 iudices

389 2471 756 2555 petit-ionum
805 2476 868 2536 et
911 2471 1289 2537 confessione
1337 2490 1443 2554 per
1481 2474 1645 2554 ipsos
1693 2469 1973 2534 dominos
2043 2471 2332 2536 offitiales
2393 2470 2559 2535 facta
2604 2470 2912 2547 videlicet,
2962 2471 3120 2555 quod

388 2560 554 2624 ultra
622 2559 860 2624 dictum
928 2560 1274 2641 depositum
1347 2560 1616 2640 primum
1686 2557 1896 2622 decem
1956 2558 2201 2623 milium
2247 2560 2606 2624 ducatorum
2651 2559 2821 2624 dicta
2869 2576 3120 2623 camera

390 2649 510 2714 sibi
556 2650 798 2712 teneret
844 2649 903 2712 in
952 2648 1193 2713 ducatis
1242 2649 1499 2731 quatuor
1548 2646 1799 2711 milibus
1851 2646 1983 2711 auri
2033 2647 2128 2712 vel
2177 2649 2341 2712 circa
2409 2649 2685 2730 sequutis
2740 2649 2814 2711 de
2848 2648 3122 2731 ipsorum

392 2738 602 2802 decem
649 2736 893 2800 milium
939 2736 1309 2801 ducatorum
1358 2736 1654 2810 utilitate,
1702 2736 1803 2816 qui
1849 2734 1935 2798 ibi
1985 2736 2086 2799 diu
2134 2736 2265 2799 sine
2312 2735 2520 2817 aliquo
2575 2735 2762 2817 prode
2810 2754 3123 2800 remanse-

392 2826 559 2901 runt,
611 2827 673 2888 et
712 2824 1040 2906 superinde
1107 2823 1322 2887 habito
1389 2823 1642 2887 consilio
1690 2827 1752 2886 et
1820 2821 2259 2887 deliberatione
2328 2822 2634 2905 diligenti,
2704 2823 2850 2888 dato
2916 2842 3127 2889 sacra-

393 2916 601 2977 mento
648 2913 810 2976 dicto
871 2912 1147 2976 Fabiano
1212 2915 1603 2992 procuratore
1666 2911 1828 2974 dicte
1876 2909 2121 2975 domine
2168 2914 2237 2975 ut
2282 2929 2469 2990 supra
2516 2910 2764 2975 tutricis
2812 2912 2963 2976 dicti
3011 2910 3126 2977 Ni·

398 3000 578 3078 colai‚
628 3002 691 3063 et
736 3000 870 3081 ipso
917 2999 980 3064 in
1027 3000 1159 3063 eius
1207 2999 1478 3063 animam
1554 2998 1816 3075 iurante,
1888 2998 2190 3080 premissa
2257 2999 2464 3064 omnia
2526 3016 2672 3064 vera
2716 2998 2863 3078 fore,
2912 3017 3124 3065 omnes

395 3091 521 3153 tres
568 3085 891 3152 concordes
921 3106 1031 3170 per
1074 3105 1282 3151 eorum
1322 3087 1625 3151 iustitiam
1655 3106 1763 3169 per
1786 3085 2182 3152 diffinitivam
2212 3086 2792 3151 determinationem
2841 3088 3126 3154 dixerunt

394 3180 459 3239 et
504 3173 1087 3251 determinaverunt,
1136 3193 1209 3239 ac
1252 3174 1435 3238 dictis
1480 3174 1744 3239 dominis
1796 3224 1810 3239 .
1859 3221 1875 3238 .
1919 3221 1941 3245 ,.
1993 3174 2352 3240 offitialibus
2387 3193 2627 3239 camere
2660 3176 2953 3240 frumenti
2988 3194 3128 3259 pre-

393 3264 705 3346 ceperunt,
774 3262 932 3343 qnod
1000 3262 1076 3325 de
1123 3261 1366 3327 ducatis
1435 3262 1676 3326 duobus
1748 3261 2000 3326 milibus
2065 3264 2198 3328 auri
2271 3281 2377 3345 pro
2440 3262 2771 3327 medietate
2818 3264 3125 3329 dictorum

395 3353 663 3435 quatuor
713 3349 959 3414 milium
1021 3349 1405 3428 ducatorum,
1454 3349 1558 3432 qui
1622 3350 1873 3414 fuerunt
1915 3351 1987 3414 de
2035 3351 2222 3433 prode
2269 3351 2574 3415 dictorum
2619 3353 2827 3416 decem
2876 3352 3128 3417 milium

395 3441 778 3513 ducatorum,
827 3437 983 3502 alias
1027 3441 1305 3519 sequuto‚
1352 3440 1417 3502 et
1460 3438 1620 3520 qnod
1670 3439 1978 3501 steterunt
2016 3438 2101 3502 ibi
2151 3439 2256 3502 diu
2298 3438 2430 3502 sine
2476 3438 2685 3521 prodis
2717 3439 3128 3517 condictione,

394 3531 459 3594 et
505 3530 577 3592 de
615 3524 854 3591 ducatis
899 3525 1074 3589 mille
1121 3526 1529 3608 septingentis
1577 3524 2027 3608 quinquaginta
2072 3544 2180 3608 pro
2230 3526 2562 3591 mediet-ate
2621 3527 2831 3610 prodis
2886 3528 3132 3611 sequuti

398 3634 589 3698 usque
632 3614 708 3679 ad
757 3613 1050 3679 kalendas
1099 3614 1448 3678 novembris
1497 3615 1754 3695 proximi
1803 3614 2079 3696 preterIti
2126 3614 2542 3697 suprascripto
2587 3615 2861 3680 Fabiano
2908 3634 3132 3699 procu-

392 3707 598 3770 ratore
661 3702 827 3767 dicte
892 3700 1136 3765 domine
1203 3701 1440 3765 Helene
1509 3703 1726 3765 matris
1792 3705 1855 3763 et
1927 3701 2177 3766 tutricis
2240 3702 2388 3766 dicti
2455 3702 2697 3768 Nicolai
2770 3703 2882 3767 filii
2937 3722 3132 3788 quon-

402 3792 543 3857 dam
596 3792 660 3855 et
706 3789 946 3855 heredis
993 3788 1144 3852 dicti
1194 3789 1503 3871 quondam
1550 3788 1781 3852 domini
1831 3790 2076 3853 comitis
2127 3788 2450 3853 Budislavi
2496 3789 2765 3856 debeant
2810 3790 3003 3855 libere
3035 3811 3130 3856 re·

398 3880 716 3963 spondere,
765 3897 965 3944 errore
1014 3875 1237 3941 calculi
1286 3885 1538 3957 semper
1573 3876 1635 3939 in
1685 3877 1971 3940 omnibns
2021 3881 2353 3942 reservato.
2400 3907 2404 3910 ⁴

607 3966 950 4031 Millesimo
998 3964 1439 4029 trecentesimo
1486 3964 1905 4046 octuagesimo
1950 3965 2156 4045 tertio,
2199 3966 2296 4030 die
2343 3983 2502 4031 nono
2550 3966 2778 4031 mensis
2808 3964 3130 4045 februarii,

394 4055 524 4121 dati
574 4055 804 4119 fuerint
852 4073 959 4137 per
1005 4051 1305 4119 officiales
1353 4068 1591 4114 camere
1637 4050 1933 4116 frumenti
1980 4053 2041 4117 in
2090 4052 2378 4118 Rivoalto
2431 4072 2539 4135 pro
2584 4056 2754 4136 parte
2803 4053 3130 4118 solutionis

394 4145 557 4209 dicte
598 4142 1134 4208 determinationis
1182 4160 1280 4205 ser
1329 4139 1663 4204 Benedicto
1709 4140 1953 4206 Altiero
1999 4140 2373 4223 gastaldioni
2421 4142 2650 4207 domini
2699 4143 2871 4206 ducis
2917 4142 3130 4206 ducati

396 4232 571 4296 mille
614 4232 677 4295 et
737 4231 1160 4314 quiquaginta‚
1223 4245 1375 4310 quos
1434 4227 1633 4291 dictus
1695 4246 1794 4291 ser
1859 4228 2232 4293 Benedictus
2289 4231 2642 4294 numeravit
2687 4231 2750 4294 et
2794 4229 2968 4295 dedit
3013 4228 3095 4294 Fe

393 4319 578 4384 biano
624 4319 1003 4401 procuratori
1050 4317 1343 4382 heredum
1388 4314 1635 4378 comitis
1685 4314 2025 4398 Gregorii.-

601 4406 731 4489 Ego
780 4405 1129 4470 Anthonius
1169 4404 1244 4469 de
1293 4403 1687 4477 BellanciniS‚
1716 4402 1976 4468 ecclesie
2023 4403 2224 4469 sancti
2273 4402 2453 4468 Pauli
2501 4405 2808 4487 presbiter
2854 4406 2916 4469 et
2948 4407 3125 4476 nol-5,

389 4494 516 4560 rius
569 4493 969 4558 Venetiarum
1019 4493 1339 4574 scribaque
1384 4490 1550 4556 curie
1599 4491 1989 4572 petit-ionum,
2042 4492 2198 4556 hanc
2247 4492 2828 4557 determinationem
2871 4492 2947 4558 de
2972 4511 3128 4575 qua-

392 4585 567 4646 terno
613 4582 926 4647 autentico
972 4581 1140 4653 curie
1186 4580 1556 4663 petitionum
1604 4578 1768 4641 sicut
1819 4580 1975 4642 iacet
2018 4577 2095 4642 de
2130 4579 2693 4662 suprascriptorum
2726 4581 3125 4647 dominorum

389 4670 661 4735 iudicum
707 4669 1078 4753 petitionum
1126 4667 1490 4733 mandatum
1541 4666 1604 4731 in
1645 4665 1909 4731 formam
1958 4666 2271 4781 publicam
2319 4666 2607 4750 legaliter
2655 4666 2945 4733 relevavi.

478 4758 1051 4821 commemor-iulium
1108 4757 1283 4818 VIII
1322 4759 1426 4836 69,
1474 4774 1518 4816 u
1561 4748 1716 4817 mlct.
1766 4757 2001 4815 arkwu.
