3620 5282
482 367 570 432 42

487 544 752 609 siderato
799 542 946 608 fallo
990 562 1117 621 suo,
1180 543 1575 609 credebamus
1623 541 1790 625 ipsos
1841 543 2079 608 venisse
2140 542 2213 607 ad
2280 541 2733 606 humiliandum
2800 542 3039 607 mentes
3105 559 3213 605 no-

483 635 645 696 stras
693 632 877 695 etad
941 632 1325 716 purgandum
1391 632 1684 695 delictum
1747 651 1949 707 suum,
2021 631 2302 696 videmur
2348 631 2531 694 aliter
2593 650 2725 695 esse
2788 630 3091 713 dispositi,
3151 634 3216 694 et
3314 650 3321 655 ·

483 724 806 802 propterea
871 721 1151 796 dicimuS,
1213 719 1372 801 quod
1439 722 1648 783 nostra
1712 718 1973 783 intentio
2037 720 2152 793 est,
2216 718 2376 801 quod
2438 720 2638 801 primo
2708 720 2772 782 et
2814 722 2956 782 aute
3004 719 3214 783 omnia

484 807 892 872 restituantur
953 809 1162 872 ablata
1224 809 1299 871 de
1362 810 1575 872 nostra
1637 808 1903 872 condura
1963 807 2259 889 predicta,
2323 825 2439 887 quo
2488 807 2668 882 facto,
2741 825 2954 870 sumus
3002 808 3211 887 postea

481 894 684 978 parati
711 894 931 962 facere
977 896 1223 960 restitui
1275 897 1406 961 suis
1453 896 1841 977 sequestrata
1900 914 2009 977 per
2076 912 2206 960 nos,
2270 890 2353 959 Et
2396 894 2579 959 dictis
2634 893 2755 959 hiis
2818 893 3039 970 verbiS,
3104 913 3212 958 au-

478 983 686 1047 diatur
730 1002 939 1048 eorum
989 985 1334 1066 responsi03
1382 984 1445 1049 et
1492 983 1543 1046 si
1607 981 1837 1047 fuerint
1895 982 2186 1061 contenti,
2256 984 2406 1047 bene
2467 982 2735 1065 quidem,
2801 983 2906 1045 sed
2970 981 3021 1046 si
3091 1001 3205 1045 non

480 1071 1016 1149 contentabuntnr,
1067 1073 1303 1137 dicatur
1349 1073 1557 1154 postea
1609 1071 1698 1134 eis
1747 1091 1855 1154 per
1894 1071 2257 1148 dominium,
2309 1072 2468 1153 quod
2518 1070 2765 1135 omnino
2835 1069 3209 1134 intendimus

477 1177 662 1240 super
715 1157 834 1223 hiis
895 1160 1231 1242 providere,
1293 1161 1455 1224 sicut
1520 1160 1843 1223 conveniet
1895 1177 2002 1241 pro
2066 1159 2526 1224 conservatione
2590 1157 2834 1222 honoris
2905 1158 3094 1221 nostri
3145 1158 3211 1221 et

478 1245 637 1311 bono
685 1248 1050 1313 nostrorum.

688 1335 800 1399 Ser
847 1334 1137 1401 Nicolaus
1183 1334 1224 1400 J
1234 1335 1537 1399 ustiniano
1570 1335 1812 1415 sapiens
1846 1335 2279 1415 Hungarorum
2315 1336 2501 1400 solue.
2553 1334 2783 1416 Capta:
2832 1333 2990 1415 quod
3024 1353 3211 1416 super

474 1420 672 1503 primo
719 1423 987 1504 capitulo
1049 1423 1372 1488 ambaxate
1421 1424 1677 1504 ltagusii
1741 1424 2183 1506 respondeatur
2248 1425 2512 1488 breviter
2576 1441 2685 1505 pro
2749 1422 3208 1486 conservatione

475 1510 959 1584 franchisiaruni,
1007 1512 1253 1577 honoris
1301 1513 1366 1575 et
1411 1510 1574 1574 fame
1644 1513 1869 1588 nostre,
1920 1512 2208 1576 videlicet
2269 1514 2428 1594 quod
2492 1509 2876 1575 considerata
2936 1508 3209 1574 maxima

471 1597 694 1662 iniuria
736 1600 801 1662 et
843 1600 1073 1664 offensa
1119 1599 1295 1664 illata
1341 1599 1514 1663 nobis
1564 1619 1666 1680 per
1713 1619 1816 1663 eos
1864 1600 1926 1664 in
1973 1601 2265 1681 capiendo
2314 1619 2500 1664 manu
2548 1600 2790 1663 armata
2823 1617 2964 1662 cum
3010 1597 3207 1679 galeis

470 1688 532 1749 et
578 1686 824 1751 barchis
870 1687 996 1752 suis
1044 1687 1372 1751 conduram
1423 1690 1823 1770 nost1·a111,-‚et
1869 1688 2224 1769 accipiendo
2274 1688 2570 1752 violenter
2611 1687 2833 1750 havere
2868 1686 3202 1749 caricatum

470 1774 529 1837 in
579 1793 669 1849 ea,
718 1775 942 1840 utendo
992 1777 1174 1839 malls
1223 1778 1285 1838 et
1335 1775 1617 1855 turpibus
1665 1775 1886 1853 verbis‘,
1939 1796 2048 1839 nec
2096 1794 2213 1840 non
2264 1777 2463 1840 multa
2496 1776 2617 1841 alia
2648 1773 2892 1838 infinita
2927 1774 3206 1837 enormia

468 1862 908 1926 committendo
949 1864 1111 1927 circa
1159 1863 1271 1926 hec
1318 1862 1604 1926 omnibus
1653 1864 1804 1928 satis
1854 1866 2016 1939 nota,
2068 1863 2235 1928 nullo
2307 1864 2485 1929 modo
2552 1863 2979 1936 credebamus,
3044 1862 3202 1943 quod

469 1966 675 2013 coram
725 1953 1034 2031 presentia
1079 1951 1283 2014 silicet
1328 1952 1542 2014 nostra
1589 1970 1729 2014 cum
1778 1951 1868 2015 sic
1915 1952 2145 2016 enermi
2194 1951 2464 2033 capitulo
2532 1953 2595 2014 et
2655 1948 3051 2031 requisitione
3098 1950 3204 2013 de-

469 2036 684 2100 berent
730 2037 1182 2119 comparuisse,
1234 2037 1378 2121 quia
1430 2037 1551 2113 ubi,
1616 2037 1999 2103 considerato
2057 2041 2229 2103 tanto
2294 2040 2439 2104 fallo
2498 2056 2729 2114 eorum,
2802 2036 3203 2101 credebamus

472 2125 637 2206 ipsos
685 2126 923 2190 venisse
971 2125 1048 2189 ad
1088 2126 1458 2208 placandum
1506 2126 1742 2190 animos
1785 2132 2044 2203 nostroS,
2113 2129 2400 2193 videntur
2455 2126 2638 2191 aliter
2700 2143 2834 2189 esse
2896 2124 3201 2206 dispositi.

471 2212 552 2275 Et
595 2217 914 2294 propterea
955 2213 1224 2278 breviter
1266 2214 1550 2290 dicimus,
1600 2216 1757 2296 quod
1807 2214 2010 2279 finalis
2058 2215 2322 2280 intentio
2372 2217 2584 2279 nostra
2631 2215 2745 2291 est,
2799 2214 2957 2294 quod
3006 2212 3206 2294 primo

471 2301 878 2367 restituantur
923 2301 1134 2367 ablata
1179 2301 1341 2366 malo
1378 2302 1553 2366 modo
1590 2305 1662 2366 de
1703 2309 1914 2367 nostra
1945 2304 2209 2367 condura
2250 2303 2549 2386 predicta,
2596 2320 2714 2383 quo
2764 2300 2946 2378 facto,
2995 2303 3206 2382 postea

470 2388 765 2453 faciemus
811 2390 1057 2453 restitui
1103 2392 1487 2472 sequestrata
1533 2409 1640 2471 per
1686 2409 1813 2454 nos.
1861 2394 1942 2456 Et
1987 2390 2108 2455 hiis
2155 2392 2338 2455 dictis
2388 2410 2491 2473 per
2559 2388 2923 2463 dominium,
2989 2389 3206 2451 audia-

468 2478 570 2539 tur
617 2494 825 2541 eorum
876 2478 1209 2560 responsio,
1260 2480 1324 2541 et
1367 2478 1420 2541 si
1467 2478 1644 2541 erunt
1690 2479 1985 2556 contenti,
2038 2480 2189 2542 bene
2236 2480 2515 2560 quidem:
2562 2477 2614 2540 si
2686 2494 2826 2539 vero
2892 2476 3203 2541 videretur

468 2562 756 2644 dominio,
805 2564 964 2648 quod
1012 2584 1128 2629 non
1176 2568 1381 2629 essent
1428 2565 1716 2645 contenti,
1769 2570 1915 2631 tunc
1963 2585 2070 2649 per
2107 2566 2449 2631 dominium
2503 2567 2721 2629 debeat
2766 2564 2854 2628 eis
2890 2564 3199 2647 assignari

469 2651 771 2717 terminus
819 2653 1078 2718 duorum
1129 2654 1455 2730 mensium,
1505 2653 1667 2718 infra
1713 2673 1862 2736 quos
1910 2655 2177 2720 debeant
2224 2656 2297 2718 ad
2351 2656 2603 2735 plenum
2668 2652 2886 2717 secisse
2952 2651 3197 2716 restitui

467 2739 679 2804 ablata
724 2742 799 2806 de
842 2744 1050 2806 nostra
1097 2741 1364 2807 condura
1411 2743 1722 2824 predicta3
1791 2743 1989 2806 dando
2036 2743 2124 2806 eis
2172 2743 2461 2825 intelligi,
2525 2741 2681 2824 qnod
2747 2740 2797 2804 si
2864 2758 3056 2822 usque
3126 2740 3201 2802 ad

467 2828 704 2893 dictum
751 2830 1087 2895 terminum
1127 2847 1244 2894 non
1291 2829 1477 2895 fuerit
1523 2829 1683 2894 facta
1752 2831 2062 2895 restitutio
2124 2833 2187 2897 et
2246 2831 2606 2904 satisfactio,
2670 2828 2825 2893 solvi
2888 2833 2951 2890 et
3016 2827 3200 2890 satis-

471 2915 603 2980 fieri
650 2915 944 2982 faciemus
988 2919 1060 2982 de
1109 2918 1285 2983 bonis
1319 2926 1381 2984 et
1428 2919 1649 2984 havere
1697 2938 1964 2996 snorum,
2014 2921 2170 3000 quod
2224 2918 2448 2998 poterit
2492 2917 2743 2998 reperiri
2806 2916 2868 2978 in
2919 2915 3202 2979 Veneciis

467 3003 531 3066 et
575 3004 745 3069 alibi.
797 3024 987 3105 usque
1033 3005 1107 3106 ad
1156 3007 1460 3089 integram
1510 3007 1994 3073 satisfactionem
2048 3007 2256 3070 damni
2303 3005 2583 3088 predicti.
2645 3004 2750 3068 38.
2800 3039 2881 3051 —-
2947 3004 3020 3066 de
3083 3020 3202 3066 non

468 3109 502 3153 o
546 3127 621 3138 --
675 3109 793 3156 non
836 3112 1061 3159 smceri
1117 3131 1184 3141 —
1241 3113 1296 3158 o.

679 3178 1001 3262 Sapientes
1046 3181 1522 3266 Hungarorum:
1573 3181 1634 3246 S.
1681 3183 1971 3266 Belegn0,
2024 3185 2070 3249 Ι.
2127 3184 2448 3266 Delphino,
2498 3184 2576 3247 N.
2611 3181 2979 3244 Tervisano:
3028 3177 3202 3256 Quod

469 3284 655 3346 super
703 3268 969 3331 secundo
1016 3270 1288 3350 capitulo
1340 3270 1711 3344 continente,
1762 3271 1921 3355 quod
1972 3272 2163 3336 nostri
2214 3291 2330 3336 non
2378 3273 2631 3334 utantur
2688 3267 2766 3331 ad
2829 3271 3038 3350 partes
3086 3269 3203 3331 Ca-

472 3353 590 3416 tari
639 3357 779 3429 etc.,
828 3358 1288 3437 respondeatur,
1338 3355 1517 3438 quod,
1567 3359 1734 3423 novit
1788 3363 1957 3437 dene,
2025 3361 2352 3425 maximam
2413 3358 2880 3422 admirationem
2945 3356 3009 3417 et
3073 3357 3231 3419 tur-·

477 3440 791 3506 bacionem
842 3444 1170 3525 recipimus
1219 3446 1277 3509 in
1329 3444 1646 3509 mentibus
1702 3448 1952 3523 nostris,
2016 3448 2255 3531 quando
2324 3446 2475 3510 talia
2535 3444 2628 3509 vel
2691 3443 2922 3507 similia
2986 3443 3203 3525 propo·

475 3530 703 3593 uuntur
750 3546 953 3594 coram
1001 3531 1194 3610 nobis,
1244 3533 1389 3616 quia
1436 3531 1763 3599 manifeste
1828 3536 2259 3601 contradicunt
2324 3532 2673 3598 franchisiis
2736 3532 2799 3594 et
2859 3530 3032 3595 bonis
3096 3549 3204 3594 no·

477 3614 643 3678 stris.
695 3617 775 3681 Et
822 3620 1142 3700 propterea
1190 3621 1455 3686 dicimus
1504 3622 1792 3702 breviter,
1843 3623 1998 3707 quod
2053 3641 2364 3706 nunquam
2414 3620 2853 3703 impedivimus
2927 3637 3037 3681 nec
3085 3619 3204 3681 im-

470 3703 678 3784 pedire
744 3704 1120 3771 intendimus
1184 3710 1244 3773 in
1310 3709 1544 3790 brighis
1613 3710 1708 3773 vel
1771 3713 2009 3794 guerris
2072 3710 2352 3785 aliorum,
2417 3710 2533 3773 nisi
2596 3709 2655 3770 iu
2720 3707 2874 3771 bono
2935 3708 2999 3768 et
3054 3725 3202 3788 pace

468 3792 808 3858 tractanda.
859 3794 976 3860 Sed
1024 3795 1177 3860 bene
1225 3797 1620 3864 intendimus,
1666 3802 1992 3880 sequentes
2039 3798 2407 3862 franchisias
2455 3799 2518 3860 et
2562 3795 2886 3858 libertates
2934 3796 3201 3867 nostras,

465 3879 624 3960 quod
673 3882 868 3946 nostri
927 3883 1090 3947 cives
1153 3887 1216 3948 et
1263 3888 1629 3949 mercatores
1676 3904 1817 3951 cum
1865 3905 2078 3950 eorum
2126 3886 2391 3967 navigiis
2438 3886 2503 3947 et
2550 3883 2724 3948 bonis
2781 3881 3047 3945 debeant
3111 3881 3202 3944 uti

466 3970 530 4031 et
578 3969 856 4046 mercari,
907 3972 972 4034 et
1018 3971 1106 4036 ire
1149 3974 1211 4036 et
1252 3973 1449 4037 redire
1496 3972 1655 4037 salvi
1703 3976 1767 4037 et
1813 3974 2008 4039 securi
2059 3973 2137 4037 ad
2184 3990 2395 4037 omnes
2443 3973 2643 4036 terras
2690 3972 2753 4034 et
2821 3969 2975 4044 loca,
3041 3968 3203 4033 sicut

469 4074 714 4139 semper
759 4059 1113 4140 potuerunt,
1164 4063 1228 4124 et
1274 4059 1440 4124 nullo
1487 4060 1665 4125 modo
1712 4064 2058 4144 astringere
2100 4079 2219 4136 eos,
2286 4059 2393 4124 sed
2457 4058 2661 4141 potius
2719 4057 3026 4138 ellargare
3087 4056 3197 4132 eis,

467 4146 536 4204 ut
601 4143 874 4210 habeant
918 4165 1165 4212 causam
1216 4147 1494 4212 lucrandi
1541 4151 1605 4212 et
1651 4149 1805 4213 bene
1854 4148 2134 4225 faciendi,
2185 4149 2327 4231 quia
2387 4165 2457 4211 ex
2499 4147 2611 4210 hoc
2671 4145 2874 4209 solum
2937 4146 3207 4226 augetur-

467 4231 670 4295 status
718 4236 783 4297 et
827 4234 1098 4300 conditio
1150 4236 1377 4300 nostra.
1428 4236 1510 4299 Et
1553 4235 1696 4318 quia
1742 4238 1925 4302 aliter
1971 4238 2186 4302 contra
2233 4254 2339 4300 nos
2386 4237 2449 4298 et
2495 4235 2740 4298 nostros
2796 4232 3199 4314 temptarent,

471 4317 797 4384 manifeste
844 4322 1117 4388 facerent
1162 4325 1380 4389 contra
1424 4323 1716 4389 honorem
1761 4328 1826 4390 et
1873 4328 2105 4391 statum
2157 4328 2458 4398 nostruin,
2525 4325 2587 4386 et
2656 4319 2827 4384 nullo
2893 4320 3072 4384 modo
3137 4318 3198 4382 id

472 4402 758 4470 tollerare
804 4426 1125 4489 possemus
1173 4429 1281 4493 pro
1330 4414 1790 4478 conservatione
1839 4416 2087 4478 nostra.
2138 4413 2195 4475 8.

677 4490 788 4557 Ser
833 4495 1123 4562 Nicolaus
1166 4498 1520 4565 Justiniano
1569 4502 1812 4583 sapiens
1875 4501 2059 4565 solus,
2111 4499 2337 4580 Capta:
2406 4496 2565 4580 quod
2631 4495 3070 4575 respondeatur
3123 4497 3199 4559 ad

466 4577 801 4643 secundum
859 4585 1204 4665 capitulum
1273 4607 1377 4668 per
1440 4590 1639 4653 totum
1707 4595 1773 4653 ut
1829 4609 2015 4669 supra
2091 4587 2443 4651 continetur
2506 4585 2565 4648 in
2634 4585 2805 4664 parte
2892 4584 3198 4649 sociorum

467 4680 734 4741 suorum,
785 4687 921 4731 cum
973 4671 1094 4736 ista
1139 4672 1471 4751 additione,
1521 4677 1722 4742 dando
1785 4677 2055 4760 intelligi
2120 4675 2269 4757 ipsis
2331 4670 2855 4744 ambaxatoribuS,
2923 4671 3082 4751 quod
3146 4672 3199 4735 si

466 4750 540 4813 de
587 4754 788 4818 cetero
831 4757 1146 4823 occasione
1194 4763 1469 4842 predicta
1513 4765 1719 4847 alique
1766 4766 2073 4830 novitates
2121 4762 2220 4829 vel
2261 4760 2547 4826 molestie
2606 4758 2823 4822 fierent
2886 4774 2995 4838 per
3056 4777 3200 4824 suos
