3620 5282
444 368 572 433 228

660 541 846 606 1352.
903 542 981 605 13
1045 542 1258 624 aprilis
1324 542 1576 608 clamati
1644 542 1891 605 fuerunt
1953 542 2054 606 isti
2119 541 2428 607 Jadratini
2497 541 2832 605 secuudum
2898 540 3165 604 formam

444 629 638 712 partis
681 649 790 712 per
848 648 1192 712 preconem.

529 720 712 780 Mistz·
758 719 999 781 XXVI.
1053 723 1153 789 90,
1200 739 1239 778 u
1286 720 1620 779 mletac‘kom
1669 720 1900 779 arkivu.

759 905 1178 989 CCCXLI.
1254 907 1462 989 God.
1518 907 1740 989 1352.
1797 909 1897 987 14
1948 909 2324 1009 travnja‚
2378 931 2437 988 ιι
2493 909 2884 990 Mletcill.
2962 928 2968 934 ·

1041 1033 1366 1106 Produljcn
1411 1034 1517 1091 rok
1562 1033 1781 1090 odboru
1827 1050 1902 1091 za
1945 1034 2333 1092 lem-&ulanske
2368 1036 2621 1106 poslove.

669 1154 850 1218 1352.
900 1154 1000 1217 die
1048 1153 1198 1217 XIV
1246 1153 1479 1235 apriliS‚
1548 1155 1766 1235 capta:
1832 1153 1993 1235 quod
2058 1154 2358 1218 terminus
2420 1155 2768 1237 sapientum
2835 1157 3166 1217 electorum

446 1262 556 1324 pro
594 1241 775 1306 factis
824 1241 1078 1309 Curzole
1127 1242 1449 1322 elongetur
1496 1261 1688 1322 usque
1736 1260 1845 1323 per
1882 1243 2085 1305 totum
2135 1261 2408 1307 mensem
2460 1246 2830 1324 presentem.

532 1333 714 1391 Misti
763 1330 1004 1391 XXVI.
1054 1334 1155 1400 90,
1198 1350 1239 1390 u
1286 1333 1500 1390 arkivu
1545 1333 1901 1390 mletackom.

651 1622 655 1631 q
741 1520 1215 1604 CCCXLII.
1279 1519 1485 1602 God.
1541 1520 1764 1603 1352.
1823 1522 1910 1602 17
1962 1522 2338 1623 travnja‚
2395 1544 2451 1601 u
2506 1520 2894 1603 Mletcill.

1370 1647 1654 1706 Naredoa
1691 1647 1856 1720 ριεαε
1892 1647 2087 1719 pam
2132 1648 2260 1706 soce.

666 1767 852 1829 1352.
902 1766 1235 1831 indictione
1283 1765 1519 1848 quinta,
1563 1765 1662 1830 die
1712 1766 1892 1830 XVII
1929 1767 2169 1849 aprilis
2216 1769 2434 1848 capta:
2483 1767 2772 1849 quoniam
2822 1786 2931 1848 per
2978 1765 3171 1829 comi-

447 1857 576 1919 tem
629 1856 910 1919 nostrum
950 1855 1103 1937 Pagi
1167 1858 1230 1917 et
1274 1852 1617 1936 provisores
1679 1856 1959 1931 nost1·oS‚
2026 1854 2128 1935 qui
2192 1855 2436 1918 fuerunt
2501 1855 2696 1936 pridie
2760 1854 2820 1917 iu
2888 1854 3170 1936 partibus

449 1941 790 2021 Sclavonie‚
840 1942 1156 2024 provisum
1199 1940 1386 2005 suerit
1446 1943 1509 2004 et
1571 1942 1767 2004 sactus
1832 1942 2082 2025 quidam
2154 1942 2299 2006 ordo
2363 1960 2547 2025 super
2592 1943 2720 2005 sale
2769 1959 2889 2004 non
2937 1941 3169 2006 incani-

448 2031 649 2112 pando
698 2030 762 2092 in
805 2029 996 2113 Pag0‚
1043 2032 1107 2093 et
1152 2028 1358 2092 dictus
1420 2028 1564 2092 ordo
1611 2029 1852 2093 utiliter
1908 2031 1973 2093 et
2037 2029 2189 2092 bene
2253 2029 2638 2110 responderit
2683 2031 2746 2093 et
2790 2030 2874 2093 sit
2921 2047 3170 2111 respon-

451 2135 633 2181 surus
675 2117 737 2179 in
784 2115 1028 2181 futuro:
1079 2115 1249 2180 vadit
1296 2134 1458 2197 pam,
1509 2116 1666 2199 quod
1717 2117 1917 2180 dictus
1965 2116 2112 2181 ordo
2152 2117 2523 2198 approbetur
2571 2118 2635 2180 et
2676 2115 3070 2179 confirmetur
3099 2117 3174 2179 ad

448 2203 907 2287 beneplacitum
956 2203 1395 2268 dominacionis
1432 2204 1490 2266 in
1525 2204 1639 2267 hac
1668 2203 1886 2279 forma,
1937 2204 2258 2269 videlicet:
2308 2204 2468 2286 quod
2505 2204 2712 2286 aliqua
2758 2205 3169 2286 personatam

446 2292 759 2374 terrigena
808 2310 991 2373 quam
1039 2291 1296 2354 sorensis
1344 2308 1463 2355 non
1512 2290 1708 2371 possit
1755 2293 1931 2356 modo
1970 2291 2177 2372 aliquo
2227 2291 2355 2355 sive
2398 2290 2595 2355 forma
2626 2311 2828 2355 emere
2862 2291 2959 2355 vel
2990 2290 3172 2354 aliter

445 2381 763 2462 acquirere
811 2379 1007 2442 salem
1056 2381 1114 2444 iu
1165 2380 1333 2461 Pago
1381 2377 1479 2443 vel
1525 2378 1810 2442 districtu
1856 2398 1968 2443 nec
2016 2379 2077 2441 in
2125 2378 2320 2443 Jadra
2366 2380 2464 2442 vel
2526 2379 2817 2443 districtu
2856 2397 2961 2459 pro
3007 2378 3172 2442 inca-

445 2467 733 2549 nipando‚
780 2465 1048 2548 exceptis
1097 2466 1328 2531 salinas
1378 2464 1784 2544 habentibuS‚
1848 2467 1952 2548 qui
2014 2466 2255 2548 possint
2313 2466 2667 2547 incanipare
2734 2467 2928 2529 salem
2978 2484 3164 2529 suum

443 2556 711 2633 tantum,
762 2554 876 2618 sub
927 2573 1084 2635 pena
1129 2552 1422 2635 perdendi
1469 2553 1704 2617 dictum
1756 2554 1951 2617 salem
1997 2552 2093 2618 vel
2142 2553 2414 2617 valorem
2460 2553 2613 2630 eiua,
2687 2555 2751 2617 et
2793 2555 3044 2634 insuper
3092 2551 3167 2614 de

449 2643 677 2708 ducato
726 2662 844 2707 uno
889 2660 997 2724 pro
1045 2643 1318 2723 quolibet
1367 2643 1566 2706 modio
1611 2641 1784 2724 Pagi,
1822 2643 1893 2704 de
1945 2641 2168 2724 quibus
2216 2641 2389 2723 penis
2451 2644 2810 2714 accusator,
2860 2640 2912 2704 si
2960 2639 3166 2716 fuerit,

449 2730 679 2795 habeat
722 2729 1144 2807 medietatem,
1193 2731 1462 2794 rectores
1510 2748 1618 2792 seu
1664 2729 1961 2793 officiales
1988 2730 2366 2793 invenientes
2396 2731 2703 2812 quartum,
2754 2729 2818 2791 et
2865 2728 3170 2808 reliquum

445 2819 529 2882 sit
580 2819 959 2891 communis;
1010 2819 1072 2882 et
1117 2818 1454 2881 comitatur
1499 2817 1806 2880 salinariis
1854 2817 2041 2881 maris
2075 2818 2138 2879 iu
2172 2817 2447 2880 Venetiis
2494 2818 2560 2880 et
2596 2816 2928 2880 comitibus
2976 2814 3166 2880 Jadre

444 2906 508 2968 et
555 2905 710 2989 Pagi
760 2909 823 2970 et
869 2905 1223 2970 camerariis
1271 2905 1577 2969 dictorum
1625 2903 1923 2980 locorum,
1974 2906 2128 2986 quod
2183 2904 2493 2985 inquirant
2542 2903 2616 2967 de
2664 2902 3162 2969 contrafacienti-

444 2993 577 3070 bus,
628 2997 692 3057 et
717 2994 794 3056 ab
828 2994 915 3056 eis
941 2993 1192 3075 exigant
1211 2993 1409 3057 dictas
1434 3010 1641 3074 penaS‚
1692 2992 1796 3075 qui
1831 2992 2029 3074 primo
2065 2991 2427 3067 invenerint,
2470 2991 2544 3055 de
2576 2992 2801 3073 quibus
2848 2991 3021 3073 penis
3050 3008 3169 3054 non

422 3079 647 3161 ‘possit
692 3081 822 3143 fieri
865 3082 1067 3161 gratia
1113 3079 1696 3144 contrafacientibus
1740 3080 1858 3143 nisi
1907 3098 2015 3161 per
2061 3097 2166 3142 sex
2229 3078 2612 3143 consiliarios
2671 3082 2734 3143 et
2780 3082 2907 3143 tres
2958 3081 3166 3160 partes

444 3165 683 3231 consilii
749 3170 1100 3249 rogatorum
1164 3169 1677 3250 congregatorum
1720 3186 1756 3231 a
1803 3164 2196 3248 septuaginta
2242 3184 2445 3248 supra.
2492 3166 2583 3229 De
2629 3168 2803 3248 parte
2850 3184 3080 3230 omnes.

658 3251 1008 3317 Consiliarii
1055 3259 1116 3317 et
1163 3256 1387 3336 capita.
1438 3252 1667 3337 Capta:
1716 3256 1875 3336 quod
1919 3255 2045 3318 ista
2091 3254 2413 3318 conventio
2462 3254 2534 3316 de
2572 3252 2924 3333 accipiendo
2971 3252 3167 3315 salem

449 3340 606 3422 Pagi
652 3359 845 3424 usque
892 3340 968 3404 ad
1019 3343 1144 3404 tres
1192 3345 1402 3422 partes
1446 3342 1510 3405 in
1557 3347 1766 3406 nostro
1816 3341 2165 3420 communi,
2217 3341 2585 3405 dimittendo
2642 3339 2832 3403 aliam
2879 3341 3167 3420 quartam

446 3428 685 3510 partem
736 3429 1108 3510 specialibus
1156 3430 1431 3510 personis
1478 3430 1694 3494 deinde
1744 3430 1942 3511 possit
1985 3430 2221 3493 firmari
2270 3447 2460 3509 usque
2507 3427 2585 3514 ad
2627 3426 2784 3490 illud
2831 3427 3169 3490 terminum

445 3519 511 3580 et
556 3535 665 3598 pro
716 3515 1113 3599 illis·preciis
1151 3519 1213 3580 et
1258 3536 1399 3581 cum
1446 3517 1573 3580 illis
1623 3517 1883 3581 cautelis
1928 3520 1991 3586 et
2037 3517 2253 3594 modis,
2305 3517 2412 3599 qui
2458 3514 2727 3594 domiuo,
2776 3512 3170 3590 consiliariis,

445 3604 753 3686 capitibus
802 3607 865 3668 et
908 3605 1289 3686 sapientibus
1338 3604 1433 3668 vel
1480 3606 1695 3668 maiori
1745 3605 1907 3687 parti
1954 3604 2344 3668 videbuntur.

654 3690 699 3770 †
744 3692 874 3774 Ego
921 3692 1235 3757 Johannes
1285 3692 1443 3756 Vido
1490 3693 1764 3756 notarius
1827 3691 1993 3757 curie
2056 3707 2268 3756 omnes
2333 3691 2785 3773 suprascriptas
2842 3691 3050 3773 partes
3098 3689 3173 3753 de

445 3780 736 3844 mandato
783 3782 1340 3863 suprascriptorum
1410 3778 1792 3844 dominorum
1857 3779 1932 3843 ad
1996 3779 2109 3843 hec
2172 3781 2654 3844 constitutorum
2722 3777 3055 3843 cancellari
3113 3779 3173 3841 in

448 3867 637 3931 1376.
686 3868 745 3931 Χ
788 3868 1073 3932 ianuarii.

531 3959 711 4017 Mistz·
752 3958 992 4017 XXVI.
1045 3962 1143 4028 91,
1192 3978 1234 4016 u
1280 3958 1498 4017 arkivu
1542 3958 1899 4017 mletafikom.

691 4147 1207 4229 CCCXLIII.
1265 4147 1470 4229 Gon.
1528 4146 1750 4228 1352.
1806 4145 1906 4228 23
1957 4146 2333 4246 travnja„
2389 4169 2450 4227 u
2505 4146 2895 4229 Mletcih.

451 4271 807 4345 Dozvozjeno
854 4275 1129 4345 njckomu
1171 4274 1532 4332 Zadraninu
1564 4274 1756 4331 uslied
1786 4273 1967 4330 molbe
1999 4273 2274 4342 Βανιοῑα,
2316 4275 2506 4333 knew
2552 4273 2821 4346 Ῑενόλτορα,
2862 4273 2941 4331 da
2973 4278 3176 4332 ostane

1293 4361 1397 4434 ,φόἔ
1438 4379 1509 4421 za
1551 4362 1775 4436 yode'nu
1822 4361 1985 4418 dana
2029 4379 2071 4419 u
2110 4357 2319 4438 Senju.

667 4479 851 4543 1352.
900 4479 998 4544 die
1047 4481 1265 4544 XXIII
1311 4481 1547 4563 aprilis,
1597 4484 1816 4563 capta:
1862 4481 2022 4562 quod
2069 4481 2148 4544 ad
2195 4482 2663 4563 requisitionem
2726 4481 2972 4544 comitis
3021 4481 3176 4546 Bar-

446 4567 620 4643 tholi,
672 4568 736 4630 et
782 4566 990 4647 etiam,
1040 4569 1182 4651 quia
1230 4570 1419 4632 nostri
1473 4569 1716 4645 Veneti,
1787 4569 2031 4632 utentes
2094 4569 2158 4631 in
2213 4568 2473 4651 Segnia,
2546 4570 2812 4632 multum
2864 4569 3171 4631 instanter

446 4654 824 4736 scripserunt
889 4673 1072 4736 super
1131 4655 1277 4734 hoo,
1346 4656 1646 4720 terminus
1713 4655 1912 4738 gratie
1980 4654 2142 4719 facte
2206 4655 2486 4720 Nicoleto
2550 4656 2791 4721 Galello
2844 4655 3174 4720 Jadratino

446 4742 648 4808 standi
695 4742 759 4807 in
828 4742 1108 4825 partibus
1172 4742 1393 4826 Segnie
1459 4763 1567 4826 per
1625 4762 1819 4816 unum
1883 4761 2113 4807 annum
2176 4743 2499 4825 elongetur
2556 4763 2663 4825 per
2727 4761 2917 4806 unum
2978 4742 3175 4807 alium
