3620 5282
515 354 647 418 400

522 525 944 592 mercimoniis
991 525 1088 589 vel
1136 526 1268 588 sine
1315 525 1732 589 mercimoniis
1794 543 1982 589 causa
2039 523 2222 588 eundi
2284 542 2390 605 per
2450 541 2621 586 mare
2683 522 2784 585 vel
2844 540 2950 603 per
3011 523 3241 585 terram

520 613 691 679 ultra
740 613 1039 677 Trontum
1088 618 1150 677 et
1196 612 1274 676 ab
1318 613 1517 676 altera
1561 612 1737 693 rippa
1784 612 1949 675 ultra
1996 610 2343 693 Raguxium
2393 610 2455 673 in
2515 628 2669 692 pena
2701 608 2992 691 perdendi
3041 610 3242 672 totum

517 721 704 767 suum
756 701 1001 777 habere,
1052 699 1212 782 quod
1261 700 1322 763 in
1369 700 1485 764 boc
1533 699 1739 785 seculo
1786 698 2060 783 haberet
2111 698 2229 763 nisi
2275 698 2437 761 foret
2484 699 2619 762 inde
2652 696 3007 761 licentiatus
3054 714 3091 759 a
3131 697 3240 760 do-

522 791 693 855 mino
747 790 897 853 dnce
945 790 1011 853 et
1057 787 1347 864 consilio,
1414 789 1478 851 et
1535 787 1599 851 in
1658 804 1816 869 pena
1877 776 2064 852 etiam
2113 785 2552 850 destructionis
2614 786 2941 850 domorum
3005 784 3137 848 eius
3178 786 3241 847 et

518 877 719 943 tocius
767 875 1169 959 possessionis
1215 876 1364 940 eius.
1407 875 1425 911 ¹

492 968 499 973 ’
605 968 792 1027 Liber
827 967 1159 1042 pleqiorum
1206 966 1307 1024 list
1352 968 1451 1034 90,
1498 967 1582 1024 br.
1632 966 1776 1035 627,
1868 983 1908 1023 u
1955 965 2294 1024 mletackom
2336 966 2568 1023 arkivu.

940 1151 1288 1234 XXVII.
1362 1152 1564 1235 God.
1623 1151 1847 1235 1228.
1903 1152 2274 1255 svibnja,
2325 1174 2388 1233 u
2441 1151 2830 1234 Mletcih.

1078 1279 1398 1354 Odredjuje
1441 1296 1520 1349 se,
1562 1280 1698 1354 ydje
1741 1296 1804 1339 se·
1839 1280 2239 1338 hodobastnici
2280 1280 2475 1340 krcati
2518 1297 2705 1354 moyn.

732 1400 946 1464 Mense
995 1400 1214 1477 rnadi0‚
1270 1400 1601 1464 indictione
1649 1400 1871 1482 prima,
1936 1399 2283 1464 huiusmodi
2345 1398 2621 1464 ordinem
2688 1402 2998 1465 statutum
3046 1417 3082 1463 a
3123 1417 3234 1479 pa-

522 1489 802 1553 tronibus
850 1488 1096 1552 navium
1153 1489 1641 1565 observandum,
1707 1487 1993 1552 videlicet
2055 1487 2209 1569 quod
2279 1487 2520 1553 nullum
2582 1487 2850 1569 caricare
2896 1487 2992 1551 vel
3040 1487 3244 1552 levare

519 1577 752 1641 debant
798 1576 1187 1657 peregrinum
1236 1576 1332 1638 vel
1379 1575 1764 1658 peregrinam
1836 1575 2066 1656 absque
2129 1577 2415 1657 precepto
2481 1575 2710 1639 domini
2775 1575 2950 1640 ducis
3006 1576 3071 1639 et
3115 1574 3245 1637 eius

520 1664 788 1741 consilii,
839 1662 953 1728 hoc
1002 1665 1098 1726 est
1146 1663 1225 1727 ab
1272 1662 1573 1727 Arimano
1621 1662 1781 1726 infra
1829 1664 1894 1726 et
1938 1664 2015 1725 ab
2049 1680 2151 1725 oro
2176 1659 2504 1741 Quarnarii
2551 1661 2726 1726 infra.
2775 1662 3008 1727 Verum
3037 1664 3248 1725 tamen

517 1752 580 1816 in
633 1751 945 1815 Arimano
999 1750 1161 1831 ipsos
1203 1751 1445 1833 possint
1509 1751 1778 1814 caricare
1842 1752 1905 1813 et
1965 1749 2168 1813 levare
2231 1752 2295 1813 et
2339 1750 2557 1814 deinde
2621 1769 2812 1832 usque
2876 1753 3151 1814 montem
3195 1768 3244 1812 s,

518 1838 782 1922 Angeli‚
832 1842 1085 1920 excepto
1132 1839 1193 1901 in
1243 1839 1500 1903 Ancona
1547 1842 1611 1901 et
1655 1839 1784 1901 eius
1824 1837 2232 1919 pertinentiis,
2283 1838 2388 1902 ubi
2435 1857 2546 1902 nec
2591 1837 2680 1901 ire
2740 1856 2935 1920 neque
2980 1838 3252 1918 aliquem

524 1927 728 1990 levare
774 1925 1042 1990 debeant
1092 1926 1480 2008 peregrinum
1538 1927 1603 1989 et
1650 1924 1731 1989 ab
1780 1926 1978 1989 altera
2011 1930 2187 2008 parte
2233 1924 2383 2007 ripe,
2418 1925 2478 1987 id
2529 1928 2627 1989 est
2671 1927 2751 1990 ab
2799 1943 2902 1990 oro
2927 1922 3254 2003 Quarnarii

517 2032 704 2097 supra
751 2032 942 2095 usque
988 2012 1363 2095 Raguxium‚
1415 2013 1615 2076 libere
1685 2013 1924 2096 possint
1971 2030 2073 2076 eos
2139 2012 2342 2077 levare
2407 2014 2471 2081 et
2531 2012 2802 2087 deferre;
2875 2015 2962 2077 ita
3024 2016 3251 2089 tamen,

519 2101 682 2185 quod
732 2103 927 2165 tercia
973 2103 1158 2182 parte
1212 2100 1414 2164 tocius
1463 2101 1653 2176 nauli,
1702 2100 1860 2181 quod
1912 2100 2209 2182 recipient
2253 2123 2288 2161 a
2336 2100 2676 2182 peregrinis
2727 2099 2887 2165 infra
2932 2101 3064 2182 ipsa
3109 2117 3254 2164 con-

516 2189 685 2267 finia,
736 2190 806 2252 ut
853 2187 1093 2252 dictum
1151 2189 1266 2265 est,
1316 2189 1641 2252 teneantur
1686 2188 1804 2270 ipsi
1857 2191 2140 2268 patrones
2173 2188 2464 2252 mandare
2513 2189 2686 2251 nobis
2733 2189 3077 2271 expeditam
3120 2188 3250 2251 sine

519 2276 672 2340 ullis
721 2276 1008 2358 expensis
1054 2275 1239 2340 citius
1287 2294 1467 2357 quam
1511 2277 1784 2358 poterint
1829 2274 1987 2339 bona
2047 2275 2165 2339 fide
2228 2295 2336 2358 per
2383 2294 2662 2340 seccuros
2717 2276 3000 2341 homines
3047 2276 3109 2338 in
3155 2276 3248 2338 te-

516 2364 813 2428 stimonio
864 2362 1167 2426 bonorum
1224 2364 1565 2428 hominum.
1614 2361 1781 2441 Quos
1831 2363 2111 2426 homines
2156 2361 2419 2427 firmiter
2465 2365 2719 2428 credant
2760 2382 2894 2428 esse
2940 2380 3240 2439 seccuros‚

515 2453 580 2515 et
627 2452 783 2533 quod
831 2450 1003 2515 uobis
1050 2450 1145 2514 vel
1195 2450 1381 2516 vobis
1429 2451 1799 2533 precipimus
1847 2469 1985 2514 cum
2035 2453 2243 2514 nostro
2307 2449 2563 2515 consilio
2626 2452 2828 2535 ipsam
2892 2450 3244 2516 terziariam

514 2539 683 2603 nauli
731 2538 1067 2620 assignent.
1112 2538 1297 2603 Hunc
1350 2539 1624 2603 ordinem
1672 2538 1958 2617 dedimus
2000 2539 2200 2620 primo
2254 2539 2620 2620 patronibus
2681 2539 2855 2603 navis
2901 2539 3135 2621 Angeli
3180 2540 3246 2602 et

513 2633 699 2691 naute
748 2626 954 2691 silicet
1003 2626 1258 2691 Stefano
1306 2625 1482 2692 Deho
1531 2628 1595 2692 et
1639 2625 1826 2692 Otoni
1872 2626 1947 2690 de
1993 2626 2303 2705 RaimerO,
2346 2628 2410 2692 et
2456 2626 2706 2692 Matheo
2739 2627 3024 2710 Bolgaro‚
3074 2628 3137 2692 et
3167 2625 3236 2691 P.

514 2716 759 2792 Pisano,
810 2716 873 2778 et
920 2714 1173 2779 Matheo
1221 2714 1548 2790 Padavino‚
1598 2718 1663 2779 et
1708 2714 2030 2779 Dominico
2080 2715 2340 2779 Adamo.

597 2806 785 2865 Isiber
827 2806 1152 2880 pleqiorum
1199 2806 1302 2865 list
1349 2810 1450 2874 91,
1498 2806 1584 2865 br.
1627 2807 1771 2874 634,
1820 2824 1862 2864 u
1900 2807 2116 2864 arkivu
2161 2807 2520 2865 metadlwm.

812 2992 1201 3074 XXVlll.
1255 2992 1459 3076 God.
1517 2991 1729 3074 1228
1792 2991 1886 3074 12
1923 2991 2372 3093 kolovoza‚
2424 3013 2486 3073 u
2531 2992 2926 3076 Mletclh.

581 3120 885 3180 Ustanova
926 3119 1092 3192 ,qlede
1132 3119 1493 3193 slobodnoqa
1530 3119 1787 3189 kroanja
1833 3118 2260 3178 hododastnika
2306 3135 2389 3177 na
2434 3120 2565 3193 uije
2606 3121 2852 3194 qranice
2895 3124 3191 3195 steynuta.

723 3238 840 3301 Die
888 3236 1012 3300 XII
1061 3237 1332 3302 intrante
1379 3256 1587 3301 mense
1634 3241 1919 3320 augusto,
1969 3237 2299 3303 indictione
2332 3238 2554 3321 prima,
2603 3240 2953 3304 ordinatum
3001 3242 3098 3304 est
3128 3259 3236 3323 per

511 3324 828 3388 dominum
879 3325 1096 3388 ducem
1144 3330 1206 3387 et
1245 3324 1375 3387 eius
1423 3324 1762 3390 consilium
1803 3331 1867 3390 et
1911 3326 2246 3390 sti-idatum
2296 3326 2583 3391 Rivoalto
2630 3329 2696 3391 et
2741 3327 2987 3405 Brolio‚
3050 3330 3232 3410 atque

512 3431 622 3496 per
670 3411 947 3475 ordinem
995 3413 1213 3475 datum
1260 3411 1553 3476 omnibus
1600 3413 1952 3478 hominibus
2001 3413 2408 3478 Veneciarum
2458 3432 2495 3479 a
2536 3413 2745 3479 Gradu
2797 3434 2988 3497 usque
3035 3413 3238 3497 Caput

509 3498 779 3583 aggeri3‚
825 3501 985 3582 quod
1054 3499 1264 3563 nullus
1311 3499 1495 3563 hoino
1544 3500 1953 3566 Veneciarum
2000 3500 2228 3565 audeat
2269 3499 2344 3564 de
2390 3504 2592 3566 cetero
2654 3521 2764 3585 per
2825 3521 2890 3567 se
2951 3501 3049 3567 vel
3108 3503 3238 3567 eius

514 3586 772 3652 missum
821 3606 929 3669 per
985 3586 1232 3668 aliquod
1289 3587 1600 3670 ingenium
1649 3589 1748 3653 vel
1796 3591 2237 3671 argumentum
2284 3588 2483 3653 facere
2549 3591 2818 3655 caricum
2884 3589 3237 3673 peregrino-

513 3694 653 3741 rum
704 3674 767 3738 in
815 3674 1074 3739 Ancona
1113 3693 1223 3738 nec
1268 3675 1344 3740 ab
1393 3675 1663 3740 Ancona
1705 3675 1886 3755 infra,
1935 3695 2045 3740 nec
2087 3677 2149 3740 in
2194 3677 2476 3741 Veneciis
2523 3696 2633 3741 nec
2697 3678 2760 3742 in
2805 3676 2999 3743 Jadra
3045 3696 3240 3761 neque

512 3782 550 3828 a
596 3762 790 3828 Jadra
838 3762 998 3827 infra
1042 3762 1271 3845 absque
1317 3765 1622 3846 precepto
1648 3762 1898 3828 domino
1946 3763 2119 3829 ducis
2165 3765 2229 3827 et
2264 3764 2525 3842 consilii,
2572 3769 2635 3829 et
2680 3766 2837 3848 quod
2885 3765 2960 3830 ab
2986 3766 3239 3831 Ancona

514 3869 705 3932 supra
753 3869 945 3932 usque
987 3854 1264 3914 montem
1311 3870 1361 3915 s,
1412 3849 1641 3932 Angeli
1686 3853 1750 3940 et
1794 3869 1832 3914 a
1872 3849 2065 3916 Jadra
2121 3870 2308 3933 supra
2356 3871 2544 3935 usque
2590 3852 2936 3935 Ragusium
2987 3853 3094 3917 ubi
3137 3870 3239 3917 vo-

512 3938 720 4016 luerit,
773 3938 973 4002 facere
1020 3938 1215 4020 possit
1256 3939 1497 4021 portum
1546 3942 1610 4001 et
1642 3931 1913 4003 caricum
1965 3940 2460 4021 peregrinorum,
2511 3939 2599 4004 ita
2645 3941 2805 4022 quod
2860 3939 3240 4023 quartarium

514 4027 750 4091 solvere
798 4029 1081 4090 teneatur
1124 4031 1336 4089 nostro
1367 4025 1703 4103 communi,
1740 4045 1856 4090 non
1900 4027 2311 4109 computando
2358 4027 2420 4091 in
2451 4046 2590 4126 ipsa
2626 4028 2947 4109 quartaria
2988 4026 3236 4110 aliquod

512 4113 901 4196 dispondium
949 4114 1155 4177 silicet
1201 4118 1411 4178 nostro
1461 4113 1652 4177 misso
1702 4112 1958 4196 speciali
2003 4115 2102 4178 vel
2147 4114 2394 4178 mittere
2449 4114 2512 4178 iu
2554 4114 2837 4182 Veueciis
2902 4115 3076 4178 nobis
3120 4119 3231 4179 aut

509 4200 617 4265 ubi
662 4201 1113 4284 preceperimus
1162 4219 1265 4282 per
1325 4204 1567 4265 certum
1624 4202 1687 4265 et
1733 4201 2143 4265 confidentem
2209 4202 2519 4267 hominem
2566 4202 2976 4267 Voneciarum
3039 4203 3225 4267 citius

508 4306 702 4369 quam
754 4288 999 4369 poterit.

593 4377 780 4437 Liber
800 4379 1132 4452 pkqiorum
1176 4379 1278 4438 list
1324 4381 1425 4454 93,
1473 4380 1560 4440 br.
1612 4381 1757 4455 652,
1808 4397 1851 4438 u
1895 4379 2239 4439 mletaclcom
2286 4380 2522 4438 arkivu.

579 4563 954 4620 'constitutio
993 4565 1123 4621 haec
1159 4571 1453 4638 prorogata
1490 4565 1600 4621 fuit
1636 4567 1722 4622 die
1760 4567 1826 4624 21
1868 4568 2053 4622 martii
2093 4571 2150 4620 et
2193 4566 2255 4619 15
2291 4568 2491 4638 aprilis
2531 4583 2580 4636 e,
2621 4584 2669 4620 a.
