3620 5282
3101 409 3191 478 57

471 586 847 652 tholomeum
894 587 1078 652 Ursio
1124 588 1434 654 notarium
1478 588 1664 653 curie.
1713 589 2049 654 Lodovicus
2083 590 2180 654 dei
2210 590 2416 672 gratia
2446 600 2551 653 rex
2582 586 2922 670 Hungarie.
2971 587 3190 655 Amice

470 674 807 739 carissime.
874 675 1343 740 Bartholomeus
1404 675 1587 740 Ursio
1663 676 1939 740 notarius
2000 680 2201 740 vester
2261 678 2534 741 nostram
2613 675 2858 739 veniens
2918 676 2995 739 ad
3056 695 3193 758 pre-

469 763 759 836 senciam,
809 761 986 827 nobis
1031 762 1144 827 sub
1205 762 1525 827 credencia
1571 762 1923 827 litterarum
1972 765 2312 828 vestrarum
2360 763 2663 845 exposuit,
2727 761 2889 844 quod
2930 763 3190 845 quedam

471 849 632 914 inter
678 850 911 913 vestros
952 852 1015 914 et
1059 852 1302 915 nostros
1348 849 1625 915 subditos
1672 851 1923 915 suborto
1969 851 2096 915 sint
2141 850 2467 927 novitates,
2533 852 2745 933 petens
2791 867 2901 913 nos
2948 851 3193 916 nomine

472 937 675 1000 vestro
718 955 901 1017 super
946 954 1018 1001 eo
1059 937 1377 1019 providere
1430 937 1506 1002 de
1575 936 1842 1002 remedio
1887 940 2248 1021 opportuno.
2317 938 2449 1002 Nos
2501 938 2696 1021 igitur
2757 936 3033 1001 volentes
3092 958 3196 1004 ve-

473 1024 619 1088 stris
658 1023 838 1101 votis,
904 1025 966 1088 in
1012 1025 1235 1107 quibus
1280 1043 1628 1107 possumus,
1672 1024 2074 1107 complacere,
2123 1027 2549 1090 commisimus
2594 1025 2758 1090 fideli
2802 1026 3009 1089 nostro
3063 1044 3197 1091 ma-

475 1111 698 1192 gnifico
742 1112 872 1175 viro
918 1111 1174 1178 Nicolao
1219 1110 1470 1177 Croacie
1516 1114 1580 1177 et
1626 1112 1944 1177 Dalmacie
1987 1112 2207 1190 banno,
2257 1115 2327 1177 ut
2372 1115 2505 1214 ipse
2549 1130 2799 1177 causam
2847 1112 3193 1177 novitatum

476 1199 830 1263 huiusmodi
871 1197 1203 1283 diligenter
1248 1201 1538 1274 ascultet,
1580 1200 1646 1263 et
1688 1200 2102 1264 ascultacione
2126 1199 2310 1276 facta,
2358 1202 2410 1264 si
2457 1201 2702 1265 nostros
2733 1198 3117 1281 culpabiles
3100 1219 3196 1264 m-

475 1286 729 1361 venerit,
788 1285 1135 1351 satisfaciat
1180 1286 1423 1365 vestriS,
1471 1289 1542 1352 ut
1586 1289 1686 1373 est
1714 1286 1971 1351 iustum.
2019 1284 2153 1365 Quo
2188 1287 2351 1352 circa
2386 1291 2655 1352 vestram
2704 1304 2993 1369 rogamus
3038 1286 3196 1352 ami-

474 1372 690 1437 ciciam
722 1373 947 1437 affectu
993 1391 1112 1456 quo
1154 1373 1465 1473 possimus
1509 1374 1751 1452 cariori,
1798 1374 2101 1456 quatenus
2146 1375 2212 1438 et
2257 1392 2365 1438 vos
2433 1393 2625 1439 unum
2672 1392 2742 1438 ex
2802 1374 3029 1438 vestris
3087 1373 3197 1438 de-

477 1459 707 1539 putetis
753 1459 1155 1543 fidedignum,
1201 1460 1309 1544 qui
1356 1479 1473 1525 una
1540 1479 1681 1526 cum
1742 1461 1982 1543 prefato
2026 1461 2280 1527 Nicolao
2340 1461 2541 1525 banno
2603 1460 2890 1525 similiter
2943 1477 3195 1527 causam

476 1546 780 1611 dictarum
829 1549 1172 1614 novitatum
1214 1548 1446 1626 audiat,
1493 1552 1558 1612 et
1601 1549 1833 1625 audita,
1890 1548 1945 1612 si
1991 1551 2225 1614 vestros
2287 1548 2571 1613 subditos
2633 1548 2975 1629 reperirent
3036 1565 3196 1624 reos,

473 1634 817 1699 satisfaciat
859 1637 1116 1713 nostros,
1143 1636 1207 1699 et
1230 1655 1263 1701 e
1287 1652 1599 1702 converso.
1649 1634 1938 1700 Ceterum
1986 1653 2094 1716 pro
2141 1636 2387 1701 domino
2411 1635 2700 1700 Paduano
2745 1634 2944 1701 amico
2990 1638 3197 1699 nostro

473 1723 742 1785 vestram
789 1722 1133 1787 amiciciam
1200 1724 1620 1806 deprecamur,
1684 1724 1988 1805 quatenus
2051 1741 2193 1788 cum
2241 1742 2310 1790 eo
2355 1721 2764 1789 amicabiliter
2819 1724 2884 1786 et
2942 1722 3195 1805 pacifice

476 1826 683 1872 amore
730 1810 921 1874 nostri
969 1810 1174 1876 vivere
1220 1810 1471 1886 vellitis,
1519 1810 1597 1874 'ad
1642 1810 1802 1892 quod
1847 1811 2043 1874 eciam
2092 1810 2296 1893 ipsum
2344 1811 2628 1875 inducere
2674 1808 2952 1873 volumus
3014 1809 3195 1873 effec-

478 1896 734 1959 tualiter
793 1898 858 1960 et
920 1914 1202 1961 monere:
1256 1900 1320 1963 et
1378 1896 1664 1979 quicquid
1726 1915 1913 1982 super
1971 1897 2092 1961 hiis
2154 1900 2357 1962 vestre
2415 1897 2603 1962 fuerit
2647 1895 3033 1972 intencionis,
3080 1895 3194 1960 hoc

475 1982 649 2046 nobis
695 2001 802 2064 per
848 1984 1261 2048 venerabilem
1308 1984 1652 2050 Johannem
1699 1984 2022 2049 Vaciensis
2091 1985 2347 2049 ecclesie
2392 1985 2682 2049 ellectum
2735 1984 3192 2059 confirmatum,

475 2088 655 2151 quem
703 2071 844 2134 hinc
907 2073 985 2135 ad
1025 2090 1132 2134 vos
1177 2073 1494 2137 occasione
1553 2071 1734 2135 huius
1785 2071 2254 2149 destinavimus,
2317 2072 2412 2137 vel
2476 2090 2582 2151 per
2635 2071 2825 2136 alium
2889 2070 3191 2153 ydoneum

476 2156 849 2222 rescribatis
901 2158 1130 2222 Datum
1180 2159 1240 2222 in
1288 2159 1510 2223 castris
1557 2176 1775 2240 propre
1825 2158 2029 2222 Zakol
2059 2159 2211 2223 seria
2256 2161 2519 2225 secunda
2567 2154 2845 2242 proxima
2909 2158 3053 2222 ante
3106 2157 3195 2220 fe-

472 2244 639 2308 stum
688 2244 866 2308 beate
916 2245 1265 2329 Margarete
1314 2245 1590 2330 virginis,
1634 2263 1792 2310 anno
1841 2246 2067 2310 LXIII.

558 2347 1124 2412 Commemorialc'um
1181 2352 1308 2413 VII
1354 2354 1456 2422 18,
1501 2369 1544 2412 u
1588 2353 1741 2413 ndei.
1787 2353 2022 2412 arkivu.

899 2592 1079 2676 (311.
1133 2591 1339 2675 God.
1394 2592 1617 2675 1363.
1670 2594 1768 2675 18
1824 2593 2273 2693 kolovozu„
2326 2615 2383 2676 u
2440 2592 2741 2696 Lupffi.

476 2752 621 2829 Opet
681 2756 1005 2831 aqam-hrt).
1071 2756 1233 2827 kralj
1285 2755 1571 2828 Ljudevit
1629 2755 1922 2828 opomim'c
1965 2755 2281 2825 Mletdanc,
2332 2757 2487 2814 nelca
2547 2755 2804 2827 adprave
2856 2756 3196 2827 poseaniloa,

471 2843 569 2913 koq‘
613 2844 673 2900 oi
718 2860 749 2901 s
794 2844 921 2902 hrv.
971 2843 1180 2900 banom
1225 2842 1500 2901 Nikolom
1545 2843 1810 2901 razvidio
1855 2844 1879 2899 i
1923 2843 2099 2902 riesio
2143 2843 2453 2902 razmiricc
2496 2842 2776 2915 obstojccc
2814 2843 3011 2913 media
3056 2843 3192 2902 mle-

472 2929 711 2987 tadkimi
754 2932 778 2988 i
822 2931 1135 3002 nieqovimi
1174 2927 1476 3002 podanici.
1539 2930 2140 3076 aeggmmsaeaigw
2181 2946 2255 2989 su
2292 2947 2355 2988 sc
2412 2947 2443 2988 s
2503 2929 2934 3002 padovanskim
2987 2947 3194 3003 903ρο-

685 3151 1048 3233 Exemplum
1106 3154 1483 3233 quarundam
1548 3154 1899 3218 litterarum
1963 3152 2195 3217 domini
2257 3153 2422 3234 regis
2468 3152 2803 3236 Hungarie,
2855 3153 3191 3218 missarum

476 3239 679 3302 ducali
725 3238 1012 3304 dominio.
1062 3239 1400 3305 Lodovicus
1445 3241 1540 3305 dei
1588 3240 1795 3324 gratia
1839 3259 1940 3304 rex
1968 3238 2307 3323 Hungatie.
2358 3238 2576 3304 Amice
2608 3239 2947 3305 carissime.
2998 3241 3194 3323 Super

474 3344 564 3401 eo,
613 3327 771 3409 quod
821 3327 1267 3392 examinatione
1330 3329 1394 3392 et
1455 3328 1838 3393 discussione
1882 3328 2266 3410 questionum
2316 3326 2478 3391 inter
2532 3329 2771 3392 nostros
2837 3330 2902 3393 et
2961 3329 3197 3393 vestros

472 3414 864 3478 subortarum
914 3433 1102 3496 usque
1149 3415 1226 3478 ad
1280 3415 1543 3479 reditum
1588 3414 1894 3498 capitanei
1943 3413 2259 3498 galearum
2304 3418 2644 3479 vestrarum
2692 3414 3048 3491 distulistis,
3106 3417 3194 3482 si-

475 3499 582 3563 cut
640 3499 849 3563 littere
918 3502 1119 3565 vestre
1162 3500 1338 3565 nobis
1396 3521 1501 3583 per
1546 3520 1856 3568 cursorem
1929 3503 2202 3567 vestrum
2268 3502 2499 3566 directe
2560 3503 2889 3581 testantur,
2950 3503 3197 3568 animus

473 3588 681 3651 noster
725 3587 874 3650 bene
918 3588 1337 3661 contentatur;
1389 3590 1671 3670 rogantes
1720 3590 1986 3654 vestram
2036 3590 2389 3654 amiciciam
2417 3607 2576 3654 nunc
2614 3591 2780 3655 sicut
2810 3591 2996 3672 prius,
3044 3608 3200 3673 qua-

471 3673 671 3745 tenus,
736 3673 1099 3738 adveniente
1157 3673 1323 3737 dicto
1387 3676 1590 3740 vestro
1650 3675 1988 3758 cepitaneo,
2054 3696 2240 3741 unum
2304 3696 2376 3739 ex
2425 3677 2646 3742 vestris
2694 3676 3030 3759 deputatis,
3092 3676 3199 3758 qui

472 3760 660 3825 simul
708 3780 849 3825 cum
920 3761 1121 3826 banno
1176 3763 1383 3825 nostro
1432 3760 1672 3827 Oroatie
1727 3766 1790 3827 et
1833 3762 2146 3827 Dalmatie
2208 3763 2489 3845 querelas
2550 3765 2900 3829 nostrorum
2964 3765 3029 3827 et
3097 3782 3199 3828 ve-

475 3851 758 3911 strorum⁴
798 3849 1123 3921 examinet,
1174 3849 1239 3912 et
1284 3848 1667 3914 examinatas
1721 3849 2050 3926 discutiat,
2113 3849 2278 3914 sicut
2336 3851 2578 3916 iustitia
2628 3850 3039 3933 persuadebit.
3107 3851 3198 3915 De

476 3934 591 3998 hoc
637 3936 846 4011 etiam,
907 3938 1070 4018 quod
1116 3937 1276 4000 inter
1338 3954 1444 4001 vos
1490 3938 1555 4000 et
1599 3936 1914 4001 dominum
1963 3938 2171 4001 Padue
2217 3956 2400 4019 super
2462 3938 2682 4002 litibus
2742 3937 2808 4001 et
2866 3936 3200 4001 dissensio-

475 4022 656 4085 nibus
704 4023 1031 4105 utrobique
1073 4023 1411 4098 ventilatiS,
1451 4024 1791 4101 concordia,
1841 4028 2021 4106 prout
2066 4023 2358 4100 scribitiS,
2397 4028 2493 4089 est
2538 4042 2771 4101 secura,
2819 4022 3196 4106 singularem

472 4108 821 4191 accepimus
869 4110 1195 4175 materiam
1241 4110 1628 4192 gaudiorum,
1678 4111 2095 4176 desiderantes
2136 4112 2395 4188 attente,
2444 4113 2515 4176 ut
2558 4130 2699 4175 cum
2746 4111 2958 4175 eodem
3019 4110 3201 4175 dece-

475 4198 606 4259 tero
651 4195 711 4258 in
761 4215 904 4261 vera
949 4197 1233 4262 amicicia
1278 4199 1343 4262 et
1388 4200 1502 4262 sub
1549 4198 1717 4280 pacis
1766 4200 1996 4264 vivatis
2043 4197 2488 4281 tranquilitate.
2555 4198 2786 4263 Datum
2830 4197 3075 4281 Lypche
3139 4199 3199 4262 in

474 4282 603 4346 loco
653 4283 993 4348 venationis
1044 4287 1250 4350 nostre
1296 4286 1391 4350 die
1426 4285 1639 4350 XVIII
1686 4287 1917 4350 mensis
1948 4286 2218 4367 augusti,
2268 4304 2427 4351 anno
2464 4285 2695 4350 LXIII.
2743 4284 3199 4367 Superscriptio

474 4389 614 4433 vero
673 4370 976 4435 dictarum
1041 4371 1394 4438 litterarum
1450 4372 1574 4438 tale
1635 4376 1804 4438 erat:
1856 4372 2078 4438 Inclito
2138 4371 2388 4437 domino
2443 4372 2773 4438 Laurentio
2831 4372 2994 4438 Celsi
3055 4371 3199 4438 duci

475 4456 879 4522 Veneciarum
927 4459 1127 4524 amico
1175 4463 1386 4526 nostro
1433 4459 1753 4525 carissimo
1799 4461 1898 4524 dd.

562 4562 1129 4627 Commemorialium
1188 4567 1317 4628 1⁷11
1363 4570 1463 4638 18,
1511 4586 1554 4628 u
1597 4568 1749 4628 mlet.
1795 4568 2030 4628 arkivu.
