3620 5282
2941 335 3072 401 385

340 507 564 571 hentur
609 527 720 590 per
764 509 996 572 terram
1045 509 1119 572 de
1170 508 1502 585 Durachio‚
1552 509 1806 590 excepto
1857 508 2020 588 vino,
2069 510 2202 575 oleo
2250 511 2314 574 et
2363 510 2489 574 alia
2565 528 2783 593 grassa
2829 510 3071 575 nullum

343 597 580 659 datium
633 596 909 670 solvant;
960 598 1024 659 et
1063 615 1276 660 omnes
1324 616 1422 660 res
1466 597 1529 660 et
1577 597 1969 675 merc-antiae,
2020 599 2291 679 exceptis
2339 597 2732 676 animalibuS,
2780 617 2932 682 quae
2980 599 3075 661 in-

344 685 601 746 trabunt
635 684 697 746 in
746 684 1129 748 Durachium
1181 704 1287 766 per
1334 689 1588 758 terram,
1639 685 1886 750 solvant
1932 705 2033 748 sex
2077 705 2186 767 pro
2231 686 2600 749 centenario,
2652 685 2809 764 Quia
2865 686 3074 769 aliqua

344 771 517 837 datia
566 773 623 835 in
675 772 919 836 Scutari
970 791 1078 853 per
1124 773 1498 836 anteriorem
1547 774 1864 837 dominum
1914 772 2173 836 dimissa
2221 776 2396 838 erant
2443 774 2521 836 ad
2571 774 2919 838 faciendum
2971 792 3075 836 ex-

344 879 561 941 pensas
609 860 987 923 necessarias
1039 861 1097 923 in
1148 860 1317 924 dicta
1363 864 1552 936 terra,
1604 863 1886 943 captum,
1934 863 2091 944 quod
2139 861 2303 925 dicta
2370 863 2541 925 datia.
2591 862 2957 926 remaneant
3010 860 3077 923 in

345 949 657 1011 communi
694 948 964 1026 Scutari,
1013 949 1119 1010 sed
1160 965 1372 1011 comes
1420 948 1615 1030 eligat
1661 968 1856 1013 unum
1904 951 2337 1022 camerarium,
2390 950 2491 1031 qui
2574 950 2727 1014 talia
2804 948 3074 1013 admini-

347 1035 637 1110 stret,-et
705 1037 976 1100 rationes
1030 1036 1147 1116 ipsi
1193 1036 1401 1100 comiti
1453 1036 1718 1118 singulis
1764 1055 1870 1101 sex
1920 1037 2238 1119 mensibus
2285 1038 2593 1102 ostendat.

432 1144 612 1202 Mistz·
661 1143 925 1206 XLIII.
975 1146 1122 1219 153,
1173 1162 1213 1203 u
1265 1145 1419 1205 mlet.
1471 1145 1707 1203 arkivu.

718 1332 1126 1415 DXXXI.
1182 1332 1390 1414 God.
1444 1334 1673 1415 1396.
1727 1331 1829 1415 25
1885 1333 2170 1433 rujna,
2224 1355 2281 1414 u
2338 1333 2727 1415 Mletcih.

557 1475 829 1556 Eligitur
876 1474 1167 1555 provisor,
1219 1475 1317 1555 qui
1364 1478 1541 1557 regat
1609 1476 1828 1557 gentes
1876 1473 2217 1557 armigeras
2291 1476 2508 1539 euntes
2577 1472 2905 1538 Scutarum
2968 1494 3076 1557 per

349 1582 452 1626 sex
504 1582 744 1627 meuses
784 1582 923 1626 cum
974 1564 1089 1626 hac
1138 1563 1509 1638 conditione,
1558 1563 1719 1644 quod
1798 1562 2041 1638 deiude,
2105 1561 2155 1626 si
2209 1562 2417 1637 vellet,
2488 1563 2686 1643 possit
2756 1580 3073 1628 remanere

349 1670 457 1733 per
499 1652 651 1713 duos
700 1668 890 1713 annos
943 1651 1191 1714 baiulus
1241 1650 1554 1714 Durachii.
1609 1651 1679 1713 In
1731 1650 2044 1715 Durachio
2093 1649 2318 1724 videat,
2366 1651 2417 1713 si
2468 1650 2520 1712 ei
2573 1649 2731 1712 foret
2778 1650 3074 1732 possibile

347 1758 491 1801 cum
541 1738 724 1802 dictis
774 1738 1067 1821 gentibus
1118 1757 1478 1819 recuperare
1524 1742 1796 1801 castrum
1847 1737 2100 1821 Croyae‚
2150 1738 2307 1819 quod
2357 1744 2450 1801 est
2499 1738 2871 1801 inmanibus
2920 1739 3073 1802 Pro-

347 1825 571 1902 bistiti‚
622 1834 682 1890 et
731 1830 1002 1890 castrum
1052 1824 1234 1900 Satri,
1287 1827 1444 1909 quod
1490 1830 1748 1907 occupat
1803 1824 2022 1910 Coya8‚
2071 1829 2134 1889 et
2180 1844 2367 1906 super
2414 1825 2528 1889 hoc
2570 1825 2902 1890 consilium
2964 1844 3068 1890 ca-

347 1914 480 1996 piat
527 1932 664 1977 cum
717 1913 924 1977 baiulo
972 1913 1267 1979 Durachii
1318 1917 1381 1975 et
1428 1933 1567 1978 cum
1645 1914 1891 1977 domino
1965 1914 2157 1977 Paulo
2220 1911 2383 1976 Nani
2454 1916 2639 1976 eunte
2689 1913 3072 1990 Drivastum‚

347 2001 453 2065 sed
500 2001 667 2065 solus
718 2002 933 2065 mittat-
977 2003 1312 2065 executioni
1361 2001 1535 2079 illud,
1605 2001 1765 2084 quod
1819 2001 1932 2064 sibi
2012 2001 2167 2067 utile
2231 2000 2563 2065 videretur.
2645 2000 2711 2065 Si
2783 2001 3071 2085 reperiet,

346 2088 503 2173 quod
555 2089 770 2153 utilius
821 2090 998 2163 soret,
1048 2091 1096 2153 si
1142 2091 1311 2171 ipsae
1356 2092 1574 2172 gentes
1623 2090 1867 2154 starent
1911 2088 1974 2152 iu
2017 2088 2279 2154 Scutaro
2327 2089 2387 2151 in
2438 2090 2569 2153 toto
2611 2089 2708 2152 vel
2771 2087 2832 2152 in
2879 2092 3074 2170 parte,

347 2180 453 2242 eat
498 2178 602 2241 vet
652 2179 867 2242 mittat
916 2179 1064 2242 illuc
1108 2197 1215 2260 pro
1278 2197 1387 2242 sua
1457 2178 1795 2242 voluntate.
1869 2177 2069 2241 Datur
2138 2178 2412 2259 potestas
2482 2176 2807 2259 provisori,
2870 2176 3077 2240 baiulo

348 2265 640 2328 Durachii
689 2268 754 2329 et
800 2266 1050 2329 domino
1097 2265 1290 2330 Paulo
1337 2266 1520 2337 Nani.
1568 2266 1731 2348 quod
1775 2264 2019 2348 possint
2064 2285 2130 2329 se
2177 2264 2548 2329 concordare
2616 2282 2756 2328 cum
2824 2263 3077 2329 Comiuo

345 2352 536 2434 Spata
563 2355 627 2416 et
651 2355 879 2417 comite
906 2355 1192 2432 Niclieta‚
1221 2355 1322 2437 qui
1350 2373 1415 2418 se
1443 2354 1707 2418 offerunt
1731 2354 1961 2417 servire
1988 2353 2365 2434 reipublicae
2412 2370 2552 2416 cum
2601 2352 2732 2415 400
2760 2351 3076 2433 equitibus

348 2442 413 2504 et
463 2441 631 2505 1000
676 2442 1006 2523 peditibuS,
1060 2461 1173 2506 uon
1222 2444 1523 2524 possendo
1571 2442 1934 2523 promittere
1983 2440 2137 2523 ipsis
2202 2440 2341 2522 plus
2414 2458 2597 2522 quam
2673 2440 2842 2502 1200
2887 2459 3078 2524 yper-

346 2547 628 2610 perorum
676 2530 838 2593 inter
883 2530 1098 2594 ambos
1142 2531 1491 2608 annuatim,
1542 2531 1603 2593 in
1651 2548 1795 2594 casu
1842 2548 1959 2612 quo
2005 2531 2258 2612 propter
2304 2529 2415 2593 hoc
2457 2527 2699 2610 expulsi
2748 2526 2952 2593 forent
3000 2527 3075 2592 de

346 2617 475 2681 suis
523 2616 695 2681 locis.

433 2725 612 2783 Misti
662 2725 925 2788 XLIII.
980 2727 1125 2795 153,
1168 2743 1209 2785 u
1255 2726 1414 2788 mlet.
1462 2727 1700 2787 arkivu.

608 2915 1065 2996 DXXXII.
1122 2914 1329 2997 God.
1384 2914 1613 2997 1396.
1668 2914 1720 2994 6
1775 2913 2230 3015 listopada,
2288 2936 2348 2995 u
2401 2913 2791 2997 Mletcih.

559 3055 988 3121 Committitur
1064 3056 1363 3139 provisori
1443 3058 1723 3138 gentium
1808 3056 2145 3118 missarum
2224 3054 2627 3131 Durachium,
2699 3054 2862 3136 quod
2908 3071 3078 3118 rece-

347 3144 455 3208 dat
500 3163 640 3209 cum
690 3164 809 3211 una
860 3144 1047 3209 barca
1095 3147 1338 3208 armata
1385 3144 1458 3206 ad
1511 3162 1689 3206 suam
1739 3142 2220 3206 destinationem
2269 3143 2358 3206 ita
2410 3143 2609 3224 „quod
2647 3141 2730 3204 sit
2762 3143 2966 3223 presto
2998 3140 3078 3205 ad

349 3234 556 3314 partes
605 3232 901 3297 Durachii
950 3233 1027 3296 ad
1072 3233 1340 3295 dandum
1392 3232 1669 3295 ordinem
1720 3231 1902 3294 factis
1950 3230 2288 3294 secundum
2339 3230 2597 3293 sormam
2648 3248 2753 3292 sue
2785 3228 3078 3292 commis-

348 3322 601 3384 sionis“.
652 3321 895 3399 Videat,
945 3320 997 3384 si
1046 3321 1212 3384 esset
1261 3319 1478 3384 modus
1526 3337 1884 3401 recuperare
1918 3321 2192 3382 castrum
2231 3316 2464 3401 Croyae
2498 3321 2561 3381 et
2586 3317 2765 3381 Satti.
2817 3317 3076 3381 Pactum

349 3427 492 3473 cum
540 3410 764 3474 comite
811 3409 1079 3474 Nicheta
1124 3411 1189 3472 et
1229 3406 1485 3472 Comino
1534 3406 1728 3488 spata
1774 3426 1893 3471 non
1940 3406 2287 3485 concludat,
2360 3405 2474 3469 nisi
2544 3424 2683 3469 cum
2757 3405 3077 3470 voluntate

348 3497 600 3579 majoris
647 3498 842 3580 partis
887 3496 1155 3578 collegii.

432 3607 611 3665 Mista·
660 3606 920 3666 XLIII.
971 3606 1118 3684 155,
1165 3623 1208 3664 u
1252 3606 1409 3664 mlet.
1458 3606 1694 3664 arkivu.

593 3793 1098 3878 nxxxm.
1153 3793 1357 3876 eod.
1415 3794 1646 3892 1396,
1702 3792 1794 3873 13
1847 3774 2307 3894 limpach,
2362 3813 2418 3871 u
2477 3789 2870 3872 Mletoih.

557 3936 930 4003 Concessum
1011 3938 1337 4001 conventui
1415 3937 1679 4000 fratrum
1758 3934 2215 4019 predicatorum
2283 3934 2346 3997 in
2395 3931 2706 3996 Durachio
2756 3931 2954 4014 „quod
3004 3930 3078 3995 de

350 4027 531 4090 rebus
580 4029 644 4090 et
690 4028 884 4100 bonis,
934 4044 1050 4107 que
1098 4022 1605 4098 elemosinantur,
1650 4025 1715 4088 et
1759 4024 1835 4086 de
1882 4023 2189 4087 fructibus
2238 4023 2719 4105 possessionum,
2767 4038 2920 4101 quas
2966 4018 3080 4083 ha-

348 4115 514 4190 bent,
562 4133 680 4178 non
728 4114 974 4178 solvant
1018 4113 1290 4195 aliquam
1342 4113 1655 4195 gabellam
1717 4111 1797 4175 ad
1870 4114 2079 4193 portas
2151 4111 2313 4174 dicte
2362 4110 2638 4174 civitatis
2694 4108 2895 4186 „sicut
2943 4109 3077 4171 erat

348 4204 724 4266 consuetudo
772 4205 837 4266 et
883 4202 1045 4279 dom.
1096 4202 1311 4267 Franc.
1363 4201 1648 4283 Georgio,
1693 4200 1798 4281 qui
1849 4200 1969 4263 fuit
2017 4199 2098 4262 ibi
2148 4197 2418 4273 baiulus,
2469 4197 2732 4260 ortatur.

436 4312 616 4371 Misia·
664 4308 926 4372 XLIII.
977 4313 1123 4386 156,
1170 4329 1213 4369 u
1259 4311 1412 4372 mlet.
1462 4311 1698 4368 arkivu.

435 4850 614 4901 spon.
660 4850 744 4901 1v.
2767 4824 2855 4900 25
