3620 5282
683 280 812 346 476

685 459 1149 544 responsionem
1188 460 1264 525 ad
1311 459 1778 544 requisitionem
1828 478 2024 539 suam,
2101 458 2192 524 ita
2259 457 2420 543 quod
2488 456 2694 540 potest
2763 456 2999 521 dictum
3074 452 3423 518 dominum

680 566 894 633 regem
971 549 1047 613 de
1119 550 1242 614 ista
1317 561 1530 615 nostra
1600 548 1996 631 responsione
2072 548 2172 612 vel
2232 548 2530 612 oretenus
2578 546 2679 646 vel
2722 545 2787 610 in
2835 544 3091 630 scriptis
3141 542 3419 609 reddere

680 638 1009 704 avisatum.

896 727 988 790 De
1033 728 1211 810 parte
1251 726 1381 805 alii,
1430 745 1548 792 non
1595 724 1654 803 3,
1704 742 1827 790 non
1872 723 2094 789 sinceri
2146 723 2245 787 11.

766 834 1002 895 Secreta
1051 834 1228 897 Gens.
1273 853 1395 911 roy.
1438 836 1494 895 1.
1545 835 1646 906 93,
1681 851 1726 893 u
1769 833 1925 896 πεζοί.
1973 833 2210 894 arkivu.

886 1132 1527 1217 ncxxxvm.
1582 1131 1786 1217 sou.
1842 1132 2073 1218 1403.
2123 1132 2233 1219 so
2285 1137 2657 1240 trama,
2690 1159 2752 1219 u
2787 1130 3187 1215 motem.

679 1294 1035 1371 Dosvola'eno
1080 1299 1552 1375 Dubrovcanom,
1613 1301 1695 1360 da
1751 1318 1924 1376 moyn
1981 1301 2160 1360 coniti
2214 1303 2384 1375 svojna
2429 1302 2705 1377 tryovinu
2749 1301 2807 1362 iz
2850 1298 3137 1359 metulae
3176 1313 3228 1355 a
3268 1293 3406 1353 Du-

1057 1387 1302 1448 brovnik
1345 1390 1370 1447 i
1411 1391 1470 1449 in
1512 1389 1912 1450 Dubrovm‘ka
1954 1408 1999 1450 u
2040 1389 2267 1450 Mletkc
2307 1406 2391 1450 na
2433 1389 2747 1450 naletackih
2789 1387 3018 1460 ladiah.

896 1523 1082 1589 1403.
1129 1523 1217 1592 20
1258 1526 1491 1610 aprilis.
1541 1526 1776 1612 Capta:
1825 1545 1965 1592 cum
2012 1528 2423 1594 communitas
2491 1526 2750 1610 Bagusii
2807 1545 2917 1611 per
2963 1542 3117 1590 suas
3160 1523 3397 1588 literas

681 1613 856 1677 datas
904 1613 1228 1680 XXVIIII.
1270 1615 1487 1680 marcii
1534 1616 1827 1682 instantis
1873 1616 2315 1700 supplicaverit
2344 1614 2541 1696 nobis,
2576 1614 2735 1701 quod
2780 1613 3193 1689 considerato,
3233 1608 3403 1694 quod

682 1702 782 1764 vie
831 1700 1022 1765 maris
1067 1705 1214 1767 sunt
1260 1703 1348 1768 eis
1396 1706 1641 1787 spinose
1717 1708 1780 1771 et
1859 1705 2022 1770 male
2097 1723 2329 1778 secure,
2393 1724 2500 1788 pro
2543 1705 2819 1788 presenti
2864 1702 3281 1786 digneremur
3324 1698 3402 1762 de

683 1788 934 1870 speciali
983 1791 1187 1873 gratia
1235 1791 1323 1856 eis
1373 1793 1722 1869 concedere,
1769 1794 1927 1878 quod
1972 1794 2067 1858 sui
2118 1796 2488 1858 mercatores
2519 1795 2585 1857 et
2612 1791 2948 1858 mercantie
3001 1790 3080 1854 de
3128 1788 3397 1853 civitate

676 1879 886 1941 nostra
933 1876 1336 1944 Veneciarum
1386 1880 1462 1945 ad
1508 1883 1719 1964 partes
1767 1899 1912 1946 suas
1963 1887 2026 1945 et
2072 1882 2145 1946 de
2193 1881 2379 1947 dictis
2426 1884 2553 1947 suis
2599 1882 2883 1964 partibus
2929 1878 3009 1944 ad
3054 1879 3395 1943 civitatem

674 1967 949 2029 nostram
995 1984 1134 2031 cum
1182 1968 1442 2050 navigiis
1489 1972 1553 2035 et
1597 1971 1793 2052 galeis
1831 1971 2061 2035 nostris
2097 1970 2353 2035 conduci
2387 1972 2453 2035 et
2484 1969 2689 2035 reduci
2724 1967 2982 2051 possint,
3017 1968 3192 2031 sicut
3223 1982 3396 2029 sem-

672 2072 780 2135 per
827 2054 1120 2119 feceruut.
1168 2055 1249 2120 Et
1292 2057 1695 2123 consideratis
1740 2059 2024 2123 omnibus
2070 2057 2260 2124 faciat
2310 2077 2418 2141 pro
2466 2058 2648 2123 nobis
2698 2057 3087 2140 complacere
3151 2054 3277 2120 sibi
3327 2052 3391 2117 iu

671 2140 784 2206 hoc
832 2140 1029 2223 fact03
1076 2145 1244 2209 vadit
1288 2163 1446 2227 pars,
1497 2146 1654 2229 quod
1703 2147 2081 2212 rescribatur
2122 2146 2372 2218 eisdem,
2421 2147 2584 2230 quod
2634 2147 2863 2211 veritas
2909 2145 3000 2209 rei
3047 2148 3179 2221 est,
3224 2140 3389 2226 quod

672 2247 781 2293 nos
826 2231 1181 2308 sentientes,
1229 2233 1438 2317 galeas
1478 2235 1640 2316 regis
1686 2234 1979 2312 Ladislai,
2053 2253 2193 2300 cum
2268 2253 2388 2319 quo
2458 2253 2673 2301 sumus
2742 2235 2807 2298 in
2851 2232 3285 2320 benivolentia
3330 2234 3395 2295 et

671 2335 897 2396 amore,
947 2319 1209 2385 intrasse
1255 2322 1419 2387 intra
1465 2323 1762 2406 culphum
1809 2329 2086 2388 nostrum
2128 2342 2242 2388 nou
2292 2323 2444 2390 bene
2492 2323 2842 2406 dispositae,
2908 2324 2979 2386 ut
3025 2320 3385 2397 videbatur,

671 2407 882 2471 contra
927 2410 1437 2476 communitatem
1475 2430 1654 2475 suam
1701 2416 1765 2477 et
1812 2429 1953 2477 suos
2005 2413 2394 2491 mercatores,
2444 2410 2988 2488 consideravimus,
3037 2410 3170 2474 nisi
3216 2409 3383 2473 face·

671 2513 875 2559 remus
919 2498 1324 2578 provisionem
1371 2517 1555 2582 super
1599 2500 1727 2577 hoc,
1777 2500 1940 2583 quod
1988 2502 2291 2564 transitus
2331 2503 2394 2564 et
2435 2501 2770 2570 conductus
2817 2516 2964 2563 suus
3007 2502 3072 2562 et
3123 2515 3386 2563 suarum

671 2584 971 2649 mercium
1020 2603 1161 2650 cum
1206 2586 1433 2652 nostris
1481 2590 1743 2672 navigiis
1775 2588 1853 2653 de
1881 2588 2135 2654 civitate
2182 2590 2393 2655 nostra
2438 2589 2514 2655 ad
2563 2606 2740 2654 suam
2782 2589 2845 2653 et
2889 2605 2924 2652 e
2956 2604 3265 2653 converso
3306 2586 3387 2651 de

670 2672 841 2736 facili
889 2679 1092 2754 posset
1138 2693 1274 2739 esse
1320 2694 1506 2740 causa
1552 2680 1776 2742 erroris
1823 2684 1886 2742 et
1934 2678 2204 2743 scandali
2252 2680 2418 2743 inter
2465 2679 2671 2761 ipsum
2715 2675 3034 2742 dominum
3067 2694 3291 2759 regem
3325 2680 3392 2741 et

675 2777 805 2834 nos,
863 2779 1003 2826 cum
1048 2763 1224 2845 galee
1264 2782 1371 2828 sue
1420 2764 1573 2829 lucri
1622 2768 1686 2831 et
1732 2768 1916 2849 prede
1962 2766 2154 2845 avide,
2204 2767 2316 2831 sub
2364 2767 2567 2848 specie
2623 2763 2917 2848 querendi
2981 2768 3049 2829 et
3119 2764 3390 2830 habendi

675 2847 832 2913 bona
883 2867 1015 2927 sua,
1064 2850 1399 2932 injicerent
1443 2872 1662 2918 manus
1709 2854 1769 2918 in
1810 2858 2023 2919 nostra
2067 2854 2331 2938 nayigia,
2381 2857 2445 2918 et
2489 2853 2766 2919 facerent
2832 2851 2908 2918 de
2966 2851 3160 2918 rebus
3206 2852 3391 2918 nobis

679 2937 1168 3017 displicibilibus
1216 2941 1279 3004 et
1326 2941 1626 3006 molestis.
1673 2942 1753 3006 Et
1799 2944 2122 3024 propterea
2165 2942 2243 3008 ad
2290 2943 2611 3007 vitandum
2643 2942 2880 3007 dictum
2928 2958 3211 3006 errorem
3242 2959 3389 3024 pro—

676 3025 970 3104 vidimus,
1019 3029 1177 3109 quod
1224 3028 1469 3110 aliquod
1517 3030 1794 3095 nostrum
1840 3031 2156 3114 navigium
2204 3049 2323 3095 non
2385 3032 2594 3113 posset
2639 3031 2971 3095 conducere
3018 3028 3264 3113 aliquid
3313 3028 3391 3095 de

685 3112 937 3178 civitate
1011 3117 1218 3181 nostra
1284 3116 1361 3182 ad
1436 3118 1709 3200 aliquam
1786 3119 1973 3184 aliam
2016 3118 2180 3184 intra
2224 3118 2517 3202 culphum
2564 3119 2695 3183 sine
2745 3118 2957 3182 nostra
3019 3116 3288 3182 licentia
3326 3120 3393 3182 et

678 3198 1016 3279 voluntate,
1067 3206 1135 3268 ut
1179 3222 1500 3287 possemus
1552 3205 1871 3271 informari
1917 3209 1980 3271 et
2051 3207 2126 3271 de
2195 3207 2479 3273 omnibus
2540 3208 2871 3289 providere,
2922 3206 3011 3270 ita
3053 3207 3221 3288 quod
3268 3223 3393 3271 non

680 3290 1127 3356 intervenirent
1170 3312 1406 3359 errores
1452 3295 1732 3377 predicti.
1785 3294 1906 3359 Sed
1953 3294 2274 3361 audientes
2322 3298 2385 3367 et
2431 3294 2855 3378 intelligentes
2901 3294 3155 3359 litteras
3214 3312 3385 3371 suas,

672 3376 961 3459 dispositi
1010 3379 1100 3443 eis
1146 3381 1206 3444 in
1258 3382 1595 3447 maioribus
1645 3382 2051 3466 complacere,
2099 3402 2242 3448 cum
2287 3382 2623 3450 habeamus
2668 3401 2777 3466 pro
2834 3382 3078 3459 amicis,
3146 3386 3215 3447 et
3279 3383 3397 3447 ha-

674 3464 814 3529 bere
864 3468 1278 3549 intendamus,
1326 3469 1533 3554 placet
1566 3472 1760 3549 nobie,
1807 3472 1991 3554 quod,
2041 3476 2365 3555 postquam
2413 3474 2504 3538 eis
2552 3471 2775 3555 placet,
2808 3471 2885 3536 ad
2918 3470 3389 3554 beneplacitum

670 3571 848 3618 suum
898 3556 1136 3635 possint
1182 3557 1404 3635 facere,
1455 3578 1571 3643 que
1618 3562 1958 3643 requirunt,
2008 3565 2080 3625 ut
2126 3560 2412 3642 poterant
2452 3562 2597 3625 ante
2643 3563 2924 3625 nostrum
2960 3559 3247 3624 ordinem
3276 3579 3384 3625 su-

670 3641 1063 3724 pradictum3
1110 3647 1432 3711 reddentes
1483 3666 1583 3712 eos
1631 3650 1924 3730 previSOS,
1966 3649 2122 3731 quod
2171 3649 2412 3714 videtur
2457 3648 2650 3720 nobis,
2695 3649 2855 3731 quod
2903 3649 3019 3729 ipsi
3084 3647 3245 3713 bene
3290 3648 3385 3714 fa-

672 3730 835 3794 cient
874 3731 946 3795 ad
996 3733 1386 3799 caricandum
1436 3754 1534 3798 res
1581 3755 1723 3801 suas
1769 3756 1953 3819 super
1993 3737 2221 3801 talibus
2263 3737 2545 3823 navigiiS,
2595 3738 2757 3819 quod
2809 3755 2927 3801 non
2983 3740 3232 3818 possint
3275 3755 3380 3802 ra-

677 3818 1060 3885 tionabiliter
1106 3823 1376 3906 recipere
1426 3822 1740 3903 lesionem,
1788 3827 1853 3889 et
1899 3825 1987 3889 ita
2030 3825 2152 3889 dici
2200 3824 2423 3891 debeat
2466 3825 2791 3909 RaguseiS,
2862 3824 2969 3907 qui
3038 3825 3146 3889 hic
3222 3830 3397 3891 sunt.

674 3906 758 3971 Et
802 3926 873 3970 ex
920 3927 1079 3973 nunc
1129 3912 1213 3974 sit
1257 3914 1531 3994 captum,
1558 3914 1720 3996 quod
1745 3915 1891 3978 ordo
1917 3914 2248 3995 predictae,
2281 3915 2383 3997 qui
2431 3917 2566 3979 erat
2596 3913 2897 3998 generalis
2927 3932 3039 3997 pro
3073 3914 3400 3993 omnibus,

677 3997 1000 4060 revocetur
1049 4017 1153 4077 pro
1200 3999 1362 4077 aliie,
1410 4000 1572 4065 sicut
1615 4004 1968 4067 revocatum
2019 4002 2117 4068 est
2161 4021 2271 4087 pro
2322 4002 2631 4088 Raguseis
2678 4001 2989 4086 predictis.

756 4104 936 4164 Misti
986 4105 1224 4170 XLVI.
1277 4111 1375 4187 76,
1426 4128 1474 4170 u
1512 4109 1668 4174 mlet.
1716 4112 1951 4172 arkivu.
