3620 5282
594 356 726 422 392

595 535 765 599 tione
810 533 950 610 loci,
998 535 1062 597 et
1109 534 1241 597 sine
1289 530 1513 614 quibus
1559 531 2017 596 rationabiliter
2061 532 2195 596 fieri
2239 550 2357 595 non
2410 531 2735 614 potuisset,
2796 530 2974 596 nobis
3007 531 3351 595 solvantur

594 625 661 686 et
707 622 1139 693 restituantur,
1189 623 1252 683 et
1298 620 1535 702 quando
1582 620 1751 683 istud
1803 639 1921 683 non
1986 624 2195 700 posset
2256 620 2530 684 obtinere
2573 621 2646 683 de
2695 619 2835 683 istis
2885 620 3150 702 expnsiS,
3213 635 3336 681 non

591 712 719 774 stet
762 712 1088 791 propterea
1123 707 1199 771 de
1247 706 1682 782 concludendO,
1731 707 2065 771 dummodo
2122 707 2303 771 detur
2365 708 2539 771 nobis
2601 708 2825 772 saltem
2895 727 3003 790 per
3069 711 3331 789 tempus

592 814 889 862 annorum
938 797 1076 860 octo
1115 794 1215 857 vel
1257 794 1397 858 inde
1443 812 1629 876 supra
1676 796 1741 858 et
1786 812 1929 859 cum
1978 795 2163 873 villis,
2215 795 2476 872 iuribuS,
2524 795 3059 859 iurisdictionibus
3106 797 3178 859 et
3223 796 3331 856 iu-

593 882 885 948 troitibus
931 884 1082 959 suiS,
1133 881 1411 947 habendo
1459 881 1752 946 memorie
1800 884 1875 946 de
1907 883 2371 964 quatuormillia
2432 884 2819 959 ducatorum,
2875 901 3030 965 quos
3087 882 3332 946 habere

593 970 889 1035 debemus
936 989 973 1034 a
1019 969 1266 1035 domina
1310 969 1651 1048 comitissa,
1686 971 1774 1034 ita
1804 971 1963 1053 quod
1994 977 2355 1034 scontentur
2386 973 2449 1034 in
2496 972 2869 1053 quantitate,
2905 989 3021 1053 que
3055 968 3332 1051 promit-

596 1061 834 1123 teretur
881 1058 1215 1123 comitibus
1262 1057 1613 1135 antedictiS,
1665 1057 1762 1122 vel
1809 1058 2207 1139 provideatur
2255 1078 2363 1139 per
2409 1058 2595 1123 talem
2646 1060 2920 1136 modum,
2956 1058 3117 1140 quod
3149 1057 3337 1139 ipsos

597 1145 825 1210 habere
872 1147 1198 1226 possimus,
1247 1145 1340 1209 De
1384 1145 1549 1208 facto
1595 1150 1804 1209 autem
1855 1145 2115 1210 alterius
2165 1147 2491 1223 tractatuS,
2544 1147 2619 1208 de
2665 1164 2786 1228 quo
2833 1147 2953 1209 sibi
2999 1145 3163 1210 facta
3203 1143 3336 1207 fuit

596 1233 828 1297 mentio
876 1253 982 1314 per
1030 1233 1212 1296 illum
1259 1232 1619 1297 servitorem
1671 1232 1914 1296 domiue
1960 1235 2299 1314 comitisse,
2373 1235 2680 1298 scribatur
2748 1233 3065 1304 capitaneo
3130 1233 3338 1295 ande-

604 1320 789 1396 dicto,
835 1322 993 1404 quod
1042 1339 1154 1385 nos
1200 1321 1585 1404 providimus
1630 1320 1956 1401 superinde
2002 1340 2109 1403 per
2176 1322 2370 1386 alium
2436 1320 2706 1398 modum,
2771 1323 3015 1385 scilicet
3057 1322 3122 1383 in
3172 1320 3337 1382 mit-

601 1407 786 1472 tendo
831 1410 907 1471 ad
957 1408 1190 1472 dictam
1236 1408 1547 1472 dominam
1597 1408 1890 1472 nuncium
1939 1411 2215 1473 nostrum
2267 1428 2376 1492 pro
2410 1410 2530 1474 ista
2560 1412 2626 1473 et
2663 1409 2788 1482 alia
2819 1426 3010 1472 causa
3040 1409 3130 1471 ita
3160 1407 3333 1489 quod

599 1513 719 1560 nou
767 1497 865 1560 est
910 1514 1179 1574 necesse,
1226 1496 1388 1579 quod
1438 1496 1500 1559 in
1546 1496 1661 1560 hoc
1708 1496 1950 1560 laboret
1994 1496 2274 1574 ulterius,
2324 1497 2729 1579 significando
2777 1498 2952 1560 nobis
3002 1499 3215 1559 tamen
3253 1495 3335 1558 de

597 1581 697 1647 die
745 1583 807 1646 in
855 1584 1015 1647 diem
1065 1581 1241 1659 illud,
1292 1583 1452 1665 quod
1500 1583 1777 1665 sequitur
1826 1585 1898 1648 de
1947 1585 2221 1650 tractatu
2272 1586 2689 1666 suprascripto
2762 1604 2904 1648 cum
2975 1583 3324 1649 comitibus

598 1670 842 1736 Goricie
919 1690 1027 1752 pro
1105 1673 1314 1735 nostra
1387 1670 1846 1749 informatione,
1924 1674 1994 1737 ut
2041 1673 2352 1754 possimus
2399 1691 2584 1755 super
2627 1672 2755 1750 illo,
2803 1672 2856 1736 si
2903 1670 3088 1737 aliter
3134 1669 3334 1734 fuerit

598 1758 1035 1837 necessarium,
1083 1758 1420 1841 providere.

806 1898 891 1962 Et
935 1917 1008 1964 ex
1055 1918 1215 1964 nunc
1256 1901 1341 1963 sit
1388 1900 1664 1982 captum,
1709 1901 1869 1983 quod
1918 1917 2029 1983 pro
2062 1900 2455 1981 responsione
2486 1900 2811 1965 literarum
2844 1899 3037 1982 ipsius
3071 1895 3327 1962 domiue

601 1986 936 2064 comitisse,
985 2005 1137 2068 quas
1169 1987 1364 2068 pridie
1396 1990 1570 2052 nobis
1605 1988 1793 2065 misit,
1832 1988 2191 2071 requirendo
2221 1988 2515 2052 auxilium
2550 1991 2612 2052 et
2658 1988 2986 2053 consilium
3019 1988 3323 2059 nostrum,

597 2076 663 2139 et
707 2092 816 2156 pro
864 2074 985 2138 isto
1032 2074 1195 2139 facto
1241 2075 1582 2158 Raspurch,
1625 2077 1919 2140 mittatur
1964 2076 2038 2140 ad
2089 2075 2322 2140 dictam
2362 2077 2675 2141 dominam
2726 2076 3112 2141 comitissam
3162 2090 3324 2135 unus

602 2169 809 2227 noster
856 2163 1114 2226 nuncius
1162 2162 1473 2227 sufficiens
1522 2182 1662 2227 cum
1712 2164 1912 2228 literis
1960 2165 2370 2240 credulitatis,
2421 2164 2520 2227 cui
2567 2165 2945 2239 comittatur,
2981 2162 3140 2243 quod
3191 2161 3325 2241 post

603 2250 1041 2314 salutationem
1088 2252 1152 2314 et
1197 2250 1574 2315 oblationem
1624 2252 1874 2317 solitam
1922 2253 2142 2317 debeat
2189 2253 2306 2315 sibi
2359 2253 2576 2329 dicere,
2625 2252 2931 2334 quomodo
2980 2248 3322 2330 recepimus

596 2336 793 2419 pridie
838 2356 981 2401 suas
1028 2336 1242 2402 literas
1289 2338 1653 2416 antedictas,
1700 2340 1766 2403 in
1812 2339 2033 2421 quibus
2065 2340 2207 2421 post
2240 2358 2529 2403 novorum
2566 2338 3102 2422 significationem,
3138 2352 3320 2419 quam

605 2424 782 2490 nobis
828 2424 1001 2500 facit,
1049 2427 1185 2508 ipsa
1226 2444 1334 2491 nos
1381 2429 1561 2509 rogat
1605 2428 1677 2490 de
1719 2428 2014 2507 predictis
2061 2426 2318 2502 duobus,
2361 2426 2618 2501 scilicet,
2669 2429 2741 2491 de
2787 2425 3043 2491 consilio
3104 2429 3171 2486 et
3217 2441 3318 2484 au-

598 2512 762 2590 xilio,
817 2516 878 2577 et
928 2515 1086 2595 quod
1134 2512 1215 2577 ad
1260 2514 1495 2579 factum
1543 2515 1785 2579 consilii
1834 2532 1941 2578 nos
1990 2514 2223 2579 scimus
2256 2516 2461 2596 ample
2502 2515 2839 2591 consulere,
2876 2511 3035 2595 quod
3073 2511 3314 2574 studeat

598 2601 807 2665 tenere
853 2600 985 2665 loca
1031 2619 1143 2666 sua
1194 2603 1347 2667 bene
1397 2602 1636 2666 munita
1682 2602 1746 2666 et
1791 2602 2103 2668 custodita
2144 2604 2250 2678 ita,
2300 2603 2460 2685 quod
2504 2602 2613 2667 illa
2661 2602 2778 2667 sibi
2827 2604 2888 2666 in
2946 2599 3119 2665 omni
3168 2615 3310 2663 casu

597 2689 804 2753 valeat
849 2706 1227 2764 conservare,
1271 2693 1336 2754 et
1381 2692 1543 2773 quod
1589 2710 1731 2755 cum
1772 2690 1914 2754 aliis
1957 2690 2227 2757 dominis
2294 2695 2358 2753 et
2407 2691 2736 2755 baronibus
2780 2688 2954 2773 regni
3020 2690 3308 2752 constans

598 2780 664 2841 et
709 2776 889 2840 fortis
936 2776 1022 2840 sit
1064 2777 1140 2841 ad
1186 2779 1670 2842 conservandum
1719 2781 1928 2860 partes
1976 2777 2522 2843 circhavioinorum
2562 2796 2838 2855 suorum,
2872 2778 3016 2860 quia
3046 2776 3138 2839 sic
3170 2775 3316 2839 faci-

601 2863 757 2929 endo
789 2864 1241 2929 conservabunt
1272 2884 1432 2929 suas.
1483 2866 1581 2930 Ad
1622 2870 1859 2947 partem
1894 2870 2101 2931 autem
2134 2865 2346 2929 auxilii
2381 2866 2840 2947 respondemus,
2873 2866 3036 2946 quod
3071 2866 3317 2945 propter

600 2953 802 3017 multa
848 2951 1001 3031 loca,
1052 2971 1169 3034 que
1213 2954 1511 3018 habemus
1558 2953 1621 3017 in
1669 2953 1950 3035 partibus
1997 2954 2313 3029 Romanie,
2361 2955 2425 3017 et
2470 2954 2761 3018 similiter
2805 2952 2915 3018 alii
2962 2949 3312 3025 christiani,

604 3042 703 3104 est
748 3057 1015 3115 necesse,
1063 3039 1223 3122 quod
1265 3040 1607 3105 habeamus
1653 3044 1718 3105 et
1763 3060 2076 3105 armemus
2135 3041 2213 3105 ad
2277 3059 2528 3122 presens
2574 3041 2805 3106 multas
2868 3040 3077 3123 galeas
3126 3039 3318 3102 ituras

599 3128 677 3193 ad
721 3127 866 3192 illas
914 3128 1143 3209 partes,
1191 3132 1278 3192 ut
1310 3130 1545 3209 possint
1588 3130 1955 3197 concedente
2003 3129 2247 3194 domino
2271 3129 2617 3193 conservari
2661 3148 2700 3192 a
2744 3128 3024 3203 Turchis,
3071 3132 3320 3208 propter

602 3214 761 3298 quod
809 3217 873 3278 et
913 3215 1144 3280 multas
1191 3234 1263 3279 ex
1310 3216 1537 3280 nostris
1581 3216 1896 3298 gentibus,
1945 3235 2060 3298 que
2106 3234 2247 3281 cum
2294 3218 2382 3280 eis
2430 3216 2628 3294 ibunt,
2680 3235 2796 3280 non
2858 3214 3140 3279 videmus
3193 3230 3322 3277 mo-

599 3305 743 3367 dum
793 3304 868 3367 de
919 3304 1215 3383 possendo
1263 3303 1383 3368 sibi
1427 3304 1500 3367 de
1547 3303 1733 3368 dictis
1781 3306 2011 3368 nostris
2057 3303 2347 3385 gentibus
2395 3304 2739 3367 subvenire.
2793 3302 2913 3369 Sed
2961 3302 3012 3366 si
3047 3300 3325 3383 placeret

600 3390 1016 3471 magnitudini
1063 3408 1172 3454 sue
1205 3410 1315 3473 pro
1361 3390 1641 3455 habendo
1690 3392 2032 3471 pecuniam,
2082 3410 2220 3455 cum
2286 3410 2407 3474 qua
2473 3393 2684 3473 posset
2729 3391 2928 3456 facere
2973 3388 3144 3454 facta
3192 3406 3323 3463 sua,

597 3476 759 3560 quod
810 3495 917 3541 nos
965 3478 1251 3542 daremus
1299 3478 1418 3542 sibi
1467 3478 1610 3542 illas
1655 3478 1744 3543 VI
1790 3479 1991 3542 millia
2035 3478 2425 3554 ducatorum,
2495 3497 2610 3560 que
2659 3478 2834 3543 nobis
2882 3477 3169 3541 restituit
3219 3493 3322 3559 pro

599 3567 805 3628 castro
848 3564 1191 3645 Raspurch,
1239 3565 1441 3630 dando
1489 3569 1554 3630 et
1595 3566 1991 3648 relinquendo
2038 3566 2211 3630 nobis
2252 3567 2456 3630 locum
2505 3585 2646 3629 cum
2697 3567 2899 3631 modis
2945 3570 3008 3629 et
3054 3562 3325 3630 condici-

600 3652 822 3717 onibus
871 3653 1107 3733 primiS,
1156 3672 1265 3718 nos
1315 3654 1513 3734 parati
1561 3673 1777 3718 sumus
1825 3653 1994 3717 istud
2041 3653 2258 3731 facere,
2327 3654 2740 3735 promittendo
2803 3652 2980 3717 nobis
3028 3651 3322 3715 similiter

603 3741 678 3804 de
725 3758 841 3804 non
889 3738 1243 3822 accipiendo
1289 3740 1441 3805 illud
1486 3741 1604 3805 nisi
1651 3741 1895 3815 quando
1940 3744 2035 3805 sui
2079 3741 2300 3806 fratres
2343 3741 2643 3805 redimere
2707 3744 2909 3823 ipsum
2956 3740 3191 3804 vellent
3240 3739 3316 3801 ab

598 3847 690 3893 ea.
738 3828 819 3892 Et
866 3828 917 3891 si
967 3826 1136 3892 dicta
1181 3830 1430 3894 domina
1476 3830 1594 3892 erit
1640 3828 1715 3892 de
1762 3830 1878 3892 hoc
1926 3831 2232 3905 contenta,
2268 3830 2467 3893 dictus
2502 3829 2777 3893 muntius
2810 3827 3033 3892 debeat
3068 3832 3322 3892 couten-

598 3916 720 3980 tari
768 3918 980 3979 nostro
1027 3916 1271 3980 nomine
1320 3919 1384 3980 et
1429 3916 1650 3992 facere,
1700 3915 1863 3998 quod
1906 3915 1983 3980 de
2029 3916 2144 3980 hoc
2192 3918 2343 3981 fiant
2390 3915 2503 3980 illa
2561 3918 2992 3993 instrumenta,
3058 3934 3179 3997 que
3228 3935 3323 3979 ne

597 4004 868 4068 cessaria
913 4002 1163 4080 fuerint,
1212 4008 1275 4068 et
1323 4022 1430 4085 pro
1472 4005 1587 4068 hoc
1632 4003 1857 4068 habeat
1903 4006 2271 4069 mandatum
2312 4005 2388 4068 ad
2435 4004 2683 4085 plenum
2721 4005 2794 4067 de
2830 4004 3133 4086 possendo
3162 4000 3325 4067 istud

594 4091 815 4156 facere.
866 4088 933 4153 Si
978 4110 1120 4155 vero
1158 4091 1502 4155 contentari
1551 4091 1763 4165 nollet,
1816 4094 1879 4155 et
1922 4090 2181 4169 videret,
2217 4095 2376 4173 quod
2403 4090 2752 4156 differentia
2783 4093 2950 4155 esset
2979 4092 3043 4154 in
3076 4090 3326 4172 quanti-

597 4180 725 4243 tate
771 4177 1028 4260 pecunie
1080 4179 1177 4244 vel
1222 4179 1286 4242 in
1332 4178 1640 4260 aliquibus
1688 4177 1850 4258 aliis,
1902 4182 2050 4243 tunc
2098 4178 2364 4261 accipiat
2409 4197 2584 4244 suam
2610 4178 2858 4244 finalem
2893 4179 3323 4253 intentionem,

596 4266 833 4331 scribat
879 4269 942 4330 et
985 4267 1229 4347 expetet
1271 4268 1554 4330 nostrum
1605 4266 1992 4331 mandatum.
2043 4267 2134 4331 De
2179 4269 2356 4350 parte
2398 4266 2502 4330 67.

808 4388 921 4454 Ser
969 4387 1263 4452 Pantaleo
1311 4388 1515 4453 Barbo
1560 4389 1763 4466 miles,
1813 4390 2058 4472 sapiens
2105 4389 2385 4465 consilii3
2437 4389 2699 4465 volebat,
2751 4387 2913 4470 quod
2949 4387 3324 4470 inciperetur

595 4475 795 4558 primo
839 4477 918 4539 ab
963 4477 1085 4540 isto
1151 4477 1426 4541 tractatu
1483 4476 1729 4540 domine
1792 4476 2108 4541 comitisse
2170 4479 2234 4541 et
2294 4477 2454 4560 quod
2522 4478 2875 4541 mitteretur
2920 4475 3208 4556 nunciuS,
3257 4477 3324 4541 ut

600 4562 880 4644 superius
929 4563 1162 4627 dictum
1210 4565 1325 4639 est,
1370 4566 1433 4627 et
1478 4565 1719 4646 quando
1761 4564 1961 4645 possit
1990 4564 2215 4628 habere
2245 4565 2551 4642 effectum,
2587 4565 2737 4628 bene
2772 4562 3045 4645 quidem,
3081 4566 3320 4647 quaudo

594 4652 805 4714 autem
852 4667 992 4728 non,
1039 4648 1204 4732 quod
1252 4653 1465 4732 postea
1506 4651 1758 4716 daretur
1803 4651 2062 4716 libertas
2109 4653 2432 4733 capitaneo
2480 4651 2798 4734 Raspurch
2831 4651 2908 4714 de
2940 4652 3315 4734 experimen

594 4736 802 4815 tando,
851 4737 904 4800 si
949 4755 1060 4820 per
1103 4738 1270 4802 viam
1317 4739 1585 4822 capitani
1632 4738 1925 4805 Latisane
1973 4741 2038 4805 et
2083 4741 2378 4804 comitum
2432 4738 2677 4805 Goricie
2723 4738 3055 4821 adimpleri
3102 4740 3325 4823 poterit
