3620 5282
430 320 514 387 72

424 520 642 568 norum
690 517 937 563 suorum
992 496 1386 580 reperieritiS,
1436 496 1805 579 condignam
1840 496 2216 579 impendatis
2263 500 2326 561 et
2371 498 2598 562 iustam
2641 496 3157 562 satisfactionem.

427 590 591 654 Data
637 585 812 651 Bude
859 584 957 649 die
997 586 1238 650 decima
1286 584 1552 665 septima
1597 585 1827 649 mensis
1876 585 2041 648 maii.
2108 585 2178 649 In
2228 585 2715 667 subscriptione:
2782 584 3009 649 Inclito
3055 585 3162 648 do-

429 679 597 742 mino
642 672 975 739 Laurentio
1023 672 1185 738 Celsi
1234 672 1372 737 duci
1422 672 1845 750 venetiarum,
1888 673 2085 737 amico
2131 675 2338 737 nostro
2382 672 2722 737 carissimo.

520 781 1090 843 Commemorialium
1149 781 1290 840 1⁷11.
1335 782 1437 849 36,
1477 797 1519 837 u
1564 780 1720 839 mlet.
1769 780 2004 839 arkivu.

800 1004 1181 1088 cxxln.
1236 1002 1442 1086 God.
1500 1002 1725 1085 1364.
1783 1004 1869 1083 11
1927 1002 2240 1103 mulla,
2292 1025 2352 1085 u
2406 1003 2794 1085 Mleteih.

427 1150 720 1225 Napatak
763 1166 839 1211 za
872 1148 1197 1222 poslanika
1241 1147 1448 1222 idabey
1493 1146 1531 1206 k
1575 1148 1906 1224 nyma-hm.
1950 1148 2170 1222 krazju,
2215 1149 2295 1206 da
2339 1165 2402 1207 se
2445 1149 2787 1221 sporazumi
2830 1166 2873 1208 u
2906 1149 3166 1224 poyledu

1265 1236 1434 1309 m'eke
1483 1238 1724 1309 izprave
1766 1254 1808 1293 u
1844 1236 2101 1311 poyoclbi
2145 1238 2322 1295 mira.

642 1356 944 1423 Comissio
991 1356 1289 1438 sapientis
1341 1355 1453 1419 viri
1499 1355 1733 1421 domini
1781 1355 2153 1421 Benintendi
2192 1356 2571 1422 honorabilis
2638 1355 2993 1421 cancellarii
3047 1355 3163 1420 Ve-

430 1446 755 1525 netiarum,
803 1444 1241 1509 ambaxiatoris
1278 1445 1352 1508 ad
1400 1443 1718 1508 dominum
1766 1463 1972 1527 regem
2018 1444 2354 1527 Hungarie.
2414 1441 2542 1508 Nos
2579 1443 2951 1517 Laurentius
2999 1441 3163 1508 Celsi

428 1534 526 1600 dei
569 1533 773 1617 gratia
817 1532 937 1596 dux
985 1531 1385 1596 Venetiarum
1434 1534 1553 1596 etc.
1605 1530 2070 1603 Committimus
2119 1532 2234 1596 tibi
2280 1532 2547 1614 sapienti
2608 1535 2672 1596 et
2717 1532 3165 1613 circumspecto

428 1622 561 1688 viro
608 1619 993 1685 Benintendo
1053 1618 1128 1684 de
1177 1619 1556 1702 Ravignanis
1607 1620 1977 1687 cancellario
2026 1622 2090 1684 et
2134 1618 2302 1683 fideli
2346 1622 2555 1684 nostro
2588 1620 2831 1698 dilecto,
2881 1618 3041 1701 quod
3087 1619 3164 1682 de

435 1710 644 1774 nostro
691 1709 981 1772 mandato
1029 1708 1088 1770 in
1136 1707 1596 1770 ambaxatorem
1668 1710 1946 1771 nostrum
2003 1707 2091 1771 ire
2156 1707 2381 1773 debeas
2437 1709 2512 1772 ad
2577 1707 3039 1772 serenissimum
3101 1709 3165 1770 et

431 1795 1021 1862 excellentissimum
1073 1794 1411 1877 principem
1460 1794 1777 1859 dominum
1824 1794 2194 1860 Lodovicum
2247 1814 2457 1879 regem
2504 1795 2848 1878 Hungarie,
2903 1812 3023 1876 quo
3089 1813 3161 1858 ex

430 1888 607 1969 parte
653 1886 867 1949 nostra
913 1883 1325 1947 amicabiliter
1371 1882 1649 1946 salutato
1697 1887 1877 1964 prout
1919 1884 2222 1960 convenit,
2295 1902 2574 1965 exponeS,
2622 1883 2782 1965 quod
2844 1882 3165 1947 intellecta

431 1973 822 2055 responsione
867 1970 1108 2054 providi
1157 1970 1271 2033 viri
1323 1970 1602 2034 Bartholi
1646 1970 1829 2035 Ursio
1876 1970 2098 2036 notarii
2147 1972 2342 2035 nostri
2383 1973 2447 2035 et
2473 1970 2670 2052 ipsius
2716 1970 2951 2036 domini
2998 1971 3164 2054 regis

432 2060 832 2144 requisitione
896 2077 1081 2141 super
1141 2057 1561 2122 declaratione
1623 2058 1933 2134 clausule,
2013 2060 2077 2121 et
2137 2061 2352 2123 contra
2406 2078 2587 2142 quam
2658 2058 3163 2133 declarationem,

434 2148 602 2214 sicut
646 2147 886 2223 asserit,
939 2165 1055 2210 non
1105 2146 1369 2209 intendit
1417 2145 1570 2209 verti
1631 2145 1694 2209 in
1763 2146 2010 2229 aliquod
2078 2145 2638 2230 p1·eiudicium·vel
2706 2145 3162 2227 derogationem

432 2237 826 2319 antiquorum
875 2234 1177 2310 ordinum,
1227 2233 1737 2299 consuetudinum
1804 2236 1869 2296 et
1924 2235 2419 2299 iurisdictionum
2480 2237 2848 2310 nostrorum,
2916 2252 3166 2315 respon-

431 2325 667 2401 demus,
706 2322 863 2404 quod
899 2322 1047 2386 licet
1093 2340 1207 2404 pax
1254 2321 1339 2385 sit
1369 2321 1724 2385 solemniter
1751 2322 1977 2402 scripta
2023 2324 2087 2384 et
2136 2322 2316 2399 facta,
2366 2322 2527 2385 sicut
2558 2321 2791 2385 dictum
2840 2322 2937 2383 est
2980 2321 3162 2396 aliaS,

435 2415 642 2476 tamen
689 2412 766 2476 ob
814 2411 1222 2478 reverentiam
1275 2408 1624 2474 maiestatis
1672 2428 1804 2487 sue,
1852 2409 1948 2472 cui
2001 2408 2303 2473 vellemus
2352 2411 2411 2472 in
2453 2408 2692 2473 cunctis
2757 2408 3167 2490 possibilibus

435 2498 838 2581 complacere,
907 2499 1233 2579 postquam
1298 2496 1429 2561 eius
1477 2496 1739 2561 intentio
1786 2498 1999 2561 estut
2058 2515 2245 2578 supra
2307 2497 2553 2567 dicitur,
2596 2495 2866 2560 contenti
2929 2514 3167 2572 sumus,

435 2585 593 2671 quod
661 2583 1009 2650 inveniatur
1077 2603 1258 2667 super
1328 2584 1442 2648 hoc
1504 2584 1728 2667 aliquis
1787 2585 1979 2650 bonus
2044 2586 2277 2662 modus,
2346 2584 2452 2669 qui
2494 2590 2813 2649 conservet
2872 2584 3165 2649 honorem

435 2694 619 2740 suum
668 2675 732 2737 et
774 2674 1075 2749 nostrum,
1124 2691 1231 2755 per
1276 2691 1462 2754 quem
1511 2672 1639 2755 ipse
1687 2675 1750 2737 et
1808 2692 1918 2737 nos
1984 2692 2057 2737 ac
2121 2673 2349 2755 posteri
2412 2673 2603 2736 nostri
2668 2674 2863 2736 simus
2927 2690 3170 2753 semper

433 2762 587 2827 clari
613 2766 676 2826 et
707 2761 929 2835 securi,
976 2760 1136 2843 quod
1170 2760 1408 2843 antiqui
1440 2759 1701 2837 ordineS,
1738 2761 2213 2824 consuetudines
2246 2763 2311 2824 et
2356 2760 2807 2825 iurisdictiones
2853 2760 3170 2840 utriusque

435 2850 633 2932 partis
681 2850 809 2913 sint
855 2848 1044 2925 salve,
1094 2868 1205 2913 nec
1240 2850 1330 2913 eis
1369 2847 1613 2931 aliquod
1659 2847 2072 2930 prdiudicium
2120 2851 2430 2929 gravetur.
2483 2848 2561 2911 Et
2613 2847 2664 2910 si
2713 2866 2814 2911 rex
2861 2847 3166 2910 videretur

434 2937 775 3021 dispositus
822 2937 899 3001 ad
945 2936 1130 3000 istam
1182 2937 1587 3000 intentionem
1637 2939 1933 3013 nostram,
1982 2937 2182 3019 possit
2225 2936 2487 3015 elargari
2529 2937 2597 2999 et
2642 2934 2772 2998 fieri
2834 2934 3169 2998 declaratio

437 3028 497 3090 in
559 3026 760 3088 forma
824 3023 979 3088 alias
1042 3024 1234 3088 missa
1296 3026 1360 3087 et
1414 3022 1619 3088 oblata
1682 3043 1785 3105 per
1834 3024 2099 3098 litteras,
2175 3024 2269 3086 vel
2318 3024 2368 3087 si
2419 3043 2532 3087 non
2579 3023 3043 3086 contentaretur
3088 3021 3167 3085 de

437 3113 682 3184 litteris,
729 3111 926 3194 possit
972 3111 1289 3175 reformari
1337 3130 1453 3193 pax
1501 3112 1560 3175 in
1631 3113 1863 3175 eisdem
1925 3110 2125 3174 verbis
2190 3116 2250 3175 et
2313 3111 2526 3188 forma,
2590 3129 2709 3193 que
2775 3111 3167 3173 continentur

435 3202 497 3264 in
541 3200 795 3263 litteris.
865 3199 929 3263 Si
996 3216 1136 3262 vero
1181 3218 1281 3261 rex
1331 3216 1446 3260 non
1496 3202 1959 3264 contentaretur
2010 3199 2084 3261 de
2146 3200 2261 3262 hac
2328 3203 2537 3262 nostra
2602 3198 2956 3272 intentione,
3020 3202 3167 3260 tunc

438 3286 747 3362 nolumuS,
797 3285 955 3367 quod
1003 3284 1238 3367 elarges
1285 3288 1346 3349 te
1392 3286 1467 3349 ad
1514 3286 1787 3369 aliquod,
1837 3288 1942 3351 sed
1990 3287 2197 3351 trahes
2241 3285 2484 3350 finalem
2522 3286 2929 3350 intentionem
2969 3303 3167 3360 suam,

437 3377 502 3440 et
546 3373 759 3437 dextro
811 3372 991 3436 modo
1038 3391 1255 3454 queras
1304 3373 1379 3435 de
1426 3392 1608 3437 causa
1664 3374 1857 3450 dubii,
1921 3391 2030 3457 pro
2094 3392 2216 3456 qua
2280 3374 2436 3455 petit
2499 3373 2580 3450 id,
2645 3373 2805 3455 quod
2872 3371 3030 3453 petit
3090 3372 3167 3436 de

437 3460 717 3545 predicta
764 3458 1064 3535 clausula,
1112 3461 1176 3523 et
1223 3460 1302 3532 id,
1350 3460 1507 3542 quod
1555 3462 1861 3538 habueriS,
1913 3461 2216 3525 rescribas
2265 3461 2363 3526 vel
2410 3461 2619 3525 redeas
2669 3460 2831 3524 sicut
2863 3458 3166 3542 sapientie

440 3551 545 3614 tue
594 3546 818 3611 melius
866 3545 1194 3610 videbitur.
1246 3549 1337 3612 De
1384 3548 1546 3611 facto
1592 3548 1741 3611 salis
1789 3550 1884 3612 sui
1937 3549 2179 3612 emendi
2226 3568 2329 3630 per
2375 3551 2652 3613 nostrum
2700 3564 3027 3611 commune
3067 3547 3166 3610 vel

439 3635 737 3720 speciales
784 3652 1072 3716 personas
1106 3653 1219 3698 non
1254 3635 1443 3700 facias
1476 3634 1666 3699 ullam
1720 3638 2124 3712 mentionem,
2172 3638 2276 3700 sed
2325 3637 2375 3699 si
2427 3656 2527 3700 rex
2574 3636 2808 3718 aliquid
2858 3635 3165 3716 tangeret,

436 3741 685 3789 excuses
731 3721 960 3787 factum
1005 3723 1256 3787 dicendo
1289 3727 1365 3787 'et
1409 3723 1754 3805 allegando,
1801 3725 1961 3806 quod
2010 3725 2082 3786 de
2119 3729 2328 3788 nostro
2360 3727 2605 3787 tantum
2636 3723 2956 3795 habemuS,
3006 3722 3167 3803 quod

437 3831 509 3876 ex
556 3810 724 3875 omni
771 3813 942 3893 parte
979 3810 1154 3874 nobis
1204 3809 1542 3886 habundat,
1617 3814 1679 3874 et
1739 3813 1895 3892 quod
1963 3811 2166 3887 illurn,
2231 3830 2413 3893 quem
2472 3810 2782 3875 mittimus
2844 3814 3165 3889 acceptum

437 3901 509 3965 de
556 3897 906 3982 longinquis
959 3898 1237 3979 partibus
1284 3898 1709 3963 ultramarinis
1756 3899 1854 3962 est
1898 3918 2006 3980 pro
2056 3898 2254 3962 dando
2298 3898 2744 3964 inviamentum
2795 3896 3059 3980 navigiis
3107 3898 3172 3961 et

435 3986 679 4053 civibus
741 3986 996 4063 nostrie,
1065 3987 1131 4050 et
1191 4004 1311 4066 non
1369 4003 1478 4067 pro
1535 3985 1659 4049 alia
1730 4004 1935 4064 causa,
2007 3987 2071 4050 et
2136 4005 2277 4050 cum
2328 3986 2423 4050 his
2469 3987 2533 4048 et
2602 3983 2743 4049 aliis
2804 3985 3173 4061 rationibus,

438 4095 555 4160 que
600 4073 721 4139 sibi
767 4073 1135 4139 videbuntur
1179 4072 1506 4156 allegando
1546 4074 1708 4137 circa
1756 4073 1887 4137 hoc.

647 4161 895 4225 Habere
944 4160 1128 4225 debes
1175 4164 1303 4224 tres
1349 4159 1632 4237 famuloS,
1700 4180 1890 4224 unum
1956 4162 2259 4226 medicum
2310 4178 2452 4224 cum
2517 4177 2637 4223 uno
2697 4159 2948 4238 famulo,
3018 4161 3173 4225 Bar-

437 4247 676 4312 tholum
725 4248 911 4313 Ursio
980 4247 1285 4313 notarium
1347 4246 1515 4311 curie
1576 4266 1715 4311 cum
1775 4266 1895 4311 uno
1941 4247 2195 4324 famulo,
2257 4266 2446 4311 unum
2513 4265 2799 4328 coquum,
2863 4247 3015 4313 duos
3074 4265 3173 4310 ra-

437 4334 644 4417 gacios
691 4353 726 4398 a
766 4336 949 4400 stalla
994 4337 1059 4399 et
1104 4337 1255 4400 duos
1303 4353 1490 4418 equos
1538 4353 1645 4417 pro
1693 4337 1943 4400 saumis.
2008 4337 2088 4400 Et
2135 4337 2456 4417 propterea
2505 4336 2839 4416 expendere
2888 4338 3063 4416 potes
3111 4335 3173 4398 in

440 4420 728 4485 omnibus
775 4425 1057 4504 expensis
1104 4423 1385 4505 quolibet
1428 4423 1891 4488 occurrentibus
1939 4424 2190 4487 ducatos
2238 4423 2322 4486 VI
2371 4421 2503 4486 auri
2551 4421 2617 4491 in
2664 4423 2762 4487 die
2828 4441 2946 4486 non
3008 4441 3174 4486 com-

439 4505 673 4588 putatis
721 4507 782 4570 in
824 4509 938 4573 hoc
984 4510 1227 4574 nabulis
1277 4512 1659 4594 navigiorum
1709 4514 1773 4576 et
1815 4512 2058 4575 scortis
2113 4511 2332 4575 iurasti
2381 4510 2723 4591 proficuum
2768 4511 2833 4574 et
2877 4510 3170 4576 honorem

443 4591 841 4657 Venetiarum
890 4595 1112 4676 eundo,
1160 4598 1377 4662 stando
1424 4599 1488 4663 et
1530 4598 1854 4663 redeundo.
1905 4599 2070 4663 Data
2112 4597 2213 4663 die
2263 4598 2352 4662 XI
2398 4595 2568 4660 iunii.

530 4696 771 4758 Secreta
823 4703 1056 4762 consilii
1099 4708 1455 4781 rogatorum.
