3620 5282
481 375 607 439 132

475 549 612 615 duis
660 548 850 632 igitur
896 547 1411 615 meditacionibus
1458 548 1776 613 revolvens
1826 548 1886 611 in
1931 547 2136 610 animo
2201 545 2628 610 serenissimus
2670 550 2734 611 et
2780 547 3046 611 illustris
3093 547 3203 611 do-

477 639 684 703 minus
725 634 1012 699 dominus
1058 637 1338 703 Andreas
1385 636 1693 714 Dandulo‚
1743 635 1841 699 dei
1889 636 2093 718 gratia
2158 634 2600 711 Veneciarum‚
2663 635 2972 699 Dalmatie
3019 638 3203 717 atque

475 725 769 792 Obroacie
811 724 968 799 dux,
1032 724 1317 790 dominus
1381 727 1593 806 quarte
1652 725 1848 807 partis
1915 736 1978 788 et
2022 721 2277 786 dimidie
2340 723 2540 787 tocius
2589 722 2832 804 imperii
2881 723 3200 801 Romame,

406 832 415 843 ‘
477 814 740 897 qualiter
785 812 1142 877 civitatibus
1190 815 1254 877 et
1300 812 1564 877 subditis
1613 812 1738 875 suis
1783 811 2100 893 provincie
2147 810 2464 874 Dalmacie
2512 812 2817 874 continuis
2851 811 3202 876 incursibus

477 903 544 967 et
587 899 1127 984 depredationibus
1176 900 1616 965 miserabiliter
1665 899 1993 982 opp1·essiS‚
2036 898 2271 962 consuli
2318 900 2381 962 et
2426 898 2728 979 provideri
2775 901 2987 981 posset
3011 917 3208 963 reme-

474 990 591 1053 diis
640 987 1019 1071 opportunis,
1065 988 1380 1053 accersitis
1426 989 1502 1051 ad
1546 1007 1611 1051 se
1661 987 2164 1052 ambaxatoribus
2212 990 2275 1049 et
2306 987 2576 1069 syndicis
2602 988 2908 1050 terrarum
2935 987 3206 1068 ipsarum

478 1078 543 1142 et
588 1076 866 1141 fidelium
914 1093 1185 1154 suorum,
1234 1076 1460 1158 diuque
1504 1095 1646 1140 cum
1695 1075 1782 1139 eis
1831 1074 2284 1138 examinatione
2346 1073 2711 1156 prehabita‚
2777 1074 3050 1138 finaliter
3098 1092 3204 1157 pro

474 1165 747 1242 comod0‚
796 1162 999 1227 salute
1048 1166 1113 1227 et
1149 1164 1417 1229 evidenti
1446 1163 1724 1227 utilitate
1757 1180 1830 1225 ac
1870 1161 2330 1226 conservatione
2356 1180 2755 1243 personarum
2803 1165 2867 1225 et
2914 1162 3205 1226 bonorum

471 1255 784 1318 terrarum
835 1251 1127 1332 ipsarum,
1176 1254 1249 1316 de
1297 1250 1614 1316 voluntate
1662 1268 1910 1314 suorum
1973 1250 2365 1315 consiliorum
2409 1252 2473 1314 et
2521 1249 2903 1331 beneplacito
2952 1252 3015 1313 et
3061 1268 3203 1313 con-

476 1359 659 1405 sensu
722 1338 1190 1403 ambaxatorum
1252 1343 1316 1403 et
1376 1339 1750 1403 sindicorum
1814 1339 2255 1417 premissorum
2319 1338 2543 1401 statuit
2604 1338 2667 1400 et
2730 1337 3002 1401 decrevit
3070 1337 3201 1400 fieri

479 1428 696 1492 debere
744 1427 1210 1509 paysanaticum
1260 1428 1323 1491 in
1382 1427 1663 1509 partibus
1712 1425 2048 1501 Dalmatia,
2098 1426 2196 1489 cui
2244 1424 2641 1508 paysanatico
2690 1425 2901 1506 prefici
2940 1428 3002 1488 et
3036 1425 3202 1489 mitti

481 1515 667 1579 debet
712 1533 820 1597 per
866 1515 1081 1578 ducale
1124 1514 1462 1579 dominium
1505 1514 1878 1596 capitaneUS‚
1936 1514 2037 1595 qui
2103 1513 2187 1576 sit
2249 1512 2602 1593 capitaneus
2670 1513 2975 1595 generalis
3024 1532 3205 1595 super

479 1606 743 1667 rectores
805 1600 1224 1684 predictarum
1288 1604 1597 1666 terrarum
1658 1600 1822 1665 dicte
1883 1600 2190 1682 provincie
2252 1600 2588 1664 Dalmacie.
2666 1599 2783 1678 Qui
2848 1601 3205 1682 capitaneus

487 1690 804 1775 providere
851 1692 915 1753 et
961 1689 1278 1753 intendere
1326 1688 1553 1753 habeat
1598 1688 1676 1752 ad
1723 1689 2117 1752 securitatem
2176 1690 2239 1751 et
2284 1688 2607 1771 pacificum
2662 1690 2897 1752 statum
2945 1707 3018 1752 ac
3065 1706 3208 1751 con-

480 1779 892 1843 servationem
936 1777 1244 1841 terrarum
1290 1796 1362 1841 ac
1410 1776 1683 1841 locorum
1732 1776 1934 1840 ducali
1976 1775 2246 1839 dominio
2294 1776 2728 1841 subiectorum.
2786 1776 2857 1839 In
2905 1794 3023 1858 quo
3073 1778 3201 1857 qui-

478 1868 618 1930 dem
667 1864 1061 1948 paysanatico
1108 1883 1427 1929 commune
1475 1868 1539 1928 et
1582 1863 1863 1928 homines
1930 1863 2166 1945 Spaleti
2231 1863 2502 1927 conferre
2568 1864 2833 1927 debeant
2888 1869 2951 1928 et
2998 1868 3206 1927 tenere

477 1954 762 2019 omnibus
809 1953 939 2016 suis
987 1953 1269 2035 expensis
1294 1954 1530 2034 equites
1559 1970 1794 2029 novem,
1846 1970 2168 2016 commune
2217 1954 2279 2014 et
2325 1951 2605 2015 homines
2630 1950 2914 2033 Tragurii
2963 1952 3202 2034 equites

480 2040 716 2107 XVIII.
766 2037 885 2118 Qui
934 2058 1145 2103 omnes
1187 2042 1422 2121 equites
1470 2041 1594 2103 sint
1640 2040 1934 2117 forenses,
1985 2039 2059 2102 de
2094 2038 2217 2102 illis
2244 2038 2553 2113 videlicet,
2604 2039 2708 2121 qui
2733 2040 2975 2120 possint
3006 2039 3202 2119 accipi

479 2128 815 2194 secundum
866 2126 1109 2191 ordines
1158 2128 1561 2193 Veneciarum
1611 2126 1687 2190 ad
1735 2126 2113 2208 stipendium
2139 2126 2343 2191 Jadre.
2393 2127 2474 2190 Et
2519 2128 2646 2191 sint
2692 2127 2769 2190 ad
2816 2146 2994 2191 omne
3034 2145 3208 2190 man-

481 2217 698 2281 datum
747 2216 812 2280 et
858 2214 1328 2297 dispositionem
1369 2214 1519 2278 dicti
1567 2214 1875 2297 capitanei
1924 2215 1999 2279 ad
2049 2215 2448 2296 equitandum
2500 2234 2620 2278 una
2681 2233 2820 2278 cum
2869 2215 3010 2278 aliis
3059 2232 3207 2295 gen-

481 2305 653 2370 tibus
703 2304 1068 2384 deputandis
1108 2303 1273 2367 dicto
1334 2302 1650 2384 capitaneo
1713 2322 1819 2385 per
1866 2302 2083 2366 ducale
2149 2302 2490 2366 dominium
2541 2305 2605 2366 et
2665 2301 3013 2365 faciendum
3062 2321 3208 2384 que-

482 2409 746 2474 cumque
792 2390 1143 2472 peripsum
1193 2389 1580 2471 capitaneum
1630 2387 1859 2454 fuerint
1905 2390 2207 2454 ordinata.
2286 2390 2365 2453 Et
2414 2391 2663 2473 insuper
2726 2391 2887 2454 terre
2937 2391 3207 2471 predicte

482 2480 563 2545 ad
608 2497 856 2544 omnem
902 2477 1362 2560 requisitionem
1411 2478 1604 2560 ipsius
1651 2477 1980 2559 capitanei,
2030 2477 2317 2560 quociens
2365 2495 2544 2541 casus
2592 2477 3076 2560 opportunitatis
3109 2496 3209 2542 oc-

482 2569 779 2645 curreret,
832 2567 975 2630 dare
1023 2568 1085 2629 et
1130 2566 1492 2649 consignare
1539 2564 1807 2629 debeant
1855 2567 1927 2628 de
1971 2564 2322 2628 hominibus
2368 2583 2619 2627 suarum
2669 2568 2977 2627 terrarum
3024 2565 3087 2627 iu
3137 2582 3209 2627 ea

479 2655 854 2739 quantitate,
918 2671 1102 2736 quam
1147 2653 1388 2718 duxerit
1451 2655 1895 2737 requirendam.
1973 2653 2054 2716 Et
2099 2653 2389 2734 quociens
2447 2652 2579 2734 ipse
2641 2652 3002 2733 capitaneus
3055 2671 3202 2715 casu

479 2742 684 2825 aliquo
732 2741 1070 2805 declinaret
1113 2742 1191 2805 ad
1239 2743 1513 2825 aliquam
1576 2743 1851 2824 ipsarum
1919 2741 2263 2814 terrarum,
2329 2740 2554 2804 habere
2601 2739 2824 2804 debeat
2869 2740 3198 2804 commita-

480 2832 719 2897 cionem
767 2830 1087 2894 decentem
1135 2831 1199 2894 et
1244 2828 1651 2893 sufficientem
1700 2848 1807 2912 pro
1855 2847 1919 2892 se
1954 2830 2017 2892 et
2060 2827 2299 2892 familia
2324 2846 2435 2892 sua
2481 2847 2517 2892 a
2551 2832 2730 2905 terre,
2772 2828 2836 2891 in
2863 2847 3046 2909 quam
3079 2828 3208 2892 ive-

480 2920 581 2984 rit.
631 2919 716 2982 Et
763 2918 922 3000 quod
970 2935 1331 3000 unaqueque
1393 2917 1667 2998 ipsarum
1731 2920 2036 2980 terrarum
2101 2915 2264 2980 omni
2329 2934 2485 2980 anno
2549 2917 2694 2980 dare
2741 2916 2963 2979 debeat
3010 2934 3203 2980 unum

480 3008 724 3089 pastum
767 3006 933 3070 dicto
979 3006 1304 3087 capitaneo
1349 3006 1414 3067 et
1457 3004 1740 3068 societati
1788 3024 1894 3068 sue
1939 3005 2013 3068 ad
2061 3022 2356 3084 expensas
2388 3003 2733 3068 communis
2763 3006 2945 3081 terre,
2994 3005 3057 3068 in
3093 3021 3211 3086 quo

483 3094 709 3170 suerit,
759 3094 920 3160 sicut
966 3093 1083 3155 hoc
1131 3092 1335 3156 omnia
1375 3093 1561 3156 latius
1607 3094 1671 3156 et
1717 3091 2058 3156 districtius
2104 3092 2497 3155 continentur
2554 3092 2618 3155 in
2680 3092 2962 3174 partibus
3010 3092 3206 3173 captis

483 3178 812 3264 superinde
860 3179 923 3243 in
970 3181 1229 3245 consilio
1276 3182 1657 3261 rogatorum.
1709 3176 1911 3257 Quare
1957 3178 2193 3243 nobiles
2243 3181 2306 3243 et
2352 3181 2662 3261 sapientes
2711 3179 2824 3244 viri
2849 3179 3211 3242 Franciscus

483 3267 764 3333 Dimitrii
812 3269 876 3331 ct
920 3267 1287 3332 Laurentius
1320 3267 1557 3344 Nicole‚
1607 3267 1823 3330 sindici
1871 3268 1934 3330 et
1973 3267 2405 3330 ambaxatores
2454 3267 2718 3343 comitis,
2768 3266 3113 3329 communis
3145 3267 3209 3329 et

481 3355 803 3420 hominum
850 3354 1104 3437 Spaleti‚
1155 3356 1316 3420 sicut
1360 3359 1619 3438 apparet
1665 3354 1909 3437 publico
1957 3355 2368 3418 instrumento
2416 3355 2644 3435 scripto
2677 3372 2862 3417 manu
2899 3353 3201 3418 Johannis

484 3443 742 3508 condam
792 3444 1072 3524 magistri
1123 3442 1281 3508 Zove
1329 3442 1403 3507 de
1450 3442 1745 3505 Anchona
1791 3442 1854 3503 in
1906 3441 2237 3506 millesimo
2262 3442 2693 3505 trecentesimo
2730 3439 3202 3522 quadragesimo

488 3550 645 3596 nono
693 3531 788 3596 die
835 3529 959 3594 X11
1008 3531 1190 3606 maii3
1239 3549 1348 3594 nec
1397 3549 1515 3594 non
1561 3529 1784 3594 nobilis
1834 3529 1927 3593 vir
1953 3528 2230 3593 Andreas
2263 3529 2520 3592 condam
2555 3528 2836 3610 Gregorii
2869 3528 3017 3591 Luci
3052 3527 3205 3591 civis

485 3620 794 3702 Tragurii‚
862 3618 1165 3692 sindicuS‚
1230 3617 1591 3681 ambaxator
1653 3614 1933 3695 comitiS‚
1992 3617 2336 3681 communis
2399 3620 2462 3679 et
2522 3616 2842 3678 hominum
2903 3614 3210 3696 Tragurfi,

487 3708 656 3773 sicut
688 3703 963 3789 ‘apparet
1006 3705 1255 3788 publico
1293 3706 1707 3769 instrumento
1754 3705 1985 3786 scripto
2034 3723 2220 3767 manu
2267 3702 2574 3768 Gabrielis
2623 3702 2882 3766 condam
2916 3703 3212 3766 Pizecho-

485 3795 582 3860 nis
625 3795 852 3859 notarii
899 3794 961 3857 in
1007 3791 1456 3868 MCCCXLIX‚
1505 3793 1839 3857 indictione
1872 3793 2158 3870 secunda,
2208 3791 2305 3854 die
2349 3791 2473 3854 XII
2518 3792 2701 3866 maii3
2748 3809 2817 3855 ac
2863 3791 3088 3855 nobilis
3128 3792 3218 3855 vir

488 3883 791 3967 Georgius
861 3881 1119 3945 condam
1185 3879 1453 3963 Cipriani
1501 3881 1759 3946 Jadrich
1816 3882 1886 3944 de
1937 3879 2238 3951 Sibenico,
2287 3879 2648 3942 ambaxator
2693 3881 2756 3943 et
2802 3878 3073 3943 sindicus
3116 3897 3218 3943 co-

487 3972 682 4049 mitia,
732 3970 1076 4035 communis
1124 3972 1188 4032 et
1234 3968 1558 4032 hominum
1609 3967 1894 4042 Sibenici‚
1949 3968 2110 4031 sicut
2167 3969 2422 4049 apparet
2485 3968 2731 4049 publico
2803 3969 3216 4031 instrumento

486 4059 715 4141 scripto
760 4076 947 4121 manu
995 4056 1235 4119 Mathei
1282 4056 1538 4120 condam
1569 4057 1837 4121 Simonis
1869 4055 1941 4118 de
1970 4055 2220 4119 Perusio
2269 4055 2493 4118 notarii
2535 4055 2597 4118 in
2626 4053 3073 4119 MCCCXLIX.
3114 4055 3215 4118 die

490 4146 755 4210 secundo
804 4144 973 4222 maii,
1020 4144 1320 4207 habentes
1385 4163 1456 4207 ex
1503 4142 1699 4208 forma
1761 4143 2191 4225 syndicatuum
2255 4144 2695 4224 premissorum
2758 4161 2794 4206 a
2839 4162 2938 4206 me
2987 4144 3219 4206 notario

485 4233 876 4314 infrascripto
940 4232 1211 4296 visorum
1276 4230 1631 4295 distinctius
1694 4234 1757 4294 et
1819 4231 2117 4294 lectorum
2182 4232 2259 4294 ad
2323 4231 2627 4313 premissa
2692 4234 2755 4294 et
2818 4229 3214 4311 infrascripta

486 4321 737 4404 plenum
784 4324 848 4383 et
894 4319 1202 4385 sufficiens
1257 4319 1652 4393 mandatum3
1701 4320 2137 4399 cognoscentes
2186 4320 2249 4382 et
2295 4318 2567 4400 apertius
2630 4318 3218 4400 comprehendentes

486 4408 761 4493 predicta
835 4407 1135 4488 disposita
1201 4408 1265 4469 et
1332 4406 1613 4470 ordinata
1681 4405 1880 4469 facere
1950 4408 2025 4469 ad
2094 4406 2618 4470 conservationem
2692 4409 2756 4470 et
2817 4410 3218 4488 augmentum

486 4514 695 4560 eorum
765 4497 829 4559 et
897 4498 1132 4558 statum
1197 4493 1516 4575 pacificum
1582 4495 1646 4557 et
1708 4493 2112 4576 tranquillum
2175 4496 2480 4557 terrarum
2553 4496 2863 4575 ipsarum,
2942 4492 3220 4574 benigni-

486 4584 609 4648 tati
654 4582 879 4659 ducali‚
929 4601 1048 4664 que
1105 4581 1193 4645 sic
1236 4581 1336 4663 pie
1384 4583 1447 4644 et
1509 4580 1841 4644 salubriter
1904 4600 2085 4662 super
2133 4582 2399 4661 ipsorum
2446 4582 2799 4645 calamitate
2849 4580 3218 4662 providerat,

486 4671 1012 4736 reverentissimas
1082 4669 1317 4751 gratias
1379 4669 1761 4747 exolventes,
1828 4672 2045 4750 sponte
2108 4670 2173 4732 et
2237 4687 2308 4731 ex
2370 4675 2539 4732 certa
2601 4669 2854 4733 scientia
2912 4664 3218 4750 approba-

487 4760 724 4838 verunt,
772 4757 1254 4834 ratificaverunt‚
1302 4757 1808 4839 emologaveruut
1868 4755 2316 4820 ordinacionem
2375 4757 2716 4839 predictam
2774 4756 2839 4820 et
2901 4754 3110 4818 omnia
3156 4755 3220 4819 et
