3620 5282
2955 354 3085 425 457

391 539 547 606 libet
591 538 794 607 soldos
841 539 1133 623 quattuor
1179 557 1287 622 pro
1329 534 1660 625 go'gnagio,
1708 537 1812 625 qui
1851 537 2079 607 habent
2121 538 2348 607 ibidem
2396 539 2604 606 vineas
2650 557 2816 617 suaS,
2848 557 2958 605 seu
2991 539 3084 606 te-

392 628 635 695 nuerint
678 627 949 709 aliquam
995 627 1362 711 particulam
1410 630 1484 694 de
1526 628 1709 694 dictis
1757 630 1958 694 terris.
2021 630 2179 695 Item
2247 628 2538 694 similiter
2605 629 2910 695 decimam
2960 627 3087 693 vini

394 716 762 784 villanorum
808 714 1131 782 districtus
1179 714 1445 783 Sibenici
1487 716 1549 782 in
1598 717 1828 782 dictam
1876 716 2171 784 fabricam
2219 717 2382 783 dicte
2448 718 2704 783 ecclesie
2750 738 2797 781 s.
2858 716 2901 781 J
2910 716 3084 781 acobi

395 823 572 888 posse
616 822 917 888 arrogare,
961 806 1026 870 et
1056 804 1323 888 capitulo
1370 805 1657 881 Sibenici,
1704 823 1813 890 pro
1855 808 1927 869 ut
1972 806 2061 871 eis
2107 809 2218 870 aut
2258 824 2464 872 eorum
2512 805 2726 870 maiori
2773 804 2935 888 parti
3000 806 3087 870 vi·

394 893 640 960 debitur
686 894 899 958 sanius
944 892 1324 969 faciendum3
1395 896 1458 959 et
1520 894 1771 959 tandem
1838 893 2020 960 factis
2088 912 2266 976 super
2327 892 2557 960 dictam
2602 893 3086 978 propositionem

395 981 677 1065 pluribus
724 983 791 1047 et
833 982 1117 1064 pluribus
1166 982 1701 1066 arrengationibus
1748 984 1810 1046 et
1857 981 2418 1055 consultationibus
2464 983 2529 1047 in
2589 984 2753 1048 dicto
2821 981 3085 1047 consilio

393 1087 501 1153 per
545 1070 747 1135 varios
793 1074 857 1134 et
895 1069 1170 1136 diversos
1239 1071 1476 1136 nobiles
1521 1070 1902 1153 antiquiores
1949 1073 2014 1136 et
2080 1072 2352 1135 seniores
2419 1071 2494 1136 de
2567 1072 2734 1136 dicto
2802 1070 3086 1149 consilio,

395 1161 460 1225 et
504 1157 657 1223 bene
700 1156 998 1224 discussis
1043 1158 1385 1229 etsincere
1431 1159 1763 1225 ruminatis
1807 1177 2021 1224 eorum
2066 1158 2380 1223 mentibus
2427 1160 2491 1223 et
2532 1160 2706 1240 puris
2751 1159 3084 1224 voluntati-

382 1245 514 1315 bus
561 1264 745 1330 super
767 1246 999 1312 dictam
1046 1247 1547 1330 propositionem,
1596 1248 1849 1331 captum
1890 1252 1956 1312 et
2001 1246 2401 1312 reformatum
2446 1246 2567 1312 fuit
2611 1266 2716 1329 per
2745 1247 3084 1314 XXXVIII

392 1333 660 1403 balottas
701 1337 980 1418 repertas
1027 1334 1089 1399 in
1135 1334 1413 1400 bussullo
1459 1336 1600 1401 albo
1644 1335 1721 1401 de
1767 1336 1876 1416 sic,
1923 1352 2046 1400 non
2090 1334 2483 1402 obstantibus
2530 1337 2668 1401 octo
2699 1335 2948 1401 ballotis
2990 1355 3087 1403 re-

392 1424 585 1507 pertis
632 1422 697 1488 in
745 1423 991 1489 busullo
1034 1423 1223 1489 rubeo
1268 1423 1344 1489 de
1392 1441 1557 1489 non:

599 1508 774 1590 Quod
822 1512 906 1577 sit
949 1512 1013 1576 et
1056 1530 1190 1576 esse
1233 1510 1459 1577 debeat
1504 1513 1565 1577 in
1612 1511 1893 1586 arbitrio,
1939 1511 2312 1578 auctoritate
2358 1511 2425 1575 et
2477 1509 2662 1594 plena
2717 1511 2906 1577 bailia
2950 1530 3089 1595 pre-

391 1597 505 1665 fati
551 1599 608 1666 d.
653 1599 1012 1682 Pasqualini
1057 1599 1306 1666 comitis
1371 1599 1657 1677 Sibenici,
1722 1619 1823 1664 ser
1878 1599 2194 1665 Thomasii
2262 1598 2590 1672 Dominici,
2659 1618 2760 1666 ser
2818 1600 3090 1683 Grigorii

391 1686 616 1771 Nigoy,
662 1705 762 1753 ser
806 1686 1020 1753 Zanini
1063 1688 1267 1754 Barbo
1311 1690 1376 1753 et
1419 1706 1519 1754 ser
1562 1687 1777 1754 Jacobi
1840 1689 2139 1766 Tavilich,
2201 1688 2472 1753 iudicum
2540 1688 2706 1753 curie
2774 1687 2939 1753 dicte
3005 1688 3089 1753 ci-

391 1774 625 1854 vitatis,
671 1794 743 1840 ac
787 1775 1088 1843 nobilium
1134 1777 1405 1842 virorum
1450 1794 1549 1842 ser
1594 1775 1806 1841 Andre
1850 1776 2077 1855 Jurini,
2128 1796 2227 1841 ser
2282 1776 2608 1841 Michaelis
2666 1775 2916 1854 Marini,
2988 1794 3090 1841 ser

397 1861 642 1929 Nicolai
688 1861 1038 1931 Simeonich
1083 1867 1147 1930 et
1191 1884 1288 1930 ser
1337 1863 1580 1930 Nicolai
1622 1864 1861 1930 Mihote
1905 1866 1970 1931 et
2007 1883 2105 1930 ser
2154 1865 2333 1930 Pauli
2396 1864 2724 1930 Petrovich
2768 1865 2844 1930 ad
2890 1863 3094 1928 infra-.
3181 1902 3186 1909 -

397 1951 633 2035 scripta
679 1951 1034 2020 ellectorum
1082 1953 1193 2018 aut
1237 1952 1488 2036 majoris
1535 1954 1730 2036 partis
1774 1953 2046 2036 ipsorum
2087 1971 2267 2035 posse
2313 1954 2478 2030 dare,
2520 1952 2852 2018 concedere
2883 1955 2949 2018 et
2975 1956 3081 2016 do·

395 2057 543 2104 nare
589 2039 903 2123 perpetuis
949 2040 1333 2124 temporibus
1372 2043 1436 2107 et
1479 2041 1867 2107 donationem
1924 2044 2284 2124 perpetuam
2354 2039 2554 2115 facere
2621 2042 2784 2107 dicte
2835 2040 3089 2106 ecclesie

390 2146 441 2193 s.
487 2127 709 2195 Jacobi
752 2128 1060 2195 cathodali
1101 2129 1166 2194 in
1210 2128 1510 2195 fabricam
1555 2128 1720 2195 dicte
1786 2130 2043 2194 ecclesie
2088 2130 2333 2195 tantum
2379 2133 2442 2193 et
2498 2130 2768 2213 capitulo
2818 2128 3088 2195 Sibenici

387 2233 600 2282 omnes
648 2216 712 2281 et
756 2216 1033 2300 singulas
1082 2218 1279 2284 terras
1321 2218 1396 2283 de
1440 2217 1669 2284 Vodice
1708 2218 1780 2283 ut
1826 2236 2030 2299 supra,
2099 2220 2353 2301 excepta
2412 2236 2570 2302 aqua
2616 2219 2688 2283 de
2733 2217 2901 2283 dicta
2966 2218 3092 2282 Vo-

391 2304 527 2371 dice
570 2306 634 2368 et
678 2307 920 2388 pascuis
965 2305 1119 2389 ejuS,
1169 2325 1288 2390 que
1332 2308 1478 2371 sunt
1543 2306 1888 2372 communis
1936 2304 2226 2372 Sibenici.
2312 2305 2475 2370 Item
2520 2306 2632 2371 illa
2676 2324 2923 2387 pascua,
2970 2324 3090 2389 que

391 2391 663 2458 laborari
707 2410 826 2458 non
871 2398 1147 2477 possunt.
1192 2395 1352 2460 Item
1383 2394 1674 2460 similiter
1705 2394 2006 2460 decimam
2040 2394 2164 2460 vini
2198 2394 2513 2459 vinearum
2546 2394 2893 2460 villicorum
2925 2393 3091 2459 dicte

388 2479 664 2547 civitatis
710 2480 980 2550 Sibenici
1025 2482 1088 2567 in
1134 2482 1299 2549 dicto
1332 2481 1623 2549 districtu
1654 2481 1926 2549 Sibenici
1955 2483 2469 2550 commorantium
2504 2502 2610 2565 per
2640 2501 2779 2549 eum
2814 2484 3086 2561 modum,

388 2568 555 2636 viam
601 2574 666 2636 et
708 2568 990 2649 formam,
1039 2569 1264 2655 quibus
1309 2572 1398 2637 eis
1443 2572 1555 2637 aut
1594 2590 1803 2637 eorum
1852 2570 2069 2637 maiori
2131 2572 2299 2656 parti
2366 2571 2678 2637 videbitur
2713 2569 3083 2636 faciendum.

391 2657 549 2724 Item
596 2658 1098 2740 instrumentum,
1146 2661 1484 2744 scripturas
1532 2660 1807 2742 publicas
1853 2661 1919 2726 et
1961 2659 2354 2726 authenticas
2399 2661 2646 2726 nomine
2690 2660 2855 2725 dicte
2923 2679 3092 2725 com-

387 2747 591 2813 munis
637 2746 911 2813 Sibenici
956 2747 1341 2831 stipulandas
1382 2751 1446 2815 et
1506 2747 1838 2826 faciendas,
1899 2749 2175 2832 bonaque
2237 2748 2406 2813 dicte
2433 2749 2921 2815 'communitatis
2983 2767 3090 2831 pro
3143 2747 3146 2750 “

385 2835 708 2919 premissis
754 2835 1151 2903 observandis
1195 2840 1260 2903 et
1301 2836 1692 2904 attendendis
1733 2836 2093 2920 obligandas
2138 2838 2203 2903 et
2247 2837 2743 2919 hipothecandas,
2792 2856 2931 2903 cum
2979 2835 3090 2900 ad-

390 2923 625 2990 ditione
668 2942 965 3007 penarum
1012 2924 1238 2992 debitis
1285 2926 1351 2991 et
1414 2925 1924 3010 congruentibus;
1993 2929 2056 2990 et
2123 2924 2418 3009 quidquid
2495 2925 2776 3005 factum,
2827 2925 3089 3002 dictum,

393 3013 600 3078 actum
643 3015 707 3078 et
749 3012 1071 3091 donatum,
1130 3031 1492 3079 concessum
1560 3017 1624 3079 et
1690 3014 2061 3097 stipulatum
2114 3013 2308 3079 fuerit
2372 3033 2479 3096 per
2543 3032 2643 3079 eos
2704 3016 2812 3079 aut
2880 3032 3088 3077 eorum

394 3099 698 3170 maiorem
740 3102 982 3183 partem
1029 3103 1094 3167 in
1137 3101 1456 3186 premissis
1502 3102 1568 3167 et
1610 3100 1774 3168 circa
1817 3101 2138 3184 premissa,
2186 3101 2275 3168 sit
2337 3101 2648 3185 perpetuis
2710 3101 3090 3185 temporibus

394 3191 625 3266 ratum,
662 3189 960 3269 validum,
1008 3191 1257 3260 firmum
1300 3208 1374 3256 ac
1419 3189 1610 3255 etiam
1656 3189 2032 3263 conclusum,
2080 3208 2150 3255 ac
2195 3189 2248 3254 si
2294 3187 2532 3255 factum
2595 3189 2754 3256 foret
2813 3192 2878 3255 et
2922 3189 3087 3254 ordi-

386 3279 606 3344 natum
649 3296 759 3360 per
803 3279 1154 3345 universum
1199 3277 1483 3361 generale
1528 3276 1855 3345 consilium
1917 3277 2084 3344 dicte
2142 3277 2414 3343 civitatis
2465 3277 2752 3343 Sibenici.
2800 3277 2931 3362 Ego
2978 3277 3087 3344 Gi-

386 3363 511 3432 lius
558 3366 639 3431 de.
675 3363 936 3434 Albanis
981 3367 1285 3449 quondam
1333 3365 1652 3433 Guillelmi
1700 3366 1774 3432 de
1822 3365 2017 3450 Regio
2063 3366 2342 3449 publicus
2376 3367 2687 3450 imperiali
2715 3365 3090 3433 auctoritate

384 3453 665 3519 notarius
709 3456 772 3520 et
815 3454 1213 3521 cancellarius
1253 3454 1418 3520 dicte
1464 3455 1734 3521 civitatis
1796 3453 2063 3520 Sibenici
2122 3455 2400 3538 predicta
2470 3454 2688 3539 scripsi
2749 3455 2814 3520 et
2877 3454 3085 3538 publi-

385 3542 539 3607 cavi.
584 3539 995 3609 Advertentes
1038 3545 1100 3609 et
1144 3543 1626 3621 considerantem,
1692 3542 1854 3626 quod
1917 3543 2102 3608 divna
2149 3541 2477 3608 clementia
2526 3543 2746 3608 civitas
2804 3539 3077 3609 Sibenici

389 3629 666 3714 quotidie
712 3629 978 3697 efficitur
1022 3632 1303 3714 insignis,
1350 3633 1414 3697 et
1453 3631 1527 3695 de
1557 3632 1715 3696 bono
1748 3633 1809 3695 in
1843 3629 2067 3696 melius
2102 3630 2462 3697 nobilitatur
2491 3633 2556 3696 et
2621 3634 2916 3715 augeatur
2947 3632 3076 3696 tam

377 3718 443 3782 in
491 3717 727 3786 civibus
775 3737 958 3802 quam
1006 3719 1072 3785 in
1134 3719 1370 3785 divitiis
1412 3721 1595 3803 atque
1637 3718 1832 3798 bonis,
1880 3736 2003 3784 non
2048 3719 2288 3784 meritis
2349 3719 2623 3802 ipsorum
2684 3721 2912 3785 civium
2980 3720 3084 3784 sed

356 3805 823 3873 ‘intercessione
868 3810 932 3874 et
975 3808 1256 3890 precibus
1303 3807 1682 3874 sanctissimi
1727 3810 1793 3872 et
1855 3807 2220 3874 venerabilis
2276 3807 2530 3890 capituli
2600 3808 2801 3873 sancti
2864 3807 3083 3873 Jacobi

381 3894 762 3973 deffensoris,
828 3895 1191 3977 protectoris
1266 3898 1345 3961 et*
1396 3895 1850 3978 gubernatoriS,
1915 3894 2291 3976 prefatorum
2359 3896 2747 3961 dominorum
2814 3896 3081 3975 comitis,

381 3983 700 4062 iudicium,
750 3983 991 4049 consilii
1037 3986 1102 4050 et
1147 3983 1491 4050 communis
1538 3982 1812 4050 civitatis
1878 3982 2167 4060 Sibenici,
2237 3986 2299 4048 et
2368 3986 2440 4049 ut
2486 3984 2620 4066 ipsa
2692 3983 2913 4050 civitas
2983 3982 3084 4049 Si-

379 4071 583 4137 benici
627 4072 704 4137 de
750 4071 906 4139 bono
953 4073 1018 4137 in
1063 4072 1288 4138 melius
1335 4070 1611 4155 quotidie
1654 4073 1955 4155 augeatur
1997 4074 2059 4136 et
2092 4071 2563 4154 multiplicetur,
2597 4073 2714 4156 ipsi
2766 4074 2825 4137 d.
2878 4091 3083 4138 comes

377 4161 442 4224 et
497 4160 731 4226 iudices
805 4163 868 4225 et
937 4160 1202 4244 quinque
1268 4159 1505 4226 nobiles
1575 4178 1876 4225 memores
1947 4159 2169 4224 salutis
2235 4161 2586 4225 animarum
2650 4162 2946 4244 ipsorum,
3020 4163 3084 4226 et

378 4247 783 4326 advertentes,
844 4249 1004 4333 quod
1070 4249 1330 4314 ecclesia
1411 4248 1781 4314 cathedralis
1872 4248 2142 4316 Sibenici
2217 4249 2515 4314 vocabulo
2592 4250 2789 4313 sancti
2856 4248 3077 4316 Jacobi

373 4337 670 4420 insignita
716 4337 794 4401 ad
839 4337 974 4415 hoc,
1024 4338 1095 4403 ut
1139 4338 1270 4420 ipse
1327 4354 1377 4402 s.
1447 4335 1718 4402 Jacobus
1782 4354 1902 4402 non
1960 4336 2162 4401 cesset
2220 4354 2424 4401 coram
2492 4335 2606 4402 deo
2672 4338 3078 4422 omnipotenti

374 4427 440 4490 et
479 4426 870 4492 sanctissima
919 4423 1049 4491 eius
1098 4427 1295 4491 matre
1335 4423 1571 4509 virgine
1633 4425 1838 4491 Maria
1897 4425 2155 4489 suadere
2201 4423 2334 4507 ejus
2404 4424 2687 4508 precibus
2754 4428 2819 4490 et
2878 4425 3070 4490 inter-

376 4512 591 4578 cedere
638 4532 742 4595 pro
789 4515 922 4595 ipsa
967 4514 1220 4581 civitate
1265 4512 1553 4593 Sibenici,
1624 4533 1731 4594 per
1793 4530 2124 4595 eorumque
2185 4511 2249 4577 in
2311 4517 2625 4595 posterum
2683 4531 3068 4579 successores

374 4602 439 4665 et
482 4600 726 4666 nomine
762 4603 829 4667 et
873 4601 1003 4667 vice
1066 4602 1256 4670 totius
1318 4601 1783 4667 communitatis
1855 4600 2142 4677 Sibenici,
2213 4600 2582 4667 auctoritate
2647 4602 2923 4684 predicta
2984 4602 3074 4666 eis

371 4706 662 4755 concessa
708 4689 779 4753 ut
822 4708 1027 4774 supra,
1078 4691 1142 4755 et
1182 4689 1464 4755 omnibus
1512 4689 1635 4754 alio
1684 4689 1879 4766 modo,
1931 4688 2048 4765 via,
2093 4688 2233 4770 jure
2299 4693 2361 4752 et
2406 4688 2623 4770 forma,
2671 4690 2891 4771 quibus
2941 4708 3071 4755 me-

367 4775 490 4841 lius
534 4777 878 4860 potuerunt,
951 4778 1135 4845 titulo
1174 4778 1521 4846 donationis
1567 4775 2054 4845 irrevocabiliter
2103 4776 2167 4842 et
2211 4793 2328 4842 non
2389 4776 2600 4862 aliqua
2667 4778 2791 4843 alia
2836 4778 3074 4844 ratione
