3620 5282
490 371 621 438 222

490 549 784 623 tractum,
833 546 993 628 quod
1040 544 1261 609 debeat
1305 544 1511 626 ipsum
1558 546 1750 610 citare
1795 547 1871 608 ad
1938 543 2322 627 presenciam
2373 545 2611 609 consuli
2659 544 3038 610 Venetorum
3085 563 3215 608 mo-

491 635 655 699 ranti
698 635 758 696 in
810 633 1083 714 predicta
1126 634 1335 696 nostra
1380 631 1657 712 civitate,
1704 633 1766 696 et
1813 632 1976 714 quod
2026 634 2334 714 predictus
2382 633 2597 697 consul
2632 633 3007 698 Venetorum
3039 636 3211 697 tene-

490 722 632 784 atur
678 720 1094 784 omnimodam
1142 724 1205 782 et
1250 719 1499 800 plenam
1563 718 2061 785 satisfaccionem
2128 738 2313 800 super
2386 721 2692 800 predictos
2739 719 3053 784 debitores
3101 721 3210 783 ad-

489 808 720 883 hibere,
792 805 1081 871 videlicet
1148 805 1308 887 quod
1367 806 1589 887 prefati
1654 807 1962 871 debitores
2025 807 2274 870 realiter
2305 808 2367 870 et
2400 806 2806 888 personaliter
2863 807 3214 871 carceribus

490 896 1007 976 constringantur,
1049 893 1307 957 mobilia
1353 893 1628 973 ipsorum
1675 896 1739 957 et
1784 893 2130 956 immobilia
2190 895 2530 958 vendantur
2575 896 2652 958 ad
2700 894 3058 959 solvendum
3108 895 3216 958 de-

397 1062 402 1067 ·
492 981 709 1056 bitum,
762 982 825 1045 et
885 983 959 1044 de
1014 999 1251 1045 carcere
1322 998 1439 1042 non
1488 981 1902 1058 dimittantur,
1981 999 2168 1060 usque
2231 997 2349 1044 non
2413 982 2486 1045 fit
2554 984 2795 1064 integra
2864 980 3216 1046 satisfaccio

491 1068 777 1132 debitori.
829 1067 892 1132 Si
948 1085 1087 1131 vero
1135 1067 1416 1149 prefatus
1463 1067 1677 1131 consul
1724 1068 1784 1130 in
1845 1067 2124 1149 predicta
2172 1072 2381 1132 nostra
2426 1068 2677 1132 civitate
2725 1070 2872 1132 tunc
2916 1071 3208 1149 temporis

489 1173 608 1218 non
677 1154 1063 1236 reperiretur,
1107 1173 1178 1218 ex
1224 1157 1373 1218 tunc
1442 1153 1634 1236 eliget
1677 1173 1866 1220 unum
1915 1157 2168 1218 venetus
2215 1154 2410 1220 alium
2472 1173 2616 1220 vero
2663 1156 3063 1232 catharensis,
3113 1154 3211 1219 vel

488 1243 891 1324 quiscumque
940 1246 1145 1305 noster
1211 1240 1433 1313 fidelis,
1478 1242 1541 1305 et
1586 1241 1674 1305 hii
1723 1243 1842 1306 duo
1910 1241 2073 1306 inter
2143 1243 2310 1324 ipsos
2379 1242 2653 1306 iudicent
2702 1244 2775 1306 de
2820 1243 2984 1306 dicto
3030 1245 3094 1307 et
3138 1243 3214 1306 de

490 1329 673 1392 facto.
725 1328 791 1391 Si
837 1331 1043 1392 autem
1077 1327 1170 1392 illi
1203 1328 1322 1391 duo
1353 1328 1519 1410 ipsos
1568 1327 1934 1393 concordare
1982 1348 2100 1392 non
2147 1331 2435 1410 poterunt
2479 1329 2643 1393 intra
2699 1329 2846 1393 VIII
2886 1329 3037 1408 dica,
3064 1331 3216 1393 tunc

490 1415 827 1479 adhibeant
874 1415 994 1477 sibi
1042 1415 1197 1479 alios
1267 1417 1435 1492 duoS,
1506 1416 1609 1496 qui
1680 1415 1772 1478 illi
1823 1415 1909 1478 IV
1955 1415 2117 1480 inter
2187 1416 2352 1497 ipsos
2424 1416 2673 1494 iudicet,
2738 1420 2802 1479 et
2871 1435 3066 1499 usque
3126 1417 3204 1481 ad

492 1504 630 1566 octo
677 1502 811 1565 dies
858 1503 957 1567 vel
1002 1501 1341 1566 terminum
1390 1521 1498 1583 per
1543 1501 1710 1584 ipsos
1760 1502 2128 1584 deputatum
2160 1523 2268 1584 per
2314 1505 2613 1568 maiorem
2658 1506 2899 1584 partem
2947 1505 3021 1566 de
3076 1522 3217 1584 pre-

489 1589 674 1653 dictis
721 1590 981 1672 quatuor
1025 1589 1389 1671 plenissima
1436 1589 1781 1653 satisfaccio
1841 1588 2223 1654 adhibeatur.
2285 1591 2354 1654 In
2401 1590 2575 1655 cuius
2634 1592 2721 1654 rei
2788 1590 3217 1654 testimonium

492 1676 604 1739 has
651 1678 969 1758 presentes
1017 1679 1260 1740 nostras
1307 1675 1558 1740 licteras
1599 1675 1731 1739 fieri
1778 1677 2073 1740 iussimus
2121 1677 2314 1759 sigilli
2377 1697 2483 1741 nos
2459 1677 2570 1741 stri
2640 1679 2966 1759 apensione
3037 1678 3218 1740 robo-

490 1766 678 1827 ratas.
730 1764 963 1827 Datum
1016 1764 1077 1826 in
1129 1762 1273 1827 aula
1321 1767 1526 1826 nostra
1573 1764 1766 1845 regali
1821 1763 2072 1828 Sotesca
2116 1764 2330 1827 XXIII
2403 1765 2500 1828 die
2532 1767 2764 1828 mensis
2803 1764 3072 1847 augusti,
3098 1765 3216 1827 sub

492 1869 648 1915 anuo
688 1850 993 1914 dominice
1041 1850 1490 1914 incarnacionis
1539 1850 1872 1914 millesimo
1920 1845 2356 1915 trecentesimo
2404 1853 2823 1933 octuagesimo
2873 1852 3106 1934 quinto.

702 1937 760 2001 A
807 1939 1001 2019 tergo.
1038 1936 1272 2001 Littera
1318 1936 1548 2000 domini
1596 1938 1758 2020 regis
1804 1937 1992 2002 Rasie
2041 1939 2104 2002 et
2151 1939 2349 2003 Bosne
2419 1957 2528 2020 pro
2597 1939 2968 2004 inmunitate
3016 1938 3220 2002 Vene-

490 2027 694 2088 torum
748 2025 812 2086 in
858 2022 1113 2087 civitate
1162 2023 1388 2088 Catari.

700 2127 985 2192 Izvornik
1026 2145 1106 2192 na
1149 2127 1512 2210 pergameni
1559 2145 1629 2191 sa
1676 2131 1958 2210 pecatom
1991 2147 2026 2192 o
2070 2129 2208 2193 svili
2262 2126 2532 2207 visecim,
2583 2148 2660 2192 na
2711 2128 2890 2193 kom:
2939 2128 3221 2193 TGPHI

489 2228 981 2298 TVGPTGho
1032 2267 1108 2278 -
1159 2230 1250 2294 121
1303 2219 1405 2294 ·Ιῖ·
1458 2230 1520 2295 G
1558 2230 1787 2299 RGGJ
1813 2231 2148 2309 ··RFSIG,
2196 2252 2234 2296 u
2279 2235 2649 2299 mletackom
2683 2235 2899 2299 arkivu
2935 2236 3025 2298 br.
3059 2233 3165 2314 49,
3202 2237 3223 2297 i

584 2338 1156 2401 Commemorialium
1212 2340 1401 2402 VIII.
1452 2338 1601 2418 104,
1648 2358 1691 2400 u
1736 2342 1913 2400 §stom
1958 2342 2192 2400 arkivu.

841 2492 1265 2577 CCCXVI.
1317 2493 1522 2578 God.
1578 2495 1804 2579 1385.
1862 2495 1954 2579 15
2010 2496 2287 2597 rujna,
2343 2516 2404 2576 u
2455 2495 2846 2576 Mletcih.

750 2635 800 2696 Ο
843 2638 1100 2710 numeri
1147 2637 1346 2696 Karla
1391 2633 1791 2713 napuljskoya
1846 2639 2050 2711 krab‘a
2090 2637 2397 2710 prebrodit
2439 2654 2501 2696 se
2537 2655 2578 2695 ιι
2625 2637 2957 2700 Hrvatsku.

704 2738 893 2803 1385.
943 2738 1039 2803 die
1085 2739 1205 2802 XV
1251 2739 1643 2822 septembris,
1692 2737 1921 2823 Capta:
1965 2741 2027 2804 in
2069 2740 2328 2822 collegio
2375 2742 2438 2802 et
2485 2740 2545 2802 in
2594 2738 2908 2804 additione
2948 2740 3024 2803 de
3070 2740 3213 2804 XX.

492 2824 663 2907 Quod
709 2828 1021 2891 scribatur
1086 2827 1336 2891 Nicolao
1395 2827 1471 2890 de
1518 2827 1788 2893 Gerardo
1838 2828 2076 2892 notario
2146 2832 2357 2890 nostro
2409 2828 2470 2889 in
2517 2827 2633 2890 hac
2675 2825 2884 2891 forma.
2935 2826 3214 2906 Nicolae,

492 2914 835 2995 recepimus
901 2933 1095 2995 nuper
1155 2913 1275 2979 duo
1337 2919 1445 2978 tua
1507 2915 1714 2979 brevia
1776 2914 1956 2979 nobis
2027 2915 2215 2978 missa
2262 2933 2368 2995 per
2417 2915 2498 2992 te,
2549 2912 2698 2978 data
2744 2914 2840 2978 die
2895 2913 2970 2977 18
3018 2921 3083 2979 et
3129 2915 3218 2979 22

494 3001 722 3065 mensis
768 3003 1015 3084 augusti
1084 3003 1359 3083 proxime
1426 3001 1727 3085 preteriti,
1776 3003 2003 3083 quibus
2038 3000 2395 3083 plenissime
2443 3001 2797 3078 intellectiS,
2846 3020 2954 3083 per
2995 3020 3105 3066 nos
3152 3006 3217 3066 et

493 3095 775 3153 nostruin
826 3088 1153 3170 collegium
1202 3107 1342 3152 cum
1392 3088 1698 3153 additione
1747 3090 2141 3171 presentibus
2187 3088 2650 3170 respondemnS,
2699 3090 2762 3151 et
2793 3089 2883 3151 sic
2910 3088 3215 3166 volumus,

492 3176 653 3258 quod
700 3176 925 3240 debeas
985 3175 1185 3239 dicere
1249 3176 1341 3239 illi
1409 3176 1607 3240 amico
1668 3195 1743 3240 ex
1787 3179 1968 3258 parte
2001 3177 2195 3239 nostri
2243 3175 2520 3251 dominii,
2568 3174 2727 3256 quod
2777 3175 2926 3239 licet
2963 3177 3037 3240 de
3086 3177 3216 3258 ipso

491 3264 690 3327 amico
737 3267 948 3327 nostro
995 3281 1237 3327 omnem
1292 3263 1713 3344 plenissimam
1748 3262 2182 3327 confidentiam
2216 3280 2574 3343 caperemus
2604 3263 2667 3325 in
2702 3263 2988 3327 omnibus
3034 3262 3216 3328 factis

493 3351 755 3429 nostris,
804 3352 870 3414 et
914 3353 1214 3431 quantum
1274 3349 1480 3414 forent
1536 3350 1772 3414 maiora
1816 3357 1879 3414 et
1924 3352 2055 3433 ipse
2103 3350 2253 3413 bene
2300 3350 2441 3427 scit,
2491 3350 2703 3413 tamen
2751 3351 2967 3414 modus
3014 3369 3216 3416 recor·

490 3438 668 3501 datus
714 3456 821 3519 per
867 3436 1070 3519 ipsum
1131 3437 1399 3501 amicum
1469 3456 1589 3501 non
1636 3436 1865 3501 faceret
1912 3456 2017 3518 pro
2069 3436 2240 3500 nobis
2289 3455 2400 3500 nec
2439 3454 2547 3519 pro
2594 3435 2778 3501 factis
2827 3439 3076 3502 nostris.
3127 3438 3212 3502 Et

496 3526 816 3605 propterea
882 3525 1297 3606 regraciamus
1343 3525 1462 3588 sibi
1512 3525 1585 3587 de
1630 3525 1933 3590 laudabili
1974 3526 2038 3588 et
2080 3524 2319 3605 optima
2363 3523 2767 3604 disposicione
2814 3524 2945 3588 eius
2991 3526 3067 3590 ad
3109 3526 3218 3590 ho-

495 3629 703 3676 norem
752 3612 817 3675 et
856 3614 1089 3675 statum
1162 3611 1356 3675 nostri
1426 3611 1705 3690 dominii,
1777 3612 2085 3676 offerendo
2157 3630 2263 3675 nos
2306 3612 2370 3675 et
2427 3628 2751 3675 commune
2798 3616 3097 3691 nostrum,
3147 3617 3220 3679 ut

490 3716 740 3780 semper
785 3697 1064 3777 fecimuS,
1111 3698 1191 3761 ad
1237 3716 1350 3763 sua
1411 3698 1798 3781 beneplacita
1845 3701 1910 3763 et
1954 3700 2228 3763 honores
2290 3698 2372 3762 Et
2416 3699 2560 3780 quia
2607 3697 2805 3778 pridie
2851 3700 3216 3781 scripsimus

492 3785 608 3850 tibi
659 3804 763 3867 per
796 3784 951 3849 duas
978 3804 1194 3849 manns
1233 3785 1556 3849 literarum
1605 3788 1884 3849 nostram
1918 3786 2321 3850 intentionem
2356 3785 2420 3850 et
2471 3784 2996 3865 deliberationem,
3032 3805 3217 3869 quam

495 3874 716 3937 iterato
762 3873 841 3937 ad
888 3872 1192 3937 cautelam
1242 3872 1358 3936 tibi
1406 3871 1799 3954 replicamus,
1864 3872 2172 3937 vollumus
2233 3876 2300 3937 et
2359 3872 2727 3937 mandamus
2788 3873 2904 3937 tibi
2951 3893 3059 3956 per
3106 3893 3218 3938 nos

494 3966 557 4024 et
602 3963 889 4024 nostrum
938 3959 1267 4041 collegium
1317 3977 1457 4024 cum
1506 3960 1838 4035 additione,
1887 3962 2045 4041 quod
2091 3976 2379 4041 procures
2426 3960 2766 4040 adimplere
2803 3966 3077 4025 nostram
3124 3963 3221 4026 in·

491 4048 835 4112 tencionem
900 4046 1238 4111 secundum
1294 4044 1560 4110 formam
1625 4046 1904 4111 mandati
1962 4048 2153 4111 nostri
2200 4046 2482 4127 predicti.
2530 4046 2603 4109 In
2650 4064 2792 4112 casu
2842 4066 3003 4124 ver0,
3053 4050 3217 4130 quod

495 4135 778 4198 dominus
826 4152 932 4198 rex
980 4133 1251 4198 Karolus
1299 4136 1418 4198 iret
1466 4133 1539 4197 de
1588 4137 1756 4198 certo
1799 4133 1876 4199 ad
1924 4136 2130 4215 partes
2178 4132 2518 4211 Sclavonie,
2566 4135 2728 4197 sicut
2774 4133 2850 4198 fit
2895 4137 3125 4199 mentio
3153 4138 3214 4200 in

491 4222 693 4285 literis
740 4221 891 4298 eius,
920 4223 985 4284 et
1029 4223 1097 4285 tu
1145 4240 1263 4284 non
1311 4220 1547 4285 videres
1613 4221 1864 4285 modurn
1929 4220 2273 4303 complendi
2339 4221 2615 4284 nostram
2675 4221 3075 4286 intentionem
3121 4243 3219 4288 se-

493 4308 763 4372 cundum
815 4307 1073 4372 formam
1124 4308 1396 4371 mandati
1445 4309 1636 4371 nostri
1685 4307 1970 4390 predicti,
2004 4310 2151 4373 tunc
2200 4309 2257 4371 in
2286 4308 2399 4372 hoc
2445 4327 2615 4378 casu,
2644 4312 2896 4390 accepto
2929 4313 3213 4374 comeatu

492 4412 529 4458 a
573 4394 819 4459 domino
852 4414 991 4477 rege
1028 4396 1277 4473 Karolo,
1306 4395 1694 4459 etadomino
1720 4395 2015 4460 cardinali
2065 4396 2313 4459 Ravene
2338 4398 2401 4458 et
2424 4396 2500 4459 ab
2524 4394 2665 4459 aliis
2709 4396 2925 4459 amicis
2973 4399 3219 4475 nostris,

494 4481 792 4545 Venecias
839 4483 1167 4546 revertaris
1214 4484 1287 4546 de
1319 4483 1602 4546 omnibus
1649 4482 2031 4547 informatus.
2069 4482 2152 4545 Et
2182 4482 2345 4546 circa
2390 4482 2622 4546 similia
2683 4483 2868 4547 verba
2913 4485 2977 4547 et
3018 4503 3227 4566 regra-

494 4569 802 4630 ciamenta
863 4567 1059 4632 facere
1108 4569 1293 4633 debas
1350 4570 1596 4633 domino
1650 4570 1933 4651 episcopo
1979 4569 2387 4652 Isagrabiensi
2456 4587 2595 4633 cum
2658 4570 2787 4633 illis
2834 4570 3057 4647 verbiS,
3106 4590 3225 4653 que

495 4653 610 4715 tibi
664 4653 841 4716 utilia
889 4656 1295 4731 videbuntur;
1344 4674 1558 4721 verum
1605 4674 1722 4720 non
1786 4656 2006 4721 debeas
2068 4657 2196 4721 ullo
2246 4658 2426 4720 modo
2472 4654 2754 4720 recedere
2809 4656 2885 4720 de
2947 4619 3224 4738 pai-’tibus

494 4738 643 4812 illis,
689 4739 806 4803 nisi
869 4742 1068 4821 primo
1116 4741 1341 4806 videris
1410 4742 1731 4808 dominum
1816 4761 2025 4827 regem
2090 4742 2393 4808 Karolum
2458 4743 2748 4807 recesisse
2808 4743 2884 4806 de
2938 4744 3220 4825 partibus
