3620 5282
458 309 538 373 78

840 482 1134 564 cxvl.
1188 482 1394 564 eod.
1450 482 1680 564 1348.
1734 483 1839 565 29
1895 483 2266 583 trama,
2323 504 2382 562 u
2435 481 2828 564 metam.

452 609 905 668 D·ubrov‹5anom
952 609 1203 667 kuinom
1237 609 1438 667 bolestz'
1483 609 1784 681 oslabljm,
1839 609 2053 680 ocitujc
2084 624 2145 684 spe
2173 608 2470 675 saialcm'e
2513 609 2536 665 i
2580 610 2839 680 oruijem
2883 623 2944 665 se
2989 607 3187 666 031(νό-

456 696 629 768 ljujvae.
670 695 960 765 Zadrani,
1006 697 1128 768 koji
1156 712 1230 754 su
1264 697 1321 756 iz
1352 696 2263 857 Mletaka’pgggagntfmtooeni
2295 696 2416 766 bili,
2438 696 2713 770 pobjezyli,
2762 697 2874 754 kao
2889 694 3193 767 proynani

683 919 874 983 1348.
922 919 1018 984 die
1064 920 1407 1002 penultimo
1448 920 1681 1000 apriliS,
1729 923 1947 1002 capta:
2017 922 2170 1002 quod
2235 920 2541 985 scribatur
2599 921 2811 984 nostro
2870 918 3080 984 comiti
3129 919 3194 981 et

459 1008 767 1073 communi
812 1007 1073 1089 Ragusii
1119 1027 1262 1071 cum
1309 1007 1537 1088 pulcris
1584 1007 1805 1085 verbiS,
1854 1006 2227 1072 condolendo
2274 1007 2349 1071 de
2402 1007 2695 1091 pestifero
2759 1025 2905 1071 casu
2955 1007 3218 1089 morta-7

461 1096 681 1172 litatiS,
732 1097 982 1177 propter
1028 1113 1208 1177 quam
1258 1095 1333 1159 de
1376 1096 1651 1176 personis
1696 1095 1962 1159 multum
2011 1094 2299 1159 diminuti
2347 1095 2651 1165 dicuntur.
2707 1094 2789 1158 Et
2836 1093 3190 1157 nichilomi-

459 1203 572 1247 nus
616 1183 692 1247 ad
741 1201 947 1246 eorum
998 1181 1512 1264 supplicationem
1570 1184 1936 1247 concedatur
1981 1184 2090 1259 eiS,
2141 1184 2307 1264 quod
2354 1183 2520 1246 idem
2567 1201 2770 1247 comes
2816 1186 3041 1260 noster,
3096 1182 3188 1244 iu-

458 1271 624 1334 dices
672 1271 736 1333 et
782 1268 1103 1333 consilium
1155 1269 1413 1353 Ragusii
1461 1289 1569 1351 per
1619 1271 1917 1349 maiorem
1972 1274 2210 1352 partem
2266 1289 2473 1334 eorum
2538 1270 2604 1333 in
2670 1268 2834 1332 facto
2901 1269 3189 1332 condem-

458 1360 747 1421 natorum
800 1361 1075 1438 tempore
1123 1375 1543 1438 precessorum
1596 1357 1791 1438 ipsius
1830 1357 2074 1421 comitis
2124 1358 2183 1421 in
2208 1359 2469 1439 pecunia
2516 1357 2613 1421 vel
2658 1375 2731 1420 ex
2773 1355 3184 1433 contumacia,

461 1445 555 1511 vel
609 1445 810 1520 aliter,
872 1443 1202 1507 dummodo
1266 1445 1538 1526 predicte
1607 1445 2145 1509 condemnationes
2207 1445 2306 1509 vel
2365 1445 2751 1509 contumacie
2812 1443 2908 1508 vel
2974 1461 3185 1507 earum

458 1533 666 1614 aliqua
715 1550 832 1595 nou
879 1530 1007 1595 sint
1056 1531 1400 1614 corporales
1432 1582 1448 1608 ,
1518 1551 1628 1595 nec
1689 1532 2028 1613 importent
2089 1550 2199 1596 nec
2260 1534 2594 1613 importare
2659 1533 2899 1613 possint
2960 1548 3184 1613 penam

459 1619 795 1703 sanguiniS,
845 1619 1083 1701 possint
1132 1618 1476 1700 providere,
1528 1620 1849 1701 disponere
1902 1621 1964 1684 et
2010 1618 2226 1696 facere,
2277 1621 2435 1684 sicut
2468 1619 2556 1683 eis
2601 1618 2912 1683 videbitur
2952 1636 3057 1700 pro
3081 1636 3191 1681 sua

460 1707 929 1773 conservatione
978 1708 1043 1769 et
1091 1706 1265 1784 bon0,
1315 1709 1446 1770 tam
1492 1707 1555 1770 in
1603 1707 1943 1790 mitigando
1989 1707 2352 1771 solutionem
2409 1707 2682 1788 ipsarum
2733 1705 3192 1771 condemnatio-

460 1814 606 1859 num
656 1813 765 1876 per
816 1793 1136 1869 terminos,
1186 1812 1371 1875 quam
1432 1793 1496 1856 in
1561 1795 1930 1859 remittendo
1994 1813 2097 1858 eas
2160 1797 2221 1858 in
2269 1797 2400 1859 toto
2458 1798 2520 1859 et
2566 1795 2779 1876 parte,
2832 1798 2900 1858 ut
2962 1792 3187 1856 melius

461 1881 816 1965 putaverint
862 1881 1062 1945 facere
1114 1899 1224 1963 pro
1274 1899 1382 1945 suo
1431 1881 1629 1959 statu,
1668 1901 1786 1945 non
1853 1883 2138 1946 obstante
2183 1883 2614 1946 commissione
2680 1881 2925 1946 comitis
2973 1898 3191 1962 supra-

460 1969 631 2033 dicti.
681 1969 763 2032 Et
808 1970 1032 2034 durent
1078 1970 1190 2032 hec
1254 1988 1443 2050 usque
1501 1970 1576 2033 ad
1622 1988 1726 2032 sex
1771 1989 2017 2034 menses
2078 1970 2354 2052 proxime
2414 1970 2750 2035 secuturos.
2809 1969 2891 2031 Et
2947 1969 3000 2032 si
3048 1985 3190 2031 con-

462 2057 671 2121 silium
724 2060 849 2121 etc.
898 2056 979 2119 Et
1028 2055 1214 2119 etiam
1265 2056 1571 2120 scribatur
1618 2059 1825 2120 nostro
1869 2058 2187 2140 capitaneo
2228 2055 2406 2135 culfi,
2469 2058 2628 2139 quod
2672 2057 2900 2121 habeat
2959 2074 3191 2119 recom-

462 2144 827 2208 mandatum
877 2145 1116 2207 statum
1167 2144 1231 2206 et
1278 2145 1800 2208 conservationem
1854 2144 2127 2210 civitatis
2173 2144 2434 2227 Ragusii
2499 2146 2561 2208 in
2625 2162 2695 2208 6ο
2740 2143 2899 2227 quod
2961 2143 3192 2225 poterit

461 2251 599 2296 cum
651 2232 982 2296 securitate
1031 2232 1417 2295 armatarum
1471 2233 1535 2295 et
1575 2231 1963 2314 navigiorum
2012 2236 2381 2296 nostrorum.

671 2317 900 2400 Capta:
951 2317 1113 2400 quod
1160 2317 1533 2383 concedatur
1580 2319 1890 2384 communi
1937 2319 2197 2402 Ragusii
2223 2369 2238 2396 ,
2287 2320 2445 2402 quod
2492 2320 2693 2402 possit
2739 2318 3063 2383 extrahere
3112 2316 3189 2380 de

462 2405 744 2471 Venetiis
792 2407 857 2469 et
901 2405 1154 2470 conduci
1202 2405 1398 2470 facere
1447 2407 1790 2488 Ragusium
1830 2406 2021 2470 libere
2062 2425 2171 2489 pro
2214 2425 2327 2470 sua
2358 2408 2685 2472 securitate
2723 2408 2788 2470 et
2816 2405 3191 2470 deffensione

464 2493 757 2558 ballistas
805 2494 1051 2557 centum
1091 2492 1154 2555 et
1200 2512 1414 2575 capsas
1460 2499 1708 2557 centum
1756 2493 1832 2557 de
1895 2493 2217 2558 veretonis
2287 2494 2367 2557 Et
2413 2494 2466 2557 si
2512 2493 2718 2557 omnia
2787 2492 2953 2557 dicta
3016 2510 3191 2556 arma

465 2600 587 2646 non
637 2582 891 2664 possent
934 2580 1226 2658 invenire,
1272 2580 1498 2645 dentur
1551 2582 1639 2645 eis
1686 2580 1768 2660 id,
1818 2582 1977 2664 quod
2023 2582 2327 2659 deficeret,
2375 2583 2448 2646 de
2494 2585 2703 2647 nostro
2744 2581 3032 2645 arsenatu
3081 2596 3190 2662 pro

462 2670 630 2734 iusta
676 2668 1098 2745 extimatione,
1148 2669 1438 2732 solvendo
1500 2670 1964 2734 extimacionem
2028 2670 2387 2751 predictam.
2455 2670 2535 2733 Et
2581 2670 2769 2733 etiam
2834 2669 3074 2751 possint
3117 2666 3190 2731 li·

343 2835 348 2839 ,
462 2758 609 2821 bere
654 2757 730 2821 de
777 2757 919 2819 hinc
967 2756 1285 2819 extrahere
1349 2758 1414 2820 et
1472 2757 1723 2820 conduci
1784 2757 1985 2821 facere
2031 2757 2288 2840 Ragusii
2338 2757 2607 2822 curatias
2652 2755 2993 2834 LXXXXI,
3042 2773 3191 2836 quas

465 2843 920 2909 cambiaverint
960 2845 1063 2908 hic
1108 2862 1255 2906 cum.
1294 2842 1555 2908 totidem
1603 2843 1678 2908 de
1726 2845 1853 2908 suis
1895 2845 2148 2909 coratiis
2194 2845 2523 2923 veteribuS‚
2585 2844 2902 2909 conductis
2949 2844 3024 2911 de
3067 2843 3194 2907 Ra-

462 2934 639 3015 gurio
689 2932 1000 2995 Venetias

673 3018 902 3099 Capta:
953 3037 1090 3082 cum
1135 3018 1516 3100 infrascripti
1566 3018 1905 3095 Jadratini‚
1956 3021 2058 3102 qui
2109 3022 2285 3084 erant
2329 3019 2449 3096 hic,
2500 3020 2562 3083 et
2610 3018 2835 3083 morari
2884 3017 3195 3081 debebant

462 3106 540 3169 ad
580 3107 873 3170 mandata
918 3108 981 3170 et
1026 3106 1446 3170 obedientiam
1490 3108 1765 3170 nostram
1791 3156 1806 3182 ,
1873 3108 2240 3170 recesserint
2286 3106 2361 3171 de
2413 3107 2685 3171 Venetiis
2754 3106 2984 3187 absque
3050 3122 3193 3167 con-

462 3195 653 3258 sciam
702 3195 992 3268 nostram,
1042 3192 1258 3257 fractis
1307 3192 1632 3268 mandatiS,
1683 3212 1797 3274 que
1845 3191 2170 3257 observare
2216 3193 2542 3269 debebant,
2588 3196 2652 3256 et
2698 3193 2910 3268 citati,
2960 3209 3024 3254 se
3072 3208 3192 3254 non

462 3282 969 3363 presentaverunt
1013 3299 1216 3344 coram
1259 3279 1434 3343 nobis
1477 3278 1638 3343 infra
1684 3281 2022 3344 terminum
2072 3280 2160 3343 eis
2202 3282 2437 3355 datum,
2485 3279 2593 3343 sed
2648 3281 2853 3361 potius
2901 3296 3188 3360 perman-

463 3369 656 3432 serint
701 3368 996 3432 obstinati
1044 3368 1105 3430 in
1154 3366 1427 3448 nequitia
1475 3385 1616 3431 sua:
1684 3365 1855 3431 vadit
1913 3385 2090 3449 parS,
2143 3367 2300 3449 quod
2363 3368 2483 3448 ipsi
2542 3368 2608 3430 et
2667 3366 2929 3448 quilibet
2974 3383 3187 3428 eorum

462 3455 810 3520 clamentur
856 3457 918 3519 in
963 3456 1160 3520 banno
1207 3456 1281 3517 (16
1326 3455 1599 3519 Venetiis
1648 3457 1712 3518 et
1754 3454 2080 3532 districtu,
2130 3457 2196 3518 et
2241 3454 2314 3517 de
2362 3453 2648 3517 omnibus
2694 3454 2878 3518 terris
2923 3454 2988 3516 et
3032 3451 3184 3515 locis

461 3544 732 3607 dominio
778 3545 984 3607 nostro
1035 3542 1350 3620 subiectis,
1400 3544 1464 3605 et
1510 3542 1668 3606 bona
1714 3559 1928 3606 eorum
1976 3545 2038 3606 et
2100 3540 2434 3606 cuiuslibet
2497 3559 2708 3606 eorum
2771 3539 3185 3605 confiscentur

463 3632 525 3695 in
575 3633 783 3695 nostro
832 3630 1142 3695 communi
1193 3631 1620 3695 Veneciarum.
1686 3630 1775 3694 Et
1817 3628 2126 3696 scribatur
2186 3631 2396 3695 nostro
2455 3630 2670 3693 comiti
2715 3630 2779 3693 et
2823 3626 3191 3692 consiliariis

466 3719 658 3784 Jadre
705 3722 770 3783 et
814 3718 1024 3782 comiti
1069 3718 1225 3799 Pagi
1270 3720 1333 3782 et
1377 3717 1745 3800 ubicumque
1809 3719 2104 3796 sciretur,
2154 3717 2310 3800 quod
2375 3717 2673 3781 haberent
2716 3717 2792 3780 de
2840 3733 2984 3793 suc,
3034 3713 3195 3797 quod

461 3809 596 3890 ipsa
642 3807 801 3871 bona
849 3806 1188 3869 intromitti
1236 3807 1299 3869 et
1346 3806 1691 3870 conservari
1740 3804 1979 3869 faciant
2003 3805 2247 3871 nomine
2278 3806 2473 3869 nostri
2496 3805 2862 3869 communis.
2913 3804 2996 3868 Et
3026 3822 3196 3867 com-

462 3896 748 3958 mittatur
794 3895 858 3956 et
904 3893 1228 3957 mandetur
1275 3894 1560 3957 omnibus
1592 3893 1937 3957 rectoribus
1970 3893 2217 3960 nostris,
2271 3894 2428 3976 quod
2461 3894 2513 3955 si
2545 3892 2807 3975 predicti
2840 3891 2940 3957 vel
2978 3909 3193 3956 eorum

461 3981 689 4063 aliquis
736 3981 990 4062 reperiri
1037 3981 1261 4061 posset,
1310 3980 1372 4042 in
1420 3979 1610 4044 forcio
1657 3998 1768 4044 suo
1816 3982 1982 4063 ipsos
2030 3981 2259 4045 faciant
2302 3980 2602 4057 detineri,
2650 3982 2715 4044 et
2760 3980 2837 4044 ad
2884 3997 2995 4044 nos
3043 3979 3191 4042 mit-

456 4071 595 4134 tant
639 4067 752 4132 sub
798 4067 921 4132 fida
967 4068 1261 4144 custodia,
1311 4069 1384 4131 de
1436 4068 1656 4150 quibus
1706 4069 1853 4133 tunc
1913 4069 2043 4147 fiat,
2104 4068 2268 4133 sicut
2330 4068 2638 4133 videbitur
2701 4068 2842 4132 huic
2913 4067 3189 4132 consilio.

460 4154 730 4219 Nomina
784 4173 923 4219 vero
966 4155 1374 4235 predictorum
1424 4156 1570 4220 sunt
1612 4156 1764 4220 hec:
1814 4156 2038 4221 Nicola
2069 4156 2145 4221 de
2179 4156 2516 4235 ZaduliniS,
2565 4155 2845 4221 Cressius
2891 4154 2967 4219 (16
3001 4153 3193 4231 Zorzi,

459 4241 661 4305 Raddi
709 4243 782 4305 de
832 4243 1210 4319 VaricassuS,
1264 4242 1519 4306 Maurus
1569 4242 1643 4306 (16
1692 4243 2058 4326 GrisogonO.

546 4332 725 4391 Misti
774 4332 939 4390 XXI
954 4332 1016 4391 V.
1054 4334 1155 4401 73,
1199 4350 1242 4390 u
1288 4333 1627 4392 mletaclrom
1670 4334 1904 4393 arkivu.
