3620 5282
502 349 629 414 170

500 525 782 591 fidelibus
829 526 1124 610 irrogata,
1175 529 1238 592 et
1286 527 1443 611 quod
1507 547 1541 591 a
1588 526 1900 592 similibus
1968 546 2031 592 se
2095 528 2409 592 abstineat
2472 527 2787 603 deceterO,
2851 526 3232 609 procurando

498 613 686 677 istam
736 618 1006 678 nostram
1054 615 1463 701 intencionem
1513 634 1653 679 cum
1703 616 1827 679 ilhs
1895 615 2094 680 verbis
2163 618 2225 679 et
2291 615 2523 691 modiS,
2574 634 2688 697 que
2752 614 3120 679 videbuntur
3177 614 3232 678 ei

503 720 611 782 pro
658 703 882 767 honore
933 706 1156 779 nostr0,
1208 705 1541 767 offerrendo
1590 704 1753 767 dicto
1801 706 1924 767 don
1974 704 2192 781 Petr0,
2245 703 2422 785 quod,
2489 705 2539 767 si
2588 703 2732 784 quid
2799 703 2875 765 ab
2924 702 3231 784 aliquibus

502 790 731 853 nostris
780 790 1062 855 fidelibus
1109 792 1333 855 habere
1363 792 1660 867 debuerit,
1707 792 1813 855 fiet
1860 792 1914 855 ei
1961 792 2202 855 iusticie
2225 790 2781 872 complementum;
2829 793 2891 854 et
2937 789 3231 872 quidquid

498 877 802 955 habuerit,
849 879 1152 943 rescribat
1197 879 1424 943 nostris
1472 879 1681 942 baiulo
1728 882 1791 943 et
1837 879 2205 943 consiliariis
2251 879 2677 963 NigropoutiS.

580 969 775 1039 Misti,
825 969 1064 1028 XXVI.
1130 972 1184 1038 6,
1218 988 1259 1028 u
1303 971 1643 1029 weletadkom
1690 971 1922 1029 arkivu.

818 1156 1250 1240 CCXLIV.
1316 1158 1522 1241 God.
1575 1159 1807 1242 1350.
1864 1160 1958 1242 13
2014 1160 2360 1260 ozujka,
2411 1179 2472 1239 u
2525 1157 2915 1239 Mletcih.

713 1284 964 1343 Dviema
1012 1285 1383 1344 Zadranz'ma
1429 1286 1784 1359 dozvolJ’enO,
1836 1287 1916 1344 da
1960 1303 2021 1345 se
2066 1304 2148 1343 na
2187 1286 2509 1344 zadarskih
2555 1284 2742 1342 otoce'h
2790 1283 3002 1342 nasale.

726 1404 911 1469 1250.
961 1405 1058 1469 die
1098 1406 1253 1469 XIII
1292 1407 1526 1484 marcii,
1577 1410 1790 1489 capta:
1840 1407 2000 1489 quod
2050 1406 2390 1471 Damianus
2436 1406 2512 1468 de
2560 1404 2846 1487 Cipriano
2895 1403 2971 1467 de
3017 1402 3227 1478 Jadra,

511 1493 612 1575 qui
658 1512 695 1557 a
739 1493 1039 1576 principio
1089 1513 1277 1575 usque
1321 1495 1501 1558 modo
1568 1496 1747 1559 stetit
1791 1498 1854 1559 et
1901 1496 2170 1559 servavit
2230 1493 2492 1558 confinia
2557 1494 2768 1557 nostra
2813 1493 2876 1555 in
2926 1489 3227 1565 Veneciis,

505 1600 617 1645 nec
664 1580 851 1645 habet
899 1582 1057 1645 unde
1106 1583 1308 1646 vivere
1356 1583 1569 1664 possit,
1621 1584 1817 1665 possit
1863 1584 1949 1647 ire
1996 1585 2061 1646 et
2100 1589 2264 1646 stare
2312 1582 2374 1646 in
2423 1581 2640 1646 insulis
2687 1600 2828 1645 cum
2867 1577 3230 1643 conditioni-

508 1670 620 1733 bus
672 1669 933 1732 aliorum
984 1671 1428 1734 confinatorum
1487 1672 1548 1734 in
1596 1671 1837 1735 insulis,
2641 1734 2656 1743 „

717 1755 946 1839 Capta:
996 1757 1153 1839 quod
1203 1758 1493 1822 similiter
1538 1758 2255 1824 concedaturFraucisco
2303 1759 2378 1822 de
2404 1756 2736 1834 ZaduliniS,
2790 1756 2897 1839 qui
2942 1753 3228 1820 continue

509 1844 781 1909 servavit
824 1846 1121 1923 confinia,
1168 1850 1230 1910 et
1275 1845 1348 1910 ad
1394 1847 1674 1910 strictam
1743 1847 2162 1912 condicionem
2225 1846 2540 1928 pervenit,
2602 1846 2759 1928 quod
2808 1844 2896 1907 ire
2953 1844 3017 1906 et
3061 1843 3228 1906 stare

510 1932 708 2014 possit
753 1932 815 1995 iu
863 1933 1082 1997 insulis
1129 1952 1270 1998 cum
1319 1934 1773 1999 condicionibus
1818 1937 2079 1999 aliorum
2126 1934 2573 1998 confinatorum
2620 1932 2872 1996 ibidem.

580 2023 779 2092 Misi-i,
828 2023 957 2081 XX
969 2024 1069 2084 VI.
1119 2028 1174 2093 6,
1221 2043 1263 2083 u
1310 2027 1526 2084 arkivu
1562 2027 1922 2086 mletackom.

841 2211 1226 2296 ochv.
1282 2214 1487 2297 eod.
1542 2216 1774 2299 1350.
1832 2217 1933 2300 23
1988 2215 2329 2318 ozujka,
2385 2238 2444 2296 u
2499 2213 2891 2296 metam.

496 2336 874 2411 Obaviesc‘ch
920 2357 980 2398 se
1027 2341 1316 2414 bolonjsko'
1374 2344 1669 2401 stoker-nik
1714 2360 1746 2402 ο
1792 2344 1995 2417 njekih
2054 2343 2268 2402 υἱεέιίῖι
2316 2342 2592 2401 ᾱοέαυέἑῆ
2638 2341 2693 2399 iz
2760 2338 3043 2413 Uyarske.
3102 2337 3224 2395 Do-

492 2426 751 2499 zvoljeno
801 2426 1194 2497 Ρονεέαηοηι,
1242 2430 1321 2487 da
1372 2432 1426 2489 si
1472 2432 1700 2490 nabave
1745 2433 1891 2490 vina
1956 2432 2012 2491 iz
2073 2431 2289 2490 okolice
2335 2430 2411 2489 od
2454 2430 2666 2502 Kopra
2711 2428 2784 2486 do
2837 2426 3032 2486 Trsta.
3113 2424 3226 2485 Uz-

498 2514 741 2587 kraeuje
786 2531 847 2574 se
907 2533 1077 2589 repar.
1127 2517 1331 2589 kralju
1384 2517 1576 2592 yalija
1618 2536 1693 2578 za
1726 2536 1947 2592 prevoz
1992 2519 2228 2593 njeyove
2274 2519 2422 2588 cete,
2468 2535 2508 2576 a
2553 2516 2800 2575 obecava
2860 2532 2962 2573 mu
3007 2530 3099 2584 se,
3147 2514 3226 2572 da

957 2604 1016 2663 ce
1054 2606 1282 2680 m'eyovi
1327 2607 1565 2666 brodovi
1612 2608 1720 2666 biti
1762 2608 1941 2674 ,dobro
1987 2608 2289 2681 primzjeni
2335 2624 2376 2665 u
2421 2606 2572 2665 mlet.
2623 2605 2773 2663 luke.

701 2722 890 2787 1350.
934 2724 1267 2791 indictione
1315 2725 1431 2805 III,
1475 2727 1577 2791 die
1629 2728 1850 2792 XXIII
1897 2727 2132 2806 marcii,
2197 2729 2414 2809 capta:
2479 2725 2640 2808 quod
2701 2724 2825 2787 ista
2884 2741 3057 2796 nova,
3105 2743 3223 2806 que

497 2811 800 2876 habemus
850 2811 925 2876 de
969 2815 1253 2895 partibus
1301 2815 1639 2899 Hungarie,
1687 2815 2080 2880 notificentur
2126 2816 2373 2880 domino
2420 2812 2719 2878 cardinali
2751 2812 3083 2876 Bolonensi
3115 2831 3225 2894 per

493 2898 672 2963 illum
724 2901 992 2999 modum,
1042 2903 1144 3002 qui
1194 2903 1503 2968 videbitur
1549 2902 1814 2982 domin0,
1881 2903 2288 2981 consiliariis,
2354 2901 2661 2985 capitibus
2711 2901 2774 2963 et
2818 2900 3221 2983 sapientibus,

487 2988 586 3052 vel
631 2993 1130 3159 nggaaparslifia
1178 3079 1394 3143 civitas
1443 3080 1654 3143 nostra
1701 3079 1982 3144 Parentii
2031 3097 2190 3143 anno
2237 3078 2536 3162 preterito
2573 3078 2693 3143 fuit
2732 3079 3004 3143 multum-
3035 3096 3221 3158 penu-

491 3162 651 3226 riosa
702 3163 839 3227 vino
888 3168 1136 3246 propter
1183 3167 1568 3250 frequentem
1618 3186 1869 3231 cursum
1916 3169 2401 3250 peregrinorum,
2451 3167 2909 3251 Hungarorum,
2957 3164 3221 3230 Tbeuto-

376 3249 383 3254 ’
488 3251 764 3314 nieorum
815 3253 878 3314 et
926 3253 1307 3332 Sclavorum‚
1361 3256 1466 3337 qui
1514 3275 1623 3338 pro
1671 3256 1892 3320 maiori
1939 3257 2114 3338 parte
2140 3255 2456 3320 declinant
2504 3255 2652 3320 illuc
2699 3274 2805 3338 pro
2854 3253 3220 3318 transeundo

487 3338 551 3401 in
600 3337 1223 3416 Marcbiam,-vinum
1268 3361 1384 3407 non
1433 3343 1737 3425 reperitur
1783 3343 1845 3406 in
1893 3344 2058 3408 terra
2096 3343 2398 3427 premissa
2440 3343 2503 3407 in
2551 3362 2844 3426 magnum
2896 3340 3219 3404 sinistrum

491 3427 844 3490 nostrorum
885 3429 1160 3494 fidelium
1208 3429 1371 3495 dicte
1418 3434 1582 3495 terre
1628 3434 1690 3495 et
1735 3430 2164 3496 itinerantium
2230 3430 2411 3496 illac:
2470 3430 2640 3496 vadit
2681 3449 2855 3512 pars,
2904 3427 3062 3509 quod
3110 3447 3217 3510 pro

495 3514 723 3579 honore
770 3517 979 3581 nostro
1028 3523 1091 3583 et
1136 3537 1245 3602 pro
1293 3519 1548 3584 comodo
1593 3519 2012 3602 predictorum
2061 3519 2429 3584 concedatur
2498 3518 2827 3602 potestati,
2901 3518 3263 3587 communi.

492 3602 555 3666 et
601 3602 951 3668 bominibus
998 3605 1163 3671 dicte
1211 3610 1391 3685 terre,
1442 3606 1603 3689 quod
1650 3608 1712 3671 in
1760 3607 2231 3672 subventionem
2265 3607 2426 3672 dicte
2474 3626 2579 3672 sue
2628 3603 3046 3670 neccessitatis
3080 3623 3218 3686 pos-

488 3690 619 3756 sint
665 3691 736 3754 de
780 3694 1062 3774 partibus
1108 3694 1522 3778 Justinopolis
1571 3697 1635 3759 et
1679 3694 1755 3759 ad
1804 3695 1946 3759 inde
1994 3713 2176 3777 supra
2228 3715 2438 3761 versus
2485 3694 2848 3777 Tergestum
2896 3691 3216 3758 extrahere

487 3778 812 3861 amphoras
859 3781 909 3845 L
958 3781 1171 3846 ribolei
1219 3785 1335 3847 etc.

700 3865 928 3949 Capta:
981 3869 1139 3951 quod
1186 3870 1625 3952 respondeatur
1670 3870 1921 3936 domino
1982 3871 2112 3954 regi
2160 3871 2484 3955 Hungarie
2530 3870 2607 3934 ad
2655 3869 2897 3934 litteras
2960 3888 3104 3935 suas
3151 3870 3215 3935 in

483 3955 678 4021 forma
724 3955 1143 4037 subsequenti.
1197 3957 1564 4023 Serenitatis
1630 3958 1834 4023 vestre
1897 3960 2232 4024 novissime
2295 3959 2539 4023 litteras
2588 3957 3007 4044 (recepimus),
3055 3960 3216 4023 inter

482 4044 685 4107 cetera
733 4043 1143 4122 continenteS,
1191 4046 1492 4128 quatenus
1541 4064 1663 4109 una
1708 4047 1891 4129 galea
1949 4066 2058 4130 pro
2128 4047 2432 4129 stipendio
2496 4047 2561 4110 in
2619 4047 2801 4129 portu
2866 4044 3083 4131 Senye,
3151 4048 3214 4111 in

481 4148 604 4212 qua
646 4149 798 4213 gens
848 4134 1052 4195 vestra
1099 4150 1206 4215 per
1255 4152 1425 4198 mare
1491 4152 1773 4198 securum
1824 4135 2159 4199 transitum
2223 4135 2424 4199 facere
2487 4135 2717 4219 possit,
2789 4135 3213 4200 transmittere

481 4216 774 4293 velemus,
826 4218 1176 4284 dilectionis
1216 4220 1397 4286 solite
1445 4220 1668 4286 affectu
1715 4224 2079 4305 recepimuS,
2129 4242 2311 4305 super
2342 4222 2564 4304 quibus
2610 4222 2968 4287 celsitudini
3008 4225 3210 4287 vestre

481 4302 763 4369 duximus
810 4307 1335 4387 respondendnm,
1387 4309 1547 4392 quod
1611 4328 1719 4373 nos
1766 4311 1843 4373 ob
1909 4330 2200 4394 magnam
2250 4313 2313 4374 et
2363 4311 2740 4394 singularem
2802 4309 3209 4389 affectionem,

480 4407 666 4471 quam
714 4391 790 4456 ad
834 4394 1267 4461 excellenciam
1318 4399 1590 4461 vestram
1637 4399 1701 4461 et
1746 4402 1985 4463 vestros
2032 4398 2306 4481 gerimus
2354 4403 2418 4461 et
2466 4400 2765 4463 babemus
2814 4399 2974 4463 votis
3008 4399 3073 4462 et
3105 4399 3212 4463 be-

485 4478 812 4560 neplacitis
860 4481 1071 4563 regiis,
1121 4485 1290 4548 velut
1333 4484 1715 4550 honorabilis
1755 4486 1819 4550 et
1865 4487 2138 4569 precipui
2187 4486 2370 4551 amici
2412 4488 2605 4552 nostri
2651 4488 2714 4550 in
2746 4505 2892 4550 casu
2938 4487 3214 4568 quolibet

480 4567 1004 4649 complaceremus
1055 4570 1336 4647 libenter,
1386 4573 1492 4636 sed
1541 4574 1630 4637 sic
1676 4573 2111 4639 celsitudinem
2162 4576 2433 4639 vestram
2483 4575 2639 4639 scire
2699 4574 3211 4658 presupponimus

479 4654 592 4718 hoc
637 4655 870 4739 absque
917 4657 1179 4722 afiorum
1227 4658 1495 4725 evidenti
1524 4660 1748 4725 iniuria
1794 4663 1893 4726 vel
1938 4661 2169 4726 offensa
2215 4660 2350 4726 fieri
2398 4667 2461 4726 et
2505 4661 2677 4745 sequi
2727 4681 2845 4727 non
2882 4664 3112 4744 posset,
3147 4664 3214 4726 et

477 4743 675 4808 nostri
719 4745 797 4809 ob
844 4747 1086 4809 nostras
1133 4748 1198 4811 et
1243 4749 1406 4812 terre
1453 4750 1661 4813 nostre
1704 4749 2089 4815 condiciones
2140 4768 2259 4814 non
2282 4748 2547 4815 interest
2590 4768 2700 4834 per
2747 4749 3210 4815 observanciam
