3620 5282
2929 346 3062 409 445

345 525 624 607 expensis
666 523 924 598 fiendis;
971 525 1037 587 et
1083 523 1244 604 apud
1289 522 1423 599 hoc,
1472 521 1615 605 quia
1663 521 1787 584 ista
1836 538 2114 602 persona,
2186 537 2302 600 que
2367 520 2489 585 huc
2562 520 2730 584 venit
2775 519 2839 582 et
2886 519 3059 583 ducit

350 616 539 679 istum
589 613 945 687 tractatum,
1018 612 1208 675 etiam
1281 610 1428 673 fecit
1473 627 1822 690 expensam,
1874 626 1984 671 nec
2026 610 2230 689 potest
2275 607 2459 671 aliter
2504 625 2659 685 esse,
2696 605 2908 671 donari
2943 607 3087 670 sibi⁴

348 700 614 766 debeant
680 699 893 763 ducati
942 697 989 763 C
1033 715 1139 779 pro
1181 697 1461 778 expensis
1502 695 1703 772 iactis,
1749 697 1814 759 et
1859 696 1948 759 ita
1995 696 2239 758 dicatur
2305 694 2446 772 sibi,
2516 695 2580 757 et
2626 693 3065 758 nichilominus

350 787 504 852 fiant
550 787 670 852 sibi
718 804 978 869 expense
1021 805 1130 866 per
1176 783 1412 847 dictum
1462 786 1740 847 nostrum
1792 782 2059 846 nobilem
2100 780 2316 859 eundo,
2367 782 2584 847 stando
2632 786 2694 843 et
2742 780 3063 845 redeundo,

561 873 811 939 Nobilis
856 873 1063 936 autem
1114 871 1428 953 predictus
1495 869 1642 952 eligi
1703 867 1927 933 debeat
1987 887 2097 950 per
2139 868 2470 951 collegium
2517 868 2766 943 domini,
2817 867 3068 932 consili-

352 961 646 1037 ariorum,
695 960 965 1042 capitum
1015 962 1079 1022 et
1122 956 1472 1040 sapientum
1520 955 1842 1039 utriusque
1892 974 2108 1019 manus
2155 974 2261 1036 pro
2309 956 2467 1019 bona
2509 956 2867 1020 executione
2915 973 3070 1019 nos-

355 1052 453 1113 tre
499 1047 879 1122 intentionis,
928 1047 993 1109 et
1038 1046 1371 1109 comitatur
1416 1043 1636 1120 eidem,
1686 1044 1847 1126 quod
1898 1062 2038 1107 cum
2087 1041 2318 1107 fuerint
2363 1044 2438 1106 ad
2466 1044 2911 1106 monasterium
2960 1061 3069 1106 su-

357 1134 798 1217 prascriptum,
849 1133 910 1196 in
959 1135 1119 1215 quod
1169 1132 1372 1198 vocari
1421 1150 1527 1195 seu
1579 1132 1782 1195 venire
1824 1131 2050 1194 debent
2072 1129 2147 1193 de
2180 1130 2477 1211 predictis
2511 1129 2823 1194 nobilibus
2852 1128 3066 1209 Jadre‚

360 1224 425 1286 et
469 1240 611 1286 cum
656 1221 955 1292 venerint,
1003 1222 1354 1301 presentata
1404 1218 1494 1282 eis
1563 1217 1775 1282 littera
1846 1220 2056 1281 nostra
2126 1216 2509 1281 credulitatis
2571 1219 2785 1297 aperta
2829 1214 2905 1281 de
2951 1218 3069 1280 fide

360 1307 479 1374 sibi
530 1311 594 1373 et
639 1309 744 1372 isti
793 1325 1044 1390 persone
1090 1307 1307 1382 danda,
1358 1324 1542 1388 quam
1593 1308 1803 1369 tamen
1849 1325 1964 1370 non
2035 1304 2334 1377 dimittat,
2405 1305 2510 1367 sed
2580 1305 2843 1368 retineat
2909 1305 3067 1385 apud
3136 1320 3141 1325 ·

361 1415 443 1473 se,
492 1394 557 1460 in
605 1395 824 1459 effectu
872 1393 1170 1476 replicare
1215 1393 1437 1457 debeat
1483 1392 1660 1469 illud,
1709 1393 1871 1473 quod
1917 1392 2247 1455 habuimus
2293 1392 2372 1455 ab
2419 1409 2489 1454 eo
2534 1394 2707 1472 parte
2749 1408 2959 1454 eorum
3008 1395 3072 1454 et

359 1483 669 1548 sociorum
718 1499 990 1558 suorum,
1040 1485 1103 1545 et
1146 1483 1357 1562 postea
1403 1479 1757 1562 subiungat,
1808 1478 1985 1561 quod,
2035 1479 2197 1542 sicut
2241 1479 2438 1541 eidem
2481 1479 2768 1552 diximus,
2816 1477 2906 1541 ita
2951 1478 3070 1558 sibi

364 1569 631 1633 facimus
678 1569 1048 1650 responderi,
1098 1568 1353 1633 dicendo
1397 1567 1516 1631 sibi
1562 1567 1980 1649 punctualiter
2027 1569 2221 1630 totam
2266 1567 2535 1629 mentem
2568 1568 2631 1630 et
2663 1565 3069 1629 intentionem

362 1658 662 1734 nostram,
708 1657 874 1721 sicut
915 1657 1195 1737 superius
1242 1655 1475 1719 dictum
1520 1656 1633 1732 est,
1683 1657 1745 1718 et
1790 1654 2173 1736 procurando
2218 1672 2360 1717 cum
2405 1651 2532 1716 illis
2578 1651 2783 1716 verbis
2822 1656 2884 1715 et
2921 1654 3073 1716 rati-

366 1744 604 1822 onibuS,
655 1762 770 1825 que
818 1762 927 1806 sue
974 1744 1271 1825 sapientie
1319 1742 1710 1818 videbuntur,
1760 1740 1922 1822 quod
1990 1759 2054 1803 se
2116 1741 2443 1821 disponant
2510 1739 2585 1804 ad
2650 1739 3073 1803 executionem

366 1831 550 1895 istius
595 1828 747 1894 facti
794 1849 904 1912 per
947 1830 1198 1893 modum
1243 1829 1522 1911 superius
1569 1829 1972 1904 declaratum,
2005 1826 2202 1891 dando
2234 1827 2354 1891 sibi
2384 1826 2803 1909 punctualiter
2833 1827 3073 1908 copiam

361 1918 544 1982 istius
590 1917 1025 1998 responsionis,
1073 1919 1146 1980 ut
1191 1918 1276 1981 sit
1317 1917 1391 1979 de
1438 1934 1511 1981 ea
1558 1914 1914 1995 plenissime
1959 1914 2365 1990 informatus3
2438 1917 2502 1978 et
2567 1914 2621 1978 si
2695 1911 2864 1978 facta
2909 1914 3077 1978 dicta

362 2004 758 2088 responsione
799 2008 870 2079 ,et
913 2003 1128 2069 habita
1172 2003 1502 2070 collatione
1549 2002 1734 2066 simul
1780 2022 1890 2085 per
1934 2001 2113 2065 illum
2184 2002 2430 2066 modum
2478 2002 2542 2066 et
2587 2002 2650 2064 in
2695 2000 2809 2064 illa
2855 2000 3072 2079 forma,

364 2110 483 2175 que
529 2093 618 2156 eis
659 2093 813 2156 utile
852 2091 1190 2173 apparebit,
1242 2087 1675 2155 deliberabunt
1717 2089 1794 2154 de
1841 2090 2144 2152 mittendo
2187 2088 2357 2152 istud
2406 2089 2711 2169 partitum
2759 2087 2823 2153 et
2886 2089 3074 2152 istam

363 2179 530 2243 viam
582 2179 941 2254 executioni,
989 2178 1232 2242 scilicet
1270 2180 1344 2241 de
1389 2178 1584 2241 eundo
1630 2195 1820 2240 unum
1871 2176 1967 2240 vel
2046 2174 2198 2239 duos
2245 2194 2317 2239 ex
2388 2177 2477 2239 eis
2523 2174 2602 2239 ad
2648 2178 2857 2257 partes
2902 2175 3075 2239 Hun-

366 2268 539 2348 garie
587 2267 662 2329 ad
707 2265 1160 2347 procurandum
1208 2283 1315 2347 per
1361 2263 1535 2328 illam
1583 2264 1767 2340 viam,
1818 2264 1975 2345 quod
2021 2262 2331 2344 possimus
2375 2262 2599 2327 habere
2630 2261 3077 2344 possessionem

365 2354 528 2418 dicte
594 2352 871 2417 civitatis
944 2350 1155 2429 Jadre,
1230 2357 1379 2415 tunc
1458 2351 1661 2414 dictus
1709 2351 1919 2416 noster
1971 2349 2196 2414 nobilis
2241 2369 2379 2414 cum
2422 2348 2545 2413 isto
2592 2349 2810 2422 amico,
2856 2351 2910 2413 si
2956 2349 3078 2413 sibi

367 2439 692 2523 placuerit,
741 2458 882 2504 cum
932 2441 1112 2522 plena
1160 2437 1593 2503 informatione
1641 2438 1805 2502 dicte
1853 2436 2317 2502 deliberationis
2364 2439 2426 2500 et
2465 2438 2538 2500 de
2584 2436 2891 2516 omnibuS,
2962 2455 3080 2519 que

365 2527 551 2604 dicta,
615 2526 982 2592 raciotinata
1028 2528 1093 2593 et
1136 2526 1412 2590 discussa
1456 2524 1687 2590 fuerint
1729 2525 1894 2590 inter
1939 2542 2040 2590 eos
2086 2526 2149 2588 et
2172 2523 2247 2587 de
2286 2523 2482 2587 modis
2516 2524 2819 2596 omnibus,
2863 2523 2983 2588 viis
3016 2524 3080 2588 et

364 2613 597 2693 formis,
645 2632 799 2699 quos
845 2615 906 2679 in
954 2632 1241 2698 processu
1288 2613 1470 2679 istius
1517 2613 1815 2698 temporis
1859 2629 2101 2678 servare
2149 2610 2517 2677 haberemus
2564 2628 2602 2676 a
2642 2612 2814 2693 parte
2843 2612 3076 2692 nostra,

363 2701 659 2768 Venetias
705 2703 1112 2767 revertantur.

554 2787 642 2853 .Si
690 2808 831 2854 vero
875 2790 938 2852 in
984 2790 1124 2853 istis
1171 2788 1678 2865 discussionibus,
1715 2787 2190 2856 rationamentis
2257 2792 2320 2855 et
2382 2787 2658 2873 praticiS,
2706 2807 2858 2873 quas
2904 2786 3077 2857 simi-

365 2875 510 2940 liter
553 2874 802 2951 facient,
851 2876 1055 2941 dictus
1102 2881 1313 2940 noster
1379 2876 1606 2941 nobilis
1678 2877 1915 2941 videret
1976 2881 2039 2944 et
2097 2882 2495 2961 cognosceret
2538 2881 2649 2943 aut
2693 2879 2951 2944 haberet
2998 2881 3078 2944 ab

365 2965 474 3042 eis,
520 2963 679 3045 quod
727 2964 875 3028 talis
925 2964 1142 3028 modus
1189 2966 1351 3041 exto,
1401 2964 1562 3046 quod
1609 2964 1730 3028 dici
1778 2964 2064 3042 fecerint,
2113 2967 2317 3045 ipsum
2360 2984 2466 3046 pro
2512 2967 2737 3030 honore
2780 2983 2893 3031 suo
2938 2966 3079 3048 plus

368 3049 488 3115 sibi
536 3049 796 3131 placere,
845 3050 1005 3134 quod
1053 3052 1323 3132 primum
1375 3069 1490 3114 non
1541 3052 1707 3116 esset
1753 3070 1916 3115 nunc
1960 3052 2257 3116 factibilis
2303 3053 2514 3135 aliqua
2561 3071 2766 3132 causa,
2815 3053 3080 3136 quiade

364 3135 488 3201 levi
535 3153 573 3200 a
617 3137 783 3202 dicto
829 3140 1105 3219 tempore
1152 3138 1308 3202 citra
1353 3156 1453 3202 res
1524 3138 1872 3220 potuissent
1938 3158 2072 3203 esse
2144 3139 2318 3203 valde
2379 3143 2635 3217 mutate,
2705 3142 3079 3206 ostendendo

368 3223 488 3287 sibi
538 3224 807 3288 rationes
853 3228 916 3288 et
963 3243 1180 3289 causas
1227 3228 1473 3306 propter
1514 3243 1687 3306 quaS,
1736 3228 1884 3290 tunc
1925 3229 2135 3291 noster
2180 3226 2407 3291 nobilis
2476 3225 2827 3292 antedictus
2888 3227 3075 3305 dicat,

369 3313 526 3393 quod
575 3311 691 3390 ipsi
738 3311 945 3375 videre
978 3314 1043 3375 et
1088 3312 1604 3393 comprehendere
1650 3315 1987 3394 potuerunt
2032 3316 2361 3395 respectus,
2409 3314 2515 3395 qui
2563 3316 2888 3379 moverunt
2933 3333 3073 3380 nos-

368 3399 534 3460 trum
584 3397 923 3461 dominium
971 3399 1245 3462 ordinate
1291 3402 1378 3462 eis
1426 3402 1672 3464 naratos
1725 3399 1801 3463 ad
1850 3400 2203 3482 eligendum
2236 3403 2429 3465 istum
2456 3401 2790 3466 secundum
2825 3401 3076 3466 modum

372 3483 760 3547 recordatum
809 3504 916 3566 per
961 3503 1081 3561 eoS,
1132 3485 1237 3568 qui
1283 3486 1531 3550 fuerunt
1578 3487 2006 3568 principaliter
2053 3490 2300 3570 propter
2345 3487 2600 3552 dubium
2679 3508 3075 3570 personarum

370 3589 653 3642 suarum;
706 3571 1146 3635 nichilominus
1193 3572 1245 3635 si
1293 3577 1747 3654 cognoscerent,
1794 3574 1952 3656 quod
2000 3576 2239 3656 primus
2288 3576 2502 3639 modus
2548 3577 2902 3640 recordatus
2972 3596 3078 3658 per

372 3677 474 3723 eos
516 3659 615 3722 vel
662 3657 823 3721 alius
872 3658 1032 3723 soret
1070 3659 1267 3741 magis
1317 3658 1637 3736 factibilis‚
1679 3666 1743 3724 et
1790 3664 1864 3725 de
1905 3681 2022 3743 quo
2065 3664 2336 3725 contenti
2371 3662 2574 3726 forent
2603 3681 2712 3746 pro
2744 3666 3077 3727 securitate

368 3746 467 3809 sui
514 3748 718 3809 status
768 3747 833 3809 et
882 3745 1042 3808 bona
1088 3746 1470 3810 conclusione
1515 3746 1681 3824 facti,
1729 3747 1850 3830 ipsi
1898 3753 2158 3830 possunt
2205 3749 2379 3812 illum
2447 3749 2752 3813 recordari
2827 3751 2945 3814 sibi
3015 3755 3080 3814 et

371 3834 572 3896 dicere
616 3832 975 3913 plenissime
1023 3833 1253 3906 modos,
1299 3832 1451 3911 viaS,
1523 3834 1749 3897 formas
1812 3841 1876 3898 et
1934 3836 2198 3913 ordines,
2262 3838 2364 3917 qui
2437 3835 2683 3899 tenendi
2732 3837 2933 3900 forent
2973 3855 3081 3917 per

368 3938 479 3984 nos
526 3921 587 3982 in
635 3936 1019 4001 quocumque
1062 3938 1224 3998 casu,
1273 3921 1419 4001 quia
1465 3921 1655 3984 habet
1698 3924 1759 3984 in
1807 3924 2115 3986 mandatis
2159 3942 2195 3986 a
2241 3924 2415 3986 nobis
2448 3923 2740 3987 redeundi
2774 3922 3079 3988 citissime

364 4010 439 4069 ad
484 4025 592 4070 nos
640 4010 705 4070 et
753 4006 1022 4087 plenarie
1070 4005 1458 4084 informandi,
1502 4011 1572 4071 ut
1617 4008 1924 4088 possimus
1957 4013 2172 4090 postea
2214 4010 2541 4090 superinde
2574 4010 2931 4087 deliberare,
2971 4029 3079 4091 pro

368 4098 439 4156 ut
486 4094 731 4168 bonum,
775 4093 928 4156 utile
976 4097 1040 4156 et
1085 4094 1333 4156 salubre
1381 4094 1722 4176 apparebit,
1785 4098 1850 4160 et
1897 4097 1986 4160 ita
2045 4096 2243 4159 facere
2308 4096 2528 4160 debeat
2590 4096 2883 4160 veniendo
2935 4115 3077 4161 cum

360 4179 479 4278 tali·
517 4180 1498 4331 dssclaratitczncffiquorumcunque,
1543 4182 1703 4263 quod
1746 4201 1866 4245 non
1934 4183 2019 4246 sit
2064 4182 2391 4265 expediens
2439 4184 2597 4248 velle
2642 4185 2825 4248 aliter
2873 4184 3074 4249 decla-

360 4285 502 4330 rarl.
612 4286 644 4330 e
693 4286 798 4347 par
999 4316 1012 4329 .

574 4370 687 4435 Ser
753 4371 1105 4436 Leonardus
1181 4371 1444 4448 Victuri,
1515 4392 1614 4437 ser
1681 4372 2158 4438 Bartholameus
2208 4371 2575 4452 Contareno,
2618 4397 2717 4441 ser
2760 4377 3079 4446 Barbonus

365 4455 757 4532 Mauroceno,
810 4478 907 4523 ser
953 4459 1267 4523 Johannes
1315 4460 1596 4544 Georgio,
1645 4463 1957 4541 sapientes
2004 4463 2305 4524 ordinum.
2354 4461 2506 4527 Cum
2553 4466 2870 4546 cognitum
2918 4486 3083 4532 sem-

364 4560 472 4622 per
516 4543 703 4607 fuerit
743 4565 852 4627 per
898 4548 1316 4627 progenitores
1388 4552 1628 4612 nostros
1692 4566 1808 4611 non
1879 4566 1999 4612 una
2044 4548 2174 4612 vice
2222 4550 2326 4614 sed
2372 4549 2673 4631 pluribus,
2723 4555 2786 4616 et
2829 4571 3083 4637 cognos-

276 4715 289 4722 -
367 4632 545 4693 catur
593 4632 783 4698 etiam
836 4652 939 4713 per
986 4653 1093 4697 nos
1143 4637 1386 4714 propter
1427 4634 1795 4717 approbatas
1846 4635 2250 4717 experientias
2299 4638 2462 4700 visas
2495 4638 2755 4702 diversis
2799 4644 2862 4704 et
2891 4642 3081 4707 variis

366 4717 561 4780 modis
609 4720 673 4781 et
715 4719 939 4798 causis,
988 4721 1150 4804 quod
1198 4724 1444 4785 omnino
1492 4722 1907 4787 necessarium
1955 4723 2069 4801 est,
2111 4721 2368 4788 volendo
2411 4725 2693 4789 nostrum
2740 4727 3078 4818 dominium
