3620 5282
2933 322 3064 388 403

327 501 672 585 periculum
721 501 1096 566 videbamur.
1147 500 1231 563 Et
1276 499 1426 563 licet
1474 499 1712 562 dic-tum
1762 498 2173 563 infortunium
2223 501 2308 563 sit
2354 516 2697 572 occursum,
2735 501 2942 562 tamen
2971 501 3067 562 est

336 592 632 654 sumenda
674 589 925 653 audatia
974 591 1037 651 et
1083 587 1373 651 standum
1439 588 1797 651 constantes
1848 592 1912 650 et
1952 586 2142 650 fortes
2190 604 2262 649 ac
2308 588 2678 667 sperandum
2746 587 2805 649 in
2857 588 3066 668 gratia

329 678 463 741 iesu
531 676 768 749 christi
845 672 1007 757 quod
1055 675 1323 739 finaliter
1368 693 1551 738 suum
1603 674 1895 755 populum
1945 692 2060 738 non
2132 673 2451 756 relinquet,
2522 692 2668 736 nam
2718 674 2871 736 certi
2924 673 3063 736 red-

334 765 561 846 dimur,
611 765 769 846 quod
817 766 1144 846 postquam
1196 761 1490 843 dignatus
1560 764 1656 824 est
1725 763 2012 824 reducere
2079 761 2313 825 dictum
2380 780 2584 842 regem
2653 760 2730 823 ad
2800 779 3058 841 regnum

335 870 539 931 suum,
589 852 719 933 ipse
763 870 902 914 cum
951 850 1092 913 aliis
1137 851 1390 932 regibus
1438 853 1500 912 et
1546 849 1929 930 principibus
1974 849 2329 913 christianis
2374 869 2438 911 se
2485 849 2814 929 disponent
2847 849 2925 910 ad
2958 848 3066 911 de-

336 939 721 1021 primendam
771 937 1115 1019 nequitiam
1163 940 1226 1001 et
1270 936 1736 1017 malignitatem
1795 936 2139 999 infidelium
2216 936 2630 1015 predictorum
2684 984 2698 999 .
2750 981 2764 997 .
2817 984 2831 1000 .

552 1026 635 1089 Et
681 1026 732 1090 si
775 1026 1062 1089 dominus
1110 1025 1445 1106 imperator
1492 1024 1834 1104 requireret
1879 1026 1941 1087 te
2002 1024 2074 1085 de
2135 1022 2315 1086 factis
2386 1023 2623 1086 domini
2673 1023 2835 1105 regis
2885 1022 3069 1085 Hun-

339 1115 535 1196 garie,
589 1115 654 1176 et
678 1113 730 1176 si
763 1113 918 1176 facit
962 1113 1300 1175 exercitum
1348 1112 1447 1174 vel
1495 1113 1672 1191 parat
1717 1129 1781 1173 se
1828 1112 1904 1173 ad
1952 1110 2437 1174 subveniendum
2488 1111 2604 1174 sibi
2653 1130 2761 1192 per
2810 1112 3064 1181 terram,

342 1205 492 1265 tunc
543 1201 766 1263 debeas
814 1201 1199 1281 respondere,
1248 1197 1406 1280 quod
1456 1197 1544 1261 rei
1592 1197 1822 1262 veritas
1869 1199 1983 1272 est,
2035 1198 2193 1278 quod
2237 1204 2566 1279 postquam
2598 1196 2730 1278 ipse
2770 1196 2952 1262 rediit
2986 1198 3064 1260 ad

339 1296 550 1370 partes
598 1287 930 1359 Dalmatio,
979 1285 1113 1368 ipse
1151 1286 1305 1350 bono
1354 1287 1630 1366 tempore
1677 1284 1798 1348 fuit
1845 1284 1906 1347 in
1955 1285 2082 1347 illis
2133 1285 2414 1365 partibus
2464 1282 2780 1348 Sclavenie
2846 1286 2919 1348 ad
2969 1304 3063 1347 re-

341 1375 734 1439 formandum
782 1374 927 1438 illas
975 1377 1183 1455 partes
1231 1381 1291 1436 et
1337 1373 1474 1437 loca
1515 1390 1646 1449 sua,
1695 1374 1760 1434 et
1798 1371 2151 1435 reformatis
2200 1371 2325 1434 illis
2373 1371 2490 1435 ivit
2535 1372 2598 1435 in
2651 1372 3062 1451 Hungariam,

339 1463 774 1542 celebratoque
821 1460 1221 1542 prelatorum,
1250 1462 1548 1525 baronum
1582 1465 1645 1522 et
1675 1457 2023 1542 principum
2063 1459 2236 1539 regni
2273 1458 2669 1539 parlamento.
2698 1459 3070 1525 deliberasse

346 1551 588 1613 videtur
633 1550 706 1612 de
752 1547 1030 1612 faciendo
1078 1548 1433 1624 exercitum,
1507 1548 1572 1610 et
1635 1548 1895 1629 rogavit,
1968 1549 2037 1610 ut
2083 1546 2409 1610 mittamus
2473 1546 2548 1608 ad
2599 1565 2739 1609 eum
2790 1548 3067 1610 nostram

348 1635 782 1708 ambasiatam,
836 1655 942 1715 per
986 1653 1169 1716 quarn
1251 1634 1712 1716 particulariter
1790 1635 2022 1697 erimus
2099 1635 2171 1698 de
2249 1636 2525 1716 tempore
2593 1634 2653 1696 iu
2704 1637 2947 1715 tempus
2996 1636 3067 1696 de

352 1724 641 1787 omnibus
688 1722 1023 1786 informati.

559 1812 817 1891 Insuper
865 1810 1009 1890 quia
1055 1809 1186 1891 ipse
1233 1806 1519 1871 dominus
1566 1807 1906 1889 imperator
1952 1826 2059 1889 per
2108 1809 2386 1871 nostrum
2461 1810 2852 1889 capitaneum
2897 1806 3073 1888 gale-

349 1916 525 1961 arum
576 1896 881 1961 Romanie
927 1896 1306 1979 significavit
1352 1899 1416 1958 et
1463 1896 1637 1959 misit
1684 1897 1859 1959 nobis
1906 1896 1967 1958 in
2018 1896 2268 1977 scriptis
2314 1895 2555 1976 aliquas
2604 1913 2746 1959 suas
2809 1894 3072 1958 intenci-

345 2004 510 2064 ones,
562 1983 850 2047 videlicet
897 1985 969 2047 de
1016 1982 1272 2047 volendo
1322 1983 1494 2047 nobis
1541 1982 1687 2046 dare
1750 1983 2071 2047 civitatem
2141 1983 2728 2064 ConstantinopoliS,
2803 1983 2863 2044 in
2925 2000 3072 2046 casu

343 2090 462 2153 quo
512 2090 754 2135 necesse
824 2072 926 2148 sit,
1001 2070 1162 2152 quod
1239 2068 1381 2132 inde
1451 2073 1717 2147 recedat,
1790 2072 1887 2134 vel
1956 2069 2159 2134 locum
2208 2071 2272 2134 in
2319 2070 2444 2147 illa,
2485 2073 2595 2135 aut
2641 2071 2876 2133 insulas
2927 2089 3074 2133 suas

344 2159 558 2222 Embri
636 2160 701 2222 et
775 2157 954 2221 Emni
1032 2175 1174 2221 cum
1222 2157 1529 2238 aliquibus
1600 2157 2083 2231 condicionibus,
2161 2159 2325 2220 sicut
2371 2163 2624 2240 apparet
2671 2177 2782 2239 per
2827 2158 3065 2240 copiam

344 2245 652 2326 scripture
698 2244 994 2327 predicte,
1041 2263 1225 2326 quam
1274 2245 1387 2307 tibi
1435 2244 1694 2308 fecimus
1740 2245 2035 2323 exhiberi,
2071 2248 2133 2308 et
2178 2265 2286 2325 per
2334 2248 2724 2326 capitaneum
2789 2251 3069 2309 nostrum

346 2333 576 2415 culphy
624 2333 1007 2414 preteritum,
1045 2350 1127 2395 ac
1172 2331 1352 2396 modo
1400 2333 1473 2394 de
1522 2351 1674 2396 novo
1718 2333 1875 2414 petit
1947 2332 2405 2413 responsionem
2477 2333 2552 2395 ad
2596 2333 2757 2409 illas,
2827 2335 2891 2396 et
2963 2351 3069 2396 nos

360 2420 480 2483 sibi
528 2419 647 2484 dici
695 2420 1017 2484 fecerimus
1062 2437 1171 2500 per
1217 2419 1483 2482 nobilem
1535 2421 1730 2483 virum
1777 2420 2121 2484 Blanchum
2175 2422 2247 2482 de
2296 2420 2470 2501 Ripa.
2521 2422 2675 2501 quod
2720 2439 2827 2501 per
2873 2422 2936 2482 te
2974 2419 3069 2482 fa-

349 2507 586 2571 ciemus
631 2507 767 2570 sibi·
803 2507 931 2570 fieri
985 2508 1465 2587 responsionem,
1515 2506 1799 2570 volumus
1846 2510 1910 2570 et
1956 2507 2409 2570 committimus
2458 2508 2592 2580 tibi,
2630 2508 2787 2588 quod
2822 2509 3072 2588 quando

351 2594 466 2660 tibi
517 2593 848 2672 videbitur,
898 2594 1044 2658 dum
1094 2594 1216 2657 eris
1265 2594 1341 2657 ad
1391 2596 1761 2675 presentiam
1810 2613 2007 2671 suam,
2059 2594 2176 2659 sibi
2228 2595 2428 2659 dicere
2478 2595 2721 2672 debeas,
2757 2595 2917 2675 quod
2963 2612 3075 2659 nos

349 2682 527 2764 plene
577 2683 928 2746 notavimus
961 2685 1025 2744 et
1062 2682 1640 2761 comprehendimus
1671 2701 1779 2764 per
1809 2682 2176 2762 scripturam
2204 2685 2647 2764 supradictam,
2681 2702 2864 2764 quam
2899 2682 3076 2745 nobis

351 2769 545 2846 misit,
597 2777 660 2834 et
703 2789 810 2851 per
856 2772 1115 2839 nostros,
1162 2770 1264 2849 qui
1312 2767 1453 2831 inde
1501 2769 1774 2843 veniunt,
1826 2769 2129 2832 sinceram
2194 2768 2685 2849 disposicionem,
2736 2789 2920 2849 quain
2968 2769 3080 2832 ha-

351 2859 457 2921 bet
502 2857 801 2921 maiestas
848 2858 912 2919 et
959 2856 1285 2937 imperium
1330 2874 1508 2918 suum
1557 2856 1634 2918 ad
1684 2855 1972 2920 honorem
2022 2864 2086 2919 et
2153 2859 2389 2920 statum
2448 2861 2744 2933 nostrum,
2809 2856 2884 2919 de
2954 2875 3075 2937 quo

348 2944 466 3025 ipsi
514 2962 621 3008 sue
671 2944 981 3008 maiestati
1057 2943 1467 3024 regratiamur
1539 2943 1854 3006 immense.
1949 2943 2180 3008 Verum
2241 2945 2386 3023 quia
2435 2963 2542 3007 nos
2591 2944 3079 3020 consideramu8‚

351 3032 511 3113 quod
554 3032 756 3095 omnis
801 3031 1086 3107 mutatio,
1138 3047 1323 3111 quam
1364 3032 1492 3110 ipse
1538 3030 1599 3093 in
1648 3030 1745 3092 his
1791 3030 1968 3094 factis
2016 3030 2267 3104 faceret,
2318 3030 2476 3094 foret
2525 3031 2792 3094 multum
2843 3033 3080 3111 pericu-

353 3118 489 3183 losa
536 3121 598 3182 et
643 3119 934 3182 damnosa
982 3120 1172 3181 statui
1214 3136 1351 3194 suo,
1402 3117 1561 3197 quod
1607 3118 1779 3180 nullo
1824 3117 2004 3182 modo
2053 3117 2372 3195 vellemus,
2422 3119 2564 3198 quia
2609 3137 2794 3200 supra
2868 3118 3079 3181 omnia

358 3207 667 3289 copimuS,
716 3208 787 3268 ut
834 3205 953 3268 sibi
1003 3204 1123 3268 dici
1170 3203 1447 3282 fecimuS,
1498 3204 1656 3285 quod
1706 3206 2024 3269 remaneat
2068 3207 2125 3267 in
2174 3207 2340 3268 statu
2392 3223 2501 3268 suo
2552 3256 2564 3268 .
2617 3253 2632 3267 .
2684 3252 2699 3267 .
2753 3256 2766 3269 .

566 3293 650 3356 Et
691 3296 761 3356 ut
806 3294 890 3356 sis
939 3290 1306 3355 informatus
1353 3293 1425 3353 de
1471 3294 1680 3355 nostra
1723 3292 2065 3356 intencione
2112 3295 2178 3355 et
2222 3293 2294 3355 de
2342 3293 2538 3365 modo,
2610 3312 2788 3374 quem
2855 3312 2964 3375 per
3010 3294 3075 3357 te

357 3381 591 3444 servari
640 3381 923 3444 volumus
972 3380 1034 3442 in
1080 3378 1207 3444 illis
1254 3379 1553 3459 partibus,
1603 3380 2034 3442 committinus
2083 3380 2220 3457 tibi,
2282 3382 2442 3461 quod
2512 3399 2650 3442 cum
2717 3379 2911 3461 galeis
2958 3380 3075 3443 tibi

355 3467 705 3532 commissis
750 3516 765 3530 .
815 3515 829 3530 .
881 3514 896 3528 .
945 3466 1169 3531 debeas
1213 3466 1469 3548 vigilare
1513 3465 1590 3528 ad
1639 3466 1986 3530 faciendum
2034 3467 2323 3530 honorem
2401 3471 2678 3530 nostrum
2748 3470 2812 3530 et
2871 3472 3078 3531 atten-

353 3554 621 3618 dendum
663 3553 743 3618 ad
789 3553 1313 3619 conservationem
1363 3554 1634 3617 locorum
1682 3553 1918 3629 deinde,
1968 3572 2042 3616 ne
2090 3554 2454 3637 perveniant
2519 3556 2591 3617 ad
2644 3572 2863 3618 manus
2919 3557 3076 3619 Tur-

352 3643 628 3717 chorum,
675 3645 740 3706 et
785 3644 859 3705 ad
910 3641 1399 3723 persecutionem
1447 3640 1835 3704 Turchorum
1908 3641 1968 3704 in
2040 3641 2196 3706 mari
2270 3642 2543 3712 tautum,
2613 3660 2729 3704 non
2802 3644 3076 3723 ponendo

349 3732 564 3812 gentes
611 3731 751 3793 tuas
801 3731 861 3792 in
907 3731 1135 3793 terram
1181 3727 1388 3809 aliquo
1436 3745 1602 3791 casu.

563 3832 850 3898 Ceterum
902 3834 1047 3915 quia
1091 3836 1342 3915 propter
1389 3831 1516 3906 illa,
1566 3851 1682 3914 que
1729 3832 2053 3908 sentimu8‚
2104 3836 2311 3914 posset
2367 3851 2704 3909 occurrere,
2755 3832 2916 3915 quod
2965 3832 3074 3896 do-

360 3922 563 3985 minus
609 3920 946 4003 imperator
994 3925 1054 3983 et
1103 3920 1198 3983 illi
1246 3920 1321 3983 de
1371 3921 1532 3983 Pera
1578 3922 1830 4002 propter
1877 3921 2264 3984 condiciones
2308 3924 2369 3984 et
2405 3922 2720 3995 terminos,
2755 3921 2815 3983 in
2850 3921 3073 4001 quibus

355 4026 419 4071 se
466 4009 832 4089 reperirent,
883 4008 1277 4071 attenderent
1322 4009 1395 4070 ad
1449 4007 1770 4071 volendum
1821 4026 1885 4071 se
1930 4009 2297 4072 concordare
2345 4025 2485 4070 cum
2557 4007 2838 4084 Tui-chis,
2916 4010 3076 4088 quod

359 4094 530 4158 nullo
577 4094 756 4158 modo
801 4094 1075 4175 placeret
1119 4093 1297 4158 nobis
1368 4113 1472 4175 pro
1543 4095 1772 4158 honore
1842 4093 2339 4167 christianitatis,
2403 4096 2854 4158 committimus
2930 4096 3066 4172 tibi,

356 4181 524 4262 quod
574 4230 586 4243 .
639 4229 653 4244 .
705 4229 718 4243 .
766 4183 820 4245 si
869 4185 937 4245 tu
981 4181 1262 4259 sentireS,
1314 4182 1473 4263 quod
1519 4181 1755 4246 vellent
1804 4182 1882 4245 ad
1935 4182 2049 4247 hoc
2127 4184 2462 4259 attendere,
2535 4182 2840 4257 volumuS,
2912 4185 3070 4262 quod

366 4271 496 4331 tam
537 4270 693 4348 apud
743 4269 976 4332 dictum
1026 4271 1462 4350 imperatorem
1508 4287 1694 4349 quam
1740 4268 1880 4331 illos
1927 4268 2004 4332 de
2059 4269 2213 4333 Pera
2248 4274 2313 4332 tu
2353 4270 2574 4333 debeas
2607 4271 2851 4333 obstare
2883 4288 3074 4350 quan·

357 4356 488 4419 tum
536 4357 769 4437 poteris
816 4358 879 4419 et
925 4355 1167 4420 trahere
1212 4354 1327 4418 hoc
1374 4355 1449 4419 de
1497 4358 1702 4419 mente
1748 4374 1880 4431 sua,
1929 4356 2092 4437 quod
2140 4356 2306 4420 istud
2355 4357 2555 4421 facere
2620 4375 2734 4420 non
2786 4356 3071 4431 debeant,

353 4442 498 4525 quia
543 4442 702 4506 foret
746 4461 887 4508 cum
930 4460 1155 4525 magno
1203 4444 1427 4506 damno
1475 4444 1539 4506 et
1584 4442 1882 4523 vituperio
1955 4443 2455 4507 christianitatis.
2535 4442 2790 4521 Quando
2867 4446 3072 4508 autem

353 4528 520 4594 facta
561 4548 670 4611 per
716 4532 779 4595 te
822 4530 987 4595 omni
1035 4530 1333 4594 instantia
1380 4533 1444 4593 et
1488 4531 1653 4593 omni
1707 4531 2083 4612 experientia
2158 4548 2276 4596 non
2355 4531 2686 4612 prodesset,
2767 4530 2881 4593 tibi
2931 4582 2944 4594 .
2995 4582 3006 4596 .
3058 4582 3072 4596 .

353 4617 655 4694 volumu8‚
705 4617 846 4699 quia
891 4617 1051 4682 foret
1100 4618 1274 4682 nobis
1319 4618 1383 4680 et
1430 4617 1658 4681 nostris
1702 4617 1893 4680 nimis
1941 4617 2355 4699 periculosum
2427 4622 2489 4681 et
2536 4618 2823 4683 nocivum
2868 4637 3072 4682 rema-

352 4722 494 4771 nere
539 4704 704 4770 solos
753 4706 813 4769 in
861 4723 1083 4789 guerra
1129 4724 1266 4771 cum
1326 4704 1586 4770 Turchis
1635 4753 1649 4767 .
1700 4752 1714 4767 .
1764 4749 1777 4765 .
1828 4722 2140 4787 procureS,
2203 4706 2362 4788 quod
2423 4706 2772 4772 huiusmodi
2832 4724 2947 4788 pax
3010 4711 3074 4773 et

2869 4805 2907 4850 ἡ
