3620 5282
3047 360 3176 425 379

463 533 784 616 pendatur,
835 553 945 597 nec
993 553 1111 618 quo
1157 535 1318 600 facto
1365 535 1668 600 ordinatio
1732 537 1795 599 et
1855 535 2211 618 dispositiO,
2285 537 2605 600 concordia
2671 539 2733 600 et
2780 554 2893 618 pax
2944 536 3176 601 intelli-

463 622 647 704 gatur
697 621 938 698 violate,
988 624 1092 685 sed
1142 623 1201 686 in
1240 641 1352 686 sua
1400 623 1697 687 firmitate
1739 619 2008 688 debeant
2031 642 2404 702 permanere,
2454 625 2529 687 ad
2580 643 2694 706 que
2728 623 2858 706 ipse
2891 625 3175 689 domiuus

461 728 564 772 rex
612 711 683 772 et'
721 729 826 774 nos
875 711 1209 791 spontanea
1248 709 1596 793 obligamus
1645 712 1977 775 voluntate.
2053 711 2362 776 Premissa
2423 713 2635 776 autem
2681 714 2889 775 omnia
2938 715 3000 777 et
3046 712 3174 776 sin-

459 797 610 879 gula
656 816 791 861 cum
841 796 1249 879 infrascriptis
1299 799 1523 862 nostris
1571 798 1880 863 nobilibus
1908 799 2246 863 iuravimus
2293 799 2370 862 ad
2404 801 2798 864 sacrosancta
2843 799 2942 863 dei
2993 818 3179 864 evan-

458 885 623 967 gelia
671 885 857 948 tactis
906 885 1233 967 scrIptnris
1281 905 1387 967 per
1433 904 1543 950 nos
1583 888 1646 949 et
1695 905 2041 951 succesores
2087 891 2328 951 nostros
2390 890 2454 950 et
2513 901 2731 951 ‘omnes
2797 888 3178 969 pertinentes

456 974 532 1035 ad
580 991 690 1036 nos
738 972 1183 1037 inviolabiliter
1232 976 1296 1038 et
1340 973 1730 1055 integraliter
1777 975 2103 1039 observare
2150 976 2215 1038 et
2259 993 2378 1038 non
2447 974 2864 1040 contrafacere
2929 975 3025 1040 vel
3076 995 3178 1039 ve-

461 1060 590 1124 nire
640 1079 746 1141 per
795 1078 904 1124 nos
947 1060 1044 1123 vel
1091 1060 1245 1124 alios
1292 1059 1367 1124 de
1417 1063 1543 1125 iure
1588 1061 1683 1125 vel
1732 1064 1805 1125 de
1857 1062 2035 1136 facte,
2084 1061 2346 1126 dirrecte
2395 1063 2488 1126 vel
2537 1063 2906 1142 indirrecte,
2967 1063 3179 1145 palam

461 1148 560 1212 vel
608 1147 864 1223 occulte,
917 1147 1132 1230 quovis
1179 1148 1425 1231 ingenio
1473 1149 1568 1213 vel
1618 1149 1822 1213 colore
1869 1149 1984 1212 sub
2022 1149 2442 1232 indignatione
2492 1151 2589 1214 dei
2635 1150 3077 1234 omnipotentis
3115 1153 3178 1214 et

464 1235 737 1299 omniurn
789 1240 1138 1300 sanctorum
1189 1254 1457 1314 suorum,
1506 1238 1664 1319 quod
1713 1237 1957 1318 quidem
2011 1237 2425 1302 iuramentum
2474 1239 2887 1320 prestavimus
2934 1240 2995 1302 in
3046 1255 3179 1301 ma·

463 1323 643 1386 nibus
689 1323 1059 1388 venerabilis
1106 1324 1169 1387 in
1217 1324 1448 1389 christo
1504 1324 1700 1406 patris
1756 1323 1990 1388 domini
2053 1323 2347 1406 Stephani
2410 1325 2841 1408 Zagrabiensis
2906 1325 3179 1408 episcopi

466 1412 530 1475 et
576 1410 888 1492 magnifici
938 1411 1053 1474 viri
1102 1411 1333 1475 domini
1381 1411 1619 1476 Nicolai
1672 1413 1838 1494 regie
1885 1412 2052 1476 curie
2101 1412 2336 1490 iudicis,
2385 1415 2885 1477 ambaxatoribus
2928 1416 2991 1477 et
3038 1432 3180 1496 pro-

467 1498 856 1562 curatoribus
902 1498 1053 1562 dicti
1101 1498 1332 1562 domini
1381 1500 1567 1582 regiS,
1617 1500 1689 1563 ad
1737 1500 1851 1563 hec
1898 1499 2250 1582 specialiter
2295 1501 2770 1565 constitutorum
2823 1502 2984 1565 sicut
3032 1519 3179 1565 con-

471 1587 600 1650 stat
644 1605 754 1668 per
794 1586 1042 1649 litteras
1087 1587 1291 1668 regias
1338 1587 1602 1669 scriptas
1648 1586 1839 1651 Jadre
1903 1587 2017 1650 sub
2077 1606 2233 1652 anno
2292 1588 2519 1652 domini
2565 1587 3010 1664 MCCCLVIIL
3077 1588 3177 1652 die

468 1674 767 1756 vigesimo
814 1672 1107 1737 februarii
1156 1674 1463 1756 sigillatas
1511 1674 1719 1757 sigillo
1765 1692 1875 1737 suo
1925 1677 2176 1738 secrete.
2225 1675 2490 1739 Nomina
2556 1679 2762 1739 autem
2828 1680 3178 1740 nostrorum

464 1761 785 1836 nobilium,
827 1761 932 1844 qui
981 1761 1301 1826 nobiscum
1337 1761 1717 1838 iuraverunt,
1769 1764 1917 1825 sunt
1946 1762 2097 1825 hec:
2149 1762 2379 1827 domini
2407 1762 2773 1826 Franciscus
2798 1763 3175 1840 LauredanO,

360 1841 365 1846 ’
465 1849 688 1912 Petrus
729 1848 1088 1924 Karav'ello,
1136 1849 1451 1914 Johannes
1498 1849 1856 1931 MozenigO,
1926 1849 2196 1914 Andreas
2243 1849 2536 1928 Fusculo,
2600 1850 2968 1914 Laurentius
3011 1850 3178 1915 Dan-

466 1935 608 1999 dulo
657 1940 720 2000 et
765 1937 1014 2001 Marcus
1067 1937 1138 1999 de
1186 1936 1411 2001 Priolis
1460 1936 1789 2000 consiliarii
1836 1938 2029 2000 nostri
2081 1937 2504 2014 veneciarum,
2555 1955 2627 2001 ac
2674 1937 2903 2001 domini
2955 1939 3177 2001 Petrus

466 2022 676 2100 Steno,
725 2024 976 2087 Marcus
1025 2024 1329 2100 Barisano,
1386 2025 1450 2086 et
1512 2023 1732 2087 Daniel
1782 2023 2023 2087 Victuri
2085 2025 2284 2105 capita
2346 2025 2586 2088 consilii
2652 2025 2728 2088 do
2775 2026 2903 2101 XL,
2950 2025 3177 2088 domini

464 2111 713 2176 Marcus
761 2110 1052 2176 Cornario
1100 2111 1298 2188 mileS,
1350 2112 1576 2195 Symon
1629 2110 1952 2187 Dandu10,
2020 2111 2242 2174 Petrus
2290 2112 2631 2177 Gradonico
2694 2112 2859 2176 filius
2909 2112 3171 2176 condam

462 2199 693 2263 domini
744 2199 938 2275 ducis,
990 2201 1052 2262 et
1099 2199 1466 2263 Franciscus
1515 2198 1766 2276 Bemb0,
1817 2197 2049 2263 domini
2077 2199 2354 2262 Andreas
2381 2199 2543 2264 Gazo
2590 2204 2948 2281 procurator
2980 2198 3177 2264 sancti

465 2285 664 2350 Marci
715 2290 778 2350 et
823 2284 1119 2350 Nicolaus
1168 2287 1437 2359 Faletro,
1481 2286 1765 2349 dominus
1807 2287 2055 2349 Marcus
2097 2287 2451 2352 Lauredano
2500 2290 2854 2369 procurator
2918 2287 3178 2351 ecclesie

463 2374 666 2438 sancti
715 2373 909 2436 Marci
961 2377 1025 2437 et
1067 2376 1345 2438 dominus
1394 2375 1762 2456 Pangratius
1809 2373 2072 2456 Georgio
2120 2374 2451 2439 advocator
2498 2377 2843 2439 communis
2882 2374 3181 2438 Venecia-

464 2481 622 2538 rum,
674 2461 905 2525 domini
953 2462 1176 2525 Petrus
1214 2461 1518 2525 Baduario
1568 2461 1766 2535 mileS,
1804 2461 2152 2526 Bernardus
2177 2463 2563 2528 Justinianus
2591 2467 2947 2544 procurator
2982 2461 3179 2525 sancti

463 2549 682 2626 Marci,
734 2549 954 2612 Petrus
1004 2549 1245 2627 Memo,
1315 2549 1687 2613 Berthucius
1749 2548 2031 2613 Grimani
2079 2552 2143 2613 et
2189 2550 2440 2614 Marcus
2483 2552 2905 2627 Maurocenus,
2966 2567 3178 2613 omnes

462 2636 853 2701 honorabiles
900 2637 1064 2701 cives
1114 2637 1307 2701 nostri
1361 2637 1763 2701 veneciarum
1841 2655 1947 2719 pro
1996 2657 2059 2701 se
2109 2657 2180 2702 ac
2229 2638 2557 2702 heredibus
2605 2640 2668 2703 et
2719 2637 3177 2702 successoribus

458 2745 668 2790 eorum
718 2728 777 2788 et
826 2727 956 2789 tota
999 2725 1443 2789 communitate
1493 2725 1899 2789 Veneciarum
1950 2726 2287 2806 predictum
2342 2728 2756 2790 iuramentum
2805 2728 3175 2808 prestantes

461 2814 692 2877 Actum
737 2813 1026 2881 Veneciis
1076 2813 1137 2876 in
1189 2812 1447 2876 ecclesia
1484 2811 1679 2876 sancti
1703 2812 1901 2876 Marci
1934 2814 2323 2893 presentibus
2362 2814 2689 2877 reverendo
2731 2816 2905 2895 patre
2933 2813 3178 2877 domino

461 2901 827 2984 Raymundo
875 2900 1072 2965 electo
1122 2900 1478 2964 Patracensi
1527 2900 2005 2981 archiepiscopo,
2075 2901 2408 2964 venerabili
2457 2900 2586 2964 viro
2634 2900 2882 2964 domino
2927 2898 3179 2982 Neapo-

461 2989 635 3052 leone
681 2987 755 3051 de
802 2988 1072 3052 Tibertis
1120 2988 1349 3052 ordinis
1398 2988 1591 3050 sancti
1639 2987 1941 3052 Johannis
1985 2987 2473 3052 Jerosolimitani
2507 2989 2712 3070 priore
2743 2987 3175 3064 Veneciarum,

464 3076 709 3139 domino
756 3075 953 3139 Paulo
1001 3078 1251 3139 cantore
1299 3078 1363 3139 et
1407 3076 1694 3138 canonico
1757 3075 2168 3157 Zagrabionse
2231 3079 2292 3138 et
2353 3074 2601 3139 domino
2651 3076 2938 3139 Ladislao
2986 3092 3171 3138 cano-

465 3164 600 3226 nico
647 3162 937 3240 Budensi,
990 3164 1257 3227 testibus
1303 3162 1536 3246 rogatis
1584 3163 1647 3225 et
1692 3161 1851 3239 aliie,
1901 3180 2058 3226 anno
2090 3161 2792 3239 dominiMCCCLVIII,
2841 3162 3176 3226 indictione

462 3250 573 3326 Xl,
626 3251 722 3313 die
770 3250 1072 3315 dominico
1124 3250 1636 3334 vigesimoquinto
1685 3250 1917 3314 mensis
1964 3249 2256 3314 februarii
2303 3250 2566 3315 feliciter
2611 3268 2810 3314 amen.

549 3341 862 3400 Paetorum
918 3341 984 3400 V.
1038 3344 1181 3410 161,
1225 3359 1266 3399 u
1310 3342 1526 3399 arkivu
1570 3342 1929 3400 mletackom.

759 3529 1185 3610 DXLVII.
1267 3529 1474 3612 God.
1528 3529 1754 3613 1358.
1809 3529 1911 3612 25
1967 3527 2331 3630 venece,
2385 3551 2444 3610 u
2499 3529 2892 3611 Mletcih.

462 3655 646 3715 Duid
690 3658 963 3715 mtetadki
1002 3657 1365 3732 proylasuje,
1413 3658 1491 3715 da
1537 3658 1653 3714 mir
1695 3674 1726 3714 s
1757 3656 2081 3729 ugera-hri).
2130 3656 2379 3727 kraljem
2431 3656 2728 3714 utanaccn
2772 3656 2961 3714 vriedi
3006 3656 3169 3714 cako-

1211 3746 1342 3819 cljer
1386 3747 1410 3803 i
1453 3762 1528 3805 za
1572 3744 1800 3803 dotibne
1846 3743 2156 3802 saveznike
2202 3761 2242 3801 u
2290 3746 2447 3801 ratu.

667 3863 814 3928 Alia
858 3864 1059 3927 forma
1105 3864 1460 3927 litterarum
1508 3861 1821 3926 ducalium
1857 3863 2231 3927 traditarum
2273 3861 2513 3925 nunciis
2559 3862 2705 3925 dicti
2739 3861 2972 3925 domini
3016 3861 3181 3942 regis

459 3971 649 4033 super
696 3952 1034 4016 amicorum
1085 3951 1513 4015 adherentium
1561 3956 1623 4013 et
1669 3951 2043 4033 sequatium.
2107 3949 2422 4015 ,Iohannes
2470 3948 2777 4029 Delphino
2826 3950 2925 4012 dei
2973 3949 3180 4031 gratia

462 4038 582 4100 dux
633 4039 1039 4103 venetiarum
1081 4041 1197 4102 etc.
1247 4037 1400 4101 Cum
1451 4038 1512 4101 in
1561 4056 1784 4120 guerra
1832 4040 1892 4102 et
1940 4038 2278 4112 discordia,
2343 4054 2528 4118 quam
2575 4035 2807 4099 dudum
2873 4036 3021 4099 olim
3070 4035 3182 4098 ha-

461 4123 706 4189 huimus
751 4146 889 4190 cum
938 4125 1334 4189 serenissimo
1399 4125 1670 4207 principe
1734 4125 1980 4191 domino
2026 4125 2327 4191 Lodovico
2388 4123 2483 4189 dei
2544 4124 2747 4206 gratia
2807 4142 2952 4207 rege
2999 4122 3179 4187 Hun-

462 4212 635 4292 garie
681 4214 798 4277 etc.
846 4213 921 4277 de
970 4231 1091 4295 qua
1136 4213 1345 4276 divina
1384 4212 1741 4295 disponente
1790 4214 2122 4278 clementia
2188 4212 2267 4276 ad
2328 4212 2496 4295 pacis
2546 4211 2851 4276 unitatem
2914 4214 2976 4274 et
3022 4209 3179 4274 ami-

459 4297 672 4362 citiam
732 4300 1091 4364 duraturam
1150 4302 1443 4382 perpetuo
1503 4300 1864 4364 devenimus
1928 4319 2067 4365 cum
2116 4300 2350 4378 eodem,
2407 4300 2614 4382 plures
2674 4301 2739 4363 et
2807 4298 3012 4380 plures
3062 4299 3180 4364 sibi

458 4385 818 4450 adheserint
880 4389 1089 4451 contra
1157 4406 1263 4451 nos
1335 4391 1398 4451 et
1460 4387 1810 4469 specialiter
1856 4388 2232 4470 infrascripti
2274 4388 2595 4453 videlicet:
2667 4387 3057 4453 Reverendus
3103 4387 3168 4451 in

455 4473 686 4537 christo
749 4477 925 4557 pater
984 4475 1269 4539 dominus
1330 4474 1625 4538 Nicolaus
1691 4475 2143 4558 acquilegensis
2220 4476 2601 4557 patriarcha,
2670 4476 2987 4558 magnifici
3059 4476 3171 4540 viri

455 4562 687 4625 domini
733 4563 1101 4627 Franciscus
1167 4562 1243 4625 de
1291 4561 1571 4627 Carraria
1630 4562 1915 4626 dominns
1971 4563 2174 4627 Padue
2223 4566 2287 4626 et
2336 4561 2633 4626 Albertus
2687 4564 2752 4628 et
2796 4563 3173 4646 Mayuardus

453 4648 711 4713 comites
737 4648 1003 4726 Goricie,
1053 4649 1418 4713 venerabilis
1464 4651 1638 4729 pater
1684 4650 1988 4724 dominuS,
2040 4650 2361 4732 episcopus
2402 4649 2780 4726 cenedensiS,
2830 4653 2893 4714 et
2939 4650 3174 4714 nobiles

461 4735 576 4799 viri
623 4735 964 4801 Biachinus
996 4736 1072 4800 de
1113 4736 1419 4815 Porciliis,
1453 4736 1816 4800 Franciscus
1863 4738 1936 4801 de
1968 4738 2028 4800 la
2061 4737 2266 4815 Parte,
2316 4737 2554 4801 nobiles
2601 4737 2676 4801 de
2709 4737 2961 4814 Vonico,
3009 4736 3173 4801 Gue-
