3620 5282
498 394 628 460 216

489 568 715 634 habere
775 569 1020 647 debent,
1080 568 1321 651 possint
1374 569 1661 651 consequi
1709 570 2044 635 solutiones
2091 589 2323 635 eorum.
2375 571 2732 637 Substinuit
2776 590 3016 655 quoque
3059 574 3222 637 idem

486 657 639 721 civis
669 660 878 721 noster
912 674 1132 739 graves
1161 675 1451 737 expensas
1482 657 1544 719 in
1581 657 1881 722 mittendo
1930 654 2173 723 litteras
2220 660 2539 723 occasione
2587 658 2881 741 predicta.

704 742 1122 826 Sperabamus
1170 746 1376 806 autem
1443 745 1681 810 attenta
1739 744 1982 809 iustitia
2034 745 2188 810 civis
2247 747 2460 822 nostri,
2508 748 2662 828 quod
2711 747 2943 828 absque
2991 749 3090 810 tot
3133 747 3225 809 la-

501 829 751 895 boribus
798 832 865 895 et
908 830 1310 895 dilationibus
1377 831 1673 896 maiestas
1734 833 1939 896 vestra
1986 835 2050 896 et
2094 849 2204 916 pro
2249 835 2477 898 honore
2523 852 2632 897 suo
2678 833 3091 898 satisfecisset
3135 836 3224 897 ei-

506 915 669 981 dem.
717 917 995 982 Tandem
1043 919 1122 981 ab
1168 915 1381 982 eadem
1429 919 1755 984 maiestate
1803 919 2050 984 litteras
2097 920 2277 984 datas
2324 921 2421 984 die
2456 921 2496 983 2
2537 921 2757 1002 aprilis
2805 939 2999 1001 nuper
3030 920 3225 1003 elapsi

504 1002 871 1086 recepimus,
919 1004 1306 1088 responsales
1330 1005 1407 1069 ad
1431 1008 1696 1083 nostraS,
1723 1007 2132 1083 continentes,
2179 1008 2337 1090 quod
2364 1008 2426 1071 in
2474 1007 2645 1071 brevi
2693 1007 2989 1071 maiestas
3021 1014 3231 1072 vestra

503 1091 783 1156 mitteret
848 1110 992 1156 suos
1060 1092 1516 1169 ambaxatores,
1564 1094 1669 1176 qui
1717 1095 2153 1159 satisfacerent
2199 1095 2257 1158 io
2305 1095 2594 1159 omnibus
2665 1095 2783 1159 civi
2847 1096 3073 1172 nostro,
3123 1096 3227 1178 qui

496 1179 930 1243 ambaxatores
977 1197 1098 1243 non
1144 1182 1563 1262 apparuerunt
1607 1200 1721 1245 nec
1763 1183 2083 1263 apparent,
2133 1184 2205 1245 de
2251 1200 2368 1264 quo
2409 1201 2527 1247 non
2561 1182 2873 1247 modicum
2925 1182 3226 1245 admirari

493 1264 948 1349 compellimur.
999 1265 1080 1331 Et
1126 1266 1271 1332 licet
1317 1268 1545 1350 absque
1589 1268 1867 1354 ulteriori
1918 1269 2318 1352 requisitione
2353 1272 2685 1335 teneamur
2731 1269 2851 1334 civi
2885 1272 3096 1334 nostro
3130 1288 3229 1333 se·

494 1353 761 1417 cundum
813 1354 1121 1419 iusticiam
1173 1353 1515 1437 providere,
1577 1357 1783 1420 tamen
1850 1376 1968 1420 nou
2014 1356 2292 1422 valentes
2341 1357 2522 1422 aliter
2567 1356 2961 1440 pertransire,
3013 1357 3220 1421 decla-

499 1458 735 1516 ramus,
798 1442 956 1524 quod
1002 1442 1057 1506 si
1106 1443 1167 1505 in
1217 1442 1387 1506 brevi
1448 1443 1614 1507 dicta
1682 1443 2028 1508 satisfactio
2072 1445 2324 1509 realiter
2370 1444 2537 1510 facta
2583 1463 2703 1509 non
2748 1443 2955 1518 fuer-it,
3003 1445 3226 1527 oppor-

498 1525 663 1592 tebit
707 1546 816 1594 seu
858 1528 1072 1606 invite,
1124 1531 1194 1594 ut
1238 1531 1369 1595 sine
1401 1528 1683 1595 ulteriori
1730 1531 2148 1596 notificatione
2181 1531 2610 1614 provideamus
2632 1532 3029 1597 indemnitati
3068 1532 3222 1596 civis

502 1614 697 1680 nostri
750 1616 822 1680 de
868 1615 1181 1681 remediis.
1230 1618 1372 1682 Non
1418 1616 1642 1682 sinceri
1690 1617 1753 1696 3,
1802 1618 1877 1683 de
1926 1637 2042 1683 non
2088 1619 2147 1683 5.

583 1722 767 1784 meti
815 1723 1132 1784 XXXIX.
1181 1725 1287 1801 87,
1333 1742 1376 1784 ιι
1418 1725 1574 1785 naec.
1623 1726 1857 1786 arkivu.

857 1911 1246 1994 cccvn.
1300 1911 1509 1995 God.
1563 1913 1789 1997 1385.
1842 1914 1936 1995 27
1989 1914 2303 2017 lipnja‚
2358 1937 2414 1996 u
2469 1917 2861 1999 Mletcih.

513 2056 573 2118 U
612 2055 806 2114 alvari
846 2054 1045 2128 mjeda
1087 2055 1397 2129 uzapdena
1440 2057 1714 2128 njekomu
1773 2052 2228 2116 dubrovcaninu
2272 2074 2315 2116 u
2359 2059 2574 2117 vricme
2618 2063 2777 2126 rata,
2823 2059 3122 2132 odqovara
3165 2076 3229 2118 se

486 2141 820 2217 poclam'ku
864 2143 1244 2218 uyarskomu,
1289 2143 1370 2202 da
1398 2144 1712 2217 repubzika
1750 2146 2028 2220 pristaje,
2075 2146 2230 2204 neka
2277 2147 2373 2204 tko
2418 2146 2596 2220 druqi
2629 2163 2714 2219 po
2757 2147 3013 2206 zakonih
3056 2147 3215 2206 sudi.

709 2259 898 2326 1385.
941 2260 1040 2324 die
1086 2261 1169 2324 27
1217 2260 1393 2326 iunii.
1441 2260 1552 2326 Ser
1597 2261 1953 2327 Leonardus
2002 2263 2288 2328 Dandulo
2335 2265 2517 2329 miles
2561 2266 2941 2347 procurator,
2971 2283 3072 2330 ser
3118 2266 3229 2332 Jo-

492 2350 727 2413 hannes
772 2347 1119 2424 Gradonico
1167 2352 1546 2431 procurator,
1594 2368 1694 2414 ser
1738 2351 2076 2415 Lodovicus
2122 2351 2481 2417 Lauredano
2542 2358 2920 2433 procurator,
2965 2372 3062 2418 ser
3109 2355 3232 2418 Do-

492 2439 678 2502 natus
723 2436 950 2514 Trun0,
998 2437 1308 2518 sapientes
1360 2437 1620 2502 consilii.
1678 2437 1909 2519 Capta:
1959 2439 2115 2520 quod
2178 2439 2623 2521 respondeatur
2677 2440 2783 2504 isti
2848 2441 3229 2505 ambaxatori

490 2523 792 2607 reginalis
853 2522 1201 2588 maiestatis
1257 2523 1600 2607 Huugarie,
1661 2525 1817 2607 quod
1866 2526 2186 2590 intellecta
2233 2527 2559 2591 ambaxata
2605 2546 2718 2591 sua
2764 2528 2940 2592 nobis
2988 2529 3228 2610 sapien-

493 2610 738 2677 tissime
784 2610 1063 2693 exposita
1104 2630 1290 2694 super
1330 2610 1494 2677 facto
1557 2612 1819 2679 raminis
1881 2614 2137 2679 condam
2186 2632 2286 2678 ser
2333 2615 2504 2679 Petri
2551 2615 2624 2680 de
2649 2614 2879 2681 Ivanus
2926 2615 3224 2699 Ragusei,

495 2699 655 2782 quod
718 2698 1187 2780 superveniente
1248 2718 1474 2781 guerra
1531 2701 1650 2765 fuit
1695 2704 2019 2784 acceptum
2066 2701 2142 2765 de
2189 2702 2378 2785 getbu
2443 2704 2652 2767 nostro
2699 2707 3019 2787 tamquam
3068 2705 3227 2769 bona

488 2789 840 2851 nostrorum
885 2786 1277 2852 inimicorum
1313 2794 1376 2851 et
1403 2787 1670 2868 positum
1699 2789 1758 2852 in
1785 2807 2109 2854 commune
2157 2793 2312 2865 etc.;
2361 2792 2518 2872 quod
2568 2791 2747 2867 aliae,
2800 2792 2963 2855 sicut
3010 2797 3222 2856 notum

486 2875 602 2953 est,
654 2875 719 2938 et
762 2892 927 2939 nunc
968 2873 1043 2937 de
1090 2891 1243 2938 novo
1289 2874 1603 2939 voluimus
1648 2875 1871 2941 babere
1917 2878 2149 2941 bonum
2196 2877 2527 2941 consilium
2602 2897 2783 2961 super
2855 2879 3019 2943 facto
3085 2900 3221 2961 pre-

487 2962 670 3038 dicte,
709 2962 774 3026 et
805 2980 914 3043 per
938 2980 1026 3037 ea,
1077 2980 1193 3044 que
1238 2963 1572 3027 habuimus
1619 2965 1685 3027 et
1730 2963 2050 3039 babemuS,
2076 2964 2407 3030 commune
2455 2967 2733 3029 nostrum
2784 2984 2902 3030 non
2939 2971 3220 3032 teneatur

485 3050 564 3114 ad
609 3049 879 3131 aliquam
939 3049 1397 3116 restitutionem
1460 3050 1615 3115 rami
1688 3051 1950 3132 predicti
2000 3052 2343 3116 secundum
2390 3052 2652 3117 formam
2702 3055 2894 3134 pacis.
2944 3055 3027 3118 Et
3072 3055 3222 3118 licet

484 3135 684 3201 simus
727 3136 790 3200 in
833 3137 1012 3217 pleno
1058 3136 1191 3200 iure
1249 3137 1311 3201 in
1356 3136 1519 3203 facto
1566 3139 1860 3219 predicto,
1908 3138 2052 3220 quia
2097 3138 2229 3220 ipse
2272 3140 2634 3204 ambaxator
2680 3140 2848 3219 dicit,
2899 3142 3062 3222 quod
3104 3161 3223 3205 non

482 3226 649 3288 esset
691 3223 1077 3298 conveniens,
1122 3225 1280 3306 quod
1327 3225 1568 3290 nosmet
1613 3243 1892 3289 essemus
1939 3226 2170 3290 iudices
2238 3229 2300 3292 in
2361 3226 2543 3305 facto,
2593 3227 2750 3309 quod
2799 3230 3005 3310 tangit
3054 3246 3224 3293 com-

483 3331 668 3375 mune
731 3312 1033 3387 nostrum,
1080 3329 1300 3376 sumus
1353 3312 1626 3377 contenti
1672 3316 1737 3376 et
1780 3313 1986 3395 placet
2046 3315 2242 3392 nobis,
2306 3319 2699 3396 comparente
2759 3334 3019 3397 persona
3061 3317 3225 3400 legi-

488 3399 705 3482 ptima,
733 3415 853 3479 que
900 3397 1094 3479 possit
1140 3399 1254 3463 hoc
1299 3397 1496 3464 facere
1544 3400 1617 3463 de
1667 3399 1780 3464 hoc
1852 3402 2032 3478 facto,
2079 3404 2242 3466 stare
2304 3401 2443 3476 iuri,
2471 3396 2558 3466 'et
2602 3403 2762 3484 quod
2809 3411 3222 3486 cognoscatur

478 3486 555 3550 de
600 3486 730 3548 iure
792 3502 903 3567 pro
951 3486 1108 3550 bono
1148 3487 1469 3569 utriusque
1504 3486 1716 3569 partis,
1747 3491 1818 3552 ut
1850 3488 1947 3553 ius
1993 3488 2302 3554 tribuatur
2348 3490 2503 3553 illud
2543 3490 2936 3555 habentibus.
2983 3490 3115 3555 Alii
3147 3494 3221 3557 de
3281 3534 3286 3541 -

481 3573 681 3657 parte,
731 3570 807 3636 de
849 3590 966 3636 non
1021 3574 1076 3647 1,
1146 3591 1265 3638 non
1311 3574 1532 3639 sinceri
1577 3574 1640 3637 5.

684 3657 869 3736 Nota,
917 3661 1077 3741 quod
1122 3660 1248 3724 alia
1293 3680 1435 3742 pars
1479 3661 1635 3726 alias
1666 3662 1845 3742 capta
1869 3665 1932 3725 et
1959 3663 2158 3743 posita
2183 3683 2289 3746 per
2314 3683 2412 3728 ser
2439 3664 2753 3730 Donatum
2803 3665 3019 3729 Mauro
3067 3669 3218 3731 tunc

482 3744 905 3811 consiliarium
976 3746 1381 3812 Veneciarum
1459 3767 1641 3830 super
1684 3748 1850 3812 facto
1919 3750 2195 3831 predicto
2265 3759 2359 3815 est
2406 3753 2467 3815 in
2511 3752 2670 3817 libro
2739 3760 3093 3834 rogatorum
3158 3757 3222 3818 et

479 3833 813 3899 additionis
858 3834 931 3898 de
987 3834 1151 3898 1384
1197 3835 1297 3899 die
1345 3835 1425 3898 27
1475 3835 1631 3900 iunii
1678 3837 1753 3900 ad
1801 3840 2008 3901 cartas
2066 3838 2205 3902 140.
3041 3870 3048 3875 ·

573 3941 753 4001 misti
802 3939 1121 4002 XXXIX.
1171 3943 1273 4012 98,
1319 3959 1362 4001 ιι
1406 3942 1560 4002 mlet.
1609 3943 1844 4005 arkivu.

1122 4146 1553 4231 cccvln.
1608 4148 1814 4232 God.
1870 4150 2093 4235 1385.
2148 4153 2200 4237 5
2254 4155 2584 4256 srpnja.

477 4291 708 4352 Nalale
751 4308 815 4351 se
858 4293 1100 4365 tajniku
1160 4292 1540 4365 Desidet-atu,
1585 4295 1740 4352 nelca
1796 4297 1972 4367 podje
2016 4298 2055 4354 k
2099 4298 2351 4372 vojvodi,
2398 4300 2422 4356 i
2467 4300 2620 4358 neka
2660 4317 2742 4374 qa
2787 4318 2830 4357 u
2873 4302 2987 4359 ime
3031 4318 3207 4373 repu-

478 4379 632 4437 mike
660 4380 893 4456 tumuli,
934 4381 1014 4438 da
1049 4380 1223 4452 pasti
1269 4397 1355 4439 na
1397 4382 1639 4440 slobodu
1702 4382 1939 4441 Jakova
1985 4385 2251 4443 Kvirina
2292 4387 2533 4459 mesina
2567 4379 2928 4464 postauam
2974 4405 3014 4445 a
3049 4386 3212 4446 laada

478 4481 581 4523 mu
625 4467 760 4525 nebi
806 4471 863 4527 to
910 4484 985 4527 za
1022 4468 1230 4527 rukom
1273 4468 1456 4541 posco,
1502 4470 1656 4528 nelca
1699 4470 1880 4543 otidie
1911 4473 1949 4530 lc
1980 4474 2306 4545 uqarehrv.
2353 4474 2615 4547 kraljici,
2650 4476 2672 4531 ἰ
2711 4477 2787 4533 od
2831 4477 2929 4548 m'e
2967 4476 3211 4548 poemia·

1543 4555 1840 4616 Kvirinov
1884 4559 2120 4630 odpust.

694 4665 883 4734 1384.
925 4669 1257 4738 indictione
1305 4674 1540 4753 octava,
1592 4674 1693 4739 die
1741 4675 1797 4739 v
1843 4676 1995 4741 iuni.
2032 4675 2229 4759 Capta
2262 4652 2324 4742 is
2357 4674 2638 4761 collegio.
2679 4679 3057 4744 Desiderato.
3109 4680 3213 4744 111-

481 4750 821 4818 formamus
867 4760 951 4836 te,
996 4761 1157 4841 quod
1206 4758 1430 4824 nobilis
1479 4761 1573 4826 vir
1618 4780 1719 4827 ser
1763 4764 2043 4830 Jacobus
2105 4763 2364 4845 Quirino
2410 4767 2562 4831 civis
2595 4768 2802 4832 noster
2847 4766 2968 4831 fuit
3012 4766 3206 4831 desti-
