3620 5282
465 337 605 405 282

464 532 600 579 cere
648 515 710 579 in
754 516 1033 580 tenutam
1079 518 1143 579 et
1187 515 1572 598 corporalem
1618 516 2074 597 possessionem
2125 516 2541 598 predictorum
2588 515 2923 582 confinium
2959 516 3026 581 et
3054 534 3199 599 pos-

462 602 808 667 sessionum
854 620 996 668 cum
1042 603 1326 669 omnibus
1375 602 1881 670 solemnitatibus
1916 606 1991 668 ad
2022 604 2137 668 hoc
2168 602 2397 668 debitis
2430 605 2495 668 et
2523 605 2903 686 opportunis.
2954 604 3196 668 Datum

461 690 525 754 in
572 690 785 754 nostra
820 688 961 753 aule
1009 690 1340 760 residentis
1404 689 1709 756 Sutescha
1755 710 1865 773 per
1909 709 2133 756 manus
2174 690 2436 771 predict-i
2481 690 2737 756 discreti
2787 690 2903 755 viri
2955 689 3197 755 domini

461 776 789 842 Michaelis
833 775 911 841 de
957 777 1230 859 Ragusio
1276 777 1459 842 electi
1502 779 1771 860 episcopi
1819 778 2169 843 'I'niniensis
2213 779 2278 842 et
2323 779 2387 843 in
2433 777 2548 842 hac
2610 782 2785 861 parte
2830 777 3196 843 cancellarii

460 862 657 928 nostri
703 863 822 928 sub
867 866 1079 928 nostro
1121 863 1354 947 duplici
1401 865 1612 946 sigillo
1660 866 1968 946 pendenti,
2005 864 2396 939 presentibus
2430 865 2780 948 magnificis
2828 869 2892 929 et
2925 865 3199 931 circum-

460 949 690 1033 spectis
732 950 879 1016 viris
926 950 1197 1016 dominis
1240 954 1467 1020 comite
1512 952 1803 1032 Dabissa‚
1852 953 2082 1038 cqmite
2145 951 2401 1036 Stipoye
2462 952 2893 1032 Hervatinich,
2962 952 3197 1019 comite

460 1037 653 1102 Paulo
719 1037 1122 1117 Radinovich,
1192 1039 1489 1122 Triphoni
1558 1039 1837 1123 predicto
1883 1041 2021 1105 aule
2067 1044 2277 1104 nostre
2335 1039 2853 1121 prothovistiario,
2895 1039 3197 1105 Wlatcho

458 1125 715 1190 vaivoda
759 1125 835 1191 de
885 1125 1100 1204 Usora,
1152 1129 1376 1193 comite
1423 1125 1633 1209 Priboj
1686 1126 2086 1205 Mestrovich,
2135 1144 2373 1210 supano
2425 1126 2665 1192 Biliaco
2735 1125 3079 1193 Sancovich
3124 1129 3194 1192 et

459 1206 770 1278 Sladichio
843 1215 1050 1278 nostro
1112 1214 1424 1296 pincerna,
1492 1215 1720 1280 nostris
1790 1215 2080 1280 fidelibus
2145 1217 2210 1279 et
2265 1214 2531 1293 dilectis,
2597 1215 2713 1281 sub
2758 1233 2916 1282 anno
2956 1214 3198 1280 domini

466 1297 656 1364 1390.
704 1299 1039 1366 indictione
1085 1300 1261 1380 XIH,
1304 1303 1402 1367 die
1450 1302 1717 1366 secundo
1760 1302 2004 1369 mensis*
2044 1301 2219 1367 iunii.

546 1406 649 1467 Ex
693 1407 941 1483 antiquo
985 1407 1179 1470 codice
1224 1409 1389 1484 apud
1432 1407 1493 1469 S.
1538 1408 1780 1481 [dubie.

883 1595 1165 1680 cccc,
1221 1596 1424 1680 sou.
1480 1597 1713 1681 isso.
1772 1597 1826 1680 s
1881 1546 2203 1699 srane,
2253 1616 2314 1678 u
2365 1595 2761 1680 metam.

455 1757 765 1819 Μῑοίαόἵεα
803 1758 1114 1831 republika
1161 1760 1424 1832 izramje
1470 1760 1862 1819 bosanskomu
1902 1759 2105 1832 krazju
2150 1760 2323 1832 svoJ'u
2366 1759 2575 1819 radost
2617 1775 2703 1818 na
2730 1761 2980 1833 njeyovu
3019 1761 3195 1832 visst,

456 1845 538 1905 da
583 1862 685 1906 mu
729 1848 921 1905 stvari
966 1846 1117 1919 liepo
1164 1847 1498 1921 uzpievaa’u,
1542 1847 1567 1904 i
1612 1846 1984 1920 obaviesdnje
2025 1863 2121 1921 qa,
2167 1847 2249 1906 da
2292 1847 2354 1906 ce
2392 1863 2471 1920 po
2502 1848 2770 1921 na'eyovoj
2799 1845 2936 1920 ielji
2956 1848 3194 1921 podati

662 1950 704 1993 u
746 1933 1096 2008 Dalmaoaeju
1141 1934 1304 2012 brod,
1352 1935 1432 1994 da
1475 1936 1714 2010 njeyove
1738 1934 2058 2008 poseanike
2106 1935 2283 2009 dique
2326 1936 2350 1993 i
2394 1951 2438 1993 u
2482 1934 2708 1994 Mletke
2746 1934 2979 1997 dovede.

671 2070 856 2137 1390.
905 2071 1006 2137 die
1055 2071 1094 2137 8
1143 2072 1300 2139 iulii.
1345 2072 1671 2158 Sapientes
1718 2073 2025 2138 ordinum.
2070 2071 2300 2155 Capta3
2371 2071 2531 2155 quod
2588 2071 2899 2137 scribatur
2947 2071 3203 2137 domino

454 2157 586 2239 regi
635 2159 897 2224 Bossine
925 2161 990 2224 in
1016 2160 1133 2225 hac
1179 2160 1383 2226 forma
1410 2161 1759 2227 maiestatis
1791 2163 1998 2226 vestre
2030 2161 2279 2225 litteras
2311 2158 2490 2224 datas
2525 2156 2788 2224 Suteske
2822 2157 3008 2223 XVII
3038 2157 3202 2224 iunii

456 2246 729 2327 proxime
770 2247 1057 2330 preteriti
1102 2250 1466 2330 sospitatem
1511 2251 1695 2332 atque
1746 2248 1959 2313 felices
2028 2265 2352 2313 successus
2416 2246 2771 2311 serenitatis
2820 2247 3024 2310 vestre
3072 2245 3206 2311 fra-

455 2336 631 2398 terno
679 2352 851 2399 more
899 2334 1258 2402 distinctius
1305 2335 1665 2401 nuntiantes
1713 2336 1839 2401 leto
1873 2335 2057 2400 corde
2092 2335 2497 2416 suscepimus.
2547 2333 2680 2412 Qus
2711 2331 2986 2416 profecto
3015 2332 3203 2398 nobis

454 2419 944 2487 consolationem
991 2424 1324 2488 maximam
1368 2424 1718 2489 attulerunt
1762 2426 1830 2488 et
1875 2421 2194 2505 gaudium,
2259 2439 2399 2485 cum
2462 2439 2572 2503 per
2633 2420 2805 2505 ipsas
2849 2421 3038 2485 etiam
3085 2440 3200 2503 per

454 2507 718 2573 latorem
768 2509 1140 2583 noverimus,
1187 2510 1592 2576 serenitatem
1662 2511 1902 2593 regiam
1972 2510 2099 2575 fore
2145 2509 2523 2575 incolumem
2583 2509 2647 2572 et
2690 2509 3051 2584 iocundam;
3125 2528 3200 2573 ex

452 2614 714 2679 quorum
786 2595 1204 2664 notificatione
1282 2599 1627 2682 gratiarum
1692 2598 1968 2665 actiones
2039 2597 2381 2663 exolvimus
2449 2594 2766 2661 maiestati
2813 2599 3037 2674 vestre,
3094 2599 3198 2662 cui

451 2684 691 2766 placuit
734 2685 807 2749 de
856 2685 1178 2767 premissis
1224 2686 1468 2752 efficere
1512 2705 1622 2751 nos
1671 2687 1943 2752 fraterne
1988 2684 2347 2768 participes.
2395 2681 2686 2748 Ceterum
2729 2702 2873 2749 cum
2921 2683 2985 2748 in
3029 2683 3197 2767 ipsa-

451 2790 590 2835 rum
646 2771 1005 2837 litterarum
1053 2774 1210 2838 serie
1258 2775 1609 2850 cavebatur,
1658 2774 1818 2857 quod
1865 2792 2005 2838 cum
2071 2771 2378 2838 serenitas
2446 2770 2621 2854 regia
2680 2770 3072 2859 proposuerit
3117 2772 3196 2836 ad

450 2876 564 2923 nos
612 2858 1032 2926 ambaxiatam
1081 2878 1258 2926 suam
1304 2863 1753 2939 transmittere,
1803 2860 2077 2942 placeret
2121 2858 2300 2924 nobis
2347 2859 2653 2942 quoddam
2701 2878 2776 2924 ex
2807 2858 3037 2923 nostris
3083 2876 3198 2922 na-

450 2946 634 3028 vigiis
681 2948 755 3012 ad
802 2951 1014 3030 partes
1080 2947 1352 3014 Sibenici
1413 2949 1543 3014 sive
1605 2948 1894 3033 Tragurii
1958 2947 2054 3012 vel
2100 2946 2336 3030 Spaleti
2401 2944 2733 3023 destinare,
2795 2947 2867 3009 ut
2912 2943 3197 3011 securius

448 3032 731 3115 predicta
773 3035 1132 3101 ambariata
1180 3035 1381 3119 possit
1426 3036 1504 3102 ad
1552 3039 1826 3102 nostram
1863 3034 2240 3117 presentiam
2304 3052 2369 3099 se
2425 3031 2724 3110 conferre,
2795 3030 3192 3116 presentibus

448 3121 919 3208 respondemus·
964 3123 1124 3206 quod
1171 3123 1457 3206 dispositi
1528 3122 1935 3207 beneplacitis
1998 3123 2191 3206 regiis
2252 3119 2492 3186 sincero
2563 3120 2790 3185 effectu
2835 3119 3190 3186 dilectionis

449 3225 742 3287 annuere,
793 3212 1179 3284 mandamus,
1226 3213 1382 3295 quod
1432 3230 1625 3277 unum
1675 3230 1747 3275 ex
1792 3210 1984 3295 lignis
2027 3207 2257 3274 nostris
2304 3207 2559 3273 armatis
2606 3207 2683 3273 ad
2753 3210 2962 3290 partes
3010 3206 3187 3273 Sibe-

449 3296 573 3360 nici
618 3315 809 3379 usque
852 3298 1006 3363 VIII
1052 3297 1219 3363 diem
1261 3298 1514 3383 augusti
1562 3298 1908 3380 proximam
1957 3315 2211 3378 propere
2259 3314 2327 3361 se
2373 3294 2656 3373 reducat,
2710 3314 2895 3377 super
2925 3311 3045 3377 quo
3077 3312 3189 3378 po—

448 3383 601 3447 terit
645 3384 999 3450 ambaxiata
1046 3388 1249 3450 vestre
1299 3386 1644 3452 maiestatis
1684 3385 2016 3450 ascendere
2079 3383 2373 3449 Venetias
2434 3380 2805 3465 profectura,
2869 3400 3053 3466 quam
3109 3381 3191 3447 ob

446 3469 741 3535 intimum
789 3473 1068 3537 eiusdem
1116 3474 1320 3538 vestre
1361 3473 1718 3538 serenitatis
1759 3490 2034 3537 amorem
2066 3471 2233 3536 illari
2269 3472 2478 3535 mente
2506 3469 2875 3534 videbimus.
2932 3468 3192 3534 Placeat

444 3574 593 3640 ergo
637 3558 953 3624 maiestati
1003 3561 1207 3625 vestre
1244 3559 1458 3625 taliter
1506 3560 1818 3637 mandare,
1854 3560 2011 3642 quod
2045 3559 2213 3624 dicta
2243 3556 2600 3622 ambaxiata
2632 3554 2709 3621 ad
2742 3556 2901 3622 illud
2935 3557 3183 3639 tempus

445 3663 512 3708 se
559 3645 827 3726 reperiat
874 3645 1152 3712 Sibinici.
1244 3648 1376 3713 Nos
1426 3647 1676 3729 quidem
1742 3647 2060 3712 offerimus
2128 3647 2251 3710 lete
2325 3646 2579 3727 paratos
2622 3644 2702 3709 ad
2750 3662 2992 3728 queque
3039 3662 3187 3709 con·

441 3731 667 3797 formis
733 3734 902 3818 regie
970 3733 1362 3800 celsitudinis
1431 3738 1656 3814 vestre,
1718 3753 1908 3818 quam
1977 3737 2301 3799 conservet
2369 3730 2719 3797 altissimus
2787 3730 3056 3797 feliciter
3121 3732 3188 3796 et

442 3818 732 3972 longevffi
776 3927 849 3972 ex
896 3927 1058 3973 nunc
1100 3912 1353 3993 captum
1399 3910 1504 3989 sit,
1546 3908 1710 3992 quod
1758 3908 2001 3991 liguum
2050 3909 2332 3973 nostrum
2376 3907 2601 3990 riperie
2647 3905 2832 3971 Istrie
2881 3904 3180 3970 mittatur

442 4013 636 4147 usqcim
706 3993 1047 4062 Sibinicum
1111 3996 1190 4061 ad
1259 3996 1590 4064 levandum
1651 3996 2073 4061 ambaxiatam
2144 3995 2511 4078 predictam,
2579 3995 2643 4059 et
2686 4011 2827 4059 eam
2874 3991 3179 4059 venetias

441 4100 551 4147 con
598 4100 795 4151 ucere.

523 4189 706 4251 Masei
754 4189 932 4251 XLI.
982 4192 1084 4263 92,
1132 4211 1176 4253 u
1220 4192 1332 4253 mle
1346 4196 1386 4253 t.
1434 4193 1671 4254 arkivu.

848 4381 1173 4466 CCCCI.
1229 4381 1436 4469 God.
1494 4380 1728 4464 139&
1784 4384 1838 4462 9
1893 4382 2215 4482 srpnja,
2268 4401 2328 4461 u
2389 4377 2781 4460 Mletcih.

655 4540 814 4606 Cum
860 4542 1161 4624 Georgius
1241 4541 1537 4607 Srazimir
1584 4542 1658 4606 de
1704 4541 1895 4605 Balsa
1940 4539 2226 4604 dominus
2272 4538 2501 4603 Zentae
2545 4534 2875 4599 retinuerit
2924 4532 3181 4617 Phylip-

443 4642 594 4704 pum
634 4628 870 4692 Barelli
917 4629 1115 4693 civem
1188 4630 1496 4707 venetum,
1568 4628 1848 4693 mittitur
1918 4628 2175 4692 nuntius
2236 4624 2312 4690 ad
2385 4625 2586 4706 ipsum
2656 4620 2976 4687 dominum
3035 4640 3178 4685 cum

449 4712 875 4795 requisitione,
924 4715 1084 4796 quod
1125 4715 1373 4798 placeat
1410 4717 1483 4798 ei,
1533 4716 1589 4781 si
1633 4715 1875 4782 dictum
1922 4713 2303 4800 Phylippum
2368 4711 2633 4796 reperiet
2692 4726 2811 4774 non
2858 4726 2994 4773 esse
3042 4708 3180 4779 cul-
