3620 5282
486 332 614 404 268

723 510 1357 595 CCCLXXXII.
1410 510 1617 595 God.
1670 510 1896 595 1389.
1951 512 2003 597 6
2062 513 2395 615 srpuja,
2444 533 2506 594 u
2557 510 2954 594 Mletclh.

485 676 800 753 Odyovam
842 693 904 736 se
937 675 1266 749 poslaniku
1307 675 1508 747 kralja
1547 675 1928 749 bosanskoya,
1975 676 2054 734 da
2099 693 2198 734 mu
2243 692 2306 735 sc
2349 673 2581 735 nemoie
2624 674 2902 734 dozvoliti
2944 672 3188 734 isuaia-

478 767 578 839 πόα
623 765 833 838 oruh‘a
878 765 978 824 bez
1020 764 1238 837 inplete
1282 763 1509 823 dotibus
1555 763 1727 832 daco,
1775 764 1857 822 da
1896 782 1996 822 mu
2047 765 2321 824 slobodno
2366 765 2524 837 svoje
2566 763 2753 837 yalije
2802 762 3086 836 odpeljati
3132 763 3190 822 iz

479 853 770 923 ΜῐείαΙοα,
817 852 903 912 ali
950 852 1030 913 da
1042 853 1141 923 jib
1168 849 1450 911 mletadlce
1476 853 1658 926 aalije
1702 869 1948 929 nemoyu
1991 854 2299 926 ’ἱερναιιιὶς
2347 869 2385 910 a
2416 869 2457 910 u
2504 852 2593 911 sto
2623 868 2686 910 se
2720 851 2900 910 ticalo
2941 851 3190 925 kraljicc

589 941 905 1015 napuljske
952 940 1311 1017 Maryarite,
1360 939 1439 1000 da
1471 941 1540 1014 jc
1584 941 1895 1013 republika
1942 942 2143 1014 voh'na
2187 957 2259 1000 sa
2302 941 2531 999 svakim
2576 957 2618 998 u
2660 940 2821 999 mim
2863 936 3079 1000 livisci.

698 1077 887 1144 1389.
936 1078 1267 1144 indictione
1313 1078 1455 1157 XII,
1505 1080 1601 1144 die
1649 1079 1688 1143 6
1737 1080 1892 1145 iulii.
1960 1071 2282 1163 Sapientes
2326 1077 2571 1143 consilii
2620 1079 2683 1144 et
2731 1079 3041 1162 sapientes
3088 1095 3187 1142 or-

480 1169 714 1233 dinum.
783 1166 1015 1251 Capta:
1087 1168 1246 1250 quod
1317 1168 1755 1250 respondeatur
1819 1168 2216 1234 ambaxatori
2288 1167 2663 1233 serenissimi
2726 1167 2959 1232 domini
3021 1165 3186 1249 regis

483 1256 704 1332 Bosne‚
755 1256 818 1321 et
877 1257 1078 1339 primo
1145 1256 1220 1321 ad
1291 1256 1557 1339 primam
1624 1260 1868 1340 partem
1917 1259 1990 1321 de
2039 1256 2332 1338 possendo
2401 1256 2720 1320 extrahere
2779 1254 2855 1320 de
2905 1254 3184 1319 Venetiis

479 1363 589 1410 seu
635 1346 708 1410 de
753 1343 897 1409 aliis
943 1344 1225 1427 partibus
1275 1363 1380 1426 per
1427 1345 1749 1410 civitatem
1795 1349 2071 1411 nostram
2119 1344 2313 1409 libere
2360 1344 2528 1408 certa
2575 1361 2749 1408 arma
2805 1342 2924 1408 sibi
2971 1360 3184 1408 neces-

478 1432 645 1498 saria
688 1450 798 1516 pro
844 1433 1027 1498 factis
1073 1432 1237 1498 suis:
1286 1433 1446 1517 quod
1495 1433 1763 1499 libenter
1796 1434 2319 1516 complaceremus
2367 1431 2681 1496 maiestati
2713 1450 2821 1496 sue
2854 1432 2916 1495 in
2948 1431 3185 1496 cunctis

478 1519 897 1605 possibilibus,
945 1522 1048 1585 sed
1097 1522 1317 1586 civitas
1369 1525 1576 1586 nostra
1623 1526 1720 1587 est
1765 1521 1858 1587 ita
1902 1522 2335 1596 conditionata,
2386 1520 2673 1603 datisque
2703 1521 2949 1585 ordines
2984 1518 3183 1584 nostri

478 1609 680 1692 ligati,
727 1610 889 1694 quod
955 1609 1127 1674 nullo
1196 1610 1378 1674 modo
1447 1608 1561 1676 hoc
1622 1610 1826 1676 facere
1873 1610 2184 1686 valemuS,
2235 1610 2299 1674 et
2342 1610 2669 1692 propterea
2715 1609 2845 1691 ipse
2891 1607 3183 1673 solvendo

477 1698 645 1763 datia
691 1699 882 1763 nostri
929 1698 1272 1763 communis
1321 1700 1525 1784 potest
1567 1699 1681 1763 hoc
1727 1698 1924 1763 facere
1957 1699 2034 1762 ad
2071 1698 2526 1781 beneplacitum
2573 1716 2772 1762 suum.
2821 1696 2958 1762 Uno
3004 1713 3186 1779 roga-

477 1804 616 1851 mus
662 1804 839 1852 suam
882 1785 1336 1865 excellentiam,
1382 1787 1542 1869 quod
1583 1805 1703 1850 non
1749 1788 2059 1870 gravetur,
2108 1786 2159 1851 si
2207 1787 2373 1871 ipsos
2412 1788 2664 1851 nostros
2696 1785 2937 1851 ordines
2968 1783 3186 1850 infrin-

476 1892 618 1959 gere
664 1892 782 1939 non
830 1874 1131 1940 valemus.

690 1981 786 2046 Ad
833 1981 1017 2047 aliam
1069 1986 1308 2065 partem
1356 1983 1428 2048 de
1473 1983 1774 2066 possendo
1824 1983 2144 2047 extrahere
2193 1981 2407 2066 galeas
2473 1999 2639 2058 suas,
2689 1999 2841 2065 quas
2886 1979 3080 2046 habet
3122 1980 3186 2045 in

457 2072 690 2150 ‚nostro
733 2074 1051 2144 arsenatu,
1104 2070 1168 2136 et
1212 2070 1546 2136 conducere
1591 2071 1668 2135 ad
1720 2070 1856 2136 loca
1902 2089 2033 2146 sua,
2081 2069 2538 2153 respondemuS,
2587 2070 2748 2153 quod
2794 2067 2870 2134 de
2917 2069 3032 2134 hoc
3077 2088 3184 2134 su-

477 2177 617 2223 mus
662 2157 839 2224 valde
888 2159 1197 2235 contenti3
1246 2159 1351 2224 sed
1396 2159 1473 2223 ad
1518 2161 1763 2242 partem
1813 2161 1887 2225 de
1934 2158 2211 2224 faciendo
2255 2177 2359 2223 eas
2406 2159 2624 2223 sociari
2673 2177 2780 2242 per
2825 2156 3036 2241 galeas
3081 2175 3189 2222 no·

479 2248 640 2313 stras
685 2247 915 2331 culphy
963 2252 1206 2330 propter
1252 2265 1552 2325 cursoreS,
1624 2249 1728 2330 qui
1790 2251 1939 2312 sunt
1984 2248 2148 2312 intra
2194 2246 2511 2330 culphum,
2561 2246 2650 2312 sic
2690 2244 2978 2324 dicimuS,
3027 2245 3188 2329 quod

484 2334 658 2419 galee
705 2339 909 2401 nostre
955 2335 1031 2400 ad
1079 2353 1329 2417 presens
1376 2355 1493 2400 uon
1540 2338 1689 2402 sunt
1746 2336 1808 2400 iu
1870 2336 2009 2400 istis
2055 2336 2355 2418 partibus,
2404 2336 2510 2400 sed
2557 2336 2621 2398 iu
2673 2335 2954 2417 partibus
2999 2333 3184 2398 valde

483 2423 739 2490 remotis
785 2441 893 2506 pro
938 2423 1149 2489 arduis
1189 2423 1369 2490 factis
1416 2424 1665 2501 nostriS,
1715 2424 1923 2508 itaque
1966 2425 2080 2489 hoc
2125 2424 2326 2489 facere
2374 2442 2492 2488 non
2540 2440 2897 2504 possemus;
2944 2423 3008 2487 et
3052 2440 3194 2507 pro-

477 2514 690 2597 pterea
737 2530 1045 2595 rogamus,
1093 2514 1254 2595 quod
1300 2513 1549 2597 placeat
1591 2513 1816 2579 habere
1863 2530 1975 2578 nos
2023 2513 2246 2578 merito
2295 2514 2635 2577 excusatos.

686 2616 788 2684 Ad
836 2618 896 2683 id
943 2621 1172 2697 autem,
1221 2617 1379 2703 quod
1448 2618 1585 2702 ipse
1651 2618 2036 2684 ambasiator
2098 2617 2254 2685 dixit
2314 2617 2390 2682 de
2453 2615 2942 2702 interpositione,
2999 2633 3191 2700 quam

479 2707 610 2790 ipse
659 2706 944 2772 dominus
990 2726 1095 2772 rex
1142 2706 1318 2772 offert
1363 2726 1430 2772 se
1491 2707 1806 2773 facturum
1866 2706 2028 2772 inter
2082 2706 2398 2773 dominam
2447 2706 2729 2791 reginam
2775 2705 3188 2789 Margaritam

479 2800 544 2861 et
588 2812 719 2873 nos,
765 2813 838 2862 ac
881 2795 1087 2861 verbis
1133 2796 1257 2861 sibi
1316 2795 1501 2861 dictis
1562 2815 1670 2879 per
1732 2797 2194 2861 ambaxatorem
2265 2796 2460 2878 ipsius
2520 2794 2767 2860 domine
2815 2795 3048 2879 regine,
3090 2812 3191 2859 re·

477 2885 868 2966 spondemus,
917 2884 1076 2967 quod
1123 2902 1232 2949 nos
1278 2888 1341 2948 et
1386 2887 1663 2949 nostrum
1711 2901 2038 2949 commune
2086 2902 2328 2965 semper
2374 2886 2727 2968 optavimus
2790 2883 2854 2947 et
2897 2885 3189 2967 optamus

477 2974 679 3038 vivere
725 2972 976 3055 pacifice
1024 2972 1088 3037 et
1136 2973 1342 3056 quiete
1381 2990 1523 3037 cum
1571 2972 1875 3049 omnibus,
1926 2975 1990 3037 et
2052 2975 2373 3053 propterea
2434 2974 2942 3057 quandocumque
3005 2970 3188 3036 nobis

474 3060 708 3143 aliquid
754 3061 996 3126 dicetur
1042 3061 1118 3125 de
1166 3060 1350 3126 factis
1391 3060 1588 3144 ipsius
1632 3059 1882 3125 domine
1912 3060 2143 3143 regine,
2192 3078 2302 3124 nos
2335 3059 2658 3126 audiemus
2693 3060 2776 3139 id,
2812 3059 2974 3143 quod
3007 3059 3190 3126 nobis

474 3149 595 3214 dici
643 3148 848 3215 faciet.
901 3150 994 3215 De
1042 3151 1216 3233 parto
1261 3148 1368 3228 51,
1416 3167 1533 3213 non
1589 3149 1686 3225 13,
1738 3166 1861 3214 uon
1904 3147 2129 3214 sinceri
2174 3147 2276 3214 10.

561 3267 742 3328 Misti
789 3266 967 3329 XLI.
1020 3268 1123 3346 18,
1169 3286 1211 3328 u
1255 3269 1411 3328 mlet.
1459 3268 1694 3328 arkivu.

688 3493 1378 3579 CCCLXXXIII.
1431 3493 1635 3578 God.
1670 3493 1896 3577 1389.
1948 3494 2056 3578 20
2108 3495 2432 3596 srpnja,
2459 3516 2520 3576 u
2573 3493 2966 3579 Mletcih.

477 3656 822 3732 Nepristev'c
864 3674 927 3718 sc
956 3675 1043 3717 na
1081 3656 1274 3716 molbu
1310 3655 1552 3732 GJorqjc
1581 3655 1914 3717 Sracimira
1952 3657 2290 3732 yospodara
2333 3657 2625 3735 zetskoya,
2672 3658 2746 3718 do
2789 3659 2933 3718 smie
2984 3656 3187 3718 driats'

1187 3745 1306 3805 ἀνα
1349 3745 1619 3806 orniam
1662 3745 1848 3805 brodo
1890 3761 1965 3805 aa
2009 3747 2178 3817 svoju
2221 3746 2471 3805 obranu.

693 3884 879 3950 1389.
927 3884 1028 3950 die
1074 3884 1159 3949 20
1207 3883 1365 3951 iulii.
1414 3884 1733 3969 Sapientes
1779 3884 2084 3950 ordinum.
2132 3883 2362 3967 Capta:
2413 3903 2553 3949 cum
2601 3898 2709 3966 per
2739 3883 3193 3950 ambariatores

476 3974 710 4039 domini
755 3971 1006 4059 Georgii
1054 3971 1399 4052 Strazimir,
1449 3973 1680 4038 domini
1730 3973 2060 4056 Dulcigui,
2110 3974 2195 4037 sit
2240 3972 2609 4055 requisitum
2657 3971 2869 4038 ducali
2913 3972 3192 4039 dominio

477 4080 550 4129 ex
594 4066 768 4147 parte
813 4062 1045 4127 domini
1093 4062 1374 4144 predicti,
1425 4063 1582 4146 quod
1629 4062 1827 4144 possit
1871 4064 2078 4127 tenere
2124 4064 2395 4127 armatos
2443 4060 2511 4125 in
2543 4061 2702 4126 mari
2743 4063 2808 4125 et
2853 4060 2916 4125 iu
2963 4059 3190 4127 fluma-

474 4150 586 4216 riis
630 4150 756 4216 suis
802 4153 953 4216 duos
1001 4150 1386 4233 brigantinos
1448 4169 1556 4233 pro
1623 4150 1959 4214 securitate
2006 4169 2258 4214 suarum
2310 4151 2585 4232 partium
2634 4152 2699 4214 et
2759 4148 3190 4215 fiumariarum

475 4256 585 4322 pro
632 4238 795 4304 facto
842 4238 1026 4316 salis;
1074 4238 1250 4304 vadit
1294 4256 1459 4322 pars,
1508 4239 1664 4321 quod
1697 4236 2140 4321 respondeatur
2186 4237 2303 4302 sibi
2351 4238 2428 4302 ad
2476 4237 2662 4303 istam
2708 4237 2971 4321 partem,
3004 4237 3190 4320 quod,

477 4328 642 4391 sicut
685 4330 900 4392 notum
948 4328 1065 4399 est,
1111 4344 1222 4392 uos
1284 4344 1559 4391 essemus
1610 4345 1854 4408 semper
1923 4325 2210 4408 dispositi
2273 4326 2559 4391 alacriter
2599 4324 2979 4407 complacere
3026 4325 3195 4392 dicto

478 4413 721 4479 domino
765 4414 828 4481 in
876 4414 1117 4479 cunctis
1164 4415 1565 4497 possibilibus
1629 4417 1948 4496 tamquam
1996 4416 2217 4479 intimo
2263 4415 2464 4479 amico
2510 4413 2704 4480 nostri
2744 4413 3024 4479 dominii.
3071 4410 3193 4478 Sed

478 4500 644 4564 sicut
689 4507 786 4567 est
829 4502 1225 4567 manifestum
1274 4502 1465 4587 aliqui
1516 4503 1850 4585 brigantini
1886 4503 2159 4586 partium
2191 4502 2431 4585 Apulee
2465 4502 2820 4567 discurrunt
2849 4520 2959 4585 per
3001 4519 3194 4581 mare,

480 4585 823 4653 inferrendo
870 4591 1096 4654 damna
1142 4589 1358 4655 multis
1404 4592 1704 4673 personis,
1739 4593 1955 4656 contra
2000 4611 2150 4674 quos
2194 4609 2305 4656 nos
2352 4590 2731 4655 intendimus
2778 4590 3025 4672 penitus
3056 4608 3198 4673 pro·

483 4674 694 4737 cedere
739 4678 801 4740 et
845 4677 1162 4759 providere
1208 4680 1553 4763 superinde.
1617 4680 1700 4743 Et
1744 4698 1823 4744 ne
1871 4679 2063 4762 aliqui
2109 4680 2216 4745 alii
2263 4678 2446 4744 amici
2498 4678 2692 4743 nostri
2739 4678 2855 4743 sub
2902 4679 3194 4761 pretextu

485 4757 631 4823 talis
673 4763 1102 4841 concessionis,
1173 4766 1224 4830 si
1294 4784 1433 4832 eam
1493 4766 1859 4847 faceremus,
1910 4766 2145 4834 faciant
2211 4767 2386 4832 nobis
2431 4767 2671 4832 similes
2738 4766 3191 4852 requisitiones,
