3620 5282
2998 364 3130 429 375

411 530 532 594 dici
570 530 816 596 nomine
864 533 1013 598 dicti
1060 534 1289 598 domini
1339 534 1510 599 ducis
1573 536 1636 599 et
1697 537 2045 600 communis
2094 537 2499 603 Veneciarum
2566 540 2630 603 et
2687 540 3124 621 pertinentium

413 619 492 681 ad
540 636 643 682 eos
690 638 761 682 ex
809 620 1005 685 altera
1049 621 1384 702 predictam
1431 624 1894 688 conventionem
1944 627 2008 687 et
2053 624 2440 690 concordiam
2490 627 2556 689 et
2596 628 2802 690 omnia
2834 631 3124 694 contenta

409 705 473 768 in
521 725 591 771 ea
636 725 820 788 super
866 707 1030 772 facto
1076 708 1376 773 dictorum
1428 710 1788 786 amicorum,
1837 711 2267 776 adherentium
2323 714 2387 776 et
2432 714 2780 795 sequatium
2827 716 3127 797 approba-

407 794 647 867 verunt,
695 794 1159 860 ratificaverunt
1206 800 1268 859 et
1313 796 1713 879 corporaliter
1762 799 2122 862 iuraverunt
2182 800 2245 862 in
2292 799 2579 864 omnibus
2641 804 2707 865 et
2769 820 2877 884 per
2921 804 3127 867 omnia

412 880 747 945 secundum
797 885 1068 947 tenorem
1121 884 1427 948 dictarum
1467 884 1820 949 litterarum
1867 886 2216 970 regiarum,
2280 887 2715 969 promittentes
2764 889 3125 954 solemniter

410 968 606 1049 ipsam
656 971 1042 1034 concordiam
1090 971 1153 1034 et
1199 970 1407 1035 omnia
1455 975 1745 1036 contenta
1777 972 1841 1036 in
1876 991 1949 1037 ea
1978 974 2300 1038 observare
2349 977 2413 1038 et
2454 976 2759 1039 observari
2807 993 2878 1040 ac
2926 977 3128 1041 adim-

406 1055 558 1136 pleri
602 1055 799 1120 fecere
842 1058 977 1121 sine
1000 1057 1286 1134 deffectu,
1335 1077 1445 1122 nec
1469 1058 1882 1124 contrafacere
1929 1060 2029 1125 vel
2074 1061 2280 1126 venire
2305 1064 2483 1126 modo
2507 1062 2714 1145 aliquo
2759 1082 2868 1127 seu
2900 1062 3123 1142 forma,

405 1144 469 1206 et
511 1145 671 1225 qnod
720 1144 1004 1208 dominus
1050 1144 1168 1208 dux
1216 1146 1278 1209 et
1331 1165 1543 1210 suum1
1576 1146 1898 1211 consilium
1964 1149 2256 1212 iurabunt
2318 1150 2718 1231 corporaliter
2747 1152 2857 1214 ‘ad
2908 1153 3125 1216 sancta

404 1229 500 1293 dei
541 1233 861 1314 evangelia
903 1232 1089 1296 tactis
1153 1233 1478 1314 scripturis
1540 1234 1769 1299 dictam
1832 1235 2219 1300 concordiam
2281 1236 2344 1299 in
2409 1237 2694 1301 manibus
2756 1239 3122 1303 nunciorum

409 1317 505 1381 vel
552 1320 759 1383 nuncii
806 1318 959 1383 dicti
1005 1318 1240 1383 domini
1288 1321 1453 1403 regis
1499 1320 1574 1385 ad
1622 1321 1738 1385 hoc
1763 1321 2222 1403 deputatorum,
2270 1324 2336 1387 et
2380 1324 2624 1388 litteras
2659 1343 2802 1390 suas
2833 1328 3121 1407 patentes

410 1404 525 1468 sub
571 1406 748 1469 bulla
793 1407 1070 1470 munitas
1118 1407 1349 1471 dabunt
1395 1409 1456 1470 in
1505 1409 1787 1472 manibus
1836 1410 2200 1474 nunciorum
2247 1410 2661 1492 predictorum
2708 1412 2987 1477 eiusdem
3021 1417 3114 1478 te-

402 1492 563 1556 noris
609 1494 668 1557 in
718 1494 1004 1558 omnibus
1044 1497 1108 1558 et
1151 1513 1261 1576 per
1306 1494 1513 1558 omnia
1562 1497 1821 1559 mutatis
1848 1497 2178 1573 mutandis,
2226 1498 2399 1562 cuius
2448 1500 2626 1562 erunt
2672 1499 2877 1563 littere
2925 1501 3116 1583 regie,

408 1579 558 1661 ipsis
603 1581 846 1644 nunciis
893 1582 1079 1663 regiis
1126 1581 1593 1661 assignantibus
1640 1582 1840 1646 eidem
1888 1583 2136 1648 domino
2182 1585 2322 1649 duci
2368 1587 2432 1649 et
2476 1587 2786 1650 communi
2822 1587 3117 1652 Venecia-

409 1685 545 1729 rum
592 1667 791 1731 dictas
837 1667 1079 1732 litteras
1128 1668 1347 1750 regias.
1412 1668 1611 1733 Tenor
1652 1672 1858 1734 autem
1921 1670 2339 1753 predictarum
2404 1672 2756 1736 litterarum
2804 1675 3117 1756 regiarum

404 1771 514 1835 per
560 1755 765 1818 omnia
812 1755 959 1819 talis
1008 1757 1122 1819 est.
1170 1754 1515 1819 Lodovicus
1563 1756 1662 1819 dei
1706 1758 1910 1839 gratia
1957 1777 2061 1821 rex
2096 1758 2409 1841 Hungarie
2443 1761 2558 1823 etc.
2609 1758 2763 1824 Cum
2795 1760 2859 1823 in
2894 1778 3117 1842 guerra

402 1843 466 1903 et
511 1840 828 1919 discordia,
874 1860 1058 1924 quam
1086 1842 1321 1907 dudum
1365 1842 1516 1907 olim
1561 1843 1893 1908 habuimus
1926 1864 2065 1908 cum
2090 1845 2334 1910 domino
2368 1846 2519 1911 duce
2567 1847 2640 1910 et·
2674 1848 3118 1912 communitate

402 1927 829 2007 Veneciarum,
879 1930 954 1994 de
1000 1948 1120 2012 qua
1164 1929 1373 1994 divina
1419 1930 1780 2010 disponente
1827 1931 2156 1997 clementia
2203 1935 2278 1998 ad
2323 1934 2492 2016 pacis
2537 1933 2844 1998 unitatem
2869 1937 2933 1998 et
2964 1933 3122 1999 ami-

402 2015 612 2079 citiam
664 2021 762 2080 etc
828 2018 1015 2098 prout
1056 2018 1336 2098 superius
1381 2017 1447 2080 in
1495 2017 1707 2082 littera
1744 2020 1916 2100 regia
1962 2019 2329 2084 continetur.

608 2104 690 2167 Et
757 2122 870 2186 ego
931 2103 1245 2168 Johannes
1303 2101 1554 2186 Crispus
1617 2105 1908 2170 Radezlai
1972 2107 2298 2171 canonicus
2359 2106 2617 2172 ecclesie
2683 2107 3119 2191 Zagabriensis

401 2189 685 2271 publicus
731 2190 1065 2272 apostolica
1113 2194 1175 2254 et
1221 2190 1529 2272 imperiali
1590 2194 1962 2257 auctoritate
2024 2194 2299 2258 notarius
2363 2195 2655 2277 predictis
2709 2195 2994 2259 omnibus
3054 2196 3119 2260 et

401 2276 663 2360 singulis
713 2297 959 2359 presens
1006 2277 1094 2341 fui
1144 2280 1207 2342 et
1252 2281 1505 2358 rogatus
1554 2298 1589 2343 a
1635 2279 1821 2343 dictis
1866 2280 2149 2362 partibus
2214 2299 2333 2345 una
2396 2301 2537 2346 curn
2600 2282 2795 2347 Paulo
2842 2282 2916 2346 de
2961 2282 3113 2345 Ber-

399 2363 587 2427 nardo
637 2367 892 2429 condam
939 2364 1174 2429 domini
1222 2365 1527 2429 Johannis
1574 2367 1882 2448 imperiali
1931 2369 2303 2433 auctoritate
2351 2369 2586 2434 notario
2628 2369 2874 2453 publico
2907 2371 2971 2432 et
3002 2370 3113 2433 du-

400 2453 573 2514 catus
621 2451 1027 2516 Veneciarum
1075 2452 1299 2529 scriba,
1348 2454 1449 2534 qui
1493 2452 1783 2517 similiter
1830 2454 2044 2519 debuit
2106 2455 2397 2520 conficere
2460 2459 2524 2521 et
2581 2456 2844 2521 confecit
2905 2454 3109 2520 simile

398 2538 881 2603 instrumentum
924 2539 999 2603 de
1046 2540 1364 2622 premissis
1412 2539 1681 2604 dandum
1723 2541 1971 2606 domino
2018 2542 2170 2625 regi,
2217 2542 2436 2625 scripsi
2483 2546 2546 2607 et
2588 2544 2656 2607 in
2700 2543 2858 2608 hanc
2905 2542 3111 2625 publi-

394 2644 527 2689 cam
573 2625 837 2691 formam
884 2626 1078 2711 redigi
1125 2628 1491 2710 signumque
1538 2648 1749 2692 meum
1810 2630 2069 2712 apposui
2130 2633 2492 2696 consuetum
2556 2630 2620 2695 in
2684 2630 3112 2696 testimonium

396 2713 672 2778 omnium
718 2714 1178 2797 premissorum.
1227 2715 1312 2779 Et
1359 2734 1470 2797 ego
1519 2716 1748 2780 Paulus
1793 2718 1867 2780 de
1894 2717 2206 2782 Bernardo
2245 2719 2500 2781 condam
2549 2718 2783 2782 domini
2808 2717 3115 2782 Johannis

394 2801 700 2882 imperiali
746 2802 1113 2884 auctoritate
1160 2803 1436 2866 notarius
1483 2803 1547 2866 et
1592 2802 1854 2867 ducatus
1921 2804 2326 2869 Veneciarum
2389 2805 2592 2868 scriba
2656 2804 2949 2886 predictis
3020 2804 3117 2868 in-

394 2888 576 2952 terfui
624 2890 688 2952 et
732 2889 937 2953 simile
986 2891 1463 2954 instrumentum
1496 2891 1750 2967 confeci,
1796 2892 1954 2973 quod
1989 2892 2286 2955 remansit
2322 2891 2486 2972 apud
2516 2892 2838 2955 dominum
2862 2908 3101 2972 regem,

480 2979 799 3039 Paetorum
859 2979 924 3039 V.
975 2982 1117 3049 161,
1161 2997 1205 3038 u
1248 2980 1591 3039 mlctackom
1637 2981 1870 3039 arkivu.

775 3133 1103 3213 DXLV.
1175 3133 1384 3215 God.
1438 3134 1664 3218 1358.
1716 3133 1822 3215 20
1877 3132 2237 3235 veljace,
2294 3155 2353 3214 u
2409 3134 2719 3216 Zadru.

394 3238 678 3312 Ljudevit
728 3242 764 3298 1
809 3242 1364 3315 uyarsko-hrvatski
1406 3244 1567 3315 kralj
1614 3242 1919 3315 odredjm'e
1978 3245 2135 3315 svojc
2186 3243 2504 3315 poslanike
2561 3259 2592 3302 s
2621 3243 2946 3315 naputkom
2965 3287 2979 3313 ‚
3033 3243 3116 3303 da

396 3327 588 3386 uslied
619 3329 884 3404 poyodbe
930 3331 1084 3386 mira
1120 3330 1313 3400 prime
1357 3330 1432 3388 od
1474 3330 1672 3388 dudda
1707 3330 2066 3404 mletackoya
2092 3331 2336 3404 prisequ
2365 3348 2448 3390 na
2493 3333 2622 3404 nju,
2676 3331 2756 3389 da
2784 3348 2888 3389 mu
2917 3331 3116 3391 iambe

396 3415 660 3488 krab'evo
709 3417 906 3488 pismo
925 3460 938 3484 ‚
997 3417 1150 3475 kako
1183 3418 1250 3489 Je
1297 3434 1427 3476 sam
1471 3418 1633 3490 krab'
1691 3418 1814 3476 istu
1864 3419 2113 3492 pris-equ
2148 3417 2397 3490 Ροῑοέίο,
2456 3421 2480 3477 i
2538 3419 2621 3478 da
2679 3435 2781 3477 mu
2832 3419 3113 3491 predadu

338 3553 343 3554 ff
388 3503 647 3575 yradove
690 3503 715 3560 i
758 3504 986 3575 mjesta,
1032 3504 1171 3576 koja
1214 3520 1276 3562 se
1325 3522 1363 3562 u
1408 3505 1697 3578 krab'evoj
1741 3505 1956 3563 oblasti
1990 3505 2200 3565 nalaze
2238 3523 2277 3564 a
2311 3523 2394 3578 po
2438 3507 2580 3580 ἱεῖσα·
2619 3507 2875 3581 poqodbi
2903 3525 2947 3566 u
2976 3507 3114 3566 mle-

1439 3592 1615 3651 tadku
1651 3592 1824 3664 preci
1867 3593 2090 3651 imadu.

598 3692 1095 3756 Procuratorium
1161 3693 1393 3757 domini
1454 3694 1619 3777 regis
1680 3694 1999 3777 Hungarie
2063 3693 2125 3757 in
2193 3713 2493 3777 personas
2558 3693 2794 3759 domini
2842 3694 3112 3777 episcopi

388 3779 815 3862 Zagrabiensis
878 3781 942 3843 et
996 3780 1225 3845 domini
1276 3780 1513 3845 Nicolai
1578 3781 1795 3845 iudicis
1862 3782 2028 3845 curie
2091 3783 2262 3865 regie
2331 3782 2410 3845 ad
2473 3782 2928 3847 restituendum
2977 3782 3114 3846 loca

390 3870 596 3931 nostra
637 3871 755 3932 etc.
803 3867 930 3931 Nos
977 3867 1317 3933 Lodovicus
1383 3868 1480 3932 dei
1540 3868 1743 3950 gratia
1807 3888 1910 3933 rex
1958 3868 2283 3952 Hungarie
2345 3872 2461 3934 etc.
2528 3868 2827 3934 universis
2874 3869 2939 3932 et
2983 3869 3112 3932 sin-

384 3953 546 4037 gulis
594 3956 910 4037 presentes
966 3955 1210 4019 litteras
1269 3955 1641 4037 inspecturis
1704 3955 1837 4019 fieri
1902 3956 2185 4021 volumus
2247 3956 2692 4032 manifestum,
2741 3955 2900 4038 quod
2964 3974 3109 4020 cum

384 4041 546 4105 inter
591 4061 701 4107 nos
748 4061 820 4107 ex
868 4060 988 4106 una
1031 4044 1205 4123 parte
1251 4046 1314 4106 et
1368 4042 1688 4107 dominum
1752 4044 1969 4107 ducem
2035 4045 2099 4107 et
2161 4062 2496 4109 commune
2546 4043 2953 4108 Veneciarum
3001 4061 3110 4108 seu

383 4130 811 4194 ambaxatores
863 4131 927 4194 et
971 4130 1251 4212 syndicos
1301 4148 1443 4194 suos
1493 4130 1884 4195 honorabiles
1933 4130 2095 4195 viros
2143 4132 2420 4195 dominos
2456 4131 2713 4196 Petrum
2765 4129 3106 4207 Trivisano‚

381 4214 723 4280 Johannem
788 4215 1134 4281 Gradonico
1195 4218 1260 4281 et
1318 4217 1722 4282 Beneintendi
1800 4217 2239 4282 cancellarium
2304 4219 2562 4282 ducatus
2632 4221 2694 4281 et
2761 4217 3107 4282 communis

379 4303 785 4368 Veneciarum
833 4323 904 4368 ex
948 4304 1142 4368 altera
1188 4306 1346 4369 inita
1399 4305 1485 4368 sit
1529 4306 1764 4387 pariter
1809 4307 1873 4368 et
1919 4305 2165 4369 firmata
2225 4324 2379 4387 pax,
2450 4303 2778 4369 concordia
2833 4306 2898 4368 et
2954 4305 3110 4369 ami-

379 4391 525 4454 citia
561 4391 675 4456 deo
717 4391 990 4474 propicio
1034 4393 1325 4474 perpetuo
1371 4391 1669 4456 duratura
1714 4411 1897 4473 super
1943 4393 2230 4457 omnibus
2297 4394 2360 4455 et
2422 4392 2692 4475 singulis
2739 4391 3108 4456 differentiis

378 4478 520 4543 hinc
566 4480 704 4543 inde
753 4479 1158 4555 vertentibus,
1202 4479 1364 4543 sicut
1396 4480 1457 4542 in
1491 4478 1718 4544 litteris
1754 4479 1980 4544 nostris
2025 4481 2215 4563 regiis
2248 4483 2312 4544 et
2343 4479 2786 4543 instrumentis
2837 4477 3100 4561 publicis

376 4566 604 4631 secutis
646 4566 866 4630 exinde
911 4566 1155 4648 plenius
1201 4566 1585 4640 continetur;
1657 4567 1881 4631 idcirco
1925 4585 2034 4632 nos
2083 4568 2353 4631 volentes
2419 4567 2755 4648 adimplere
2803 4584 2912 4642 ea,
2986 4584 3104 4646 que

378 4671 489 4735 pro
536 4656 967 4735 parte.nostra
1016 4655 1163 4718 sunt
1209 4653 1374 4718 circa
1418 4653 1622 4733 ipsum
1670 4653 2064 4718 concordium
2107 4653 2521 4735 adimplenda,
2589 4652 2893 4729 fecimuS,
2960 4669 3103 4715 con-

384 4740 706 4805 stituimus
755 4746 817 4804 et
864 4739 1283 4805 ordinavimus
1332 4738 1543 4804 fideles
1591 4742 1831 4805 nostros
1858 4739 2254 4816 consiliarios,
2304 4739 2714 4803 venerabilem
2764 4738 2826 4801 in
2873 4737 3103 4800 christo
