3620 5282
3028 354 3156 418 3:57

420 532 752 597 heredibus
799 531 1068 596 tractare
1131 532 1424 613 tanquam
1491 529 1656 594 cives
1704 532 1944 594 nostros
1984 529 2195 594 fideles
2245 532 2309 593 et
2355 530 2554 594 facere
2600 537 2840 595 nostros
2892 529 3151 608 nobileS,

425 620 512 684 ita
560 619 721 702 quod
770 620 1284 701 quociescumque
1332 617 1611 682 venerint
1645 618 1961 694 VenetiaS,
1996 619 2235 701 possint
2274 619 2482 682 venire
2516 618 2592 681 ad
2627 618 2955 681 consilium
2992 620 3154 682 sicut

424 708 528 772 alii
554 706 752 772 nostri
803 705 1059 782 nobileS,
1109 706 1340 770 habeat
1385 705 1718 788 collegium
1752 706 2007 779 domini,
2042 705 2552 780 consiliariorum,
2587 707 2867 788 capitum
2901 712 2964 769 et
2989 706 3152 787 sapi-

425 798 635 859 entum
685 796 1004 878 utriusque
1051 812 1270 858 manus
1315 794 1673 857 libertatem
1720 793 2244 858 condescendendi
2293 794 2366 856 ad
2393 794 2741 875 predictum
2788 793 3151 874 capitulum,

429 886 492 947 et
538 883 895 964 acceptandi
944 882 1099 945 illud
1147 883 1307 946 sicut
1344 883 1525 960 iacet,
1575 881 1665 944 ita
1714 882 1872 964 quod
1921 883 2050 962 ipse
2098 882 2384 946 dominus
2432 881 2736 963 Georgius
2802 879 3153 945 Stracimiri

430 989 572 1035 cum
620 971 749 1034 suis
792 969 942 1035 filiis
990 972 1054 1033 et
1098 969 1445 1047 heredibuS,
1510 968 1988 1033 solennitatibus
2049 971 2211 1032 terre
2265 968 2546 1046 servatis,
2610 969 2737 1032 sint
2791 970 2863 1033 de
2928 972 3150 1033 nostro

433 1058 648 1122 maiori
693 1057 949 1123 consilio
996 1060 1059 1121 et
1102 1058 1163 1121 in
1212 1076 1467 1121 numero
1514 1058 1863 1121 nostrorum
1909 1055 2212 1121 nobilium
2258 1059 2696 1139 aggregentur.

644 1161 742 1226 Ad
792 1163 1130 1227 secundum
1165 1163 1508 1244 capitulum
1558 1181 1667 1226 seu
1742 1163 1820 1225 ad
1883 1162 2149 1243 primam
2217 1165 2458 1242 partem
2518 1163 2650 1225 eius
2712 1161 3151 1236 continentem,

429 1251 587 1333 quod
636 1249 975 1314 dominatio
1023 1253 1233 1315 nostra
1279 1251 1377 1313 vel
1421 1249 1529 1314 alii
1579 1267 1689 1332 pro
1738 1268 1810 1313 ea
1857 1268 1978 1313 non
2026 1249 2267 1330 possint
2313 1249 2430 1312 sibi
2464 1248 2740 1330 accipere
2774 1253 3148 1327 contratam,

429 1357 613 1422 quam
664 1337 802 1402 vult
849 1338 1115 1401 retinere
1165 1357 1268 1419 pro
1318 1357 1402 1412 se,
1449 1355 1556 1401 nec
1606 1337 1809 1419 ipsum
1886 1340 2102 1400 contra
2162 1337 2440 1400 debitum
2503 1337 2855 1415 molestare,
2928 1338 3151 1402 conde-

427 1428 755 1490 scendatur
794 1424 959 1489 sicut
1003 1425 1178 1507 petit.
1227 1426 1457 1489 Verum
1499 1426 1576 1488 ad
1624 1425 1812 1489 aliam
1862 1427 2101 1505 partem
2149 1424 2299 1488 dicti
2345 1423 2627 1505 capituli,
2677 1444 2783 1506 per
2817 1443 3002 1506 quam
3051 1446 3151 1489 re·

428 1514 643 1597 quirit,
688 1531 866 1595 posse
909 1512 974 1576 in
1022 1512 1133 1577 illa
1179 1531 1290 1577 sua
1334 1516 1615 1577 contrata
1661 1512 1866 1577 levare
1914 1516 2190 1576 nostram
2242 1511 2594 1594 insigniam,
2643 1513 2720 1576 ad
2770 1512 2958 1577 istam
3006 1531 3148 1595 par-

430 1606 553 1665 tem
604 1601 860 1666 tractari
907 1601 970 1664 et
1015 1601 1329 1683 procurari
1376 1600 1600 1665 debeat
1643 1620 1751 1683 per
1815 1599 2056 1664 dictum
2116 1599 2454 1682 collegium
2523 1618 2664 1664 cum
2731 1598 2856 1662 illis
2925 1601 3148 1680 verbiS,

430 1707 549 1771 que
596 1688 988 1766 videbuntur,
1038 1687 1198 1770 quod
1243 1687 1319 1752 de
1365 1690 1488 1754 ista
1532 1691 1706 1771 parte
1751 1707 1817 1752 se
1863 1690 2243 1760 removeant,
2303 1688 2446 1770 quia
2514 1687 2632 1749 erit
2677 1687 2898 1751 *maior
2960 1689 3152 1752 honor

431 1794 582 1840 suus
630 1775 837 1840 levare
882 1774 1226 1858 insigniam
1272 1795 1447 1841 suam
1496 1794 1679 1860 quam
1728 1776 1939 1851 aliam,
1997 1777 2062 1839 et
2126 1776 2295 1839 istud
2363 1776 2493 1856 ipse
2555 1775 2843 1838 dominus
2905 1774 3152 1841 deberet

430 1862 593 1928 velle
642 1881 747 1945 pro
793 1864 1018 1928 honore
1067 1865 1284 1928 domus
1331 1883 1461 1928 sue.
1511 1862 1767 1942 Quando
1836 1866 2044 1928 autem
2114 1861 2282 1928 facta
2355 1863 2524 1926 omni
2603 1863 2985 1944 experientia
3029 1864 3148 1945 ipsi

427 1951 906 2016 ambassiatores
947 1954 1190 2015 starent
1234 1951 1310 2016 ad
1358 1953 1475 2017 hoc
1520 1953 1895 2031 constanteS,
1938 1951 2160 2015 debeat
2204 1950 2606 2014 condescendi
2652 1951 2729 2015 ad
2775 1951 2966 2015 istam
3012 1970 3153 2034 par-

427 2038 578 2118 tem,
627 2039 789 2122 quod
837 2039 1036 2122 possit
1080 2039 1289 2104 levare
1338 2042 1609 2105 nostram
1655 2039 1992 2123 insigniam
2044 2037 2106 2103 in
2140 2037 2294 2103 locis
2342 2039 2492 2116 suiS,
2541 2039 2706 2102 sicut
2734 2038 3015 2120 requirit.

638 2162 737 2227 Ad
784 2161 1039 2227 tertium
1089 2163 1434 2246 capitulum
1481 2162 1823 2240 continens,
1874 2165 2031 2246 quod
2080 2163 2307 2246 aliquis
2352 2162 2558 2239 homo,
2609 2162 2714 2244 qui
2757 2162 3153 2227 vellet'rece-

424 2249 571 2315 dere
615 2252 692 2315 de
729 2252 1028 2327 contrata,
1078 2270 1267 2333 quam
1315 2270 1425 2333 pro
1472 2270 1542 2317 eo
1613 2253 1883 2316 retinere
1950 2254 2103 2328 vult,
2176 2268 2297 2314 non
2366 2249 2589 2314 debeat
2657 2251 2963 2333 acceptari
3038 2267 3152 2315 nec

423 2338 613 2420 recipi
661 2338 724 2402 in
772 2339 951 2402 terris
999 2356 1110 2403 nec
1155 2337 1329 2417 locis,
1377 2357 1493 2421 que
1542 2339 1720 2404 nobis
1767 2340 1894 2417 dat,
1945 2339 2048 2402 sed
2099 2338 2299 2403 eidem
2342 2339 2607 2402 debeant
2657 2338 2998 2422 assignari;
3071 2338 3150 2402 ad

428 2426 591 2490 istud
620 2424 743 2489 dici
775 2424 997 2490 debeat
1022 2428 1081 2490 et
1115 2426 1203 2490 ita
1228 2446 1337 2509 per
1361 2426 1600 2491 dictum
1630 2427 1963 2509 collegium
1992 2426 2214 2492 debeat
2246 2426 2579 2508 procurari,
2615 2428 2775 2508 quod
2801 2445 2908 2490 nos
2934 2445 3150 2491 sumus

425 2514 697 2578 contenti
762 2513 817 2577 ei
880 2514 1132 2578 restitui
1219 2517 1283 2579 et
1342 2515 1652 2598 assignari
1716 2514 1916 2579 facere
1964 2533 2177 2579 omnes
2242 2514 2542 2591 homineS,
2608 2516 2712 2597 qui
2782 2514 3152 2597 aufugerent

428 2600 505 2665 de
551 2601 704 2666 locis
751 2602 881 2667 suis
931 2602 1226 2684 predictis
1273 2603 1348 2667 ad
1400 2601 1507 2668 illa
1547 2602 1701 2679 loca,
1751 2622 1867 2685 que
1914 2602 2092 2667 nobis
2152 2602 2279 2679 dat,
2345 2619 2707 2684 quacunque
2766 2602 2889 2667 alia
2937 2619 3147 2682 causa,

425 2694 675 2771 excepto
740 2689 803 2775 ⁸si
882 2690 1251 2773 aufugerent
1312 2709 1422 2773 pro
1498 2691 1727 2755 delicto
1797 2691 2127 2769 criminali,
2178 2711 2286 2773 per
2332 2690 2493 2772 quod
2539 2689 2883 2772 perimendi
2933 2692 3152 2772 proba·

428 2778 641 2843 biliter
688 2781 911 2854 essent,
960 2779 1105 2860 quia
1156 2778 1314 2843 tales
1361 2779 1698 2842 dominatio
1746 2779 1958 2842 nostra
2005 2797 2317 2861 nunquam
2367 2779 2509 2842 dare
2563 2779 2759 2841 voluit
2807 2798 2998 2861 neque
3041 2778 3152 2842 dat

424 2864 489 2929 in
537 2865 721 2930 terris
758 2868 821 2930 et
866 2866 1016 2930 locis
1065 2866 1218 2941 suiS,
1271 2884 1413 2949 ymo
1460 2867 1619 2930 tales
1667 2884 1806 2930 cum
1878 2884 1943 2929 se
2009 2866 2392 2930 transferunt
2458 2864 2534 2928 de
2592 2865 2726 2929 loco
2796 2867 2869 2929 ad
2920 2867 3145 2938 locum,

427 2955 575 3018 sunt
619 2953 797 3032 salvi,
846 2955 909 3018 et
950 2954 1186 3029 securi3
1235 2953 1514 3018 faciendo
1560 2956 1625 3017 et
1663 2955 1959 3018 servando
2007 2954 2300 3018 similiter
2346 2972 2556 3018 versus
2605 2972 2720 3017 nos
2764 2953 2838 3018 de
2887 2954 3008 3031 his„
3044 2955 3148 3037 qui

430 3041 797 3124 aufugerent
845 3042 918 3105 de
965 3042 1116 3124 ipsis
1168 3042 1312 3105 locis
1359 3041 1588 3106 nostris
1635 3043 1708 3105 ad
1751 3041 1887 3105 loca
1934 3060 2063 3105 sua.

636 3164 732 3229 Ad
783 3164 1024 3246 partem
1073 3184 1214 3229 vero
1276 3164 1451 3229 tertii
1511 3163 1769 3247 capituli
1821 3165 2259 3238 continentem,
2322 3164 2485 3248 quod
2550 3163 2605 3228 si
2668 3164 2896 3248 aliquis
2955 3164 3146 3229 vellet

426 3253 734 3317 offendere
782 3254 856 3317 ad
906 3253 1329 3333 accipiendum
1374 3254 1721 3318 contratam
1772 3271 1949 3316 suam
1999 3252 2364 3334 predictam,
2415 3272 2597 3333 quam
2646 3272 2754 3334 pro
2803 3274 2867 3317 se
2897 3252 3144 3332 retinet,

426 3341 587 3423 quod
636 3358 744 3404 nos
785 3340 1119 3405 debeamus
1167 3342 1377 3404 iuvare
1425 3360 1568 3405 cum
1614 3342 1907 3423 gentibus
1956 3345 2252 3417 contrata,
2302 3358 2485 3422 quam
2534 3341 2710 3404 nobis
2757 3340 2883 3418 dat,
2931 3359 3151 3423 procu-

427 3428 555 3493 rari
603 3431 668 3492 et
714 3425 832 3493 dici
878 3428 1098 3492 debeat
1138 3428 1691 3493 ambassiatoribus
1733 3428 2045 3510 predictis,
2095 3428 2253 3511 quod
2316 3433 2526 3492 nostra
2587 3428 2927 3493 dominatio
2993 3448 3149 3491 nun-

425 3535 612 3598 quam
662 3516 850 3580 solita
887 3515 1008 3580 fuit
1052 3516 1253 3579 facere
1302 3516 1457 3580 tales
1508 3517 1971 3599 promissioneS,
2022 3535 2133 3580 nec
2196 3516 2362 3598 ipsas
2413 3515 2589 3579 modo
2635 3517 2843 3599 aliquo
2893 3517 3145 3596 faceret,

425 3605 570 3687 quia
617 3622 736 3667 non
786 3604 988 3669 forent
1034 3622 1174 3667 cum
1219 3604 1441 3668 honore
1488 3608 1727 3677 nostro;
1779 3603 1885 3667 sed
1932 3604 2064 3686 ipse
2113 3605 2397 3668 dominus
2447 3622 2592 3667 suus
2640 3604 2823 3667 debet
2855 3623 2990 3668 esse
3015 3623 3151 3669 cer-

427 3693 733 3770 tissimus,
812 3693 971 3774 quod
1045 3693 1097 3754 si
1176 3692 1324 3768 loca,
1388 3711 1505 3774 que
1570 3693 1745 3756 nobis
1807 3695 1950 3757 dare
2000 3690 2153 3767 vult,
2202 3697 2380 3755 erunt
2436 3692 2498 3754 in
2556 3694 2845 3757 manibus
2894 3693 3148 3770 nostriS,

423 3779 648 3843 Turchi
692 3799 810 3844 non
857 3779 1161 3843 curabunt
1209 3797 1400 3861 neque
1448 3780 1845 3844 intentabunt
1891 3778 2047 3843 velle
2094 3779 2362 3860 amplius
2411 3779 2616 3843 venire
2681 3782 2758 3843 ad
2823 3779 3149 3844 attenden-

428 3869 573 3931 dum
614 3867 690 3931 ad
738 3868 965 3932 damna
1010 3866 1282 3950 partium
1333 3868 1602 3932 illarum.
1655 3868 1962 3933 Similiter
2003 3867 2192 3931 etiam
2225 3885 2436 3930 omnes
2484 3867 2833 3933 circavicini
2867 3870 2942 3932 ob
2978 3887 3150 3931 reve-

424 3954 685 4019 rentiam
734 3958 799 4020 et
845 3972 1118 4019 amorem
1166 3954 1361 4018 nostri
1423 3956 1675 4019 dominii
1743 3958 1925 4019 eruut
1985 3955 2260 4018 contenti
2321 3959 2487 4019 stare
2559 3954 2620 4018 in
2682 3975 2830 4039 pace
2873 3959 2936 4019 et
2985 3957 3148 4021 intra

426 4042 726 4106 terminos
774 4061 937 4108 suos,
1006 4043 1088 4106 Et
1150 4043 1584 4107 nichilominus
1654 4042 1708 4106 si
1770 4062 1948 4107 casus
2005 4041 2200 4117 daret,
2264 4043 2421 4124 quod
2483 4042 2673 4124 aliqui
2739 4044 3144 4107 molestarent

428 4133 776 4194 contratam
824 4148 1022 4207 suam,
1073 4148 1184 4194 nos
1232 4131 1398 4194 omni
1449 4136 1724 4213 tempore
1773 4133 1905 4195 toto
1953 4148 2130 4212 posse
2171 4128 2456 4195 dabimus
2503 4149 2753 4212 operam
2812 4133 2875 4194 et
2921 4149 3142 4211 procu-

424 4218 699 4282 rabimus
748 4219 819 4282 de
868 4218 1189 4282 tractando
1238 4237 1445 4299 pacem
1496 4223 1556 4281 et
1604 4219 2000 4283 concordium
2049 4218 2211 4281 inter
2257 4236 2379 4297 eos,
2445 4219 2515 4281 ut
2575 4220 2772 4299 possit
2819 4237 3031 4300 regere
3079 4222 3143 4281 et

425 4306 765 4387 gubernare
814 4307 873 4370 in
923 4326 1072 4388 pace
1118 4308 1183 4370 et
1230 4307 1388 4370 bona
1419 4305 1738 4370 voluntate
1771 4309 2113 4370 contratam
2150 4305 2508 4386 predictam,
2547 4307 2947 4387 procurando,
2981 4308 3144 4388 quod

427 4394 786 4458 remaneant
831 4393 906 4458 de
937 4394 1053 4458 hoc
1093 4394 1386 4458 contenti.

635 4498 732 4562 Ad
781 4501 1073 4580 quartum
1123 4499 1485 4580 capitulum,
1536 4518 1645 4581 per
1706 4498 1867 4580 quod
1930 4501 2061 4579 ipse
2124 4498 2409 4561 dominus
2470 4495 2772 4579 Georgius
2837 4497 3000 4577 petit
3072 4497 3147 4561 de

420 4585 762 4668 provisione
809 4604 846 4650 a
893 4589 1099 4650 nostro
1149 4586 1418 4649 dominio
1465 4587 1717 4650 ducatos
1763 4585 1935 4650 mille
1982 4585 2113 4649 auri
2160 4588 2327 4649 omni
2368 4605 2523 4649 anno
2572 4587 2647 4648 ad
2698 4585 2899 4647 minus
2927 4585 2988 4647 in
3015 4604 3152 4666 per-

420 4678 673 4755 petuum
722 4693 828 4757 pro
871 4693 983 4738 sua
1027 4674 1428 4738 subventione
1476 4692 1582 4755 pro
1628 4693 1692 4737 se
1741 4678 1803 4736 et
1851 4673 2179 4737 heredibus
2219 4674 2366 4747 suis,
2419 4673 2731 4754 procurari
2783 4672 3006 4735 debeat
3042 4688 3150 4751 per

419 4762 655 4827 dictum
702 4761 1037 4845 collegium
1083 4781 1227 4826 cum
1261 4761 1413 4844 ipsis
1461 4761 1993 4826 ambassatoribus
2040 4760 2116 4824 de
2164 4759 2363 4823 dando
2414 4761 2530 4841 ipsi
2582 4760 2834 4823 domino
2882 4757 3148 4839 Georgio
