3620 5282
472 359 598 426 196

472 534 604 599 eius
650 531 1105 615 expedicionem
1151 532 1466 597 intendere
1510 533 1642 598 toto
1690 551 1904 615 posse:
1954 532 2125 595 vadit
2171 547 2330 611 pars,
2379 530 2540 612 quod
2590 531 2647 593 in
2698 530 2941 593 nomine
2973 528 3211 594 Christi

473 623 538 686 et
578 622 740 685 bona
784 620 991 704 gratia
1038 622 1326 700 cridetur,
1376 621 1532 703 quod
1580 621 1829 685 secundi
1894 620 1982 684 sol
1999 639 2093 682 -.m
2136 617 2400 681 debeant
2461 638 2654 700 usque
2722 617 2801 681 ad
2841 616 3007 680 diem
3054 617 3208 680 iovis

471 709 818 792 proximum
865 728 975 791 per
1018 708 1181 772 diem
1229 708 1425 773 facere
1473 728 1537 773 se
1584 709 1770 773 scribi
1820 707 1982 790 apud
2035 706 2359 789 pagatores
2408 708 2648 771 nostros
2695 706 2811 769 sub
2858 723 3014 786 pena
3062 702 3211 768 soli-

472 797 688 863 dorum
731 793 799 873 C,
846 798 911 860 et
956 798 1170 879 postea
1215 814 1404 878 usque
1451 796 1529 860 ad
1577 795 1741 860 diem
1790 796 2169 860 dominicum
2216 795 2362 858 tunc
2408 794 2753 877 proximum
2821 795 3210 875 presentasse

471 903 676 950 coram
722 883 986 948 dominis
1034 882 1401 948 officialibus
1448 885 1821 948 armamenti
1885 903 1990 966 pro
2055 882 2249 947 eundo
2321 901 2461 946 cum
2527 886 2769 946 armata
2833 884 3077 954 nostra,
3145 899 3208 944 se

471 972 572 1038 vel
607 989 933 1054 personam
981 970 1389 1036 sufficientem
1437 972 1571 1036 loco
1617 971 1714 1037 sui
1746 972 1861 1036 sub
1903 989 2061 1055 pena
2093 970 2394 1034 librarum
2421 967 2609 1032 XXV
2634 988 2743 1053 pro
2777 968 3055 1051 quolibet
3087 971 3205 1032 etc.

679 1059 763 1123 Et
808 1058 1119 1123 scribatur
1164 1059 1393 1123 nostris
1440 1060 1803 1138 rectoribus,
1855 1059 2014 1142 quod
2063 1057 2354 1122 similiter
2399 1058 2462 1120 in
2510 1057 2640 1122 suis
2672 1056 3083 1139 regiminibus
3117 1055 3209 1120 fa-

469 1147 636 1213 ciant
680 1146 1048 1228 proclamari
1101 1148 1217 1212 etc.
1362 1154 1367 1161 '

682 1233 1003 1300 Scribatur
1045 1235 1234 1298 etiam
1290 1235 1498 1299 comiti
1547 1233 1799 1313 Chersi,
1868 1234 2171 1299 iudicibus
2237 1236 2299 1297 et
2363 1234 2793 1298 communibus
2865 1230 3206 1296 insularum

470 1323 567 1388 sui
612 1320 935 1405 regiminis
999 1321 1072 1385 de
1136 1321 1248 1386 hac
1312 1325 1554 1387 armata
1617 1327 1846 1399 nostra,
1915 1321 2468 1387 recommendando
2525 1340 2627 1385 eos
2691 1338 2799 1402 pro
2845 1319 3203 1384 hominibus

470 1411 619 1489 suiS,
668 1427 818 1491 quos
868 1408 1168 1474 miserunt
1214 1429 1351 1473 cum
1399 1410 1521 1474 alia
1566 1414 1827 1489 armata,
1876 1415 1940 1475 et
1986 1410 2344 1493 requirendo
2407 1429 2477 1473 ac
2523 1407 2827 1473 hortando
2873 1426 2994 1486 eoS,
3044 1406 3203 1487 quod

470 1516 581 1582 pro
628 1498 750 1561 ista
787 1499 1029 1561 armata
1078 1498 1394 1561 inveniant
1439 1500 1501 1562 et
1545 1500 1767 1582 parent
1813 1499 1888 1562 de
1935 1498 2288 1563 hominibus
2337 1498 2464 1560 suis
2512 1497 2588 1560 ad
2633 1497 2914 1560 nostrum
2963 1494 3202 1559 soldum

470 1588 535 1652 et
579 1603 875 1667 expensas
923 1585 1319 1668 quamplures
1367 1588 1676 1667 poterunt,
1721 1588 1786 1650 et
1833 1586 1992 1669 quod
2041 1604 2244 1650 comes
2292 1587 2576 1667 procuret
2640 1583 2714 1647 de
2761 1583 2965 1648 insula
3013 1581 3205 1661 Vegle

475 1673 766 1738 similiter
814 1689 1172 1755 recuperare
1214 1692 1395 1755 quam
1444 1675 1651 1756 plures
1700 1674 1978 1738 homines
2025 1673 2272 1755 poterit,
2317 1674 2591 1737 faciendo
2634 1672 2705 1734 de
2752 1671 2868 1735 hoc
2914 1669 3205 1734 ambaxa-

469 1763 598 1825 tam
647 1759 977 1824 comitibus
1021 1759 1215 1843 Vegle
1262 1779 1369 1843 pro
1414 1764 1594 1843 parte
1626 1763 1838 1826 nostra
1885 1763 1944 1824 in
1993 1761 2191 1825 forma
2218 1761 2478 1838 decenti,
2530 1759 2749 1843 quibus
2798 1760 2952 1823 fiant
2994 1759 3204 1821 littere

472 1847 856 1913 credulitatis
903 1850 1258 1930 propterea;
1307 1849 1397 1912 ita
1444 1849 1601 1931 quod
1652 1851 1730 1913 ad
1779 1850 1984 1913 minus
2012 1849 2348 1913 habeamus
2396 1849 2468 1913 de
2518 1848 2638 1911 hiis
2684 1848 2837 1910 locis
2883 1847 3045 1910 inter
3075 1863 3205 1907 om-

468 1955 575 2000 nes
621 1934 901 2000 homines
947 1939 1194 1999 centum
1245 1935 1433 2000 bonos
1484 1939 1548 2001 et
1588 1936 1987 2013 sufficienteS,
2039 1936 2142 2020 qui
2193 1936 2320 2000 sint
2353 1935 2556 2019 parati
2604 1936 2679 1999 ad
2727 1933 2968 2017 longius
3012 1951 3202 2014 usque

468 2023 545 2089 ad
592 2022 755 2088 diem
804 2021 985 2086 XXV
1031 2022 1260 2087 mensis
1307 2024 1610 2105 presentis
1657 2024 1733 2089 ad
1782 2025 2025 2089 soldum
2096 2027 2160 2090 et
2223 2043 2520 2106 expensas
2582 2025 2863 2102 nostraS,
2913 2023 2985 2086 ut
3023 2039 3205 2102 supe-

466 2111 593 2176 rius
638 2110 877 2174 dictum
927 2112 1040 2174 est.

679 2196 909 2262 Comiti
957 2216 1098 2262 vero
1151 2198 1307 2263 Arbi
1354 2200 1705 2264 notificetur
1750 2199 1826 2265 de
1873 2200 2010 2283 ipsa
2063 2202 2324 2275 armata,
2392 2197 2942 2264 recommendando
3006 2195 3204 2262 fideli-

467 2286 664 2352 tatem
720 2303 893 2349 suam
943 2289 1007 2348 et
1050 2285 1423 2351 Arbensium
1468 2287 1530 2350 in
1578 2306 1668 2366 eo,
1719 2288 1883 2370 quod
1932 2288 2229 2366 fecerunt,
2280 2289 2345 2351 et
2378 2286 2738 2370 requirendo
2780 2305 2850 2352 ac
2901 2283 3203 2349 hortando

467 2393 591 2452 eoa,
641 2373 799 2456 quod
845 2390 953 2454 pro
1006 2372 1128 2437 ista
1174 2373 1303 2438 alia
1350 2378 1592 2439 armata
1638 2378 1885 2440 tantum
1954 2376 2333 2440 neccessaria
2392 2376 2570 2439 nobis
2633 2375 2950 2440 inveniant
2998 2376 3062 2437 et
3106 2391 3202 2435 re-

468 2462 768 2544 cuperent
813 2459 889 2524 de
936 2461 1064 2525 suis
1112 2461 1465 2526 hominibus
1528 2462 1603 2528 ad
1650 2466 1932 2528 nostrum
1997 2463 2237 2528 soldum
2302 2462 2701 2545 quamplures
2766 2463 3094 2544 poterunt,
3141 2460 3205 2522 et

469 2550 626 2633 quod
666 2566 872 2613 comes
916 2551 1202 2629 procuret
1249 2548 1325 2613 de
1370 2550 1615 2633 Segnia,
1663 2550 1737 2615 de
1786 2551 2094 2627 Flumine,
2159 2554 2221 2614 et
2269 2550 2409 2613 aliis
2473 2549 2619 2613 locis
2683 2546 3202 2613 circonstantibus

469 2636 744 2704 invenire
790 2635 1071 2701 homines
1118 2638 1194 2700 ad
1242 2639 1518 2703 nostrum
1566 2638 1807 2705 soldum
1858 2658 1965 2721 pro
2014 2639 2178 2703 dicta
2223 2638 2482 2716 armata,
2532 2635 2806 2701 faciendo
2840 2655 3024 2718 super
3057 2633 3197 2713 hiis,

471 2727 525 2791 si
572 2723 896 2808 expediens
947 2725 1151 2801 fuerit,
1201 2726 1594 2791 ambaxatam
1664 2728 1877 2791 comiti
1924 2727 2255 2801 Bartholo,
2325 2732 2386 2789 et
2433 2725 2849 2807 procurando,
2915 2723 3077 2806 quod
3124 2721 3199 2786 de

468 2813 592 2882 hiis
630 2812 781 2877 locis
828 2811 1171 2878 habeamus
1211 2815 1491 2878 homines
1533 2834 1716 2896 quam
1744 2815 1953 2898 plures
1991 2813 2205 2878 haberi
2232 2815 2540 2895 poterunt,
2587 2812 2676 2876 ita
2708 2811 2869 2893 quod
2914 2810 3200 2875 adminus

469 2902 544 2966 de
592 2901 763 2965 Arbo
813 2902 878 2964 et
922 2900 1106 2964 dictis
1155 2901 1303 2966 locis
1349 2902 1690 2968 habeamus
1738 2903 2021 2966 homines
2070 2903 2313 2966 centum
2360 2900 2736 2965 sufficientes
2788 2902 2853 2965 et
2900 2903 3077 2983 aptos
3124 2898 3202 2962 ad

468 2990 750 3053 nostrum
801 2986 1043 3052 soldum
1097 2991 1160 3052 et
1205 3008 1520 3073 expensas,
1571 2989 1675 3072 qui
1723 2991 1849 3054 sint
1894 2991 2093 3072 parati
2140 2989 2309 3054 omni
2357 3006 2543 3053 causa
2589 2991 2827 3053 remota
2874 3007 3064 3070 usque
3120 2985 3197 3050 ad

469 3075 637 3140 diem
682 3074 860 3140 XXV
910 3078 1141 3139 mensis
1190 3076 1373 3140 huius
1417 3077 1492 3142 ad
1542 3077 1804 3142 eundem
1852 3096 1993 3141 cum
2050 3079 2296 3141 armata
2340 3076 2600 3160 prefata.

681 3161 1012 3226 Mandetur
1059 3181 1297 3245 quoque
1343 3165 1675 3230 comitibus
1722 3164 1916 3230 Jadre
1977 3168 2042 3230 et
2104 3166 2294 3248 Pagi,
2359 3163 2909 3229 recommendando
2975 3182 3075 3227 eos
3122 3161 3196 3225 de

468 3250 612 3326 hiis,
653 3267 769 3331 que
815 3247 1093 3314 fecerunt
1139 3251 1198 3315 in
1248 3252 1600 3316 executione
1646 3253 1843 3317 nostri
1869 3252 2166 3331 mandati,
2217 3255 2281 3317 et
2305 3252 2675 3317 notificando
2714 3252 2802 3315 eis
2847 3250 2922 3314 de
2955 3250 3197 3314 armata

469 3339 683 3402 nostra
721 3337 1014 3419 presenti,
1066 3341 1128 3400 et
1174 3339 1332 3421 quod
1380 3340 1640 3404 debeant
1686 3340 1762 3405 de
1809 3340 2160 3404 hominibus
2216 3342 2621 3405 comitatuum
2671 3357 2916 3403 suorum
2965 3338 3194 3419 eligere

472 3426 536 3489 et
582 3423 853 3489 invenire
903 3426 999 3488 tot
1045 3428 1376 3490 secundum
1408 3430 1974 3511 compensationem
2001 3427 2317 3493 hominum
2345 3427 2717 3510 regiminum
2756 3424 3191 3509 predictorum,

471 3513 573 3596 qni
624 3513 870 3576 arment
918 3512 1292 3578 sufficienter
1318 3534 1504 3579 unam
1530 3515 1794 3598 galeam,
1849 3515 2200 3598 accipiendo
2250 3535 2348 3580 eos
2394 3516 2471 3579 ad
2507 3514 2747 3579 soldum
2798 3515 2862 3579 et
2901 3530 3194 3595 expensas

473 3601 670 3665 nostri
721 3599 1087 3678 communiS,
1137 3604 1201 3666 et
1246 3601 1568 3682 faciendoS,
1618 3603 1778 3686 quod
1829 3605 1955 3668 sint
1987 3603 2187 3687 parati
2232 3623 2425 3686 usque
2486 3603 2560 3667 ad
2609 3601 2942 3667 terminum
2989 3600 3197 3683 predi-

472 3692 643 3755 ctum
699 3689 771 3752 de
819 3687 1015 3752 eundo
1063 3688 1137 3753 ad
1187 3691 1637 3771 procurandum
1679 3693 1959 3755 nostrum
2009 3693 2321 3769 honorem,
2372 3691 2534 3755 sicut
2578 3708 2894 3772 speramus
2927 3688 3002 3752 de
3027 3689 3194 3772 ipsis

682 3773 1053 3841 Notificetur
1100 3777 1289 3841 etiam
1337 3778 1566 3842 nostris
1615 3778 1944 3843 comitibus
1989 3779 2292 3856 Sibenici,
2356 3778 2642 3862 Tragurii
2691 3779 2754 3842 et
2797 3777 3074 3859 Spalati,
3136 3783 3197 3842 et

471 3863 806 3929 comitibus
850 3863 1157 3934 dictorum
1203 3864 1479 3929 locorum
1529 3867 1601 3930 de
1638 3869 1942 3949 apparatu
1989 3868 2196 3932 nostre
2243 3867 2479 3930 armate
2515 3866 2849 3949 presentie,
2899 3868 2962 3929 et
3007 3883 3197 3947 quan-

472 3956 610 4016 tum
657 3951 1038 4016 conservatio
1081 3954 1146 4016 et
1186 3953 1381 4017 honor
1427 3955 1636 4018 noster
1686 3957 1749 4018 et
1792 3956 2143 4018 nostrorum
2189 3953 2464 4017 fidelium
2507 3954 2810 4036 dependet
2853 3953 2929 4017 ab
2980 3972 3084 4031 ea,
3134 3958 3198 4019 et

468 4058 609 4104 cum
658 4039 862 4103 verbis
899 4038 1259 4104 decentibus
1322 4042 1901 4108 recommendentur
1959 4041 2034 4106 de
2097 4044 2520 4124 portamento,
2588 4040 2751 4123 quod
2804 4039 3084 4105 fecerunt
3129 4041 3191 4105 in

466 4126 774 4191 mittendo
820 4125 1088 4192 fideliter
1133 4128 1208 4192 de
1256 4127 1606 4193 hominibus
1658 4129 1786 4193 suis
1847 4148 2031 4212 super
2092 4130 2215 4193 alia
2280 4131 2522 4193 armata
2570 4131 2817 4208 nostra,
2883 4135 2946 4193 et
2992 4130 3196 4211 requi-

466 4213 683 4278 rantur
730 4215 794 4278 et
836 4213 1181 4294 hortentur,
1232 4217 1410 4298 quod,
1455 4216 1623 4281 velut
1671 4217 1797 4281 veri
1845 4215 2056 4281 fideles
2119 4217 2512 4281 ostendentes
2574 4235 2752 4281 suam
2801 4215 3191 4297 fidelitatem,

464 4299 660 4364 velint
700 4301 771 4365 de
817 4300 1172 4366 hominibus
1219 4303 1347 4368 suis
1396 4304 1596 4368 adhuc
1644 4305 1873 4388 eligere
1922 4306 1986 4369 et
2028 4305 2302 4370 invenire
2364 4306 2495 4383 tot,
2544 4307 2696 4386 quot
2749 4305 3026 4370 fecerunt
3087 4325 3194 4387 pro

430 4385 590 4451 ‘alia
641 4389 885 4452 armata
930 4390 1008 4453 ad
1055 4390 1338 4468 nostrum
1388 4391 1628 4457 soldum
1669 4396 1734 4457 et
1779 4411 2094 4474 expensaS,
2145 4392 2247 4475 qui
2297 4391 2425 4457 sint
2469 4393 2673 4474 parati
2731 4393 2807 4457 ad
2858 4392 3193 4459 terminum

462 4474 848 4539 antedictum
891 4494 1000 4558 pro
1041 4477 1238 4542 eundo
1287 4497 1428 4543 cum
1476 4483 1719 4545 armata
1761 4483 1974 4544 nostra
2023 4481 2315 4562 presenti.

671 4561 751 4624 Et
798 4564 1103 4628 scribatur
1150 4566 1365 4630 comiti
1427 4564 1699 4649 Spaleti,
1767 4567 1928 4650 quod
1992 4568 2100 4632 det
2157 4586 2408 4649 operam
2456 4566 2531 4631 de
2597 4569 2992 4633 conferrendo
3043 4587 3180 4632 cum

457 4649 683 4715 comite
731 4648 923 4714 Paulo
972 4650 1193 4716 Clissie
1242 4656 1305 4717 et
1352 4651 1673 4734 Scardone,
1725 4657 1830 4739 qui
1878 4656 2067 4720 habet
2111 4655 2174 4718 in
2226 4655 2533 4720 Dalmisio
2597 4658 2662 4720 et
2708 4656 2859 4721 alibi
2908 4656 3186 4722 homines

457 4737 884 4824 navigatores,
933 4739 997 4805 et
1041 4739 1202 4822 quod
1264 4742 1661 4807 memorando
1725 4745 1780 4808 ei
1846 4743 1923 4810 de
1987 4761 2216 4828 magna
2278 4741 2659 4827 benignitate
2726 4748 2790 4810 et
2839 4743 3189 4825 affectione,
