3620 5282
3014 399 3144 466 307

674 571 1257 656 CCCCXLIII.
1312 571 1518 656 (iod.
1576 572 1800 655 1393.
1858 571 1911 653 6
1964 573 2338 674 svibnja‚
2390 594 2451 655 u
2504 574 2900 658 Mleteih.

619 713 1052 780 Committitur
1096 715 1421 797 capitaneo
1470 714 1766 778 Durachii
1810 715 1878 779 et
1918 714 2243 795 capitaneo
2291 713 2519 796 culphi,
2569 715 2728 798 quod
2782 716 3144 781 examinent

408 821 616 868 muros
659 803 954 876 civitatis
1003 806 1068 867 et
1114 803 1168 866 si
1220 803 1387 867 fossa
1434 803 1844 867 circumcirca
1891 802 2023 866 fieri
2068 802 2288 885 possit,
2329 805 2393 865 et
2441 804 2702 868 mittant
2764 823 2948 869 suum
2994 823 3143 870 con-

405 890 620 955 silinm
668 890 732 954 in
779 890 1051 972 scriptis,

495 999 675 1058 Misti
723 999 945 1058 XLII.
999 997 1149 1072 109,
1196 1016 1240 1059 u
1280 1000 1436 1059 mlet.
1483 1000 1718 1058 arkivu.

707 1184 1239 1269 cocoxmv
1294 1186 1503 1269 eod.
1559 1185 1783 1270 1393.
1836 1188 1934 1271 27
1985 1187 2298 1290 npnja,
2354 1211 2414 1270 u
2467 1187 2859 1270 motem.

408 1332 701 1392 Mletdam'
747 1331 1114 1405 odyovarnju
1152 1332 1529 1404 poscanikom
1577 1334 1772 1391 Ivana
1817 1332 2178 1407 krvatskoya
2224 1313 2385 1392 bima
2424 1333 2590 1406 ylede
2623 1331 2988 1404 predloiena
3021 1333 3143 1407 jim

683 1436 899 1480 savena
942 1436 1013 1478 sa
1057 1420 1309 1493 krakjem
1367 1420 1773 1479 Venceslavom
1819 1425 1844 1479 i
1888 1421 2199 1493 njelcojimi
2243 1422 2576 1495 uqarslcimi
2621 1421 2889 1480 velikas‘i.

627 1538 816 1603 1393.
868 1536 968 1603 die
1031 1536 1113 1601 27
1176 1538 1351 1603 iunii.
1417 1538 1528 1603 Ser
1589 1539 1945 1605 Leonardus
2004 1540 2293 1605 Dandulo
2359 1540 2538 1603 miles
2603 1541 2985 1622 procurator,
3048 1558 3151 1605 ser

411 1627 787 1690 Benedictus
839 1626 1227 1708 Superantio,
1278 1626 1588 1708 sapientes
1635 1628 1914 1702 consilii;
1992 1646 2090 1691 ser
2160 1626 2459 1691 Nicolaus
2509 1626 2823 1700 Mudacio‚
2870 1646 2972 1693 ser
3017 1627 3152 1692 An-

411 1715 618 1778 tonius
668 1715 1038 1795 BragadinO,
1088 1715 1398 1797 sapientes
1446 1715 1749 1779 ordinum.
1844 1712 2018 1794 Quod
2065 1715 2177 1779 fiat
2221 1714 2539 1796 responsio
2607 1714 2685 1778 ad
2733 1714 3151 1780 ambasiatam

410 1802 586 1866 nobis
657 1802 1031 1882 exposiatam
1107 1822 1214 1885 per
1284 1801 1447 1866 hunc
1524 1802 1781 1867 fratrem
1839 1804 2139 1867 minorem
2210 1821 2319 1883 pro
2397 1805 2572 1884 parte
2639 1801 2943 1867 Johannis
3008 1801 3152 1867 bani

412 1888 605 1952 nostri
651 1888 837 1952 amici
912 1890 1240 1966 carissimi,
1291 1889 1397 1972 per
1455 1908 1641 1972 quarn
1724 1892 1858 1972 ipse
1921 1909 2030 1960 nos
2108 1889 2368 1972 requirit
2429 1892 2503 1954 de
2581 1890 2712 1971 liga
2788 1908 2929 1954 cum
3007 1908 3152 1972 rege

412 1976 736 2039 Vencislao
815 1979 880 2040 et
954 1977 1265 2060 aliquibus
1344 1978 1672 2042 baronibus
1750 1978 1924 2060 regni
2007 1978 2345 2060 Hungarie,
2427 1980 2737 2042 offerendo
2800 1975 3003 2041 facere
3048 1998 3155 2042 ve-

412 2064 542 2127 nire
629 2064 873 2128 litteras
951 2068 1344 2148 opportunae,
1424 2067 1487 2129 et
1547 2065 1823 2142 dicendo,
1895 2064 2052 2146 quod
2123 2064 2588 2130 attendentibus
2657 2064 2831 2129 nobis
2894 2063 2973 2128 ad
3021 2067 3158 2129 dic-

412 2155 539 2215 tam
587 2151 779 2233 ligam
828 2155 1009 2217 erunt
1053 2152 1340 2234 dispositi
1388 2153 1463 2217 de
1508 2151 1787 2217 faciendo
1833 2151 1910 2216 de
1986 2153 2168 2217 rebus
2245 2152 2419 2218 nobis
2497 2153 2698 2235 gratis
2773 2153 2928 2226 etc.;
2992 2151 3154 2235 quod

413 2240 499 2302 rei
546 2241 779 2304 veritas
826 2243 941 2316 est,
991 2240 1150 2321 quod
1192 2258 1300 2305 nos
1346 2258 1564 2332 sumus
1611 2240 1799 2305 amici
1844 2240 2079 2305 domini
2130 2239 2294 2323 regis
2342 2239 2726 2323 Sigismundi
2762 2242 2829 2305 et
2860 2240 3156 2305 similiter

416 2327 653 2391 domini
698 2327 1065 2412 Venceslay,
1113 2329 1177 2391 et
1225 2346 1333 2409 per
1378 2327 1477 2391 dei
1525 2329 1800 2410 gratiam
1849 2346 2062 2393 sumus
2112 2328 2175 2392 in
2222 2346 2373 2409 pace
2419 2331 2484 2391 et
2529 2328 2691 2392 bona
2736 2327 3155 2393 benivolentia

415 2430 560 2477 cum
606 2415 915 2492 omnibus,
966 2417 1173 2498 itaque
1219 2433 1338 2480 non
1384 2414 1618 2480 faceret
1664 2433 1776 2498 pro
1824 2416 2004 2480 nobis
2051 2433 2164 2481 nec
2202 2433 2312 2497 pro
2360 2416 2531 2479 statu
2579 2418 2787 2481 nostro
2833 2415 3151 2481 attendere

412 2500 488 2565 ad
534 2518 625 2579 ea,
676 2503 750 2565 de
797 2502 1019 2585 quibus
1069 2520 1178 2566 nos
1224 2503 1505 2586 requirit,
1554 2503 1701 2585 quia
1745 2522 1818 2569 ex
1866 2504 2020 2586 ipsis
2046 2504 2461 2569 communiter
2503 2504 2860 2585 pervenitur
2900 2503 2978 2566 ad
3029 2521 3147 2587 gu-

411 2590 819 2742 ΞιὲῑαεὲἹεεΙέἕ
866 2592 929 2655 et
966 2594 1298 2670 reservato,
1348 2591 1402 2656 si
1436 2591 1728 2657 notabilis
1775 2608 1959 2657 causa
2004 2609 2114 2658 nos
2159 2594 2453 2657 moveret.
2505 2591 2598 2657 De
2664 2593 2841 2673 parte
2881 2590 2986 2671 26,
3043 2590 3149 2671 38,

622 2765 736 2830 Ser
782 2767 1006 2831 Petrus
1052 2765 1382 2850 Mocenigo
1428 2769 1809 2849 procurator,
1860 2785 1958 2831 ser
2007 2765 2303 2832 Pantaleo
2351 2768 2555 2832 Berbo
2594 2766 2800 2844 mileS,
2834 2766 3145 2849 sapientes

414 2854 692 2929 consilii3
738 2873 836 2917 ser
887 2853 1259 2918 Benedictus
1308 2853 1560 2935 Capello
1603 2855 1850 2937 sapiens
1881 2854 2188 2919 ordinum.
2225 2854 2459 2936 Capta:
2508 2855 2668 2937 qnod
2701 2856 3145 2935 respondeatur

416 2944 489 3006 ad
539 2943 726 3006 istam
775 2942 1229 3006 ambasiatam:
1280 2941 1444 3023 quod
1492 2942 1672 3026 plene
1737 2941 2092 3007 audivimus
2155 2944 2220 3006 et
2281 2942 2680 3006 inteleximus
2743 2941 2973 3017 omnia,
3036 2960 3152 3024 que

420 3030 594 3094 nobis
642 3028 821 3107 dixit,
868 3032 933 3094 et
1000 3048 1117 3112 que
1173 3030 1495 3093 ostendere
1567 3029 1767 3094 voluit
1829 3029 1951 3093 iste
2009 3029 2203 3093 frater
2265 3031 2468 3093 minor
2535 3047 2645 3110 pro
2694 3032 2871 3110 parte
2916 3028 3152 3094 domini

417 3116 717 3182 Johannis
765 3116 929 3195 bani,
977 3135 1161 3200 quem
1209 3117 1271 3180 in
1334 3118 1421 3181 rei
1484 3119 1751 3182 veritate
1815 3117 2115 3182 babemus
2194 3117 2259 3180 in
2329 3119 2599 3181 amicum
2664 3118 2948 3181 nostrum
3013 3137 3154 3199 pre—

418 3204 711 3287 cipuum3
760 3203 866 3269 sed
917 3204 1080 3269 sicut
1125 3204 1430 3286 sapientia
1475 3223 1585 3270 sue.
1631 3205 1813 3288 plene
1862 3203 2070 3269 videre
2117 3206 2182 3268 et
2228 3205 2456 3269 sentire
2505 3206 2731 3287 potest,
2770 3206 2940 3268 totus
2974 3222 3159 3269 mun·-

419 3291 534 3356 dus
583 3291 658 3356 ad
709 3310 959 3374 presens
1006 3294 1103 3356 est
1150 3292 1210 3355 in
1259 3310 1487 3374 magno
1535 3298 1705 3357 motu
1768 3294 1834 3356 et
1893 3291 2158 3356 diversis
2222 3291 2626 3369 anfractibuS,
2673 3291 2899 3374 quibus
2955 3292 3160 3355 consi-

415 3380 654 3528 geratis
701 3397 821 3443 non
865 3378 1107 3444 videtur
1155 3379 1332 3444 nobis
1379 3380 1612 3463 aliquid
1664 3380 2029 3462 respondere
2073 3398 2256 3461 super
2303 3380 2433 3443 hoc.
2529 3380 2622 3444 De
2670 3381 2847 3461 parte
2892 3376 2998 3459 40,
3046 3378 3157 3459 48,

629 3547 741 3619 Ser
773 3554 1042 3619 Michael
1077 3554 1263 3619 Steuo
1294 3556 1687 3636 procurator:
1723 3555 1879 3637 quod
1915 3554 2355 3637 respondeatur
2387 3553 2460 3618 ad
2497 3554 2933 3632 ambasiatam,
2969 3574 3151 3637 quam

418 3643 595 3706 nobis
641 3641 915 3724 portavit
958 3642 1077 3706 iste
1123 3641 1317 3706 frater
1363 3642 1566 3706 minor
1636 3661 1748 3727 pro
1817 3644 1995 3725 parte
2063 3642 2367 3706 Johaunis
2441 3641 2584 3705 bani
2635 3643 2695 3706 in
2743 3643 2883 3706 istis
2931 3642 3145 3724 paucis

417 3729 651 3806 verbis,
693 3730 854 3812 quod
899 3748 1011 3794 nos
1062 3730 1212 3794 bene
1258 3731 1324 3794 et
1385 3729 1720 3812 diligenter
1794 3730 2218 3794 intelleximus
2296 3747 2386 3806 ea,
2457 3748 2573 3812 que
2645 3729 2822 3793 nobis
2893 3728 3149 3794 dicendo

420 3818 621 3882 mittit
665 3817 798 3899 ipse
844 3817 1162 3882 Johannes
1210 3816 1406 3881 banus
1454 3819 1694 3882 amicus
1743 3819 1952 3881 noster
1998 3816 2377 3891 carissimuS,
2428 3821 2491 3879 et
2524 3819 2848 3898 propterea
2878 3818 3008 3898 ipse
3040 3834 3139 3899 po-

420 3906 550 3969 test
591 3905 790 3969 redire
836 3905 914 3969 ad
963 3924 1125 3977 eum,
1175 3906 1239 3969 et
1283 3905 1403 3968 sibi
1437 3905 1641 3969 dicere
1680 3908 1857 3988 parte
1906 3905 2138 3981 nostra,
2188 3906 2345 3985 quod
2397 3922 2535 3967 curn
2586 3905 2834 3968 domino
2897 3922 3042 3986 rege
3090 3906 3152 3966 et

416 3992 633 4074 regina
677 3992 1000 4075 Hungarie
1045 4011 1114 4057 ac
1161 3992 1271 4056 illo
1318 4010 1505 4074 regno
1540 4012 1647 4058 nos
1697 4011 1914 4056 sumus
1986 3992 2292 4056 coniuncti
2367 3992 2665 4073 singulari
2734 3991 3151 4055 benivolentia

418 4081 483 4143 et
527 4098 771 4155 amore3
819 4080 1112 4144 similiter
1156 4079 1456 4144 habemus
1504 4089 1567 4144 et
1596 4083 1879 4144 tenemus
1913 4081 2191 4162 reginam
2227 4078 2639 4160 Margaritam
2675 4080 2738 4141 et
2769 4080 2900 4142 eius
2934 4080 3148 4141 natum

418 4165 738 4230 dominum
787 4167 1178 4232 Vencislaum
1229 4167 1292 4229 in
1341 4185 1515 4231 caros
1562 4170 1626 4232 et
1673 4166 2020 4249 singulares
2068 4165 2300 4230 amicos
2349 4169 2612 4242 nostros,
2660 4165 2768 4229 sed
2832 4166 2977 4247 quia
3028 4181 3146 4228 non

418 4252 697 4318 videmus
745 4272 836 4331 ea,
881 4274 998 4336 que
1045 4254 1219 4319 nobis
1263 4253 1418 4317 dicit
1463 4253 1588 4318 fore
1636 4254 1906 4319 multum
1957 4254 2135 4329 nuda,
2188 4271 2305 4316 uon
2356 4254 2612 4333 apparet
2657 4251 2836 4315 nobis
2884 4252 2957 4314 de
2989 4251 3139 4315 faci-

416 4340 574 4405 endo
621 4340 743 4405 sibi
789 4341 979 4407 aliam
1027 4342 1509 4424 responsionem.
1603 4341 1696 4405 De
1743 4343 1916 4423 parte
1971 4341 2067 4403 14.
3045 4348 3052 4353 ‘

499 4447 744 4510 Secreta
790 4447 965 4510 Cone.
1015 4449 1165 4524 Roq.
1214 4447 1292 4509 R.
1341 4450 1447 4523 81,
1494 4465 1537 4508 u
1583 4448 1738 4509 mlet.
1787 4449 2025 4508 arkivu.
