3620 5282
2982 419 3071 486 59

728 598 977 680 GVH.
1032 596 1233 679 God.
1292 596 1513 679 1363.
1569 595 1669 678 23
1722 596 2151 698 prosinca‚
2202 619 2262 679 u
2316 595 2701 679 Mletcib.

344 743 553 801 Prima
575 757 636 800 sc
657 739 910 813 ponuda
934 739 1223 813 Stjepana
1247 741 1271 798 i
1296 741 1510 809 Ivana,
1533 741 1742 799 sinova
1764 741 1952 800 kneua
1974 739 2239 799 Bartula
2267 739 2605 815 Senjskoya,
2629 742 2752 815 koji
2774 759 2848 803 su
2878 742 3076 802 nudili

343 829 637 902 republiki
675 824 846 905 svoju
885 828 1160 889 voinidku
1182 828 1389 887 slubbu
1401 828 1570 900 proti
1593 829 2007 887 buntovnikom
2032 846 2072 885 u
2097 828 2288 900 Kreti,
2330 832 2385 887 te
2405 845 2467 887 sc
2491 829 2640 901 salic
2663 830 2955 903 bildelnik,
2994 830 3075 889 da

343 933 376 978 s
414 917 590 990 njimi
634 915 857 974 dot-idai
901 932 1119 989 uqovor
1148 916 1411 975 utanadi.
1460 916 1696 974 Listovi
1741 933 1781 974 u
1829 919 1942 974 tom
1981 916 2160 989 poslu
2187 915 2451 989 predam·
2480 916 2696 975 istomu
2731 912 3072 991 biliciniku.

559 1035 864 1101 Comissio
928 1035 1163 1118 providi
1231 1036 1345 1100 viri
1402 1035 1816 1100 Zanbernardi
1883 1034 2103 1100 notarii
2165 1034 2339 1099 missi
2396 1035 2713 1119 Segniam.
2783 1036 3075 1102 Zamber-

349 1123 568 1188 narde!
617 1123 769 1186 vade
815 1123 891 1188 ad
937 1123 1099 1188 filios
1145 1124 1403 1188 condam
1449 1124 1696 1188 comitis
1743 1122 2022 1188 Bartholi
2070 1122 2144 1186 de
2191 1120 2437 1206 Segnia,
2487 1123 2708 1205 quibus
2753 1141 2864 1206 pro
2898 1126 3072 1206 parte

350 1213 559 1275 nostra
606 1210 914 1287 salutatis,
964 1228 1246 1292 exponeS‚
1296 1211 1455 1291 quod
1501 1210 1715 1275 habita
1760 1210 1973 1274 littera
2021 1227 2131 1273 sua
2182 1210 2800 1276 recommendationis
2845 1211 2907 1274 in
2938 1231 3047 1293 per

348 1299 515 1362 sonis
561 1296 859 1362 nobilium
923 1297 1196 1362 virorum
1244 1298 1477 1380 Moysis
1524 1301 1587 1362 et
1633 1297 1895 1380 Nicolay
1942 1296 2325 1362 subditorum
2375 1298 2439 1361 et
2483 1297 2760 1362 fidelium
2819 1315 3071 1363 suorum

350 1386 429 1451 ob
477 1403 748 1449 amorem
793 1385 859 1449 et
913 1383 1401 1449 benevolentiam
1453 1402 1627 1448 suam
1691 1402 1790 1449 eos
1853 1386 2237 1466 suscepimus
2284 1383 2361 1449 ad
2425 1387 2702 1449 nostrum
2747 1385 3073 1451 servitium

353 1475 417 1537 et
461 1471 699 1536 soldum
748 1489 855 1553 pro
902 1471 1098 1536 eundo
1143 1472 1218 1536 ad
1266 1473 1470 1552 partes
1520 1470 1785 1537 Candide
1818 1472 2030 1536 contra
2062 1471 2323 1535 rebelles
2356 1473 2598 1535 nostros
2639 1471 2838 1537 insule
2870 1471 3070 1549 Crete,

352 1560 458 1642 qui
504 1558 680 1623 nobis
726 1559 1144 1640 promiserunt
1192 1560 1393 1623 venire
1440 1561 1515 1622 ad
1565 1559 1798 1623 dictum
1846 1562 2128 1623 nostrum
2176 1559 2493 1623 servitium
2542 1575 2679 1622 cum
2715 1557 2761 1624 C
2796 1560 2969 1624 bonis
3011 1562 3076 1624 et

352 1645 804 1711 sufficientibus
844 1645 1156 1728 equitibus
1207 1646 1361 1711 bene
1406 1645 1667 1710 armatis
1714 1665 1855 1710 cum
1903 1646 2088 1709 certis
2142 1645 2358 1727 pactis,
2422 1643 2592 1710 soldo
2651 1649 2715 1710 et
2773 1647 3076 1717 condicio·

352 1734 551 1812 nibus,
610 1734 794 1816 prout
840 1733 902 1797 in
950 1733 1121 1815 copia
1167 1734 1436 1815 ipsorum
1483 1735 1824 1815 pactorum,
1874 1751 2059 1815 quam
2109 1732 2226 1814 ipsi
2273 1731 2521 1811 habent,
2586 1732 2937 1799 continetur
2997 1734 3074 1798 ad

355 1821 624 1903 plenum.
676 1819 793 1886 Sed
842 1839 1030 1905 quare
1075 1821 1396 1900 nollemus,
1445 1821 1602 1903 quod
1664 1820 1870 1903 aliquo
1927 1838 2071 1884 casu
2134 1820 2254 1902 ipsi
2315 1823 2667 1885 recusarent
2723 1820 2931 1886 venire
2992 1821 3070 1885 ad

354 1908 588 1973 dictum
651 1910 928 1971 nostrum
984 1909 1343 1980 servitium,
1406 1928 1480 1972 ne
1541 1908 1705 1972 facta
1766 1910 1976 1972 nostra
2021 1906 2268 1989 aliquod
2316 1909 2670 1989 paterentur
2729 1909 3072 1985 sinistrum,

355 1996 731 2073 providimus
787 1997 848 2058 te
894 1997 965 2060 ad
1014 2014 1114 2060 eos
1163 1997 1410 2061 mittere
1457 1995 1533 2059 ad
1582 1996 1969 2060 sentiendum
2031 1995 2412 2060 voluntatem
2478 1998 2542 2059 et
2603 1995 3071 2077 disposicionem

351 2101 525 2147 suam
571 2085 633 2146 in
688 2083 817 2155 hoc,
868 2088 931 2147 et
977 2085 1054 2147 ad
1099 2083 1499 2148 obtinendum
1546 2084 1625 2147 ab
1672 2083 1761 2148 eis
1789 2083 2275 2165 promissionem,
2324 2085 2483 2165 quod
2531 2082 2787 2165 predicti
2836 2083 3074 2147 nobiles

349 2170 626 2234 venirent
670 2170 745 2234 ad
793 2170 1028 2234 dictum
1068 2173 1347 2235 nostrum
1397 2170 1715 2235 servitium
1780 2171 1947 2235 omni
2015 2188 2199 2235 causa
2265 2172 2506 2234 remota
2548 2173 2685 2246 etc,
2749 2169 2909 2253 quod
2975 2188 3076 2234 eos

347 2276 462 2322 non
513 2258 845 2337 impedient
890 2257 1097 2339 aliquo
1143 2276 1308 2332 casu,
1359 2257 1467 2322 sed
1514 2258 1669 2340 quod
1718 2258 2081 2338 permittent
2119 2276 2224 2322 eos
2262 2257 2453 2321 libere
2487 2258 2691 2322 venire
2736 2258 3074 2322 secundum

348 2363 523 2409 suam
571 2345 946 2408 oblationem
989 2346 1218 2427 absque
1265 2344 1469 2427 aliquo
1517 2345 1981 2428 impedimento.
2029 2345 2114 2408 Et
2156 2344 2318 2408 circa
2379 2346 2492 2409 hoc
2563 2345 2746 2409 facies
2809 2345 2872 2409 et
2935 2362 3077 2427 pro-

351 2432 596 2496 curabis
644 2432 920 2496 nostram
968 2432 1371 2497 intentionem
1418 2433 1776 2514 predictam,
1828 2434 2052 2496 utendo
2100 2431 2227 2496 illis
2271 2431 2499 2508 verbis,
2549 2451 2666 2514 que
2727 2431 2842 2496 tibi
2910 2431 3077 2497 vide-

350 2517 613 2592 buntur;
663 2538 851 2602 quare
898 2520 950 2582 si
984 2520 1346 2592 obtinueris,
1395 2519 1839 2601 subsequenter
1884 2518 2137 2601 recipies
2184 2537 2217 2582 a
2264 2518 2446 2583 dictis
2496 2518 2805 2583 nobilibus
2844 2519 3068 2583 bonam

348 2608 413 2670 et
453 2605 755 2690 ydoneam
806 2606 1132 2688 plezariam
1182 2608 1246 2673 et
1290 2606 1502 2685 talem,
1550 2607 1710 2690 quod
1755 2608 1806 2672 si
1855 2623 2008 2689 opus
2055 2604 2242 2671 fuerit
2287 2610 2498 2671 contra
2542 2625 2676 2672 eam
2708 2622 2912 2690 agere,
2968 2624 3074 2671 va-

351 2695 587 2766 leamus
628 2696 754 2759 tam
804 2695 879 2758 de
926 2697 1141 2759 mutuo
1186 2696 1371 2760 dictis
1418 2695 1728 2759 nobilibus
1771 2694 1991 2771 fiendo,
2039 2713 2224 2777 quam
2287 2694 2363 2759 de
2422 2695 2708 2760 omnibus
2769 2693 2930 2771 aliis,
3000 2695 3076 2758 ad

350 2799 502 2864 quos
547 2781 933 2846 incurrerent
977 2784 1040 2845 et
1084 2783 1552 2847 committentur
1598 2785 1809 2848 contra
1854 2801 1982 2855 nos,
2028 2781 2412 2847 informando
2461 2783 2523 2846 te
2569 2783 2642 2846 de
2687 2783 2802 2846 hoc
2854 2800 2891 2845 a
2934 2799 3077 2845 con·

351 2869 486 2933 sule
534 2871 598 2933 et
644 2869 1093 2934 mercatoribus
1140 2871 1368 2935 nostris
1414 2870 1632 2934 deinde
1680 2886 1787 2951 pro
1838 2871 1909 2934 ut
1953 2869 2070 2934 tibi
2140 2868 2287 2933 utile
2353 2867 2663 2933 videbitur
2725 2885 2834 2951 pro
2894 2867 3078 2933 factis

352 2957 598 3028 nostris,
648 2958 712 3019 et
760 2957 892 3020 fieri
939 2956 1217 3022 faciendo
1262 2959 1328 3022 et
1373 2956 1716 3039 recipiendo
1762 2957 1826 3020 in
1874 2957 1988 3020 hoc
2031 2954 2188 3020 tales
2236 2955 2538 3020 cautellas
2585 2957 2648 3019 et
2696 2955 3076 3019 instrumen-

348 3045 504 3119 tum,
553 3044 710 3125 quod
757 3043 951 3108 simus
998 3044 1152 3110 bene
1185 3045 1381 3109 securi
1427 3045 1505 3110 ab
1551 3045 1674 3118 eis;
1724 3043 1946 3127 quibus
1971 3044 2222 3120 habitis,
2272 3041 2448 3107 dabis
2495 3043 2560 3107 et
2607 3040 2921 3107 mutuabis
2952 3043 3076 3107 eis·

349 3131 485 3194 dem
560 3131 869 3195 nobilibus
931 3130 1093 3197 inter
1154 3132 1368 3196 ambos
1434 3131 1678 3196 nomine
1744 3133 1952 3195 nostro
2022 3132 2087 3195 et
2145 3130 2337 3195 nostri
2400 3130 2746 3195 communis
2822 3130 3076 3193 ducatos

271 3253 274 3256 ·
353 3217 528 3281 mille
574 3217 729 3293 auri,
778 3236 926 3299 quos
977 3219 1090 3283 tibi
1142 3220 1270 3284 dari
1319 3219 1385 3282 et
1427 3217 1728 3303 assignari
1785 3218 2046 3286 fecimus
2112 3218 2422 3283 occasione
2484 3217 2758 3299 predicta
2819 3234 3076 3299 compu-

350 3306 571 3367 tandos
619 3306 1007 3385 postmodum
1071 3306 1133 3369 in
1195 3307 1498 3371 solutione
1560 3324 1806 3370 suarum
1876 3324 2173 3388 pagarum
2238 3306 2418 3385 prout
2471 3306 2705 3369 iustum
2765 3304 2952 3368 fuerit
3014 3304 3079 3367 et

350 3391 737 3463 convenienS,
784 3394 846 3452 et
895 3397 1076 3474 prout
1103 3394 1328 3457 nostris
1374 3392 1892 3477 gubernatoribus
1941 3393 2282 3475 apparebit,
2330 3391 2607 3456 faciendo
2638 3391 2713 3455 de
2741 3391 2857 3455 hoc
2881 3390 3073 3456 etiam

299 3533 304 3542 ‚
355 3478 484 3542 fieri
537 3477 850 3559 publicum
900 3479 1400 3544 instrumentum.
1447 3481 1528 3543 Et
1573 3479 1623 3544 si
1668 3480 1823 3543 forte
1869 3480 1982 3543 filii
2028 3478 2283 3543 condam
2333 3479 2580 3542 comitis
2628 3477 2891 3560 predicti
2955 3496 3071 3542 non

352 3568 558 3628 essent
598 3565 675 3628 ad
728 3583 975 3643 presens
1018 3565 1081 3629 in
1126 3568 1347 3643 insula,
1396 3568 1501 3630 sed
1550 3566 1750 3630 forent
1794 3566 1975 3630 divisi
2019 3585 2174 3630 unus
2218 3565 2295 3629 ab
2343 3565 2483 3640 alio,
2532 3564 2719 3630 vadas
2750 3566 2945 3630 solum
2995 3567 3072 3629 ad

353 3653 620 3716 alterum
668 3670 901 3728 eorum,
951 3655 1014 3716 et
1059 3654 1137 3718 ab
1178 3673 1248 3717 eo
1295 3671 1583 3736 procures
1631 3654 1911 3718 obtinere
1957 3654 2364 3718 intentionem
2398 3655 2673 3718 nostram
2708 3652 3072 3734 predictam.

357 3740 436 3803 Et
480 3738 532 3802 si
582 3758 682 3803 eos
731 3738 827 3802 vel
875 3738 1141 3805 alterum
1189 3759 1397 3804 eorum
1442 3741 1505 3804 in
1553 3740 1753 3818 Segna
1816 3741 1911 3806 vel
1961 3739 2274 3804 Modrusio
2334 3739 2603 3822 reperire
2666 3758 2781 3804 non
2845 3756 3076 3820 possea,

357 3844 539 3907 perge
589 3845 779 3908 usqne
825 3826 902 3889 ad
947 3828 1379 3910 Ysagrabiam‚
1433 3828 1532 3891 ubi
1584 3827 1636 3891 si
1683 3846 1785 3892 eos
1836 3827 1931 3893 vel
1977 3829 2243 3892 alterum
2292 3845 2502 3892 eorum
2552 3826 2840 3899 invenieS,
2890 3824 3076 3889 facies

354 3915 418 3976 et
465 3931 768 3995 procures,
814 3914 885 3977 ut
931 3934 1118 3998 supra
1154 3915 1387 3980 dictum
1436 3918 1549 3978 est.
1602 3914 1833 3979 Verum
1882 3915 1933 3979 si
1981 3933 2085 3979 eos
2133 3914 2226 3977 vel
2274 3915 2541 3978 alterum
2575 3931 2786 3977 eorum
2835 3912 2920 3977 ibi
2968 3929 3077 3976 seu

355 4000 441 4064 ibi
491 4019 671 4081 prope
720 4019 840 4064 non
913 4002 1195 4084 reperies,
1259 4004 1404 4066 tunc
1463 4002 1697 4066 scribas
1760 4001 1850 4066 eis
1915 4007 2186 4066 nostram
2249 4001 2650 4065 intentionem
2713 3999 3080 4081 predictam,

353 4107 453 4150 eos
525 4088 813 4167 rogand0,
875 4095 944 4152 ut
1004 4090 1461 4171 responsionem
1522 4108 1699 4153 suam
1762 4089 2091 4171 superinde
2152 4090 2362 4152 nostro
2422 4086 2655 4151 consuli
2718 4086 2779 4149 in
2852 4084 3084 4169 Segnia

356 4174 805 4251 transmittant,
855 4176 951 4239 cui
1001 4177 1238 4241 consuli
1285 4177 1471 4254 dicae,
1542 4177 1844 4258 quatenus
1905 4177 2117 4241 statim
2182 4176 2383 4258 ipsam
2446 4172 2903 4257 responsionem
2971 4173 3084 4237 ba-

354 4261 549 4324 bitam
601 4262 773 4325 nobis
822 4264 1215 4328 transmittat
1259 4282 1442 4346 quam
1491 4262 1675 4327 citius
1721 4282 1853 4327 esse
1902 4265 2121 4345 potest,
2171 4265 2235 4327 et
2279 4263 2493 4327 habita
2536 4261 2802 4344 plezaria
2864 4278 2902 4324 a
2977 4278 3083 4323 no-

355 4347 587 4412 bilibus
638 4349 932 4429 predictis
975 4352 1039 4414 et
1084 4350 1313 4414 eisdem
1355 4350 1520 4415 facto
1568 4353 1784 4415 mutuo
1834 4349 2155 4432 prelibato,
2207 4349 2498 4414 Venetias
2543 4348 2888 4413 revertatiS.

562 4435 822 4517 Insuper
866 4437 1044 4501 dabis
1106 4456 1353 4519 operam
1413 4440 1484 4502 de
1533 4436 1895 4502 inveniendo
1932 4437 2304 4501 Bartholum
2355 4436 2538 4503 Ursio
2601 4435 2911 4500 notarium
2974 4452 3083 4499 no-

357 4523 580 4598 strum,
624 4541 662 4585 a
707 4540 844 4604 quo,
895 4525 946 4588 si
994 4544 1133 4589 eum
1181 4525 1466 4606 reperieS,
1516 4527 1578 4589 te
1626 4524 2007 4601 informabis,
2054 4524 2103 4588 si
2154 4524 2427 4587 nostram
2497 4522 2924 4599 intentionem,
2990 4521 3084 4586 vi-

353 4606 580 4673 delicet
626 4610 699 4672 de
746 4609 1024 4676 habendo
1070 4611 1118 4677 C
1165 4613 1400 4695 equites
1444 4612 1521 4677 ab
1569 4612 1737 4693 ipsis,
1770 4613 1975 4693 potuit
2005 4610 2300 4686 obtinere,
2349 4612 2414 4674 et
2445 4612 2502 4674 si
2543 4610 2869 4688 inveneris,
2919 4608 3081 4691 quod

229 4763 238 4766 -
352 4693 469 4776 ipsi
519 4694 780 4761 comites
828 4698 1221 4779 promiserint
1279 4700 1336 4763 ei
1397 4699 1545 4764 dare
1607 4698 1806 4763 dictos
1855 4697 1903 4763 C
1964 4698 2223 4781 equites,
2286 4698 2435 4762 tunc
2495 4697 2726 4779 absque
2791 4702 2945 4778 quod
3009 4698 3081 4760 tu

353 4780 541 4847 vadas
588 4783 690 4847 vel
736 4782 955 4849 mittas
1002 4784 1079 4850 ad
1124 4785 1324 4851 dictos
1370 4787 1646 4865 comites,
1695 4786 1963 4869 accipias
1997 4786 2207 4851 tamen
2252 4783 2567 4867 plezarias,
2612 4787 2678 4849 et
2720 4783 2909 4848 facias
2939 4800 3080 4845 mu-
