3620 5282
475 330 603 396 368

473 505 706 569 fuerint
753 524 859 587 per
905 503 1121 568 ducale
1168 503 1558 580 dominium3
1605 505 1668 568 et
1718 522 1894 568 versa
1942 505 2073 570 vice
2115 504 2167 568 si
2215 504 2440 586 aliquis
2464 524 2533 569 ex
2580 504 2849 568 subditis
2895 504 3199 580 contrate,

475 612 658 675 quarn
705 593 839 675 ipse
889 595 995 655 dat
1043 591 1245 655 ducali
1295 592 1585 669 dominio,
1635 591 1962 674 aufugeret
2008 594 2072 656 et
2118 591 2240 655 iret
2285 591 2361 655 ad
2409 591 2815 656 habitandum
2875 597 3071 655 terras
3136 596 3204 655 et

474 680 609 745 loca
656 680 851 761 ipsius
903 679 1138 743 domini
1188 680 1457 761 Georgii,
1509 698 1660 761 quas
1739 682 1803 743 et
1876 700 1992 761 que
2063 699 2171 761 per
2219 699 2285 743 so
2334 681 2582 759 retinet,
2633 679 2795 762 quod
2872 679 2966 743 illi
3033 680 3202 743 tales

478 768 722 832 restitui
773 771 836 831 et
881 766 1188 849 assignari
1261 767 1529 830 debeant
1591 767 1967 831 officialibus
2037 771 2101 831 et
2170 768 2515 831 rectoribus
2580 767 2819 831 domini
2887 767 3060 831 ducis
3132 769 3204 831 et

478 855 821 920 communis
869 855 1288 930 Venetiarum,
1341 855 1510 918 salvo
1560 855 1610 917 si
1660 857 1738 919 ab
1815 874 1936 919 una
2006 858 2182 935 parte
2254 855 2354 919 vel
2414 856 2491 920 ab
2556 856 2755 919 altera
2823 854 3198 938 aufugerent

475 943 668 1026 aliqui
712 961 820 1024 pro
854 943 1077 1007 delicto
1122 943 1451 1018 criminali,
1514 960 1622 1023 per
1691 944 1851 1025 quod
1915 943 2207 1025 puniendi
2278 944 2684 1025 personaliter
2732 942 2947 1017 forent,
2999 961 3193 1025 quare

474 1032 535 1094 in
583 1031 703 1094 isto
747 1049 893 1095 casu
938 1028 1197 1112 predicti
1231 1049 1341 1112 per
1383 1049 1567 1094 uuam
1621 1035 1865 1111 partem
1939 1050 2131 1112 neque
2202 1051 2311 1112 per
2374 1031 2642 1094 alteram
2705 1031 2973 1095 debeant
3041 1031 3202 1095 assi-

479 1118 677 1202 gnari,
727 1119 833 1182 sed
882 1119 1012 1182 sint
1053 1120 1118 1181 et
1165 1119 1522 1182 remaneant
1569 1118 1631 1181 in
1674 1117 1828 1192 locO,
1876 1118 1952 1181 ad
1994 1138 2182 1200 quem
2229 1118 2534 1201 fugerent,
2584 1118 2769 1182 liberi
2796 1121 2858 1183 et
2885 1119 3106 1183 securi.

687 1206 846 1269 Item
896 1205 1053 1287 quod
1103 1208 1234 1287 ipse
1280 1206 1564 1269 dominus
1609 1205 1913 1288 Georgius
1961 1215 2025 1270 et
2070 1207 2163 1269 sui
2214 1205 2470 1271 heredes
2516 1226 2589 1271 ex
2638 1207 2923 1290 legitimo
2975 1205 3205 1269 matri-

480 1294 685 1357 monio
733 1293 1175 1357 descendentes
1223 1294 1447 1357 habere
1497 1293 1759 1357 debeant
1798 1294 1877 1357 ab
1925 1293 2055 1374 ipso
2098 1293 2346 1358 domino
2393 1295 2542 1358 duce
2604 1296 2670 1358 et
2714 1295 3026 1359 communi
3077 1294 3208 1359 Ve-

480 1382 788 1444 netiarum
841 1384 915 1445 de
962 1381 1180 1463 primis
1229 1379 1606 1453 introitibus,
1678 1380 1783 1463 qui
1844 1380 2236 1445 habebuntur
2299 1383 2373 1446 de
2438 1382 2588 1446 locis
2645 1381 2961 1464 predicti8‚
3033 1380 3209 1446 omni

479 1487 641 1533 anno
690 1469 946 1533 ducatos
993 1468 1169 1533 mille
1215 1472 1323 1549 p‘ro
1372 1487 1483 1532 sua
1528 1468 1950 1532 subventione.
2004 1466 2069 1533 Si
2119 1489 2261 1534 vero
2310 1471 2458 1533 dicti
2504 1469 2798 1534 introitus
2845 1476 2967 1534 non
3009 1471 3206 1534 attin-

489 1561 712 1636 gerent
756 1575 1066 1621 summam
1116 1556 1457 1638 predictam
1507 1556 1871 1619 ducatorum
1913 1556 2085 1621 mille
2128 1556 2190 1620 in
2240 1575 2415 1635 ann0,
2467 1560 2614 1621 tunc
2662 1556 2865 1621 dictus
2911 1558 3205 1621 dominus

486 1643 793 1727 Georgius
835 1645 901 1709 et
945 1645 1040 1708 sui
1087 1644 1341 1708 heredes
1387 1662 1459 1707 ex
1509 1642 1906 1708 matrimonio
1953 1644 2237 1727 legitimo
2270 1644 2714 1710 descendentes
2745 1645 2974 1710 habere
3019 1645 3210 1710 debe-

486 1735 596 1795 ant
643 1736 887 1796 tantum
938 1732 1163 1810 minus,
1213 1735 1441 1812 quanto
1489 1733 1695 1795 minus
1739 1733 2017 1814 exigetur
2065 1737 2128 1796 et
2173 1732 2523 1810 habebitur,
2572 1734 2646 1796 ut
2690 1732 2931 1796 iustum
2979 1741 3092 1797 est.

697 1820 854 1883 Item
906 1822 954 1882 si
1006 1824 1177 1900 pater
1216 1819 1365 1882 dicti
1412 1819 1645 1882 domini
1690 1818 1944 1901 Georgii
1994 1838 2100 1883 seu
2146 1819 2402 1884 barbani
2452 1820 2547 1884 sui
2580 1819 2868 1885 dominus
2902 1819 3209 1904 Georgius

487 1908 584 1972 vel
628 1907 914 1971 dominus
964 1908 1150 1970 Balsa
1190 1905 1395 1988 aliquo
1443 1925 1591 1971 casu
1631 1907 2020 1988 accepissent
2049 1908 2285 1991 aliquid
2319 1906 2506 1973 alicui
2539 1908 2797 1980 Veneto,
2859 1909 2962 1972 vel
3002 1908 3205 1972 eidem

483 1997 664 2060 modo
710 1995 913 2071 aliquo
960 1995 1375 2066 offendissent,
1422 1994 1579 2076 quod
1626 2002 1880 2076 propter
1921 1996 2122 2059 dictas
2185 2014 2401 2060 causas
2464 1997 2583 2078 ipsi
2646 1995 2896 2060 domino
2939 1996 3205 2080 Georgio

483 2083 676 2148 nichil
713 2083 835 2147 dici
883 2083 1075 2164 possit
1121 2083 1216 2146 vel
1264 2082 1499 2164 aliquid
1546 2082 1866 2164 imputari.

694 2184 825 2265 Que
872 2189 1078 2252 omnia
1124 2191 1188 2253 et
1232 2189 1477 2269 singula
1524 2190 1947 2269 suprascripta
1996 2190 2059 2254 et
2097 2190 2161 2253 in
2207 2190 2480 2272 presenti
2543 2191 2864 2254 contractu
2913 2193 3209 2256 contenta

484 2275 635 2339 dicti
683 2279 1110 2356 procuratores
1157 2278 1221 2338 et
1267 2274 1487 2339 sindici
1528 2280 1592 2340 et
1639 2280 1895 2358 uterque
1943 2295 2154 2342 eorum
2202 2278 2389 2343 dictis
2434 2278 2786 2342 nominibus
2817 2280 2881 2342 et
2913 2279 3206 2343 omnibus

485 2362 702 2440 modiS,
754 2364 1011 2440 iuribus,
1060 2363 1274 2427 formis
1320 2367 1381 2427 et
1420 2363 1643 2438 causis,
1693 2366 1917 2446 quibus
1969 2366 2191 2429 melius
2241 2369 2594 2447 potuerunt,
2631 2366 3055 2447 promiserunt
3082 2367 3206 2432 sibi

486 2451 770 2524 invicem,
822 2452 1065 2515 scilicet
1112 2469 1235 2515 una
1282 2470 1426 2533 pars
1474 2452 1657 2515 alteri
1710 2454 1773 2516 et
1818 2453 2016 2516 altera
2080 2454 2261 2517 alteri
2312 2473 2420 2537 per
2481 2455 2827 2518 solemnem
2886 2456 3216 2537 stipulati-

484 2558 661 2601 onem
710 2539 1000 2603 hincinde
1048 2539 1562 2603 intervenientem
1637 2541 1838 2616 firma,
1909 2545 2045 2606 rata
2122 2544 2185 2605 et
2231 2544 2418 2623 grata
2462 2541 2690 2606 habere
2736 2546 2799 2606 et
2858 2545 3068 2606 tenere
3145 2546 3212 2608 et

485 2626 896 2692 effectualiter
942 2646 1011 2692 ac
1060 2627 1507 2693 inviolabiliter
1548 2627 1895 2706 observare,
1946 2632 2010 2694 et
2057 2633 2270 2694 contra
2316 2650 2387 2695 ea
2437 2630 2531 2695 vel
2564 2648 2777 2694 eorum
2810 2630 3050 2714 aliquid
3085 2650 3208 2696 non

486 2714 900 2779 contrafacere
972 2715 1068 2780 vel
1138 2717 1345 2780 venire
1392 2715 1602 2797 aliqua
1650 2717 1886 2781 ratione
1950 2718 2047 2781 vel
2108 2737 2294 2782 causa
2363 2720 2478 2782 sub
2541 2738 2695 2800 pena
2757 2720 2928 2800 ddpli
2992 2720 3207 2785 damni

485 2823 887 2883 expensarum
939 2805 1002 2867 et
1048 2805 1345 2868 interesse
1392 2804 1524 2867 litis
1572 2805 1636 2867 et
1681 2807 1850 2868 extra
1897 2805 2084 2870 toties
2131 2805 2506 2871 comittenda
2573 2809 2637 2870 et
2697 2808 2997 2889 exigenda
3059 2826 3206 2872 cum

486 2891 724 2968 effectu,
776 2892 1015 2972 quoties
1062 2891 1253 2955 fuerit
1299 2891 1767 2970 contrafactum,
1813 2892 2106 2957 solvenda
2176 2912 2211 2957 a
2276 2896 2453 2976 parte
2515 2914 2633 2959 non
2692 2894 3077 2971 observante,
3149 2901 3218 2959 et

487 2979 852 3061 applicanda
898 2981 1059 3061 parti
1110 2980 1460 3043 observanti
1512 2983 1575 3042 et
1621 2979 1949 3044 observare
1999 2983 2247 3046 volenti.
2301 2982 2385 3046 Et
2430 3002 2586 3063 pena
2608 2982 2941 3046 commissa
2967 2983 3218 3048 velnon

488 3068 835 3141 commissa,
885 3067 1093 3131 soluta
1140 3067 1233 3130 vel
1283 3087 1398 3131 non
1447 3068 1666 3145 soluta,
1715 3087 1967 3149 presens
2020 3071 2372 3134 contractus
2419 3074 2482 3132 et
2525 3069 2731 3134 omnia
2777 3073 2840 3133 et
2871 3071 3125 3152 singula
3150 3073 3216 3135 in

490 3173 561 3218 eo
611 3158 902 3218 contenta
948 3157 1125 3219 firma
1174 3155 1502 3236 perdurent
1542 3158 1605 3219 et
1655 3155 1918 3219 debeant
1962 3156 2408 3222 inviolabiliter
2439 3158 2773 3222 observari.
2823 3158 2942 3221 Pro
2976 3160 3216 3240 quibus

490 3242 779 3306 omnibus
828 3246 892 3306 et
955 3243 1219 3325 singulis
1288 3242 1554 3306 firmiter
1624 3242 2025 3307 observandis
2095 3247 2158 3308 et
2217 3244 2628 3327 adimplendis
2686 3247 2846 3308 idem
2912 3247 3218 3311 dominus

489 3331 791 3394 Nicolaus
838 3330 1165 3412 Delphino,
1213 3330 1486 3395 sindicus
1534 3330 1769 3394 domini
1817 3331 1995 3395 ducis
2042 3336 2106 3396 et
2151 3333 2500 3397 communis
2550 3333 2950 3398 Venetiarum
3015 3334 3221 3398 sindi-

492 3418 659 3482 cario
702 3418 949 3481 nomine
999 3419 1418 3501 suprascripto
1465 3418 1673 3483 omnia
1720 3418 1878 3483 bona
1937 3423 2285 3484 communis
2352 3420 2754 3485 Venetiarum
2823 3421 3076 3486 mobilia
3151 3425 3221 3486 et

491 3505 861 3580 immobilia,
911 3508 1223 3587 presentia
1269 3508 1333 3571 et
1377 3505 1610 3582 futura,
1659 3509 1721 3569 et
1768 3507 1885 3588 ipsi
1936 3507 2222 3571 dominus
2269 3508 2487 3573 Helias
2535 3508 2842 3591 quondam
2879 3508 3112 3574 Marini
3151 3514 3222 3574 et

491 3592 859 3658 Chinessius
911 3594 1130 3658 sindici
1181 3596 1243 3657 et
1291 3594 1619 3657 sindicario
1672 3596 1919 3659 nomine
1967 3596 2279 3679 magnifici
2333 3596 2570 3660 domini
2614 3596 2864 3679 Georgii
2913 3598 3225 3678 sepedicti

491 3683 700 3745 omnia
733 3681 894 3745 bona
939 3682 1108 3763 ipsus
1154 3682 1387 3746 domini
1436 3681 1681 3763 Georgii
1732 3682 1968 3747 nobilia
2015 3687 2078 3747 et
2124 3684 2489 3762 immobilia,
2536 3686 2845 3765 presentia
2894 3690 2959 3749 et
2980 3685 3224 3765 futura,

491 3770 614 3833 sibi
668 3770 930 3833 invicem
977 3788 1099 3833 una
1150 3789 1293 3852 pars
1343 3770 1526 3833 alteri
1572 3776 1635 3833 et
1681 3770 1880 3835 altera
1931 3771 2114 3835 alteri
2177 3774 2471 3855 perpetuo
2531 3773 2907 3854 obligarunt.
2964 3773 3230 3838 Renun-

492 3858 724 3941 tiantes
772 3856 939 3922 dicte
990 3860 1194 3939 partes
1241 3858 1426 3922 dictis
1476 3859 1828 3922 nominibus
1897 3859 2239 3923 condicioni
2288 3861 2420 3925 sine
2471 3879 2660 3924 causa
2708 3859 2803 3924 vel
2861 3879 2935 3923 ex
2983 3862 3230 3928 iniusta

494 3963 702 4023 causa,
751 3946 1095 4028 exceptioni
1145 3946 1287 4016 doli,
1338 3945 1486 4009 mali
1530 3948 1594 4010 et
1642 3947 1704 4009 in
1749 3945 1981 4010 factum
2030 3949 2257 4012 actioni
2307 3953 2370 4011 et
2416 3948 2710 4033 omnibus*
2749 3947 2989 4013 iuribus
3037 3969 3220 4015 com-

495 4035 790 4098 munibus
861 4038 925 4097 et
975 4033 1475 4116 municipalibus,
1550 4033 1666 4097 fori
1714 4034 2037 4116 privilegio
2104 4037 2168 4100 et
2214 4036 2380 4099 omni
2445 4037 2654 4118 legum
2718 4038 2782 4101 et
2827 4039 3228 4104 statutorum

498 4121 750 4198 auxilio,
798 4122 1025 4203 quibus
1076 4126 1328 4203 possent
1376 4140 1484 4185 seu
1514 4120 1747 4185 vellent
1772 4131 1983 4186 contra
2030 4125 2307 4205 predicta
2355 4124 2453 4188 vel
2499 4125 2745 4204 aliquod
2793 4123 3227 4206 predictorum

496 4208 694 4273 facere
749 4209 842 4274 vel
894 4211 1121 4274 venire.
1177 4209 1605 4273 Promiserunt
1654 4209 1902 4292 insuper
1951 4210 2114 4274 idem
2162 4212 2452 4276 dominus
2500 4211 2715 4276 Helias
2776 4216 2840 4276 et
2887 4210 3231 4280 Chinesius

496 4301 929 4378 procuratores
978 4300 1040 4360 et
1090 4298 1310 4362 sindici
1361 4296 1699 4378 supradicti
1744 4316 1856 4379 per
1904 4303 2155 4379 pactum
2205 4318 2564 4380 expressum
2610 4300 2868 4364 solemni
2899 4302 3235 4384 stipulati-

495 4402 608 4448 one
655 4386 962 4449 vallatum
1014 4385 1261 4449 nomine
1335 4386 1668 4462 antedicto,
1742 4385 1900 4467 quod
1948 4386 2112 4450 idem
2182 4388 2465 4452 dominus
2513 4387 2815 4470 Georgius
2856 4387 3234 4458 Stracimeri

497 4490 604 4552 per
658 4473 977 4553 publicum
1029 4472 1511 4536 instrumentum
1561 4491 1670 4536 seu
1719 4492 1826 4555 per
1871 4492 2018 4538 suas
2066 4477 2346 4556 patentes
2393 4477 2626 4551 literati,
2677 4475 2848 4539 bulla
2880 4496 2995 4541 sua
3034 4480 3237 4547 solita

499 4560 866 4636 comunitaS,
916 4580 1166 4641 presens
1213 4560 1698 4624 instrumentum
1748 4564 1809 4624 et
1853 4563 2061 4625 omnia
2107 4567 2170 4627 et
2217 4563 2462 4646 singula
2510 4565 2570 4627 in
2617 4582 2686 4627 eo
2732 4566 3027 4630 contenta
3074 4571 3239 4634 rati-

501 4644 737 4724 ficabit,
784 4649 1155 4730 approbabit
1201 4650 1266 4712 et
1311 4647 1708 4730 emologabit,
1760 4650 2089 4733 ipsumque
2137 4651 2233 4715 vel
2267 4652 2431 4733 ipsas
2457 4652 2519 4715 in
2551 4651 2836 4716 manibus
2887 4700 2898 4715 .
2946 4699 2963 4716 .
3015 4702 3031 4719 .
3083 4675 3240 4738 pro—

499 4732 769 4796 visorum
819 4736 1163 4800 communis
1211 4736 1616 4800 Venetiarum
1663 4737 1873 4801 tradet
1917 4739 1980 4801 et
2026 4737 2221 4814 dabit,
2297 4758 2407 4804 seu
2479 4739 2644 4803 tradi
2706 4743 2769 4803 et
2815 4740 2955 4806 dari
3003 4741 3234 4826 faciet,
