3620 5282
542 354 681 423 454

530 533 773 619 regrino
818 530 1176 599 vicevicario
1214 533 1400 598 totius
1460 531 1688 599 vicarie
1751 531 2009 599 Bossine
2076 532 2308 598 ordinis
2378 532 2704 611 minorum,
2768 532 2957 597 fratre
3023 530 3253 600 Blasio

534 623 831 706 Ungbaro
877 621 1007 688 eius
1055 625 1234 699 socio,
1312 623 1500 687 fratre
1570 620 1805 688 Joanue
1874 622 2076 705 priore
2133 621 2254 687 loci
2314 621 2546 686 ordinis
2621 621 3075 705 predicatorum
3163 620 3248 685 de

535 712 839 789 SibenicO,
889 710 1077 775 fratre
1122 712 1332 776 Marco
1376 714 1453 775 de
1514 709 1796 776 Sibenico
1853 711 2132 793 ejusdem
2194 710 2445 787 ordiniS,
2515 710 2761 774 domino
2828 710 3072 774 Marino
3137 708 3257 773 Jo-

529 801 704 866 annis
750 799 1035 865 canonico
1081 799 1508 882 Traguriense,
1558 799 1747 864 nobili
1800 798 1928 863 viro
1976 796 2231 865 Nicolao
2279 797 2499 863 Balsce
2544 799 2620 862 de
2653 796 2908 880 Spalato
2955 800 3021 861 et
3065 794 3248 861 Gilio

530 888 605 953 de
647 887 908 953 Albanis
959 889 1032 951 de
1078 887 1273 970 Regio
1319 886 1681 952 cancellario
1724 886 1998 951 civitatis
2047 886 2338 967 Sibeuici,
2385 884 2626 952 Joanne
2672 886 2920 950 Andrea
2965 886 3244 951 tinctore

529 976 605 1040 de
650 975 952 1054 Arimino,
1002 978 1066 1041 et
1133 994 1318 1059 quam
1365 975 1644 1060 pluribus
1684 974 1829 1040 aliis
1876 975 2141 1041 testibus
2209 976 2288 1039 ad
2358 976 2635 1060 predicta
2678 973 2935 1051 vocatiS,
2996 973 3243 1039 habitis

530 1065 596 1130 et
638 1063 887 1147 rogatis.

612 1172 1120 1249 Diplomatarium
1167 1170 1535 1235 Sibenicensc
1578 1189 1620 1232 u
1664 1171 1941 1243 dvorskoj
1978 1170 2267 1243 knjiinici
2310 1187 2354 1231 u
2376 1170 2565 1232 Becu.
2601 1168 2741 1231 Cod.
2775 1168 2921 1246 Sap.
2957 1171 3105 1232 541.
3133 1171 3244 1231 13.

924 1359 1243 1445 ccxv,
1296 1358 1502 1445 sou.
1555 1312 1790 1444 1402.
1844 1361 1894 1444 3
1944 1361 2281 1464 ozujka,
2331 1383 2392 1444 u
2445 1361 2831 1445 materh.

528 1491 825 1553 Mtetc‘ani
889 1490 1051 1563 §aliu
1116 1491 1500 1566 pomorskoya
1556 1489 1858 1563 kapetana
1914 1507 1958 1553 u
2004 1489 2373 1559 Dubrovnik‚
2434 1490 2586 1549 nelca
2646 1489 2822 1563 ondje
2863 1489 3111 1562 nastoji,
3159 1490 3248 1549 da

532 1580 682 1641 buda
714 1579 1049 1655 povraeeno
1091 1578 1442 1639 Mletabkim
1477 1578 1780 1726 plegrn'gzs
1808 1578 2177 1739 Ze'gquetze
2219 1578 2443 1652 spasilo
2472 1578 2549 1638 od
2577 1578 2954 1655 utopb'enoya
2991 1578 3250 1652 njilrova

744 1769 935 1835 1402.
985 1769 1026 1832 3
1073 1769 1315 1834 marcii.
1365 1768 1593 1852 Capta:
1642 1770 1799 1853 quod
1827 1768 2256 1833 committatur
2288 1769 2600 1849 capitaneo
2632 1767 2841 1832 nostro
2873 1765 3037 1843 culfi,
3075 1771 3250 1852 quod

547 1862 609 1924 in
661 1860 817 1924 bona
863 1858 1067 1942 gratia
1112 1856 1336 1923 debeat
1380 1859 1663 1923 recedere
1706 1857 1784 1922 de
1830 1856 2111 1921 Veneciis
2155 1855 2233 1920 ad
2272 1856 2604 1921 terminum
2653 1859 2718 1920 et
2762 1856 2878 1919 sub
2909 1856 3088 1939 penis
3121 1858 3248 1923 sibi

545 1946 875 2028 impositis,
923 1949 986 2011 et
1032 1946 1117 2009 ire
1165 1965 1274 2028 per
1321 1945 1707 2012 Sclavouiam
1752 1964 1948 2028 usque
1979 1945 2348 2027 Ragusium,
2382 1947 2444 2007 et
2472 1944 2806 2007 informare
2838 1962 2905 2008 se
2937 1943 3013 2007 de
3052 1945 3243 2011 rebus

542 2037 707 2101 dicte
753 2034 927 2099 navis
976 2033 1250 2100 reductis
1296 2053 1481 2117 super
1525 2032 1788 2099 insulam
1837 2035 1910 2098 de
1957 2034 2018 2098 la
2063 2031 2330 2107 Meleda,
2378 2035 2440 2096 et
2485 2032 2537 2096 si
2583 2031 2659 2095 de
2703 2031 2846 2095 aliis
2880 2033 3066 2098 rebus
3100 2053 3249 2115 pos-

538 2127 679 2190 sent
724 2123 1102 2205 recuperari;
1147 2125 1214 2187 et
1258 2121 1472 2187 habita
1518 2123 1683 2187 dicta
1726 2121 2175 2199 informatione,
2225 2120 2444 2186 debeat
2477 2119 2783 2185 instanter
2814 2139 3031 2204 rogare
3077 2125 3249 2204 regi-

535 2231 678 2278 men
714 2211 1005 2296 ‘Ragusik
1055 2210 1212 2294 quod
1257 2210 1499 2294 placeat
1543 2211 1741 2275 facere
1790 2212 1942 2275 bene
1987 2208 2333 2275 conservari
2402 2226 2613 2274 omnes
2673 2226 2773 2274 res
2841 2216 3241 2291 recuperatas

538 2300 613 2364 de
659 2300 827 2366 dicta
870 2300 1009 2366 navi
1058 2304 1121 2362 et
1167 2300 1476 2377 mandare,
1523 2300 1701 2383 quod,
1749 2299 1801 2364 si
1849 2298 2142 2381 possibile
2190 2299 2306 2375 est,
2354 2299 2788 2378 recuperentur
2856 2297 2933 2361 de
2981 2298 3127 2362 aliis
3176 2301 3242 2364 in

533 2388 902 2473 quamplura
946 2386 1291 2472 quantitate
1337 2387 1470 2452 fieri
1534 2389 1758 2470 potest,
1831 2388 1895 2451 et
1938 2386 2075 2470 ipsa
2120 2386 2332 2451 omnia
2375 2385 2572 2450 facere
2617 2385 2922 2469 assignari
3009 2388 3242 2451 merito

532 2480 884 2543 nostrorum
930 2475 1250 2553 nobilium,
1300 2488 1557 2558 quorum
1604 2477 1738 2540 erat
1781 2476 1945 2539 dicta
1982 2473 2179 2539 navis,
2221 2473 2305 2538 Et
2350 2475 2402 2539 si
2465 2472 2698 2556 aliquid
2774 2477 2941 2539 esset
2999 2474 3236 2540 furtive

537 2567 864 2648 acceptum
913 2564 1011 2630 vel
1057 2563 1510 2644 absconditum,
1554 2565 1714 2648 quod
1758 2563 1992 2629 dictum
2055 2563 2330 2645 regimen
2392 2562 2713 2647 provideat
2770 2561 3004 2639 taliter,
3069 2565 3237 2647 quod

533 2654 943 2720 rehabeantur
988 2654 1052 2719 et
1098 2652 1493 2736 assignentur
1532 2653 1749 2718 nuntio
1798 2653 2090 2735 predicte,
2139 2652 2204 2715 et
2248 2650 2408 2717 facto
2442 2652 2504 2716 in
2547 2650 2659 2717 hoc
2699 2671 2811 2734 per
2841 2652 3240 2735 capitaneum

531 2742 878 2827 predictum
925 2741 1216 2825 quicquid
1268 2741 1407 2806 boni
1451 2743 1699 2823 poterit,
1771 2739 1995 2806 debeat
2059 2741 2258 2806 totam
2322 2740 2835 2818 informationem,
2879 2758 3068 2823 quam
3118 2741 3235 2806 ha-

539 2831 748 2897 buerit
794 2849 978 2915 super
1020 2829 1181 2906 iude,
1233 2829 1408 2896 nobis
1456 2829 1827 2914 significare,
1873 2832 1940 2895 et
1980 2829 2199 2912 postea
2244 2828 2464 2895 debeat
2509 2827 2943 2895 transfrectare
2982 2830 3061 2894 ad
3093 2849 3242 2916 par-

522 2921 618 2987 tes
662 2919 829 2984 Bari.

611 3028 791 3088 Misti
835 3026 1071 3088 XLVI.
1124 3030 1181 3102 1,
1228 3045 1272 3087 u
1318 3027 1473 3090 mlet.
1520 3028 1755 3089 arkivu.

877 3216 1249 3301 DCXVI.
1303 3217 1508 3302 (3011.
1561 3217 1796 3302 1402.
1851 3218 1944 3301 13
1997 3216 2336 3321 oiujka,
2390 3240 2451 3301 u
2502 3217 2891 3301 ffletcih.

626 3347 962 3422 Republika
1006 3346 1278 3419 iskamv'c
1321 3346 1491 3419 svoju
1534 3346 1741 3406 radost
1780 3346 2108 3421 aqam-hrt).
2158 3346 2378 3420 krab'u,
2426 3345 2514 3406 §to
2541 3346 2609 3419 je
2653 3345 2893 3406 sloboclu
2933 3345 3122 3405 dnbio.

735 3450 922 3514 1402.
972 3447 1306 3515 indictione
1354 3449 1608 3524 decima,
1656 3449 1751 3514 die
1797 3448 1953 3515 XIII
1999 3450 2230 3514 mensis
2277 3449 2511 3515 marcii.
2581 3449 2692 3515 Ser
2775 3450 3000 3514 Petrus
3079 3446 3237 3515 Cor-

522 3541 712 3616 nario,
760 3558 856 3605 ser
900 3537 1246 3603 Ludovicus
1292 3538 1667 3614 Lauredano‚
1712 3555 1810 3602 ser
1877 3537 2250 3603 Benedictus
2323 3536 2712 3621 Superaucio,
2786 3557 2885 3601 ser
2943 3537 3235 3603 Donatus

525 3627 766 3704 Mauro,
828 3645 925 3690 ser
970 3625 1317 3691 Leouardus
1365 3626 1619 3701 Bemb0,
1686 3645 1785 3690 ser
1845 3625 2065 3692 Justus
2137 3624 2499 3700 contareno,
2577 3626 2884 3707 sapientes
2961 3626 3230 3690 consilii.

520 3714 747 3797 Capta:
796 3713 940 3799 quia
986 3713 1202 3778 diebus
1248 3714 1562 3796 preteritis
1607 3714 1823 3780 habita
1867 3714 1988 3779 suit
2035 3734 2156 3779 una
2200 3714 2412 3781 littera
2457 3733 2492 3779 a
2532 3713 2775 3780 domino
2830 3732 2974 3796 rege
3041 3713 3230 3779 Hun-

519 3805 711 3888 garie,
791 3804 855 3867 in
925 3802 1099 3866 cuius
1173 3802 1507 3883 primordio
1594 3801 1990 3885 significabat
2076 3801 2255 3867 nobis
2348 3802 2774 3867 liberationem
2851 3821 3063 3873 suam,
3159 3806 3228 3867 et

514 3911 656 3957 cum
758 3890 1120 3955 liberatione
1240 3890 1697 3955 restitutionem
1796 3909 1971 3955 suam
2076 3891 2154 3955 ad
2260 3909 2537 3974 regnum,
2656 3892 2720 3954 et
2816 3889 3238 3974 subiungebat

513 3982 746 4064 postea,
826 3978 984 4061 quod
1067 3978 1232 4043 sicut
1309 3978 1611 4043 babuerat
1686 3979 1914 4045 bonam
2019 3980 2365 4045 amiciciam
2473 3977 2806 4044 nobiscum
2908 3980 3234 4056 hacteuuS,

512 4069 604 4134 ita
678 4068 753 4133 de
829 4069 1031 4132 cetero
1111 4066 1469 4132 intendebat
1544 4066 1790 4143 babere,
1885 4066 2210 4134 dummodo
2287 4086 2408 4132 nou
2509 4067 2903 4151 preberemus
2976 4085 3233 4138 causam

513 4157 628 4222 sibi
674 4157 858 4221 aliter
902 4154 1183 4233 faciendi,
1235 4155 1299 4218 et
1342 4154 1459 4219 hoc
1503 4153 1747 4220 dicebat
1778 4158 2028 4239 propter
2072 4175 2296 4222 novum
2329 4174 2538 4238 regem
2594 4173 3009 4230 romanorum,
3042 4174 3232 4237 quem

512 4245 899 4310 intellexerat
929 4243 1170 4308 venisse
1209 4242 1528 4323 Venecias‚
1562 4245 1626 4307 et
1654 4263 1906 4326 querere
1939 4262 1975 4307 a
2009 4244 2183 4310 nobis
2217 4245 2477 4322 navigia,
2520 4262 2668 4309 cum
2703 4244 2926 4326 quibus
2958 4243 3229 4309 Romam

507 4353 618 4418 pro
660 4330 1051 4415 adquirendis
1098 4331 1337 4396 coronis
1382 4331 1627 4414 imperii
1677 4333 1765 4395 ire
1810 4337 2040 4414 posset,
2091 4334 2154 4397 et
2198 4334 2271 4397 ad
2318 4334 2551 4397 dictam
2600 4333 2878 4396 litteram
2912 4349 3034 4395 non
3112 4350 3226 4414 ap-

507 4422 716 4506 paruit
761 4424 911 4485 tunc
959 4419 1115 4483 velle
1163 4418 1363 4485 facere
1428 4420 1700 4503 aliquam
1770 4422 2224 4502 responsionem
2304 4423 2557 4502 propter
2603 4420 3025 4502 suspetionem
3076 4438 3219 4484 con-

510 4512 775 4593 ceptam,
824 4508 985 4590 quod
1033 4507 1243 4572 littera
1289 4508 1420 4590 ipsa
1460 4526 1579 4572 uon
1628 4509 1780 4572 bene
1826 4508 2184 4589 procederet
2227 4510 2300 4573 de
2345 4510 2557 4573 mente
2607 4510 2790 4590 regiS,
2840 4508 2987 4591 quia
3047 4509 3224 4572 tran-

513 4601 723 4662 sactus
771 4599 904 4661 erat
943 4596 1173 4660 mensis
1215 4614 1369 4659 unus
1417 4615 1557 4661 cum
1604 4595 1884 4675 dimidio,
1946 4598 2184 4681 quando
2247 4599 2605 4679 presentata
2662 4595 2786 4660 fuit
2853 4614 2890 4661 a
2937 4597 3036 4660 die
3077 4596 3226 4660 date

509 4685 659 4761 eius,
706 4685 769 4748 et
801 4685 944 4765 quia
989 4685 1122 4748 erat
1162 4684 1233 4747 de
1279 4702 1466 4749 manu
1516 4683 1833 4748 cuiusdam
1884 4684 2063 4749 Pauli
2110 4685 2441 4751 cancelarii
2503 4684 2676 4768 regii,
2747 4684 2850 4766 qui
2915 4688 3013 4750 est
3075 4686 3226 4749 sub-

511 4772 679 4841 ditus
725 4771 959 4838 domini
1004 4771 1178 4838 ducis
1229 4769 1587 4850 Mediolani,
1653 4772 1717 4837 et
1773 4791 1881 4857 per
1944 4773 2176 4857 pluries
2243 4773 2399 4839 alias
2470 4771 3039 4850 considerationes3
3113 4773 3220 4839 sed
