3620 5282
3032 344 3164 412 283

428 521 723 605 pabilem,
750 519 958 605 ipsum
1006 538 1150 587 cum
1194 520 1411 587 liberis
1454 522 1523 587 et
1567 521 1743 587 bonis
1795 520 1991 587 libere
2037 521 2373 600 dimittere,
2423 520 2520 589 vel
2568 521 2791 588 saltem
2841 522 3001 588 bona
3032 540 3161 601 sua,

425 627 571 675 cum
617 609 743 674 ista
788 627 907 675 non
955 610 1082 675 sint
1127 609 1281 675 dicti
1329 609 1621 693 Phylippi
1695 610 1804 675 sed
1876 609 2389 693 „quamplurium
2453 609 2683 676 civium
2755 612 2820 675 et
2881 609 3161 675 fidelium

430 699 783 761 nostrorum
834 696 1062 762 habere
1110 697 1469 762 debentium
1517 714 1556 761 a
1600 697 1913 781 Phylippo
1959 697 2298 781 predicto.“

518 803 704 865 mets·
751 804 935 865 XLI.
983 807 1086 875 91,
1133 821 1175 864 u
1221 805 1377 866 naec.
1427 805 1665 868 arkivu.

787 990 1164 1076 eccon.
1218 992 1426 1077 God.
1481 993 1712 1076 1390.
1764 991 1893 1075 29.
1938 995 2260 1095 srPnJa,
2314 1015 2374 1075 u
2430 992 2821 1075 Mletcih.

644 1152 950 1218 Scribitur
998 1153 1213 1218 nuntio
1270 1153 1461 1217 misso
1532 1152 1776 1218 domino
1841 1151 2108 1234 Georgio
2189 1150 2525 1218 Sracimiro
2571 1151 2645 1216 de
2688 1152 2878 1217 Balsa
2916 1151 3165 1218 domino

437 1240 665 1305 Zentae
707 1241 771 1305 et
815 1238 1055 1304 consuli
1100 1239 1338 1318 deinde,
1382 1238 1564 1323 quod,
1601 1240 1984 1324 recuperatis
2019 1237 2195 1304 bonis
2229 1237 2519 1322 Phylippi
2552 1238 2809 1315 Barelli‚
2867 1239 3168 1317 „debeant

430 1327 1076 1499 {zyiffligissisponm
1122 1331 1187 1393 et
1230 1328 1453 1405 iacere,
1503 1328 1686 1409 prout
1725 1326 1846 1392 sibi
1898 1327 2104 1392 dicent
2149 1342 2259 1391 seu
2305 1324 2580 1391 scribent
2623 1325 2959 1393 creditores
3006 1326 3175 1410 dicti

519 1521 702 1583 mist-i
750 1521 934 1582 XLI.
982 1524 1084 1592 96,
1131 1539 1174 1582 u
1217 1523 1371 1584 mlct.
1423 1523 1658 1585 arkivu.

564 1695 567 1700 ’
698 1707 1123 1794 ccccm.
1180 1710 1388 1794 God.
1445 1710 1677 1795 1390.
1733 1714 1777 1794 1
1833 1710 2278 1809 kolovom
2336 1713 2431 1814 (ιι
2485 1711 2828 1816 Spnetu
2847 1712 2917 1814 t)

503 1871 814 1933 Poszansci
862 1871 1092 1932 Tvrtka
1135 1872 1339 1946 kraua
1381 1873 1748 1949 bosanskoqa
1792 1874 2208 1948 ustanovzjuju
2262 1874 2507 1948 mansae
2550 1874 2830 1948 spuetske
2871 1870 3092 1935 obem.

566 2033 573 2040 ²
642 2011 711 2075 In
758 2009 992 2076 Christi
1040 2010 1286 2077 nomine
1332 2029 1535 2076 amen.
1584 2010 1765 2077 Anno
1803 2012 2033 2077 domini
2087 2008 2275 2090 1390,
2321 2009 2656 2076 indictione
2701 2010 2877 2090 XIII,
2907 2011 3005 2076 die
3035 2010 3165 2095 pri·

434 2116 538 2163 mo
581 2098 816 2163 mensis
867 2099 1143 2181 augusti.
1234 2099 1368 2163 Nos
1423 2097 1695 2180 Triphou
1763 2094 1977 2164 Bucbe
2039 2098 2114 2163 de
2161 2097 2430 2165 Gatharo
2471 2097 2610 2163 aule
2656 2097 2824 2182 regie
2872 2098 3053 2163 miles
3099 2101 3166 2162 et

433 2185 1007 2269 prothovestiarius,
1051 2186 1322 2251 Michael
1367 2185 1443 2249 de
1490 2186 1763 2268 Ragusio
1807 2187 2043 2252 electus
2090 2186 2413 2268 episcopus
2461 2185 2837 2263 Tniniensis,
2902 2190 2967 2251 et
3013 2185 3164 2251 Vla-

434 2274 569 2338 doie
613 2272 689 2337 de
736 2272 961 2337 Rascia
1008 2272 1172 2337 dicte
1218 2274 1359 2338 aule
1407 2273 1722 2356 logophet,
1788 2276 2145 2340 executores
2208 2275 2273 2337 et
2344 2272 2761 2338 commissarii
2808 2273 2874 2338 et
2926 2273 2989 2337 iu
3050 2273 3164 2338 hac

433 2360 612 2442 parte
660 2360 868 2424 nuncii
918 2359 1219 2441 speciales
1270 2360 1441 2431 Ser¹¹¹.¹
1488 2363 1553 2425 et
1596 2359 1747 2432 Ειιῑῐὲ,1
1795 2361 2093 2444 principis
2165 2362 2229 2425 et
2292 2360 2525 2425 domini
2595 2360 2792 2425 nostri
2862 2358 3164 2444 Stephani

431 2445 810 2510 Tuercbonis
858 2446 957 2510 dei
1014 2449 1217 2531 gratia
1284 2448 1525 2526 Rassie,
1595 2449 1817 2526 Boane,
1867 2449 2201 2525 Dalmatis,
2251 2447 2514 2524 croatie,
2565 2447 3000 2530 Maritimeque
3037 2449 3162 2512 etc.

437 2534 601 2616 regis
648 2533 866 2614 inclyti
913 2535 991 2598 ad
1038 2535 1434 2618 infrascripta
1494 2536 1854 2618 specialiter
1917 2535 2222 2618 deputati,
2288 2534 2363 2599 de
2405 2535 2629 2617 quibus
2674 2538 2849 2616 patet
2895 2533 3162 2616 publicis

435 2620 937 2705 solemnibusque
984 2623 1264 2705 apicibus
1311 2622 1477 2688 dicte
1525 2624 1692 2707 regie
1740 2623 2091 2690 maiestatis
2136 2624 2269 2689 eius
2314 2623 2531 2689 maiori
2578 2621 2809 2706 duplici
2850 2624 2918 2687 et
2947 2625 3165 2689 auteu-

431 2710 559 2774 tico
607 2709 817 2791 sigillo
863 2708 1220 2791 inpendeuti
1292 2709 1581 2794 sigilatis,
1663 2709 1829 2776 datis
1883 2713 1944 2776 in
2014 2710 2267 2777 Sutesta
2316 2712 2380 2775 in
2427 2711 2568 2776 aula
2615 2712 2783 2794 regie
2832 2711 3164 2776 residentis
3271 2722 3276 2725 ’

432 2797 549 2863 sub
593 2814 751 2861 anno
792 2796 1024 2860 domiui
1081 2797 1268 2875 1390,
1314 2797 1437 2862 ind.
1483 2797 1658 2875 XIII,
1708 2798 1808 2864 die
1853 2801 2117 2865 secunda
2159 2798 2390 2864 mensis
2422 2797 2580 2864 iunii
2612 2797 3040 2881 significamus
3072 2800 3166 2863 te-

432 2903 579 2949 nore
622 2884 1003 2968 presentium
1051 2884 1276 2967 quibus
1323 2884 1569 2967 expedit
1604 2885 1927 2963 universis,
1978 2888 2134 2970 quod
2181 2905 2289 2951 nos
2336 2884 2656 2968 cupientes
2689 2886 2982 2951 mandata
3014 2885 3165 2950 dicti

388 3046 391 3047 ⁷
432 2972 662 3037 domini
709 2971 907 3037 nostri
955 2974 1122 3055 regis
1171 2972 1388 3057 exequi
1435 2990 1576 3037 cum
1614 2974 1780 3038 omni
1829 2973 2194 3040 humilitate
2232 2975 2295 3040 et
2333 2974 2699 3051 reverentia,
2766 2974 2838 3039 ut
2882 2974 3165 3038 tenemur

434 3064 730 3142 tanquam
795 3058 1144 3124 obedientie
1192 3059 1329 3136 filii,
1401 3060 1762 3125 accedentes
1817 3080 2012 3143 nuper
2073 3080 2284 3128 meuse
2339 3059 2474 3125 iulii
2545 3061 2824 3143 proxime
2883 3061 3165 3144 preteriti

431 3165 553 3211 una
600 3164 741 3211 cum
776 3145 1002 3211 comite
1049 3146 1301 3213 Stanoie
1346 3146 1681 3233 Jelascich,
1732 3153 1942 3213 nostro
1985 3148 2225 3231 collega
2267 3148 2679 3229 infrascripto,
2757 3167 2918 3214 nunc
2956 3151 3167 3214 tamen

432 3233 509 3300 ab
557 3232 675 3299 hac
721 3233 983 3298 civitate
1028 3233 1285 3300 absente
1319 3252 1427 3317 pro
1475 3234 1746 3300 servitiis
1792 3236 2003 3318 regiis,
2054 3236 2458 3319 personaliter
2497 3236 2569 3300 ad
2620 3234 2810 3300 facies
2833 3239 3165 3316 terrarum,

430 3321 743 3396 villarum,
795 3323 1268 3402 possessionum,
1306 3322 1604 3397 locorum,
1653 3323 1967 3387 metarum
2016 3325 2082 3388 et
2126 3322 2458 3389 confinium
2506 3322 3064 3405 infrascriptorum,
3101 3325 3168 3388 et

430 3408 586 3491 ipsis
632 3408 965 3490 diligenter
1014 3410 1482 3490 perambulatis,
1536 3410 1840 3494 vissisque
1886 3412 2131 3477 oculata
2176 3411 2295 3477 fide
2342 3410 2574 3494 pariter
2606 3411 2670 3474 et
2712 3411 3023 3494 inspectiS‚
3058 3429 3166 3494 po·

431 3495 671 3560 suimus
712 3497 878 3560 viros
926 3496 1162 3561 nobiles
1210 3497 1468 3562 Petrum
1517 3497 1687 3572 Gori,
1735 3497 2087 3563 Dionisium
2153 3498 2354 3574 Helie,
2423 3497 2784 3563 Nicolarum
2835 3497 3050 3565 Sriche
3098 3502 3161 3563 et

428 3584 706 3648 Micham
754 3582 950 3647 Madii
997 3584 1162 3648 cives
1212 3584 1610 3667 Spalatenses
1666 3585 1799 3649 vice
1863 3588 1928 3649 et
2002 3585 2250 3650 nomine
2316 3585 2507 3651 totius
2583 3585 3053 3652 communitatis
3100 3589 3167 3651 et

429 3670 750 3735 homiuum
796 3670 1071 3735 civitatis
1117 3673 1390 3752 predicte
1437 3674 1499 3736 in
1548 3673 1833 3739 tenutam
1875 3676 1938 3737 et
1986 3672 2364 3755 corporalem
2435 3674 2890 3755 possessionem
2953 3691 3163 3739 eorum

429 3760 494 3822 et
539 3757 879 3823 cuiuslibet
917 3757 1192 3840 ipsorum
1237 3759 1449 3824 debito
1497 3762 1561 3824 et
1606 3762 1903 3825 consueto
1950 3778 2121 3826 more
2165 3760 2365 3843 patrie
2410 3759 2472 3824 in
2520 3758 2755 3825 talibus
2816 3760 3161 3837 observato,

429 3845 717 3910 videlicet
761 3845 1108 3928 incipiendo
1153 3865 1191 3911 a
1237 3850 1447 3911 monte
1493 3848 1816 3912 Massaron
1864 3867 2079 3913 versus
2126 3847 2429 3913 orientem
2477 3849 2648 3913 recto
2695 3847 2953 3911 tramite
3000 3847 3166 3912 sicut

428 3932 663 3998 labitur
706 3931 935 3997 flumen
984 3932 1206 3999 Salone
1247 3953 1463 3999 versus
1510 3934 1914 4012 occidentem,
1961 3945 2033 4001 ut
2076 3936 2313 4000 dividat
2358 3935 2422 4000 et
2467 3935 2554 4000 sit
2603 3937 2766 4000 meta
2796 3935 2986 4017 atque
3017 3952 3163 3999 con-

428 4021 648 4086 finium
693 4019 858 4084 inter
904 4022 1179 4085 castrum
1215 4023 1458 4105 regium
1507 4019 1732 4086 Clissie
1778 4025 1843 4086 et
1889 4023 2056 4106 ipsos
2104 4022 2522 4105 Spalanteses,
2566 4023 2658 4086 ita
2704 4021 2867 4104 quod
2910 4039 2949 4086 a
2992 4020 3161 4088 dicto

424 4107 677 4172 flumine
722 4126 935 4172 versus
983 4106 1306 4191 Spaletum
1335 4109 1419 4175 sit
1451 4107 1919 4191 Spalatensium
1950 4129 2090 4176 cum
2125 4109 2415 4175 omnibus
2449 4107 2820 4175 molendinis
2853 4109 3156 4174 dictorum

427 4192 927 4277 Spalantensium
973 4197 1303 4262 consuetis.
1354 4196 1454 4261 Ab
1503 4196 1628 4262 alia
1670 4214 1815 4261 vero
1865 4200 2038 4279 parte
2082 4216 2120 4264 a
2165 4196 2362 4262 muris
2394 4196 2670 4282 antiquis
2719 4194 2942 4261 Salone
2991 4200 3158 4262 recto

424 4282 680 4346 tramite
719 4301 931 4348 versus
1002 4285 1279 4349 montem
1329 4304 1379 4349 s.
1423 4282 1790 4358 Michaelis;
1842 4303 1958 4368 que
2022 4284 2099 4351 ob
2170 4284 2468 4350 maiorem
2529 4284 2978 4369 clarioremque
3026 4285 3158 4349 evi-

425 4368 704 4434 dentiam
738 4369 1155 4454 infrascriptis
1202 4372 1399 4455 signis
1432 4371 1722 4436 duximus
1753 4371 2199 4456 consignanda,
2233 4370 2531 4437 videlicet
2559 4390 2598 4437 a
2629 4370 2893 4454 quadam
2929 4372 3160 4454 puncta

424 4474 602 4520 secus
646 4474 841 4532 mare,
889 4476 1006 4541 que
1049 4461 1307 4524 vocatur
1351 4457 1627 4535 Glaviza,
1678 4458 1784 4523 ubi
1832 4459 2035 4525 solent
2080 4460 2349 4543 aplicare
2398 4459 2580 4524 barce
2625 4476 2734 4541 pro
2766 4459 3159 4540 exportandis

422 4542 736 4625 lapidibus
802 4543 880 4608 de
937 4542 1181 4621 Salona,
1249 4546 1315 4610 in
1379 4546 1552 4612 cuius
1614 4548 1840 4628 puncta
1906 4548 2109 4612 medio
2156 4545 2588 4612 mandavimus
2650 4545 2809 4630 erigi
2853 4546 2913 4609 in
2959 4546 3156 4612 nostri

423 4630 735 4712 presentia
784 4650 964 4696 unam
1015 4632 1387 4711 columnam,
1438 4634 1595 4698 etin
1643 4635 1774 4697 eius
1822 4634 2146 4716 superficie
2193 4633 2393 4716 sculpi
2421 4632 2682 4699 fecimus
2712 4631 2959 4697 litteras
2987 4633 3050 4700 S.
3080 4633 3152 4697 P.

423 4716 501 4781 ad
544 4736 766 4783 nomen
812 4719 1087 4785 civitatis
1137 4718 1373 4802 Spaleti
1445 4719 1865 4788 denotandum
1929 4738 2145 4787 versus
2207 4723 2484 4787 montem
2549 4720 2612 4786 S.
2675 4718 3005 4785 Michaelis
3078 4719 3159 4784 ad
