<?xml version="1.0" encoding="UTF-8"?>
<!DOCTYPE html PUBLIC "-//W3C//DTD XHTML 1.0 Transitional//EN"
    "http://www.w3.org/TR/xhtml1/DTD/xhtml1-transitional.dtd">
<html xmlns="http://www.w3.org/1999/xhtml" xml:lang="en" lang="en">
 <head>
  <title>
</title>
<meta http-equiv="Content-Type" content="text/html;charset=utf-8" />
  <meta name='ocr-system' content='tesseract 3.04.00' />
  <meta name='ocr-capabilities' content='ocr_page ocr_carea ocr_par ocr_line ocrx_word'/>
</head>
<body>
  <div class='ocr_page' id='page_1' title='image "./monumentaspecta02umjegoog_0396.png"; bbox 0 0 3620 5282; ppageno 0'>
   <div class='ocr_carea' id='block_1_1' title="bbox 439 291 571 358">
    <p class='ocr_par' dir='ltr' id='par_1_1' title="bbox 439 291 571 358">
     <span class='ocr_line' id='line_1_1' title="bbox 439 291 571 358; baseline 0 0"><span class='ocrx_word' id='word_1_1' title='bbox 439 291 571 358; x_wconf 87' lang='grc'>344</span> 
     </span>
    </p>
   </div>
   <div class='ocr_carea' id='block_1_2' title="bbox 431 464 3164 1940">
    <p class='ocr_par' dir='ltr' id='par_1_2' title="bbox 431 464 3164 1940">
     <span class='ocr_line' id='line_1_2' title="bbox 437 464 3164 550; baseline -0.001 -15"><span class='ocrx_word' id='word_1_2' title='bbox 437 470 558 536; x_wconf 88' lang='lat' dir='ltr'>rati</span> <span class='ocrx_word' id='word_1_3' title='bbox 607 486 850 550; x_wconf 88' lang='lat' dir='ltr'>semper</span> <span class='ocrx_word' id='word_1_4' title='bbox 895 486 1012 532; x_wconf 89' lang='lat' dir='ltr'>non</span> <span class='ocrx_word' id='word_1_5' title='bbox 1062 468 1264 532; x_wconf 91' lang='lat' dir='ltr'>solum</span> <span class='ocrx_word' id='word_1_6' title='bbox 1310 468 1368 531; x_wconf 92' lang='lat' dir='ltr'>in</span> <span class='ocrx_word' id='word_1_7' title='bbox 1420 465 1540 530; x_wconf 90' lang='lat' dir='ltr'>hiis</span> <span class='ocrx_word' id='word_1_8' title='bbox 1588 466 1854 544; x_wconf 89' lang='lat' dir='ltr'>obedire,</span> <span class='ocrx_word' id='word_1_9' title='bbox 1901 467 2005 530; x_wconf 84' lang='lat' dir='ltr'>sed</span> <span class='ocrx_word' id='word_1_10' title='bbox 2053 466 2338 532; x_wconf 91' lang='lat' dir='ltr'>omnibus</span> <span class='ocrx_word' id='word_1_11' title='bbox 2391 464 2697 549; x_wconf 80' lang='lat' dir='ltr'>preceptis</span> <span class='ocrx_word' id='word_1_12' title='bbox 2747 466 2811 529; x_wconf 86' lang='lat' dir='ltr'>et</span> <span class='ocrx_word' id='word_1_13' title='bbox 2855 466 3164 531; x_wconf 88' lang='lat' dir='ltr'>mandatis</span> 
     </span>
     <span class='ocr_line' id='line_1_3' title="bbox 431 553 3163 637; baseline -0.001 -15"><span class='ocrx_word' id='word_1_14' title='bbox 431 559 684 634; x_wconf 83' lang='lat' dir='ltr'>vestriS,</span> <span class='ocrx_word' id='word_1_15' title='bbox 733 559 795 620; x_wconf 86' lang='lat' dir='ltr'>et</span> <span class='ocrx_word' id='word_1_16' title='bbox 840 556 1105 620; x_wconf 83' lang='lat' dir='ltr'>maxime</span> <span class='ocrx_word' id='word_1_17' title='bbox 1155 556 1212 619; x_wconf 91' lang='lat' dir='ltr'>in</span> <span class='ocrx_word' id='word_1_18' title='bbox 1252 555 1394 633; x_wconf 84' lang='lat' dir='ltr'>hiis,</span> <span class='ocrx_word' id='word_1_19' title='bbox 1444 574 1560 637; x_wconf 91' lang='lat' dir='ltr'>que</span> <span class='ocrx_word' id='word_1_20' title='bbox 1606 572 1727 619; x_wconf 91' lang='lat' dir='ltr'>non</span> <span class='ocrx_word' id='word_1_21' title='bbox 1794 554 2083 618; x_wconf 87' lang='lat' dir='ltr'>cederent</span> <span class='ocrx_word' id='word_1_22' title='bbox 2143 554 2205 617; x_wconf 92' lang='lat' dir='ltr'>in</span> <span class='ocrx_word' id='word_1_23' title='bbox 2270 554 2711 617; x_wconf 73' lang='lat' dir='ltr'>detrimentum</span> <span class='ocrx_word' id='word_1_24' title='bbox 2760 558 2823 618; x_wconf 89' lang='lat' dir='ltr'>et</span> <span class='ocrx_word' id='word_1_25' title='bbox 2867 553 3163 619; x_wconf 90' lang='lat' dir='ltr'>damnum</span> 
     </span>
     <span class='ocr_line' id='line_1_4' title="bbox 432 639 3164 725; baseline -0.001 -17"><span class='ocrx_word' id='word_1_26' title='bbox 432 647 862 708; x_wconf 79' lang='lat' dir='ltr'>dominationis</span> <span class='ocrx_word' id='word_1_27' title='bbox 907 652 1105 704; x_wconf 79' lang='lat' dir='ltr'>nostre</span> <span class='ocrx_word' id='word_1_28' title='bbox 1138 647 1368 704; x_wconf 68' lang='lat' dir='ltr'>dominc</span> <span class='ocrx_word' id='word_1_29' title='bbox 1414 646 1816 718; x_wconf 76' lang='lat' dir='ltr'>imperatricis</span> <span class='ocrx_word' id='word_1_30' title='bbox 1840 644 2167 705; x_wconf 79' lang='lat' dir='ltr'>Sclavenie.</span> <span class='ocrx_word' id='word_1_31' title='bbox 2206 639 2728 725; x_wconf 74' lang='lat' dir='ltr'>congregavimus</span> <span class='ocrx_word' id='word_1_32' title='bbox 2768 641 2983 706; x_wconf 78' lang='lat' dir='ltr'>statim</span> <span class='ocrx_word' id='word_1_33' title='bbox 3021 660 3164 706; x_wconf 87' lang='lat' dir='ltr'>con-</span> 
     </span>
     <span class='ocr_line' id='line_1_5' title="bbox 436 728 3160 812; baseline -0.001 -15"><span class='ocrx_word' id='word_1_34' title='bbox 436 733 651 797; x_wconf 87' lang='lat' dir='ltr'>silium</span> <span class='ocrx_word' id='word_1_35' title='bbox 698 732 891 795; x_wconf 91' lang='lat' dir='ltr'>totius</span> <span class='ocrx_word' id='word_1_36' title='bbox 939 733 1144 795; x_wconf 87' lang='lat' dir='ltr'>nostre</span> <span class='ocrx_word' id='word_1_37' title='bbox 1197 729 1490 808; x_wconf 81' lang='lat' dir='ltr'>civitatiS,</span> <span class='ocrx_word' id='word_1_38' title='bbox 1540 733 1604 793; x_wconf 86' lang='lat' dir='ltr'>et</span> <span class='ocrx_word' id='word_1_39' title='bbox 1650 729 1935 812; x_wconf 87' lang='lat' dir='ltr'>diligenti</span> <span class='ocrx_word' id='word_1_40' title='bbox 1987 728 2437 793; x_wconf 83' lang='lat' dir='ltr'>examinatione</span> <span class='ocrx_word' id='word_1_41' title='bbox 2483 729 2739 806; x_wconf 90' lang='lat' dir='ltr'>habita,</span> <span class='ocrx_word' id='word_1_42' title='bbox 2790 729 3160 808; x_wconf 75' lang='lat' dir='ltr'>invenimuS,</span> 
     </span>
     <span class='ocr_line' id='line_1_6' title="bbox 439 816 3164 903; baseline -0.001 -19"><span class='ocrx_word' id='word_1_43' title='bbox 439 821 601 903; x_wconf 91' lang='lat' dir='ltr'>quod</span> <span class='ocrx_word' id='word_1_44' title='bbox 650 818 925 900; x_wconf 89' lang='lat' dir='ltr'>prefatus</span> <span class='ocrx_word' id='word_1_45' title='bbox 975 837 1072 882; x_wconf 89' lang='lat' dir='ltr'>ser</span> <span class='ocrx_word' id='word_1_46' title='bbox 1121 820 1284 883; x_wconf 91' lang='lat' dir='ltr'>Luce</span> <span class='ocrx_word' id='word_1_47' title='bbox 1331 818 1395 880; x_wconf 92' lang='lat' dir='ltr'>in</span> <span class='ocrx_word' id='word_1_48' title='bbox 1443 817 1736 899; x_wconf 76' lang='lat' dir='ltr'>predictis</span> <span class='ocrx_word' id='word_1_49' title='bbox 1785 817 2031 881; x_wconf 91' lang='lat' dir='ltr'>damnis</span> <span class='ocrx_word' id='word_1_50' title='bbox 2072 817 2218 880; x_wconf 87' lang='lat' dir='ltr'>dicti</span> <span class='ocrx_word' id='word_1_51' title='bbox 2269 816 2500 880; x_wconf 90' lang='lat' dir='ltr'>domini</span> <span class='ocrx_word' id='word_1_52' title='bbox 2527 816 2710 881; x_wconf 90' lang='lat' dir='ltr'>Pauli</span> <span class='ocrx_word' id='word_1_53' title='bbox 2755 816 2994 881; x_wconf 92' lang='lat' dir='ltr'>nullam</span> <span class='ocrx_word' id='word_1_54' title='bbox 3029 817 3164 881; x_wconf 87' lang='lat' dir='ltr'>cul-</span> 
     </span>
     <span class='ocr_line' id='line_1_7' title="bbox 435 903 3162 991; baseline -0.001 -21"><span class='ocrx_word' id='word_1_55' title='bbox 435 927 583 991; x_wconf 88' lang='lat' dir='ltr'>pam</span> <span class='ocrx_word' id='word_1_56' title='bbox 629 906 869 982; x_wconf 90' lang='lat' dir='ltr'>habuit,</span> <span class='ocrx_word' id='word_1_57' title='bbox 917 924 1030 969; x_wconf 88' lang='lat' dir='ltr'>nec</span> <span class='ocrx_word' id='word_1_58' title='bbox 1077 906 1150 969; x_wconf 87' lang='lat' dir='ltr'>de</span> <span class='ocrx_word' id='word_1_59' title='bbox 1197 904 1491 987; x_wconf 85' lang='lat' dir='ltr'>predictis</span> <span class='ocrx_word' id='word_1_60' title='bbox 1540 905 1723 969; x_wconf 90' lang='lat' dir='ltr'>rebus</span> <span class='ocrx_word' id='word_1_61' title='bbox 1770 905 2003 986; x_wconf 89' lang='lat' dir='ltr'>aliquid</span> <span class='ocrx_word' id='word_1_62' title='bbox 2050 904 2324 968; x_wconf 89' lang='lat' dir='ltr'>habebat</span> <span class='ocrx_word' id='word_1_63' title='bbox 2372 904 2570 967; x_wconf 87' lang='lat' dir='ltr'>facere</span> <span class='ocrx_word' id='word_1_64' title='bbox 2624 904 2684 967; x_wconf 92' lang='lat' dir='ltr'>in</span> <span class='ocrx_word' id='word_1_65' title='bbox 2733 905 2926 968; x_wconf 89' lang='lat' dir='ltr'>doana</span> <span class='ocrx_word' id='word_1_66' title='bbox 2956 903 3162 968; x_wconf 90' lang='lat' dir='ltr'>flumi-</span> 
     </span>
     <span class='ocr_line' id='line_1_8' title="bbox 434 990 3162 1077; baseline -0.001 -19"><span class='ocrx_word' id='word_1_67' title='bbox 434 996 530 1059; x_wconf 90' lang='lat' dir='ltr'>nis</span> <span class='ocrx_word' id='word_1_68' title='bbox 564 992 755 1058; x_wconf 91' lang='lat' dir='ltr'>Dimi.</span> <span class='ocrx_word' id='word_1_69' title='bbox 805 993 890 1057; x_wconf 88' lang='lat' dir='ltr'>Et</span> <span class='ocrx_word' id='word_1_70' title='bbox 930 1011 1041 1074; x_wconf 92' lang='lat' dir='ltr'>pro</span> <span class='ocrx_word' id='word_1_71' title='bbox 1089 994 1277 1070; x_wconf 87' lang='lat' dir='ltr'>certe,</span> <span class='ocrx_word' id='word_1_72' title='bbox 1325 992 1571 1057; x_wconf 89' lang='lat' dir='ltr'>domine</span> <span class='ocrx_word' id='word_1_73' title='bbox 1618 993 1884 1075; x_wconf 84' lang='lat' dir='ltr'>egregie,</span> <span class='ocrx_word' id='word_1_74' title='bbox 1936 991 1986 1055; x_wconf 92' lang='lat' dir='ltr'>si</span> <span class='ocrx_word' id='word_1_75' title='bbox 2034 992 2481 1056; x_wconf 83' lang='lat' dir='ltr'>invenissemus</span> <span class='ocrx_word' id='word_1_76' title='bbox 2527 990 2629 1055; x_wconf 86' lang='lat' dir='ltr'>vel</span> <span class='ocrx_word' id='word_1_77' title='bbox 2661 992 3019 1077; x_wconf 89' lang='lat' dir='ltr'>quandoque</span> <span class='ocrx_word' id='word_1_78' title='bbox 3065 991 3162 1056; x_wconf 90' lang='lat' dir='ltr'>in-</span> 
     </span>
     <span class='ocr_line' id='line_1_9' title="bbox 434 1078 3156 1162; baseline -0.002 -13"><span class='ocrx_word' id='word_1_79' title='bbox 434 1081 789 1148; x_wconf 88' lang='lat' dir='ltr'>veniremus</span> <span class='ocrx_word' id='word_1_80' title='bbox 829 1099 963 1144; x_wconf 90' lang='lat' dir='ltr'>esse</span> <span class='ocrx_word' id='word_1_81' title='bbox 1009 1098 1176 1158; x_wconf 89' lang='lat' dir='ltr'>vera,</span> <span class='ocrx_word' id='word_1_82' title='bbox 1227 1099 1345 1162; x_wconf 91' lang='lat' dir='ltr'>que</span> <span class='ocrx_word' id='word_1_83' title='bbox 1392 1080 1592 1144; x_wconf 89' lang='lat' dir='ltr'>dictus</span> <span class='ocrx_word' id='word_1_84' title='bbox 1635 1081 1920 1144; x_wconf 91' lang='lat' dir='ltr'>dominus</span> <span class='ocrx_word' id='word_1_85' title='bbox 1953 1079 2188 1143; x_wconf 86' lang='lat' dir='ltr'>Paulus</span> <span class='ocrx_word' id='word_1_86' title='bbox 2215 1078 2614 1143; x_wconf 83' lang='lat' dir='ltr'>dominationi</span> <span class='ocrx_word' id='word_1_87' title='bbox 2663 1082 2863 1144; x_wconf 85' lang='lat' dir='ltr'>vestre</span> <span class='ocrx_word' id='word_1_88' title='bbox 2920 1078 3156 1158; x_wconf 85' lang='lat' dir='ltr'>retulit,</span> 
     </span>
     <span class='ocr_line' id='line_1_10' title="bbox 434 1165 3159 1250; baseline -0 -18"><span class='ocrx_word' id='word_1_89' title='bbox 434 1168 746 1233; x_wconf 87' lang='lat' dir='ltr'>iustitiam</span> <span class='ocrx_word' id='word_1_90' title='bbox 794 1167 996 1250; x_wconf 90' lang='lat' dir='ltr'>parati</span> <span class='ocrx_word' id='word_1_91' title='bbox 1046 1186 1325 1233; x_wconf 87' lang='lat' dir='ltr'>essemus</span> <span class='ocrx_word' id='word_1_92' title='bbox 1372 1168 1568 1233; x_wconf 87' lang='lat' dir='ltr'>sacere</span> <span class='ocrx_word' id='word_1_93' title='bbox 1612 1167 1687 1232; x_wconf 92' lang='lat' dir='ltr'>de</span> <span class='ocrx_word' id='word_1_94' title='bbox 1732 1167 2067 1231; x_wconf 87' lang='lat' dir='ltr'>heredibus</span> <span class='ocrx_word' id='word_1_95' title='bbox 2115 1168 2178 1230; x_wconf 92' lang='lat' dir='ltr'>et</span> <span class='ocrx_word' id='word_1_96' title='bbox 2222 1167 2404 1230; x_wconf 91' lang='lat' dir='ltr'>rebus</span> <span class='ocrx_word' id='word_1_97' title='bbox 2455 1165 2679 1249; x_wconf 89' lang='lat' dir='ltr'>prefati</span> <span class='ocrx_word' id='word_1_98' title='bbox 2734 1186 2830 1231; x_wconf 86' lang='lat' dir='ltr'>ser</span> <span class='ocrx_word' id='word_1_99' title='bbox 2873 1167 3037 1231; x_wconf 91' lang='lat' dir='ltr'>Luce</span> <span class='ocrx_word' id='word_1_100' title='bbox 3084 1168 3159 1231; x_wconf 90' lang='lat' dir='ltr'>de</span> 
     </span>
     <span class='ocr_line' id='line_1_11' title="bbox 432 1252 3157 1338; baseline -0.001 -17"><span class='ocrx_word' id='word_1_101' title='bbox 432 1254 657 1321; x_wconf 88' lang='lat' dir='ltr'>Chinio</span> <span class='ocrx_word' id='word_1_102' title='bbox 704 1256 769 1319; x_wconf 83' lang='lat' dir='ltr'>et</span> <span class='ocrx_word' id='word_1_103' title='bbox 818 1257 890 1320; x_wconf 91' lang='lat' dir='ltr'>de</span> <span class='ocrx_word' id='word_1_104' title='bbox 937 1256 1223 1320; x_wconf 91' lang='lat' dir='ltr'>omnibus</span> <span class='ocrx_word' id='word_1_105' title='bbox 1265 1255 1424 1332; x_wconf 78' lang='lat' dir='ltr'>aliie,</span> <span class='ocrx_word' id='word_1_106' title='bbox 1485 1257 1590 1338; x_wconf 91' lang='lat' dir='ltr'>qui</span> <span class='ocrx_word' id='word_1_107' title='bbox 1637 1255 1871 1336; x_wconf 84' lang='lat' dir='ltr'>aliquid</span> <span class='ocrx_word' id='word_1_108' title='bbox 1920 1254 2313 1336; x_wconf 88' lang='lat' dir='ltr'>displicentie</span> <span class='ocrx_word' id='word_1_109' title='bbox 2358 1252 2618 1318; x_wconf 85' lang='lat' dir='ltr'>inferret</span> <span class='ocrx_word' id='word_1_110' title='bbox 2662 1255 2851 1319; x_wconf 89' lang='lat' dir='ltr'>alicui</span> <span class='ocrx_word' id='word_1_111' title='bbox 2896 1255 3017 1319; x_wconf 89' lang='lat' dir='ltr'>civi</span> <span class='ocrx_word' id='word_1_112' title='bbox 3059 1273 3157 1319; x_wconf 92' lang='lat' dir='ltr'>ve-</span> 
     </span>
     <span class='ocr_line' id='line_1_12' title="bbox 433 1342 3153 1421; baseline -0 -14"><span class='ocrx_word' id='word_1_113' title='bbox 433 1346 594 1421; x_wconf 86' lang='lat' dir='ltr'>nete,</span> <span class='ocrx_word' id='word_1_114' title='bbox 644 1342 805 1407; x_wconf 88' lang='lat' dir='ltr'>sicut</span> <span class='ocrx_word' id='word_1_115' title='bbox 850 1344 1039 1407; x_wconf 86' lang='lat' dir='ltr'>vestri</span> <span class='ocrx_word' id='word_1_116' title='bbox 1087 1344 1415 1409; x_wconf 86' lang='lat' dir='ltr'>servitores</span> <span class='ocrx_word' id='word_1_117' title='bbox 1463 1346 1527 1407; x_wconf 87' lang='lat' dir='ltr'>et</span> <span class='ocrx_word' id='word_1_118' title='bbox 1566 1342 1803 1413; x_wconf 79' lang='lat' dir='ltr'>fideles,</span> <span class='ocrx_word' id='word_1_119' title='bbox 1854 1342 2275 1406; x_wconf 81' lang='lat' dir='ltr'>Veruntamen</span> <span class='ocrx_word' id='word_1_120' title='bbox 2300 1343 2574 1406; x_wconf 84' lang='lat' dir='ltr'>volentes</span> <span class='ocrx_word' id='word_1_121' title='bbox 2618 1361 2863 1407; x_wconf 90' lang='lat' dir='ltr'>servare</span> <span class='ocrx_word' id='word_1_122' title='bbox 2909 1345 3153 1407; x_wconf 87' lang='lat' dir='ltr'>statuta</span> 
     </span>
     <span class='ocr_line' id='line_1_13' title="bbox 434 1429 3157 1512; baseline -0 -17"><span class='ocrx_word' id='word_1_123' title='bbox 434 1432 669 1507; x_wconf 88' lang='lat' dir='ltr'>nostra,</span> <span class='ocrx_word' id='word_1_124' title='bbox 720 1431 924 1494; x_wconf 90' lang='lat' dir='ltr'>veniat</span> <span class='ocrx_word' id='word_1_125' title='bbox 969 1431 1172 1494; x_wconf 90' lang='lat' dir='ltr'>dictus</span> <span class='ocrx_word' id='word_1_126' title='bbox 1221 1431 1502 1495; x_wconf 91' lang='lat' dir='ltr'>dominus</span> <span class='ocrx_word' id='word_1_127' title='bbox 1551 1429 1780 1494; x_wconf 88' lang='lat' dir='ltr'>Paulus</span> <span class='ocrx_word' id='word_1_128' title='bbox 1832 1430 1928 1495; x_wconf 90' lang='lat' dir='ltr'>vel</span> <span class='ocrx_word' id='word_1_129' title='bbox 1992 1450 2173 1494; x_wconf 91' lang='lat' dir='ltr'>suum</span> <span class='ocrx_word' id='word_1_130' title='bbox 2236 1429 2630 1512; x_wconf 88' lang='lat' dir='ltr'>legiptimum</span> <span class='ocrx_word' id='word_1_131' title='bbox 2695 1435 3157 1512; x_wconf 87' lang='lat' dir='ltr'>procuratorem</span> 
     </span>
     <span class='ocr_line' id='line_1_14' title="bbox 435 1517 3156 1600; baseline 0 -18"><span class='ocrx_word' id='word_1_132' title='bbox 435 1518 670 1594; x_wconf 83' lang='lat' dir='ltr'>mittat,</span> <span class='ocrx_word' id='word_1_133' title='bbox 720 1519 791 1581; x_wconf 89' lang='lat' dir='ltr'>ut</span> <span class='ocrx_word' id='word_1_134' title='bbox 836 1518 1058 1582; x_wconf 82' lang='lat' dir='ltr'>cla-rius</span> <span class='ocrx_word' id='word_1_135' title='bbox 1102 1517 1452 1582; x_wconf 89' lang='lat' dir='ltr'>inveniatur</span> <span class='ocrx_word' id='word_1_136' title='bbox 1520 1517 1778 1595; x_wconf 88' lang='lat' dir='ltr'>veritas,</span> <span class='ocrx_word' id='word_1_137' title='bbox 1847 1518 1989 1600; x_wconf 89' lang='lat' dir='ltr'>quia</span> <span class='ocrx_word' id='word_1_138' title='bbox 2052 1518 2204 1581; x_wconf 91' lang='lat' dir='ltr'>bene</span> <span class='ocrx_word' id='word_1_139' title='bbox 2251 1517 2583 1581; x_wconf 86' lang='lat' dir='ltr'>secundum</span> <span class='ocrx_word' id='word_1_140' title='bbox 2634 1519 2915 1581; x_wconf 81' lang='lat' dir='ltr'>nostrum</span> <span class='ocrx_word' id='word_1_141' title='bbox 2977 1536 3156 1600; x_wconf 90' lang='lat' dir='ltr'>posse</span> 
     </span>
     <span class='ocr_line' id='line_1_15' title="bbox 437 1604 3156 1688; baseline -0 -18"><span class='ocrx_word' id='word_1_142' title='bbox 437 1606 700 1688; x_wconf 90' lang='lat' dir='ltr'>benigne</span> <span class='ocrx_word' id='word_1_143' title='bbox 746 1606 1124 1687; x_wconf 86' lang='lat' dir='ltr'>recepiemus</span> <span class='ocrx_word' id='word_1_144' title='bbox 1172 1623 1349 1679; x_wconf 89' lang='lat' dir='ltr'>eum;</span> <span class='ocrx_word' id='word_1_145' title='bbox 1397 1605 1501 1669; x_wconf 89' lang='lat' dir='ltr'>sed</span> <span class='ocrx_word' id='word_1_146' title='bbox 1551 1607 1737 1669; x_wconf 85' lang='lat' dir='ltr'>etiam</span> <span class='ocrx_word' id='word_1_147' title='bbox 1790 1605 2079 1688; x_wconf 89' lang='lat' dir='ltr'>quicquid</span> <span class='ocrx_word' id='word_1_148' title='bbox 2130 1605 2204 1668; x_wconf 92' lang='lat' dir='ltr'>de</span> <span class='ocrx_word' id='word_1_149' title='bbox 2250 1604 2380 1668; x_wconf 91' lang='lat' dir='ltr'>iure</span> <span class='ocrx_word' id='word_1_150' title='bbox 2429 1606 2716 1687; x_wconf 85' lang='lat' dir='ltr'>pertinet,</span> <span class='ocrx_word' id='word_1_151' title='bbox 2763 1604 3059 1670; x_wconf 88' lang='lat' dir='ltr'>faciemus</span> <span class='ocrx_word' id='word_1_152' title='bbox 3092 1606 3156 1669; x_wconf 88' lang='lat' dir='ltr'>et</span> 
     </span>
     <span class='ocr_line' id='line_1_16' title="bbox 439 1692 3157 1776; baseline 0 -19"><span class='ocrx_word' id='word_1_153' title='bbox 439 1711 547 1774; x_wconf 90' lang='lat' dir='ltr'>per</span> <span class='ocrx_word' id='word_1_154' title='bbox 593 1710 925 1775; x_wconf 88' lang='lat' dir='ltr'>conseques</span> <span class='ocrx_word' id='word_1_155' title='bbox 973 1692 1468 1758; x_wconf 87' lang='lat' dir='ltr'>contentabimus</span> <span class='ocrx_word' id='word_1_156' title='bbox 1515 1692 1994 1756; x_wconf 87' lang='lat' dir='ltr'>dominationem</span> <span class='ocrx_word' id='word_1_157' title='bbox 2045 1696 2337 1757; x_wconf 87' lang='lat' dir='ltr'>vestram.</span> <span class='ocrx_word' id='word_1_158' title='bbox 2387 1693 2552 1757; x_wconf 89' lang='lat' dir='ltr'>Data</span> <span class='ocrx_word' id='word_1_159' title='bbox 2585 1693 2873 1776; x_wconf 89' lang='lat' dir='ltr'>Dulcigni</span> <span class='ocrx_word' id='word_1_160' title='bbox 2920 1692 3017 1757; x_wconf 91' lang='lat' dir='ltr'>die</span> <span class='ocrx_word' id='word_1_161' title='bbox 3047 1692 3157 1757; x_wconf 89' lang='lat' dir='ltr'>do-</span> 
     </span>
     <span class='ocr_line' id='line_1_17' title="bbox 436 1779 1697 1862; baseline 0 -18"><span class='ocrx_word' id='word_1_162' title='bbox 436 1780 662 1844; x_wconf 91' lang='lat' dir='ltr'>minico</span> <span class='ocrx_word' id='word_1_163' title='bbox 709 1780 1164 1862; x_wconf 88' lang='lat' dir='ltr'>quartodecimo</span> <span class='ocrx_word' id='word_1_164' title='bbox 1210 1780 1440 1844; x_wconf 91' lang='lat' dir='ltr'>mensis</span> <span class='ocrx_word' id='word_1_165' title='bbox 1488 1779 1697 1844; x_wconf 90' lang='lat' dir='ltr'>madii.</span> 
     </span>
     <span class='ocr_line' id='line_1_18' title="bbox 526 1869 2117 1940; baseline 0.001 -10"><span class='ocrx_word' id='word_1_166' title='bbox 526 1869 1091 1930; x_wconf 82' lang='lat' dir='ltr'>Commemorialium</span> <span class='ocrx_word' id='word_1_167' title='bbox 1150 1871 1213 1931; x_wconf 83' lang='lat' dir='ltr'>V.</span> <span class='ocrx_word' id='word_1_168' title='bbox 1263 1873 1364 1940; x_wconf 78' lang='lat'>94,</span> <span class='ocrx_word' id='word_1_169' title='bbox 1410 1888 1453 1929; x_wconf 80' lang='lat' dir='ltr'><strong><em>u</em></strong></span> <span class='ocrx_word' id='word_1_170' title='bbox 1499 1872 1714 1929; x_wconf 81' lang='lat' dir='ltr'>arkivu</span> <span class='ocrx_word' id='word_1_171' title='bbox 1757 1871 2117 1931; x_wconf 68' lang='lat' dir='ltr'>mletadkom.</span> 
     </span>
    </p>
   </div>
   <div class='ocr_carea' id='block_1_3' title="bbox 839 2042 2736 2161">
    <p class='ocr_par' dir='ltr' id='par_1_3' title="bbox 839 2042 2736 2161">
     <span class='ocr_line' id='line_1_19' title="bbox 839 2042 2736 2161; baseline -0.001 -21"><span class='ocrx_word' id='word_1_172' title='bbox 839 2057 1072 2140; x_wconf 85' lang='lat' dir='ltr'>DXI.</span> <span class='ocrx_word' id='word_1_173' title='bbox 1155 2057 1361 2140; x_wconf 65' lang='lat' dir='ltr'>(iod.</span> <span class='ocrx_word' id='word_1_174' title='bbox 1416 2057 1636 2141; x_wconf 76' lang='lat'><strong>1357.</strong></span> <span class='ocrx_word' id='word_1_175' title='bbox 1682 2057 1799 2154; x_wconf 61' lang='lat'>21</span> <span class='ocrx_word' id='word_1_176' title='bbox 1813 2042 2187 2161; x_wconf 73' lang='lat' dir='ltr'>svibnja‚</span> <span class='ocrx_word' id='word_1_177' title='bbox 2239 2079 2300 2139; x_wconf 89' lang='lat' dir='ltr'>u</span> <span class='ocrx_word' id='word_1_178' title='bbox 2346 2058 2736 2140; x_wconf 77' lang='lat' dir='ltr'>metcih.</span> 
     </span>
    </p>
   </div>
   <div class='ocr_carea' id='block_1_4' title="bbox 444 2183 3159 2346">
    <p class='ocr_par' dir='ltr' id='par_1_4' title="bbox 444 2183 3159 2346">
     <span class='ocr_line' id='line_1_20' title="bbox 444 2183 3159 2258; baseline -0.001 -14"><span class='ocrx_word' id='word_1_179' title='bbox 444 2183 499 2244; x_wconf 89' lang='lat' dir='ltr'><em>U</em></span> <span class='ocrx_word' id='word_1_180' title='bbox 532 2185 714 2258; x_wconf 73' lang='lat' dir='ltr'>postu</span> <span class='ocrx_word' id='word_1_181' title='bbox 747 2184 1005 2257; x_wconf 72' lang='lat' dir='ltr'>prodaje</span> <span class='ocrx_word' id='word_1_182' title='bbox 1047 2186 1193 2243; x_wconf 78' lang='lat' dir='ltr'>vina</span> <span class='ocrx_word' id='word_1_183' title='bbox 1237 2201 1278 2242; x_wconf 80' lang='lat' dir='ltr'><em>u</em></span> <span class='ocrx_word' id='word_1_184' title='bbox 1327 2183 1534 2242; x_wconf 81' lang='lat' dir='ltr'>Zadru</span> <span class='ocrx_word' id='word_1_185' title='bbox 1580 2185 1900 2257; x_wconf 62' lang='lat' dir='ltr'>potvrcb‘en</span> <span class='ocrx_word' id='word_1_186' title='bbox 1963 2186 2126 2257; x_wconf 75' lang='lat' dir='ltr'>njeki</span> <span class='ocrx_word' id='word_1_187' title='bbox 2186 2184 2522 2244; x_wconf 67' lang='lat' dir='ltr'>Mletcanin</span> <span class='ocrx_word' id='word_1_188' title='bbox 2581 2202 2624 2244; x_wconf 83' lang='lat' dir='ltr'><em>u</em></span> <span class='ocrx_word' id='word_1_189' title='bbox 2682 2185 2902 2254; x_wconf 69' lang='grc' dir='ltr'><strong><em>εῐαὶὸί,</em></strong></span> <span class='ocrx_word' id='word_1_190' title='bbox 2977 2184 3059 2243; x_wconf 81' lang='lat' dir='ltr'>da</span> <span class='ocrx_word' id='word_1_191' title='bbox 3115 2202 3159 2243; x_wconf 77' lang='lat' dir='ltr'><em>u</em></span> 
     </span>
     <span class='ocr_line' id='line_1_21' title="bbox 1014 2272 2528 2346; baseline -0.002 -16"><span class='ocrx_word' id='word_1_192' title='bbox 1014 2273 1203 2345; x_wconf 74' lang='lat' dir='ltr'>jmmo</span> <span class='ocrx_word' id='word_1_193' title='bbox 1248 2274 1362 2331; x_wconf 81' lang='lat' dir='ltr'>ime</span> <span class='ocrx_word' id='word_1_194' title='bbox 1405 2289 1477 2330; x_wconf 82' lang='lat' dir='ltr'>sa</span> <span class='ocrx_word' id='word_1_195' title='bbox 1509 2272 1842 2346; x_wconf 75' lang='lat' dir='ltr'>yradskimi</span> <span class='ocrx_word' id='word_1_196' title='bbox 1887 2273 2210 2332; x_wconf 74' lang='lat' dir='ltr'>homornici</span> <span class='ocrx_word' id='word_1_197' title='bbox 2256 2272 2528 2332; x_wconf 73' lang='lat' dir='ltr'>nadzim.</span> 
     </span>
    </p>
   </div>
   <div class='ocr_carea' id='block_1_5' title="bbox 392 2389 3244 3250">
    <p class='ocr_par' dir='ltr' id='par_1_5' title="bbox 430 2389 3157 3000">
     <span class='ocr_line' id='line_1_22' title="bbox 648 2389 3155 2475; baseline 0.001 -22"><span class='ocrx_word' id='word_1_198' title='bbox 648 2390 836 2453; x_wconf 78' lang='lat'><strong>1357.</strong></span> <span class='ocrx_word' id='word_1_199' title='bbox 881 2389 979 2454; x_wconf 91' lang='lat' dir='ltr'>die</span> <span class='ocrx_word' id='word_1_200' title='bbox 1027 2390 1176 2455; x_wconf 89' lang='lat' dir='ltr'>XXI</span> <span class='ocrx_word' id='word_1_201' title='bbox 1224 2391 1393 2455; x_wconf 92' lang='lat' dir='ltr'>maii.</span> <span class='ocrx_word' id='word_1_202' title='bbox 1443 2390 1595 2456; x_wconf 88' lang='lat' dir='ltr'>Cum</span> <span class='ocrx_word' id='word_1_203' title='bbox 1644 2391 1958 2456; x_wconf 85' lang='lat' dir='ltr'>Johannes</span> <span class='ocrx_word' id='word_1_204' title='bbox 2010 2392 2301 2457; x_wconf 88' lang='lat' dir='ltr'>Botarius</span> <span class='ocrx_word' id='word_1_205' title='bbox 2347 2394 2545 2456; x_wconf 88' lang='lat' dir='ltr'>sancti</span> <span class='ocrx_word' id='word_1_206' title='bbox 2590 2392 2826 2475; x_wconf 80' lang='lat' dir='ltr'>Moysi,</span> <span class='ocrx_word' id='word_1_207' title='bbox 2892 2391 3043 2457; x_wconf 90' lang='lat' dir='ltr'>civis</span> <span class='ocrx_word' id='word_1_208' title='bbox 3091 2394 3155 2457; x_wconf 87' lang='lat' dir='ltr'>et</span> 
     </span>
     <span class='ocr_line' id='line_1_23' title="bbox 434 2477 3156 2560; baseline 0.001 -18"><span class='ocrx_word' id='word_1_209' title='bbox 434 2477 640 2542; x_wconf 89' lang='lat' dir='ltr'>fidelis</span> <span class='ocrx_word' id='word_1_210' title='bbox 687 2480 911 2555; x_wconf 87' lang='lat' dir='ltr'>noster,</span> <span class='ocrx_word' id='word_1_211' title='bbox 949 2477 1141 2543; x_wconf 86' lang='lat' dir='ltr'>fuerit</span> <span class='ocrx_word' id='word_1_212' title='bbox 1184 2498 1293 2560; x_wconf 90' lang='lat' dir='ltr'>per</span> <span class='ocrx_word' id='word_1_213' title='bbox 1339 2481 1627 2543; x_wconf 91' lang='lat' dir='ltr'>comitem</span> <span class='ocrx_word' id='word_1_214' title='bbox 1675 2480 1740 2543; x_wconf 89' lang='lat' dir='ltr'>et</span> <span class='ocrx_word' id='word_1_215' title='bbox 1782 2478 2169 2545; x_wconf 81' lang='lat' dir='ltr'>consiliarios</span> <span class='ocrx_word' id='word_1_216' title='bbox 2194 2479 2383 2545; x_wconf 85' lang='lat' dir='ltr'>Jadre</span> <span class='ocrx_word' id='word_1_217' title='bbox 2413 2479 2792 2544; x_wconf 89' lang='lat' dir='ltr'>constitutus</span> <span class='ocrx_word' id='word_1_218' title='bbox 2825 2480 3156 2544; x_wconf 83' lang='lat' dir='ltr'>extimator</span> 
     </span>
     <span class='ocr_line' id='line_1_24' title="bbox 433 2564 3155 2650; baseline 0 -19"><span class='ocrx_word' id='word_1_219' title='bbox 433 2565 560 2631; x_wconf 91' lang='lat' dir='ltr'>vini</span> <span class='ocrx_word' id='word_1_220' title='bbox 609 2566 671 2628; x_wconf 88' lang='lat' dir='ltr'>in</span> <span class='ocrx_word' id='word_1_221' title='bbox 715 2564 907 2630; x_wconf 85' lang='lat' dir='ltr'>Jadra</span> <span class='ocrx_word' id='word_1_222' title='bbox 954 2584 1095 2630; x_wconf 89' lang='lat' dir='ltr'>cum</span> <span class='ocrx_word' id='word_1_223' title='bbox 1140 2566 1367 2630; x_wconf 87' lang='lat' dir='ltr'>salario</span> <span class='ocrx_word' id='word_1_224' title='bbox 1414 2566 1776 2631; x_wconf 85' lang='lat' dir='ltr'>ducatorum</span> <span class='ocrx_word' id='word_1_225' title='bbox 1825 2568 2270 2650; x_wconf 86' lang='lat' dir='ltr'>quinquaginta</span> <span class='ocrx_word' id='word_1_226' title='bbox 2331 2566 2394 2630; x_wconf 94' lang='lat' dir='ltr'>in</span> <span class='ocrx_word' id='word_1_227' title='bbox 2442 2584 2638 2645; x_wconf 88' lang='lat' dir='ltr'>ann0,</span> <span class='ocrx_word' id='word_1_228' title='bbox 2687 2567 2757 2630; x_wconf 91' lang='lat' dir='ltr'>ut</span> <span class='ocrx_word' id='word_1_229' title='bbox 2802 2570 2969 2631; x_wconf 88' lang='lat' dir='ltr'>esset</span> <span class='ocrx_word' id='word_1_230' title='bbox 3014 2586 3155 2633; x_wconf 89' lang='lat' dir='ltr'>cum</span> 
     </span>
     <span class='ocr_line' id='line_1_25' title="bbox 431 2653 3157 2738; baseline 0 -20"><span class='ocrx_word' id='word_1_231' title='bbox 431 2653 786 2718; x_wconf 82' lang='lat' dir='ltr'>camerariis</span> <span class='ocrx_word' id='word_1_232' title='bbox 832 2654 1060 2718; x_wconf 88' lang='lat' dir='ltr'>nostris</span> <span class='ocrx_word' id='word_1_233' title='bbox 1106 2653 1294 2719; x_wconf 87' lang='lat' dir='ltr'>Jadre</span> <span class='ocrx_word' id='word_1_234' title='bbox 1338 2654 1416 2719; x_wconf 89' lang='lat' dir='ltr'>ad</span> <span class='ocrx_word' id='word_1_235' title='bbox 1464 2655 1667 2736; x_wconf 89' lang='lat' dir='ltr'>ipsum</span> <span class='ocrx_word' id='word_1_236' title='bbox 1714 2654 1988 2720; x_wconf 83' lang='lat' dir='ltr'>officium</span> <span class='ocrx_word' id='word_1_237' title='bbox 2038 2655 2474 2719; x_wconf 83' lang='lat' dir='ltr'>exercendum:</span> <span class='ocrx_word' id='word_1_238' title='bbox 2540 2655 2709 2719; x_wconf 87' lang='lat' dir='ltr'>vadit</span> <span class='ocrx_word' id='word_1_239' title='bbox 2772 2674 2948 2737; x_wconf 90' lang='lat' dir='ltr'>pars,</span> <span class='ocrx_word' id='word_1_240' title='bbox 2997 2654 3157 2738; x_wconf 88' lang='lat' dir='ltr'>quod</span> 
     </span>
     <span class='ocr_line' id='line_1_26' title="bbox 431 2741 3149 2825; baseline 0.001 -21"><span class='ocrx_word' id='word_1_241' title='bbox 431 2759 542 2824; x_wconf 89' lang='lat' dir='ltr'>pro</span> <span class='ocrx_word' id='word_1_242' title='bbox 589 2742 830 2806; x_wconf 88' lang='lat' dir='ltr'>meritis</span> <span class='ocrx_word' id='word_1_243' title='bbox 870 2741 1190 2807; x_wconf 86' lang='lat' dir='ltr'>fidelitatis</span> <span class='ocrx_word' id='word_1_244' title='bbox 1238 2762 1363 2817; x_wconf 89' lang='lat' dir='ltr'>sue,</span> <span class='ocrx_word' id='word_1_245' title='bbox 1413 2741 1488 2807; x_wconf 89' lang='lat' dir='ltr'>de</span> <span class='ocrx_word' id='word_1_246' title='bbox 1537 2762 1657 2825; x_wconf 89' lang='lat' dir='ltr'>qua</span> <span class='ocrx_word' id='word_1_247' title='bbox 1705 2742 2136 2823; x_wconf 89' lang='lat' dir='ltr'>multipliciter</span> <span class='ocrx_word' id='word_1_248' title='bbox 2182 2744 2686 2821; x_wconf 89' lang='lat' dir='ltr'>commendatur,</span> <span class='ocrx_word' id='word_1_249' title='bbox 2752 2743 3149 2807; x_wconf 81' lang='lat' dir='ltr'>confirmetur</span> 
     </span>
     <span class='ocr_line' id='line_1_27' title="bbox 431 2826 3148 2912; baseline 0.001 -21"><span class='ocrx_word' id='word_1_250' title='bbox 431 2829 562 2911; x_wconf 91' lang='lat' dir='ltr'>ipse</span> <span class='ocrx_word' id='word_1_251' title='bbox 607 2826 920 2894; x_wconf 84' lang='lat' dir='ltr'>Johannes</span> <span class='ocrx_word' id='word_1_252' title='bbox 967 2830 1028 2892; x_wconf 91' lang='lat' dir='ltr'>in</span> <span class='ocrx_word' id='word_1_253' title='bbox 1077 2830 1241 2895; x_wconf 90' lang='lat' dir='ltr'>dicto</span> <span class='ocrx_word' id='word_1_254' title='bbox 1289 2829 1489 2895; x_wconf 83' lang='lat' dir='ltr'>officio</span> <span class='ocrx_word' id='word_1_255' title='bbox 1536 2849 1678 2894; x_wconf 90' lang='lat' dir='ltr'>cum</span> <span class='ocrx_word' id='word_1_256' title='bbox 1744 2830 1967 2894; x_wconf 89' lang='lat' dir='ltr'>salario</span> <span class='ocrx_word' id='word_1_257' title='bbox 2032 2829 2451 2911; x_wconf 88' lang='lat' dir='ltr'>suprascripto</span> <span class='ocrx_word' id='word_1_258' title='bbox 2515 2830 2591 2893; x_wconf 90' lang='lat' dir='ltr'>de</span> <span class='ocrx_word' id='word_1_259' title='bbox 2639 2829 2846 2912; x_wconf 88' lang='lat' dir='ltr'>gratia</span> <span class='ocrx_word' id='word_1_260' title='bbox 2892 2830 3148 2912; x_wconf 89' lang='lat' dir='ltr'>speciali</span> 
     </span>
     <span class='ocr_line' id='line_1_28' title="bbox 430 2916 3149 3000; baseline 0.001 -21"><span class='ocrx_word' id='word_1_261' title='bbox 430 2934 623 2997; x_wconf 90' lang='lat' dir='ltr'>usque</span> <span class='ocrx_word' id='word_1_262' title='bbox 671 2918 747 2980; x_wconf 90' lang='lat' dir='ltr'>ad</span> <span class='ocrx_word' id='word_1_263' title='bbox 788 2917 1246 2999; x_wconf 89' lang='lat' dir='ltr'>beneplacitum</span> <span class='ocrx_word' id='word_1_264' title='bbox 1297 2921 1597 2995; x_wconf 91' lang='lat' dir='ltr'>nostrum,</span> <span class='ocrx_word' id='word_1_265' title='bbox 1648 2918 1737 2982; x_wconf 87' lang='lat' dir='ltr'>ita</span> <span class='ocrx_word' id='word_1_266' title='bbox 1784 2920 1943 2999; x_wconf 91' lang='lat' dir='ltr'>quod</span> <span class='ocrx_word' id='word_1_267' title='bbox 1990 2918 2230 3000; x_wconf 89' lang='lat' dir='ltr'>quando</span> <span class='ocrx_word' id='word_1_268' title='bbox 2276 2916 2607 2981; x_wconf 82' lang='lat' dir='ltr'>extimabit</span> <span class='ocrx_word' id='word_1_269' title='bbox 2665 2937 2824 2982; x_wconf 91' lang='lat' dir='ltr'>unus</span> <span class='ocrx_word' id='word_1_270' title='bbox 2870 2936 3149 2982; x_wconf 90' lang='lat' dir='ltr'>camera·</span> 
     </span>
    </p>

    <p class='ocr_par' dir='ltr' id='par_1_6' title="bbox 392 2989 3244 3250">
     <span class='ocr_line' id='line_1_29' title="bbox 392 2989 3244 3093; baseline 0.001 -28"><span class='ocrx_word' id='word_1_271' title='bbox 392 2989 685 3080; x_wconf 59' lang='lat' dir='ltr'>&#39;‘H-iorum,</span> <span class='ocrx_word' id='word_1_272' title='bbox 734 3023 976 3086; x_wconf 87' lang='lat' dir='ltr'>semper</span> <span class='ocrx_word' id='word_1_273' title='bbox 1023 3004 1108 3069; x_wconf 88' lang='lat' dir='ltr'>sit</span> <span class='ocrx_word' id='word_1_274' title='bbox 1153 3023 1396 3083; x_wconf 90' lang='lat' dir='ltr'>secum,</span> <span class='ocrx_word' id='word_1_275' title='bbox 1446 3009 1509 3070; x_wconf 91' lang='lat' dir='ltr'>et</span> <span class='ocrx_word' id='word_1_276' title='bbox 1555 3005 1646 3070; x_wconf 90' lang='lat' dir='ltr'>sic</span> <span class='ocrx_word' id='word_1_277' title='bbox 1708 3005 1999 3069; x_wconf 86' lang='lat' dir='ltr'>scribitur</span> <span class='ocrx_word' id='word_1_278' title='bbox 2061 3004 2244 3069; x_wconf 79' lang='lat' dir='ltr'>dictis</span> <span class='ocrx_word' id='word_1_279' title='bbox 2308 3004 2702 3083; x_wconf 86' lang='lat' dir='ltr'>camerariis,</span> <span class='ocrx_word' id='word_1_280' title='bbox 2770 3006 2932 3087; x_wconf 91' lang='lat' dir='ltr'>quod</span> <span class='ocrx_word' id='word_1_281' title='bbox 2996 3024 3154 3069; x_wconf 93' lang='lat' dir='ltr'>unus</span> <span class='ocrx_word' id='word_1_282' title='bbox 3239 3087 3244 3093; x_wconf 17' lang='grc' dir='ltr'>ι</span> 
     </span>
     <span class='ocr_line' id='line_1_30' title="bbox 433 3091 2722 3174; baseline 0.001 -20"><span class='ocrx_word' id='word_1_283' title='bbox 433 3107 642 3154; x_wconf 87' lang='lat' dir='ltr'>eorum</span> <span class='ocrx_word' id='word_1_284' title='bbox 691 3091 978 3154; x_wconf 87' lang='lat' dir='ltr'>continue</span> <span class='ocrx_word' id='word_1_285' title='bbox 1023 3091 1289 3170; x_wconf 86' lang='lat' dir='ltr'>intersit,</span> <span class='ocrx_word' id='word_1_286' title='bbox 1330 3091 1572 3174; x_wconf 89' lang='lat' dir='ltr'>quando</span> <span class='ocrx_word' id='word_1_287' title='bbox 1618 3093 1819 3157; x_wconf 87' lang='lat' dir='ltr'>dictus</span> <span class='ocrx_word' id='word_1_288' title='bbox 1866 3091 2174 3158; x_wconf 87' lang='lat' dir='ltr'>Johannes</span> <span class='ocrx_word' id='word_1_289' title='bbox 2218 3091 2566 3156; x_wconf 84' lang='lat' dir='ltr'>extimabit.</span> <span class='ocrx_word' id='word_1_290' title='bbox 2621 3096 2722 3173; x_wconf 50' lang='grc' dir='ltr'>ψ.</span> 
     </span>
     <span class='ocr_line' id='line_1_31' title="bbox 522 3178 2343 3250; baseline 0.003 -14"><span class='ocrx_word' id='word_1_291' title='bbox 522 3178 705 3237; x_wconf 77' lang='lat' dir='ltr'>Misti</span> <span class='ocrx_word' id='word_1_292' title='bbox 755 3180 883 3239; x_wconf 87' lang='lat' dir='ltr'>XX</span> <span class='ocrx_word' id='word_1_293' title='bbox 895 3181 1079 3239; x_wconf 84' lang='lat' dir='ltr'><strong><em>VIII.</em></strong></span> <span class='ocrx_word' id='word_1_294' title='bbox 1128 3183 1184 3250; x_wconf 88' lang='lat'>5,</span> <span class='ocrx_word' id='word_1_295' title='bbox 1231 3199 1275 3239; x_wconf 82' lang='lat' dir='ltr'><strong><em>u</em></strong></span> <span class='ocrx_word' id='word_1_296' title='bbox 1320 3184 1536 3241; x_wconf 80' lang='lat' dir='ltr'>arkivu</span> <span class='ocrx_word' id='word_1_297' title='bbox 1579 3183 1938 3242; x_wconf 66' lang='lat' dir='ltr'>mletackom.</span> <span class='ocrx_word' id='word_1_298' title='bbox 2338 3199 2343 3203; x_wconf 85' lang='lat'>·</span> 
     </span>
    </p>
   </div>
   <div class='ocr_carea' id='block_1_6' title="bbox 844 3367 2746 3472">
    <p class='ocr_par' dir='ltr' id='par_1_7' title="bbox 844 3367 2746 3472">
     <span class='ocr_line' id='line_1_32' title="bbox 844 3367 2746 3472; baseline 0.001 -23"><span class='ocrx_word' id='word_1_299' title='bbox 844 3367 1127 3449; x_wconf 88' lang='lat' dir='ltr'>DXII.</span> <span class='ocrx_word' id='word_1_300' title='bbox 1199 3367 1408 3450; x_wconf 66' lang='lat' dir='ltr'>(iod.</span> <span class='ocrx_word' id='word_1_301' title='bbox 1461 3368 1678 3453; x_wconf 74' lang='lat'><strong>1357.</strong></span> <span class='ocrx_word' id='word_1_302' title='bbox 1734 3369 1830 3452; x_wconf 80' lang='lat'>13</span> <span class='ocrx_word' id='word_1_303' title='bbox 1872 3370 2186 3472; x_wconf 68' lang='lat' dir='ltr'>Imma,</span> <span class='ocrx_word' id='word_1_304' title='bbox 2240 3394 2301 3453; x_wconf 91' lang='lat' dir='ltr'>u</span> <span class='ocrx_word' id='word_1_305' title='bbox 2356 3369 2746 3452; x_wconf 82' lang='lat' dir='ltr'>Mletcih.</span> 
     </span>
    </p>
   </div>
   <div class='ocr_carea' id='block_1_7' title="bbox 431 3492 3161 3746">
    <p class='ocr_par' dir='ltr' id='par_1_8' title="bbox 431 3492 3161 3746">
     <span class='ocr_line' id='line_1_33' title="bbox 443 3492 3161 3570; baseline 0.001 -18"><span class='ocrx_word' id='word_1_306' title='bbox 443 3492 530 3552; x_wconf 73' lang='lat' dir='ltr'>Uz</span> <span class='ocrx_word' id='word_1_307' title='bbox 554 3493 833 3552; x_wconf 73' lang='lat' dir='ltr'>»molbeno</span> <span class='ocrx_word' id='word_1_308' title='bbox 877 3494 1032 3552; x_wconf 69' lang='lat' dir='ltr'>viece</span> <span class='ocrx_word' id='word_1_309' title='bbox 1075 3495 1406 3568; x_wconf 78' lang='lat' dir='ltr'>odredjeno,</span> <span class='ocrx_word' id='word_1_310' title='bbox 1453 3496 1534 3554; x_wconf 77' lang='lat' dir='ltr'>da</span> <span class='ocrx_word' id='word_1_311' title='bbox 1576 3513 1639 3555; x_wconf 84' lang='lat' dir='ltr'>se</span> <span class='ocrx_word' id='word_1_312' title='bbox 1682 3498 1939 3570; x_wconf 82' lang='lat' dir='ltr'>imenuje</span> <span class='ocrx_word' id='word_1_313' title='bbox 1998 3497 2094 3568; x_wconf 63' lang='lat' dir='ltr'>jos&lt;</span> <span class='ocrx_word' id='word_1_314' title='bbox 2139 3499 2222 3555; x_wconf 87' lang='grc'>50</span> <span class='ocrx_word' id='word_1_315' title='bbox 2263 3497 2601 3569; x_wconf 79' lang='lat' dir='ltr'>savjetnika</span> <span class='ocrx_word' id='word_1_316' title='bbox 2659 3513 2689 3555; x_wconf 84' lang='lat' dir='ltr'>s</span> <span class='ocrx_word' id='word_1_317' title='bbox 2723 3514 2980 3570; x_wconf 78' lang='lat' dir='ltr'>pravom</span> <span class='ocrx_word' id='word_1_318' title='bbox 3002 3541 3016 3566; x_wconf 90' lang='lat'>,</span> <span class='ocrx_word' id='word_1_319' title='bbox 3079 3498 3161 3555; x_wconf 81' lang='lat' dir='ltr'>da</span> 
     </span>
     <span class='ocr_line' id='line_1_34' title="bbox 431 3581 3159 3731; baseline 0.002 -92"><span class='ocrx_word' id='word_1_320' title='bbox 431 3597 603 3656; x_wconf 70' lang='lat' dir='ltr'>moyn</span> <span class='ocrx_word' id='word_1_321' title='bbox 637 3582 919 3657; x_wconf 73' lang='lat' dir='ltr'>predloye</span> <span class='ocrx_word' id='word_1_322' title='bbox 961 3581 1133 3641; x_wconf 57' lang='lat' dir='ltr'>&amp;initi</span> <span class='ocrx_word' id='word_1_323' title='bbox 1177 3601 1220 3641; x_wconf 80' lang='lat' dir='ltr'><em>u</em></span> <span class='ocrx_word' id='word_1_324' title='bbox 1262 3585 1434 3642; x_wconf 77' lang='lat' dir='ltr'>istem</span> <span class='ocrx_word' id='word_1_325' title='bbox 1476 3583 1644 3643; x_wconf 66' lang='lat' dir='ltr'>viecu</span> <span class='ocrx_word' id='word_1_326' title='bbox 1689 3586 1713 3642; x_wconf 79' lang='lat' dir='ltr'>i</span> <span class='ocrx_word' id='word_1_327' title='bbox 1755 3586 1919 3731; x_wconf 57' lang='lat' dir='ltr'>svoyl’}</span> <span class='ocrx_word' id='word_1_328' title='bbox 1960 3585 2216 3685; x_wconf 41' lang='lat' dir='ltr'>&#39;vendende</span> <span class='ocrx_word' id='word_1_329' title='bbox 2259 3586 2439 3644; x_wconf 67' lang='lat' dir='ltr'>iureci</span> <span class='ocrx_word' id='word_1_330' title='bbox 2483 3603 2526 3643; x_wconf 79' lang='lat' dir='ltr'><em>u</em></span> <span class='ocrx_word' id='word_1_331' title='bbox 2569 3586 2800 3643; x_wconf 75' lang='lat' dir='ltr'>stvarih</span> <span class='ocrx_word' id='word_1_332' title='bbox 2841 3584 3061 3644; x_wconf 65' lang='lat' dir='ltr'>ticuc‘ih</span> <span class='ocrx_word' id='word_1_333' title='bbox 3094 3601 3159 3645; x_wconf 78' lang='lat' dir='ltr'>se</span> 
     </span>
     <span class='ocr_line' id='line_1_35' title="bbox 1590 3676 2026 3746; baseline 0 -16"><span class='ocrx_word' id='word_1_334' title='bbox 1590 3676 1731 3730; x_wconf 82' lang='lat' dir='ltr'>rata</span> <span class='ocrx_word' id='word_1_335' title='bbox 1773 3689 1804 3730; x_wconf 87' lang='lat' dir='ltr'>s</span> <span class='ocrx_word' id='word_1_336' title='bbox 1910 3689 2026 3746; x_wconf 75' lang='grc' dir='ltr'>9η.</span> 
     </span>
    </p>
   </div>
   <div class='ocr_carea' id='block_1_8' title="bbox 430 3786 3161 4760">
    <p class='ocr_par' dir='ltr' id='par_1_9' title="bbox 430 3786 3161 4760">
     <span class='ocr_line' id='line_1_36' title="bbox 654 3786 3158 3869; baseline 0.002 -19"><span class='ocrx_word' id='word_1_337' title='bbox 654 3786 836 3851; x_wconf 84' lang='grc'><strong><em>1357.</em></strong></span> <span class='ocrx_word' id='word_1_338' title='bbox 886 3788 1221 3854; x_wconf 87' lang='lat' dir='ltr'>indictione</span> <span class='ocrx_word' id='word_1_339' title='bbox 1269 3788 1348 3869; x_wconf 89' lang='lat' dir='ltr'>X,</span> <span class='ocrx_word' id='word_1_340' title='bbox 1417 3792 1513 3855; x_wconf 91' lang='lat' dir='ltr'>die</span> <span class='ocrx_word' id='word_1_341' title='bbox 1572 3791 1730 3855; x_wconf 92' lang='lat' dir='ltr'>XIII</span> <span class='ocrx_word' id='word_1_342' title='bbox 1776 3791 1948 3854; x_wconf 89' lang='lat' dir='ltr'>iunii.</span> <span class='ocrx_word' id='word_1_343' title='bbox 2006 3790 2325 3869; x_wconf 76' lang='lat' dir='ltr'>DominuS,</span> <span class='ocrx_word' id='word_1_344' title='bbox 2374 3810 2474 3856; x_wconf 90' lang='lat' dir='ltr'>ser</span> <span class='ocrx_word' id='word_1_345' title='bbox 2521 3790 2885 3857; x_wconf 86' lang='lat' dir='ltr'>Franciscus</span> <span class='ocrx_word' id='word_1_346' title='bbox 2931 3793 3158 3856; x_wconf 86' lang='lat' dir='ltr'>Laure-</span> 
     </span>
     <span class='ocr_line' id='line_1_37' title="bbox 430 3876 3155 3961; baseline 0.001 -22"><span class='ocrx_word' id='word_1_347' title='bbox 430 3876 609 3953; x_wconf 90' lang='lat' dir='ltr'>dano,</span> <span class='ocrx_word' id='word_1_348' title='bbox 660 3894 757 3940; x_wconf 91' lang='lat' dir='ltr'>ser</span> <span class='ocrx_word' id='word_1_349' title='bbox 800 3876 1024 3941; x_wconf 88' lang='lat' dir='ltr'>Petrus</span> <span class='ocrx_word' id='word_1_350' title='bbox 1071 3876 1413 3956; x_wconf 87' lang='lat' dir='ltr'>Caravello,</span> <span class='ocrx_word' id='word_1_351' title='bbox 1464 3897 1562 3942; x_wconf 88' lang='lat' dir='ltr'>ser</span> <span class='ocrx_word' id='word_1_352' title='bbox 1610 3877 1857 3942; x_wconf 89' lang='lat' dir='ltr'>Andrea</span> <span class='ocrx_word' id='word_1_353' title='bbox 1919 3878 2220 3956; x_wconf 67' lang='lat' dir='ltr'>Fuscum,</span> <span class='ocrx_word' id='word_1_354' title='bbox 2291 3897 2387 3942; x_wconf 91' lang='lat' dir='ltr'>ser</span> <span class='ocrx_word' id='word_1_355' title='bbox 2457 3877 2729 3943; x_wconf 87' lang='lat' dir='ltr'>Jacobus</span> <span class='ocrx_word' id='word_1_356' title='bbox 2778 3879 3155 3961; x_wconf 79' lang='lat' dir='ltr'>BragadenO,</span> 
     </span>
     <span class='ocr_line' id='line_1_38' title="bbox 434 3962 3159 4049; baseline 0.001 -22"><span class='ocrx_word' id='word_1_357' title='bbox 434 3962 792 4028; x_wconf 90' lang='lat' dir='ltr'>consiliarii.</span> <span class='ocrx_word' id='word_1_358' title='bbox 843 3963 1078 4048; x_wconf 86' lang='lat' dir='ltr'>Capta:</span> <span class='ocrx_word' id='word_1_359' title='bbox 1127 3965 1271 4047; x_wconf 90' lang='lat' dir='ltr'>quia</span> <span class='ocrx_word' id='word_1_360' title='bbox 1319 3984 1409 4045; x_wconf 91' lang='lat' dir='ltr'>ea,</span> <span class='ocrx_word' id='word_1_361' title='bbox 1460 3984 1575 4048; x_wconf 91' lang='lat' dir='ltr'>que</span> <span class='ocrx_word' id='word_1_362' title='bbox 1621 3964 2079 4047; x_wconf 87' lang='lat' dir='ltr'>presentialiter</span> <span class='ocrx_word' id='word_1_363' title='bbox 2126 3985 2234 4047; x_wconf 91' lang='lat' dir='ltr'>pro</span> <span class='ocrx_word' id='word_1_364' title='bbox 2291 3965 2472 4030; x_wconf 83' lang='lat' dir='ltr'>factis</span> <span class='ocrx_word' id='word_1_365' title='bbox 2521 3966 2840 4049; x_wconf 89' lang='lat' dir='ltr'>Hungarie</span> <span class='ocrx_word' id='word_1_366' title='bbox 2889 3968 3159 4032; x_wconf 86' lang='lat' dir='ltr'>tractare</span> 
     </span>
     <span class='ocr_line' id='line_1_39' title="bbox 431 4049 3161 4136; baseline 0.002 -23"><span class='ocrx_word' id='word_1_367' title='bbox 431 4049 751 4128; x_wconf 88' lang='lat' dir='ltr'>habemus,</span> <span class='ocrx_word' id='word_1_368' title='bbox 791 4054 939 4117; x_wconf 91' lang='lat' dir='ltr'>sunt</span> <span class='ocrx_word' id='word_1_369' title='bbox 984 4052 1388 4131; x_wconf 87' lang='lat' dir='ltr'>arduissima‚</span> <span class='ocrx_word' id='word_1_370' title='bbox 1438 4054 1502 4117; x_wconf 91' lang='lat' dir='ltr'>et</span> <span class='ocrx_word' id='word_1_371' title='bbox 1547 4053 1812 4136; x_wconf 89' lang='lat' dir='ltr'>tangunt</span> <span class='ocrx_word' id='word_1_372' title='bbox 1850 4053 2393 4117; x_wconf 89' lang='lat' dir='ltr'>vehementissime</span> <span class='ocrx_word' id='word_1_373' title='bbox 2439 4052 2678 4117; x_wconf 85' lang='lat' dir='ltr'>factum</span> <span class='ocrx_word' id='word_1_374' title='bbox 2728 4056 3045 4132; x_wconf 89' lang='lat' dir='ltr'>nostrum,</span> <span class='ocrx_word' id='word_1_375' title='bbox 3096 4055 3161 4118; x_wconf 89' lang='lat' dir='ltr'>et</span> 
     </span>
     <span class='ocr_line' id='line_1_40' title="bbox 433 4137 3157 4223; baseline 0.002 -24"><span class='ocrx_word' id='word_1_376' title='bbox 433 4155 613 4219; x_wconf 88' lang='lat' dir='ltr'>super</span> <span class='ocrx_word' id='word_1_377' title='bbox 664 4137 817 4221; x_wconf 91' lang='lat' dir='ltr'>ipsis</span> <span class='ocrx_word' id='word_1_378' title='bbox 868 4140 1153 4222; x_wconf 85' lang='lat' dir='ltr'>expediat</span> <span class='ocrx_word' id='word_1_379' title='bbox 1198 4141 1522 4223; x_wconf 88' lang='lat' dir='ltr'>procedere</span> <span class='ocrx_word' id='word_1_380' title='bbox 1567 4158 1709 4205; x_wconf 89' lang='lat' dir='ltr'>cum</span> <span class='ocrx_word' id='word_1_381' title='bbox 1770 4140 1930 4204; x_wconf 86' lang='lat' dir='ltr'>boue</span> <span class='ocrx_word' id='word_1_382' title='bbox 1976 4141 2042 4205; x_wconf 91' lang='lat' dir='ltr'>et</span> <span class='ocrx_word' id='word_1_383' title='bbox 2103 4144 2345 4205; x_wconf 89' lang='lat' dir='ltr'>maturo</span> <span class='ocrx_word' id='word_1_384' title='bbox 2416 4140 2709 4205; x_wconf 84' lang='lat' dir='ltr'>consilio:</span> <span class='ocrx_word' id='word_1_385' title='bbox 2773 4142 2942 4206; x_wconf 88' lang='lat' dir='ltr'>vadit</span> <span class='ocrx_word' id='word_1_386' title='bbox 2989 4160 3157 4223; x_wconf 84' lang='lat' dir='ltr'>pars,</span> 
     </span>
     <span class='ocr_line' id='line_1_41' title="bbox 434 4226 3158 4310; baseline 0.002 -25"><span class='ocrx_word' id='word_1_387' title='bbox 434 4226 589 4303; x_wconf 91' lang='lat' dir='ltr'>quod</span> <span class='ocrx_word' id='word_1_388' title='bbox 640 4226 949 4308; x_wconf 84' lang='lat' dir='ltr'>eligentur</span> <span class='ocrx_word' id='word_1_389' title='bbox 996 4247 1103 4309; x_wconf 89' lang='lat' dir='ltr'>per</span> <span class='ocrx_word' id='word_1_390' title='bbox 1150 4227 1515 4292; x_wconf 83' lang='lat' dir='ltr'>scrutinium</span> <span class='ocrx_word' id='word_1_391' title='bbox 1568 4227 1629 4292; x_wconf 92' lang='lat' dir='ltr'>in</span> <span class='ocrx_word' id='word_1_392' title='bbox 1677 4228 1931 4291; x_wconf 91' lang='lat' dir='ltr'>consilio</span> <span class='ocrx_word' id='word_1_393' title='bbox 1982 4229 2343 4310; x_wconf 88' lang='lat' dir='ltr'>rogatorum</span> <span class='ocrx_word' id='word_1_394' title='bbox 2392 4229 2440 4292; x_wconf 93' lang='lat' dir='ltr'>L</span> <span class='ocrx_word' id='word_1_395' title='bbox 2486 4228 2562 4292; x_wconf 90' lang='lat' dir='ltr'>de</span> <span class='ocrx_word' id='word_1_396' title='bbox 2609 4230 2781 4294; x_wconf 85' lang='lat' dir='ltr'>extra</span> <span class='ocrx_word' id='word_1_397' title='bbox 2827 4229 3158 4294; x_wconf 90' lang='lat' dir='ltr'>consilium</span> 
     </span>
     <span class='ocr_line' id='line_1_42' title="bbox 432 4311 3159 4397; baseline 0.003 -28"><span class='ocrx_word' id='word_1_398' title='bbox 432 4311 807 4391; x_wconf 88' lang='lat' dir='ltr'>rogatorum,</span> <span class='ocrx_word' id='word_1_399' title='bbox 851 4315 1151 4395; x_wconf 87' lang='lat' dir='ltr'>possendo</span> <span class='ocrx_word' id='word_1_400' title='bbox 1200 4315 1395 4397; x_wconf 90' lang='lat' dir='ltr'>accipi</span> <span class='ocrx_word' id='word_1_401' title='bbox 1439 4317 1570 4379; x_wconf 89' lang='lat' dir='ltr'>tres</span> <span class='ocrx_word' id='word_1_402' title='bbox 1617 4333 1725 4397; x_wconf 89' lang='lat' dir='ltr'>pro</span> <span class='ocrx_word' id='word_1_403' title='bbox 1773 4315 1956 4379; x_wconf 89' lang='lat' dir='ltr'>domo</span> <span class='ocrx_word' id='word_1_404' title='bbox 2005 4317 2068 4379; x_wconf 91' lang='lat' dir='ltr'>et</span> <span class='ocrx_word' id='word_1_405' title='bbox 2111 4316 2184 4379; x_wconf 91' lang='lat' dir='ltr'>de</span> <span class='ocrx_word' id='word_1_406' title='bbox 2231 4316 2393 4379; x_wconf 91' lang='lat' dir='ltr'>omni</span> <span class='ocrx_word' id='word_1_407' title='bbox 2422 4316 2555 4380; x_wconf 89' lang='lat' dir='ltr'>loco</span> <span class='ocrx_word' id='word_1_408' title='bbox 2608 4318 2672 4380; x_wconf 87' lang='lat' dir='ltr'>et</span> <span class='ocrx_word' id='word_1_409' title='bbox 2718 4315 2938 4393; x_wconf 82' lang='lat' dir='ltr'>officiO,</span> <span class='ocrx_word' id='word_1_410' title='bbox 2989 4318 3052 4380; x_wconf 88' lang='lat' dir='ltr'>et</span> <span class='ocrx_word' id='word_1_411' title='bbox 3084 4315 3159 4379; x_wconf 90' lang='lat' dir='ltr'>de</span> 
     </span>
     <span class='ocr_line' id='line_1_43' title="bbox 432 4394 3161 4494; baseline 0.004 -39"><span class='ocrx_word' id='word_1_412' title='bbox 432 4394 708 4494; x_wconf 81' lang='lat' dir='ltr'>iudicatu</span> <span class='ocrx_word' id='word_1_413' title='bbox 755 4401 1122 4480; x_wconf 89' lang='lat' dir='ltr'>petitionum</span> <span class='ocrx_word' id='word_1_414' title='bbox 1171 4403 1236 4466; x_wconf 91' lang='lat' dir='ltr'>et</span> <span class='ocrx_word' id='word_1_415' title='bbox 1280 4402 1423 4465; x_wconf 88' lang='lat' dir='ltr'>aliis</span> <span class='ocrx_word' id='word_1_416' title='bbox 1470 4401 1697 4481; x_wconf 83' lang='lat' dir='ltr'>offitiis,</span> <span class='ocrx_word' id='word_1_417' title='bbox 1746 4422 1864 4486; x_wconf 91' lang='lat' dir='ltr'>que</span> <span class='ocrx_word' id='word_1_418' title='bbox 1898 4404 2253 4484; x_wconf 86' lang='lat' dir='ltr'>opporteret</span> <span class='ocrx_word' id='word_1_419' title='bbox 2278 4402 2635 4484; x_wconf 88' lang='lat' dir='ltr'>specificari,</span> <span class='ocrx_word' id='word_1_420' title='bbox 2687 4422 2804 4467; x_wconf 91' lang='lat' dir='ltr'>non</span> <span class='ocrx_word' id='word_1_421' title='bbox 2854 4403 3161 4486; x_wconf 90' lang='lat' dir='ltr'>perdendo</span> 
     </span>
     <span class='ocr_line' id='line_1_44' title="bbox 432 4480 3158 4573; baseline 0.003 -29"><span class='ocrx_word' id='word_1_422' title='bbox 432 4480 689 4563; x_wconf 86' lang='lat' dir='ltr'>ahquid,</span> <span class='ocrx_word' id='word_1_423' title='bbox 736 4488 897 4566; x_wconf 92' lang='lat' dir='ltr'>quod</span> <span class='ocrx_word' id='word_1_424' title='bbox 941 4489 1273 4564; x_wconf 80' lang='lat' dir='ltr'>haberent3</span> <span class='ocrx_word' id='word_1_425' title='bbox 1323 4488 1427 4572; x_wconf 91' lang='lat' dir='ltr'>qui</span> <span class='ocrx_word' id='word_1_426' title='bbox 1475 4488 1744 4554; x_wconf 89' lang='lat' dir='ltr'>debeant</span> <span class='ocrx_word' id='word_1_427' title='bbox 1770 4509 1903 4555; x_wconf 86' lang='lat' dir='ltr'>esse</span> <span class='ocrx_word' id='word_1_428' title='bbox 1929 4491 1991 4552; x_wconf 92' lang='lat' dir='ltr'>in</span> <span class='ocrx_word' id='word_1_429' title='bbox 2019 4489 2184 4554; x_wconf 90' lang='lat' dir='ltr'>dicto</span> <span class='ocrx_word' id='word_1_430' title='bbox 2224 4490 2479 4554; x_wconf 85' lang='lat' dir='ltr'>consilio</span> <span class='ocrx_word' id='word_1_431' title='bbox 2505 4491 2882 4573; x_wconf 89' lang='lat' dir='ltr'>rogatorum,</span> <span class='ocrx_word' id='word_1_432' title='bbox 2918 4491 3158 4573; x_wconf 84' lang='lat' dir='ltr'>quando</span> 
     </span>
     <span class='ocr_line' id='line_1_45' title="bbox 430 4568 3157 4667; baseline 0.004 -37"><span class='ocrx_word' id='word_1_433' title='bbox 430 4568 798 4667; x_wconf 73' lang='lat' dir='ltr'>tractabitur</span> <span class='ocrx_word' id='word_1_434' title='bbox 843 4573 917 4638; x_wconf 89' lang='lat' dir='ltr'>de</span> <span class='ocrx_word' id='word_1_435' title='bbox 964 4574 1082 4650; x_wconf 79' lang='lat' dir='ltr'>hia,</span> <span class='ocrx_word' id='word_1_436' title='bbox 1132 4577 1194 4639; x_wconf 89' lang='lat' dir='ltr'>et</span> <span class='ocrx_word' id='word_1_437' title='bbox 1235 4576 1473 4659; x_wconf 89' lang='lat' dir='ltr'>possint</span> <span class='ocrx_word' id='word_1_438' title='bbox 1519 4576 1718 4642; x_wconf 89' lang='lat' dir='ltr'>dicere</span> <span class='ocrx_word' id='word_1_439' title='bbox 1766 4577 2122 4661; x_wconf 87' lang='lat' dir='ltr'>oppiniones</span> <span class='ocrx_word' id='word_1_440' title='bbox 2156 4578 2219 4641; x_wconf 87' lang='lat' dir='ltr'>et</span> <span class='ocrx_word' id='word_1_441' title='bbox 2251 4578 2509 4641; x_wconf 88' lang='lat' dir='ltr'>consilia</span> <span class='ocrx_word' id='word_1_442' title='bbox 2557 4597 2789 4655; x_wconf 90' lang='lat' dir='ltr'>eorum,</span> <span class='ocrx_word' id='word_1_443' title='bbox 2842 4577 3157 4661; x_wconf 86' lang='lat' dir='ltr'>possendo</span> 
     </span>
     <span class='ocr_line' id='line_1_46' title="bbox 431 4656 3155 4760; baseline 0.003 -40"><span class='ocrx_word' id='word_1_444' title='bbox 431 4656 619 4720; x_wconf 81' lang='lat' dir='ltr'>etlam</span> <span class='ocrx_word' id='word_1_445' title='bbox 667 4675 880 4740; x_wconf 88' lang='lat' dir='ltr'>capere</span> <span class='ocrx_word' id='word_1_446' title='bbox 926 4663 1188 4760; x_wconf 78' lang='lat' dir='ltr'>partem.</span> <span class='ocrx_word' id='word_1_447' title='bbox 1238 4664 1321 4728; x_wconf 88' lang='lat' dir='ltr'>Et</span> <span class='ocrx_word' id='word_1_448' title='bbox 1364 4664 1673 4747; x_wconf 86' lang='lat' dir='ltr'>sapientes</span> <span class='ocrx_word' id='word_1_449' title='bbox 1722 4667 2046 4748; x_wconf 87' lang='lat' dir='ltr'>utriusque</span> <span class='ocrx_word' id='word_1_450' title='bbox 2099 4682 2357 4743; x_wconf 78' lang='lat' dir='ltr'>manuS,</span> <span class='ocrx_word' id='word_1_451' title='bbox 2428 4664 2666 4729; x_wconf 90' lang='lat' dir='ltr'>scilicet</span> <span class='ocrx_word' id='word_1_452' title='bbox 2710 4665 3039 4731; x_wconf 84' lang='lat' dir='ltr'>Tervisane</span> <span class='ocrx_word' id='word_1_453' title='bbox 3086 4665 3155 4728; x_wconf 89' lang='lat' dir='ltr'>et</span> 
     </span>
    </p>
   </div>
  </div>
 </body>
</html>
