3620 5282
377 818 419 892 4

457 390 544 456 22

778 564 1145 646 XXVII.
1199 565 1405 649 God.
1463 565 1683 647 1347.
1736 565 1831 647 27
1888 563 2336 664 kolovoza,
2391 587 2452 646 u
2507 563 2896 646 Mlctcih.

617 694 970 766 DozvolJeno
1016 694 1206 753 knezu
1245 693 1617 761 hvarskomu,
1659 693 1739 751 da
1778 710 1859 766 qa
1903 691 2165 751 driavne
2204 693 2386 767 yalaije
2430 710 2472 750 u
2509 691 2682 750 Hvar
2718 660 3021 764 prebrode.

671 795 856 861 1347.
905 796 1002 859 die
1042 792 1287 860 XXVss
1335 795 1605 877 augusti,
1656 798 1874 877 capta·
1924 796 2084 877 quod
2139 794 2496 858 comedatur
2545 793 2738 857 nobili
2789 793 2914 857 viro
2963 791 3179 858 Sclavo

463 885 698 961 Bolani,
742 886 902 948 ituro
947 883 1011 947 in
1059 885 1432 965 potestatem
1484 883 1667 947 Farre
1726 887 1790 948 et
1852 883 2083 957 Braze‚
2135 883 2294 964 quod
2355 882 2553 964 possit
2617 882 2704 945 ire
2767 898 2909 945 cum
2960 882 3184 946 nostris

463 974 676 1058 galeiS,
726 991 982 1054 quorum
1030 975 1127 1035 est
1171 972 1528 1053 capitaneus
1578 971 1802 1035 nobilis
1837 971 1934 1034 vir
1967 989 2064 1034 ser
2093 970 2339 1034 Marcus
2363 970 2779 1047 JustinianuS,
2827 970 2903 1034 ad
2949 969 3183 1035 dictum

464 1081 641 1127 suum
687 1060 965 1142 regimen
1015 1077 1155 1123 cum
1196 1078 1305 1123 sua
1355 1059 1593 1122 familia
1641 1062 1705 1124 et
1742 1059 1988 1123 levibus
2037 1057 2315 1122 arnesiiS.

548 1153 745 1221 Misti,
795 1150 1034 1209 XXIV.
1081 1153 1184 1220 32,
1231 1168 1273 1209 u
1320 1150 1535 1208 arkivu
1574 1150 1936 1209 mletadkom.

725 1305 1140 1388 XXVIII.
1207 1305 1414 1388 God.
1471 1304 1692 1387 1347.
1749 1304 1858 1388 30
1927 1304 2375 1402 kolovoza,
2427 1326 2488 1385 u
2539 1304 2929 1387 Mlctcih.

467 1435 810 1508 Ponudjemo
860 1436 1030 1490 1000
1061 1434 1253 1492 libara
1294 1435 1482 1492 knezu
1531 1431 1774 1506 Gryuru
1822 1450 1903 1490 na
1930 1433 2172 1508 ροάὶηα,
2221 1432 2332 1489 ako
2354 1436 2547 1504 pasti,
2597 1432 2677 1489 da
2706 1432 3002 1490 Mletcani
3031 1436 3196 1492 stave

466 1525 630 1596 svoju
673 1522 904 1595 posadu
946 1540 986 1579 u
1038 1519 1362 1589 Ostrovicu,
1402 1524 1425 1578 i
1464 1521 1543 1579 da
1605 1522 1827 1594 cuonju
1894 1538 2006 1579 ova
2051 1520 2329 1589 tvrdjavu
2350 1564 2363 1582 .
2425 1521 2592 1578 dokle
2637 1522 2735 1577 sin
2773 1521 2962 1579 kneza
3008 1520 3197 1577 Pavla

469 1611 617 1671 bude
645 1610 935 1683 sposoban
968 1626 998 1668 s
1042 1611 1233 1683 njome
1277 1627 1405 1667 sam
1434 1609 1782 1682 upravljati.
1835 1610 2046 1667 Knezu
2076 1608 2367 1666 Mladinu
2412 1608 2705 1682 odyovara
2739 1625 2816 1677 se,
2866 1609 2946 1666 da
2990 1625 3051 1667 se
3085 1625 3193 1665 na-

467 1698 634 1759 loiilo
677 1697 1029 1770 ondjesnjim
1055 1699 1413 1767 erzmvom,
1455 1698 1609 1756 nelca
1652 1715 1752 1755 mu
1814 1715 1856 1754 u
1906 1697 2166 1769 potrt'ebi
2215 1695 2421 1768 pomo&
2471 1695 2692 1769 Ρνιιέε,
2759 1714 2798 1754 a
2861 1714 2905 1754 u
2963 1696 3195 1769 slucaju

777 1822 780 1824 v
1212 1787 1385 1855 mira,
1431 1786 1512 1843 da
1555 1785 1617 1844 be
1660 1804 1742 1859 qa
1786 1803 1828 1843 u
1853 1785 2128 1859 poyodbu
2179 1786 2434 1843 uvrstiti.

694 1887 879 1952 1347.
928 1887 1025 1951 die
1071 1888 1412 1971 penultimo
1460 1889 1745 1971 augusti,
1819 1890 2027 1970 capta:
2094 1889 2249 1970 quod
2306 1886 2619 1951 scribatur
2677 1887 2948 1953 Johanni
2996 1886 3195 1952 Guido

479 1978 719 2044 notario
764 1978 992 2054 nostr0,
1041 1977 1199 2059 quod
1249 1976 1586 2058 recepimus
1632 1977 1874 2040 litteras
1924 1994 2065 2040 suas
2109 1977 2285 2039 datas
2333 1975 2520 2041 Jadre
2579 1977 2676 2040 die
2740 1975 3041 2059 vigesimo
3105 1994 3200 2040 se-

478 2065 674 2132 cundo
721 2064 987 2148 augusti
1034 2084 1142 2146 per
1188 2083 1339 2147 quas
1387 2065 1557 2129 nobis
1605 2064 1872 2166 scripsit,
1924 2064 2077 2147 quod
2128 2064 2473 2128 contulerat
2534 2082 2673 2128 cum
2721 2065 2946 2128 comite
2993 2063 3198 2127 Mala-

479 2154 621 2219 dino
670 2171 849 2236 super
895 2151 1057 2216 facto
1106 2152 1291 2217 castri
1339 2151 1695 2224 Ostrovicie
1744 2153 1846 2234 qui
1896 2152 2014 2217 sibi
2064 2154 2222 2216 inter
2268 2153 2393 2216 alia
2439 2152 2699 2230 dixerat,
2762 2152 2921 2235 quod
2959 2138 3200 2234 quando

475 2248 687 2307 nostra
734 2240 1071 2305 dominatio
1120 2242 1387 2305 tractare
1450 2240 1679 2305 faceret
1738 2259 1879 2304 cum
1940 2241 2162 2305 comite
2210 2239 2506 2324 Gregorio
2569 2239 2910 2304 Ostrovicie
2966 2240 3042 2304 de
3090 2241 3201 2304 ha·

473 2331 673 2396 bendo
721 2331 995 2394 castrum
1043 2328 1385 2411 predictum
1437 2328 1775 2393 Ostrovicie
1823 2328 1883 2392 in
1934 2330 2141 2392 nostra
2186 2327 2483 2407 custodia,
2535 2327 2734 2392 dando
2766 2328 2935 2393 dicto
2981 2328 3199 2392 comiti

478 2417 774 2502 Gregorio
820 2416 1090 2498 aliquam
1158 2416 1567 2498 provisionem
1633 2417 1955 2481 annuatim
2018 2418 2208 2481 donec
2271 2420 2618 2481 teneremus
2682 2421 2955 2481 castrum
3002 2418 3201 2498 predi-

481 2508 669 2582 ctum,
720 2506 878 2570 forte
925 2504 1122 2568 dictus
1188 2522 1391 2569 comes
1454 2504 1784 2588 Gregorius
1855 2504 2182 2568 desisteret
2233 2522 2269 2567 a
2316 2506 2590 2569 novitate
2653 2504 2802 2569 dicti
2867 2506 3094 2568 castri:
3142 2506 3205 2568 et

483 2598 808 2680 propterea
842 2591 1115 2658 volentes
1149 2594 1409 2677 experiri
1453 2613 1561 2677 per
1608 2611 1854 2658 omnem
1903 2592 2150 2657 modum
2183 2593 2247 2656 et
2286 2593 2470 2670 viam,
2522 2592 2745 2676 quibus
2794 2591 2927 2658 fieri
2975 2596 3200 2676 potest,

479 2685 534 2750 ei
572 2683 899 2748 scribimus
947 2683 1010 2745 et
1057 2681 1441 2757 mandamus,
1490 2684 1648 2764 quod
1696 2683 1783 2747 ire
1822 2682 2040 2746 debeat
2081 2682 2306 2745 iterum
2355 2682 2432 2744 ad
2461 2681 2699 2745 dictum
2738 2681 3025 2746 comitem
3052 2681 3204 2746 Gre-

484 2773 745 2857 gorium,
796 2771 894 2834 cui
940 2788 1048 2851 per
1096 2770 1274 2833 illum
1325 2772 1574 2835 cautum
1625 2770 1897 2848 modum,
1966 2770 2070 2854 qui
2117 2769 2234 2833 sibi
2283 2769 2595 2834 videbitur
2657 2783 2768 2852 pro
2816 2768 3207 2851 adimplendo

486 2859 837 2925 huiusmodi
884 2858 1288 2922 intentionem
1338 2863 1635 2936 nostram,
1685 2877 1983 2940 exponere
2029 2857 2286 2933 debeat,
2330 2858 2615 2940 qualiter,
2667 2861 2736 2921 ut
2783 2877 2884 2921 rex
2932 2857 3204 2941 Ungarie

484 2952 684 3014 cesset
730 2966 766 3011 a
811 2946 1210 3028 requisitione
1257 2950 1321 3010 et
1368 2946 1656 3027 petitione
1702 2946 1854 3010 dicti
1898 2945 2111 3018 castri,
2162 2965 2373 3010 sumus
2421 2947 2623 3028 parati
2672 2946 2947 3028 accipere
2998 2946 3060 3010 in
3094 2964 3205 3010 no-

486 3040 618 3102 stra
662 3034 942 3100 custodia
987 3035 1222 3098 dictum
1274 3037 1549 3099 castrum
1596 3053 1705 3116 pro
1748 3035 1876 3099 filio
1942 3034 2198 3100 condam
2262 3035 2509 3099 comitis
2560 3035 2738 3099 Pauli
2783 3035 2915 3098 eius
2960 3039 3200 3116 nepote,

485 3123 676 3188 donec
723 3123 854 3204 ipse
902 3140 1087 3204 nepos
1134 3124 1264 3187 eius
1308 3124 1653 3204 pervenerit
1712 3121 1789 3185 ad
1854 3126 2085 3186 etatem
2133 3125 2197 3186 et
2242 3126 2511 3199 statum,
2561 3124 2783 3206 quibus
2846 3123 3042 3205 possit
3098 3141 3204 3186 ca·

487 3213 686 3278 strum
733 3213 937 3292 ipsum
981 3213 1187 3273 tenere
1230 3213 1292 3275 et
1340 3212 1715 3293 gubernare,
1781 3210 1879 3274 cui
1925 3216 2076 3275 tunc
2136 3211 2572 3283 restituemus;
2638 3215 2701 3275 et
2746 3210 2799 3274 si
2846 3212 2973 3274 eius
3023 3229 3208 3291 nepos

488 3299 833 3373 decederet,
885 3298 1046 3380 quod
1094 3299 1242 3363 deus
1291 3301 1549 3367 avertat
1595 3299 1829 3363 dictum
1877 3301 2150 3362 castrum
2190 3298 2587 3363 redderemus
2635 3299 2748 3380 ipsi
2804 3296 3018 3361 comiti
3053 3296 3208 3362 Gre-

492 3388 679 3473 gorio,
728 3387 992 3451 habente
1056 3387 1189 3467 ipso
1251 3386 1473 3451 comite
1521 3386 1815 3469 Gregorio
1870 3385 2104 3451 fructus
2167 3387 2230 3450 et
2293 3387 2564 3452 redditus
2630 3386 2820 3468 ipsius
2888 3386 3092 3459 castri,
3144 3394 3208 3449 et

490 3475 690 3540 dando
752 3475 807 3538 ei
871 3475 1187 3538 annuatim
1253 3475 1446 3539 libras
1513 3475 1681 3538 mille
1746 3494 2073 3558 parvorum
2124 3476 2196 3538 de
2261 3473 2601 3557 provisione
2651 3491 2759 3555 pro
2828 3473 2991 3536 victu
3054 3472 3203 3548 eius,

495 3565 686 3628 donec
732 3561 964 3627 dictum
1014 3565 1284 3626 c'astrum
1350 3567 1695 3627 teneremus
1758 3563 1939 3628 modo
2003 3563 2308 3645 predictO,
2373 3581 2509 3625 cum
2586 3580 2689 3624 rex
2737 3560 3055 3642 Hungarie
3103 3580 3209 3643 per

491 3653 652 3716 hunc
700 3651 944 3714 modum
995 3650 1204 3714 videns
1251 3650 1480 3734 aliquid
1525 3669 1631 3714 sue
1676 3652 2071 3717 intentionis
2056 3651 2247 3733 ipsius
2297 3649 2484 3713 castri
2534 3648 2885 3714 Ostrovicie
2933 3648 3209 3713 obtinere

494 3759 610 3806 non
650 3757 845 3822 posse,
894 3739 965 3802 de
1011 3738 1143 3820 ipso
1191 3741 1392 3803 castro
1453 3739 1717 3819 amplius
1780 3757 1898 3804 non
1960 3742 2236 3810 curaret:
2298 3740 2544 3820 propter
2621 3736 2779 3820 quod
2843 3737 3210 3800 credendum

496 3831 609 3898 est,
667 3826 826 3910 quod
890 3845 1075 3908 nepos
1138 3831 1202 3889 et
1262 3826 1386 3890 filie
1445 3827 1577 3890 eius
1625 3826 1698 3891 de
1763 3827 2046 3896 manibus
2108 3826 2355 3890 comitis
2402 3825 2627 3909 Doymi
2690 3825 3212 3907 recuperabuntur

495 3916 625 3981 siue
671 3915 877 3997 aliqua
923 3914 1328 3978 diminutione
1375 3916 1470 3979 sui
1516 3914 1762 3979 honoris
1809 3918 1874 3979 et
1918 3916 2140 3990 status,
2180 3915 2337 3995 quod
2372 3914 2838 3996 procurabimus
2870 3915 3001 3978 toto
3034 3931 3212 3995 posse

493 4006 556 4070 et
600 4003 882 4068 omnibus
929 4001 1143 4079 modis,
1191 4003 1409 4085 quibus
1457 4003 1589 4067 fieri
1635 4003 1880 4085 poterit,
1927 4021 2046 4067 non
2093 4002 2471 4066 cessabimus
2517 4020 2864 4084 procurare.

705 4090 932 4173 Capta:
980 4090 1138 4173 quod
1186 4090 1625 4173 respondeatur
1670 4091 1995 4155 ambaxate
2045 4090 2318 4172 exposite
2380 4110 2485 4173 pro
2546 4093 2724 4173 parte
2779 4090 3028 4154 comitis
3073 4090 3209 4154 Ma-

494 4178 718 4251 ladini;
768 4181 829 4242 et
875 4178 1071 4261 primo
1117 4177 1193 4241 ad
1240 4180 1318 4256 id,
1368 4181 1527 4262 quod
1575 4178 1750 4261 petit,
1800 4178 1959 4260 quod
2013 4179 2374 4243 mandemus
2421 4179 2759 4243 comitibus
2826 4179 3053 4243 nostris
3102 4178 3211 4254 Ja-

498 4266 623 4341 dre,
676 4265 961 4342 Sibenici,
1009 4266 1293 4348 Tragurii
1334 4273 1396 4330 et
1444 4268 1697 4350 Spaleti,
1747 4266 1907 4349 quod
1934 4268 2079 4332 dent
2126 4266 2244 4332 sibi
2286 4268 2585 4331 auxilium
2637 4286 2884 4332 suarum
2934 4267 3212 4348 gentium

500 4357 711 4419 contra
754 4354 1080 4437 Hungaros
1128 4356 1193 4417 et
1234 4355 1388 4420 alios
1433 4355 1901 4420 damnificantes
1949 4375 2087 4420 eum
2135 4356 2261 4419 sive
2325 4357 2566 4419 nostros
2611 4354 2830 4419 fideles
2877 4354 3215 4432 Dalmatio,

502 4461 639 4506 cum
688 4441 872 4505 fuerit
905 4461 1168 4518 necesse,
1215 4443 1374 4524 quod
1423 4444 1750 4508 scribimus
1797 4463 1906 4526 per
1943 4444 2184 4508 litteras
2232 4447 2471 4508 nostras
2519 4443 2702 4507 dictis
2752 4442 2977 4506 nostris
3024 4443 3214 4507 comi-

502 4530 692 4607 tibus,
741 4530 897 4612 quod
940 4528 1003 4593 in
1036 4529 1147 4594 hoc
1191 4529 1419 4594 faciant
1465 4535 1528 4594 et
1572 4534 1823 4595 teneant
1870 4531 2047 4596 illum
2095 4533 2342 4596 modum
2390 4534 2454 4595 et
2501 4531 2700 4609 viam,
2762 4532 2866 4613 qui
2913 4532 3000 4594 eis
3046 4531 3211 4593 vide-

504 4617 673 4683 bitur
715 4636 826 4701 pro
871 4619 1332 4682 conservatione
1379 4618 1703 4683 civitatum
1749 4624 2096 4684 nostrarum
2146 4623 2210 4684 et
2259 4620 2551 4684 bonorum
2601 4638 2866 4683 suorum.
3097 4641 3105 4650 ·

717 4705 815 4769 Ad
860 4704 943 4781 id,
992 4706 1151 4787 quod
1211 4705 1403 4787 petit,
1467 4707 1620 4787 quod
1682 4706 1732 4771 si
1792 4708 2117 4786 accideret,
2184 4707 2343 4789 quod
2401 4707 2825 4772 deveniremus
2876 4724 3013 4769 cum
3078 4722 3219 4787 rege

512 4793 829 4877 Hungarie
873 4795 950 4857 ad
996 4792 1242 4875 aliquod
1292 4794 1677 4857 concordium
1726 4795 1855 4859 sire
1902 4814 2135 4878 pacem,
2200 4814 2337 4860 eum
2402 4813 2623 4878 ponere
2676 4793 2936 4858 velimus
2976 4793 3037 4855 in
3086 4792 3219 4875 ipso
