3620 5282
2993 405 3122 471 299

388 576 621 662 poterit
668 579 742 642 de
791 576 1202 661 disposicione
1250 597 1477 655 eorum,
1529 580 1593 643 et
1636 579 1712 643 de
1758 579 1876 657 his,
1931 599 2046 663 que
2081 582 2378 662 peterent.
2423 597 2495 644 ac
2527 581 2598 645 de
2631 579 2935 659 cautelliS,
2970 600 3123 665 quas

387 667 561 730 nobis
614 668 892 748 prestare
941 665 1191 742 vellent,
1262 667 1325 730 et
1381 667 1614 731 scribat
1678 667 1850 731 nobis
1910 686 2279 750 quecunque
2334 667 2623 732 habuerit
2668 670 2732 733 et
2777 670 2893 733 sibi
2951 670 3118 734 vide-

388 754 620 818 buntur
661 753 723 818 in
772 753 888 829 his,
951 752 1148 818 dando
1211 754 1298 817 eis
1369 772 1615 818 omnem
1679 755 1900 819 bonam
1967 774 2138 837 spem
2194 762 2257 819 et
2316 755 2755 820 confidenciam
2804 759 2875 821 de
2925 757 3122 822 nobis.

388 840 686 904 Procuret
732 840 982 922 insuper
1014 840 1374 923 capitaneus
1425 845 1634 905 noster
1681 841 2012 924 predictuS,
2066 843 2229 925 quod
2280 845 2552 907 castrum
2590 843 2893 908 Scardone
2925 844 3122 909 libere

382 931 702 992 remaneat
745 928 809 992 in
856 928 1138 992 custodia
1195 932 1261 992 et
1321 930 1701 1010 protectione
1766 932 2014 1007 nostra,
2084 933 2148 995 et
2207 930 2368 1014 quod
2432 932 2650 1013 gentes
2696 930 2859 1015 regis
2907 932 3117 1008 Raxie,

385 1034 499 1099 que
546 1017 696 1080 sunt
740 1015 931 1081 simul
977 1035 1115 1081 cum
1168 1016 1397 1081 nostris
1443 1016 1507 1080 in
1555 1019 1759 1081 castro
1807 1018 2120 1098 predicte,
2191 1020 2502 1083 reccedere
2558 1021 3008 1083 contententur.
3059 1020 3119 1096 3,

383 1102 458 1165 de
506 1120 626 1167 non
674 1103 734 1182 2,
787 1121 903 1167 non
952 1104 1172 1168 sinceri
1224 1104 1278 1167 1.

593 1206 825 1291 Capta:
875 1208 1161 1272 dominus
1203 1207 1324 1272 dux
1370 1208 1504 1273 vult
1550 1213 1793 1291 partem
1842 1209 2186 1291 predictam
2219 1229 2358 1274 cum
2392 1211 2516 1275 ista
2574 1210 2926 1277 additione:
2960 1210 3121 1295 quod

384 1313 504 1360 non
553 1296 747 1378 possit
794 1298 1107 1379 prorogari
1156 1296 1457 1360 terminus
1512 1315 1823 1362 reccessus
1871 1298 2020 1361 dicti
2066 1298 2375 1379 capitanei
2423 1298 2537 1361 snb
2599 1318 2758 1382 pena
2820 1299 3119 1365 librarum

388 1382 476 1446 IV
523 1387 769 1448 centum
819 1403 929 1466 pro
975 1380 1253 1467 quolibet
1297 1384 1646 1449 consiliario
1697 1388 1761 1449 et
1807 1387 2008 1469 capite
2059 1385 2155 1449 vel
2202 1386 2343 1463 alio,
2389 1385 2504 1468 qui
2541 1388 2796 1468 poneret
2836 1406 2942 1451 seu
2979 1407 3121 1453 con-

385 1472 645 1534 sentiret
689 1474 928 1553 partem
977 1472 1038 1535 in
1087 1472 1481 1538 contrarium.
1539 1472 1645 1536 46.

471 1561 651 1620 Miser
701 1561 830 1620 XX
841 1562 982 1621 VII.
1033 1564 1133 1631 52,
1182 1580 1222 1621 u
1268 1564 1487 1621 arkivu
1530 1563 1891 1622 mlctackom.

589 1783 1119 1868 CCCCXLII.
1198 1787 1405 1870 God.
1460 1786 1683 1871 1355.
1736 1788 1840 1871 28
1895 1790 2327 1889 prosinca,
2382 1812 2438 1870 u
2495 1790 2885 1873 ffletcih.

390 1928 780 2003 Obaviesduju
841 1947 902 1988 se
947 1931 1188 1989 knezovi
1246 1934 1270 1988 i
1304 1932 1624 2003 providum·
1687 1950 1729 1989 u
1798 1932 2126 2004 Dalmaciji
2169 1949 2202 1989 o
2249 1932 2323 1989 do
2334 1932 2510 1992 lazku
2570 1935 2883 1994 nacelnilca
2928 1937 3120 1994 domo-

384 2018 669 2075 branstva
713 2019 736 2075 i
778 2035 811 2075 ο
856 2019 1155 2092 njc’qovom
1214 2020 1505 2092 naputku.
1576 2018 1932 2093 Oyranicua’e
2003 2037 2064 2078 se
2125 2023 2292 2078 svota
2350 2038 2579 2080 novaca
2602 2066 2615 2091 ‚
2678 2023 2820 2096 koju
2861 2025 2920 2092 je
2969 2025 3123 2081 imao

380 2106 666 2178 ponudtti
685 2106 971 2177 poseanik
1016 2106 1321 2165 erbskomu
1365 2108 1571 2180 krazju
1613 2124 1688 2167 za
1734 2108 1873 2166 Klis
1917 2108 1941 2164 i
1995 2106 2278 2166 Skradin.
2339 2107 2644 2181 Spljeeani
2687 2111 2948 2183 pozvcmi
2966 2155 2980 2179 ,
3043 2112 3123 2169 da

384 2194 605 2265 nednju
671 2192 870 2252 iiveia
914 2195 1198 2268 uyarsqu'
1242 2195 1424 2267 vojsci
1469 2196 1538 2253 ili
1598 2193 1803 2254 Omisu
1827 2239 1842 2270 ,
1912 2196 2196 2268 akoprem
2251 2196 2369 2268 jim
2431 2214 2492 2256 se
2534 2199 2627 2257 ovi
2672 2200 2784 2258 kao
2821 2199 3124 2272 priiateb‘i

1592 2284 1891 2357 izkazuju.

603 2401 791 2465 1355.
840 2401 941 2465 die
987 2401 1261 2466 XXVIII
1306 2403 1671 2467 decembris
1723 2403 2028 2468 Dominus
2090 2423 2189 2468 ser
2235 2403 2529 2470 Nicolaus
2576 2404 2920 2471 Contareno
2977 2425 3119 2471 con·

384 2485 690 2564 siliariuS,
759 2508 860 2553 ser
907 2489 1177 2555 Jacobus
1224 2490 1299 2553 de
1345 2491 1509 2574 Lege
1555 2492 1759 2574 caput.
1810 2489 2046 2574 Capta:
2105 2491 2262 2573 qaod
2311 2493 2618 2558 scribatur
2655 2494 2987 2559 comitibus
3021 2494 3121 2560 Si-

388 2575 609 2654 benici,
657 2575 942 2660 Tragurii
990 2578 1054 2640 et
1100 2575 1336 2660 Spaleti
1386 2582 1451 2644 et
1496 2580 1720 2644 nostris
1769 2579 2197 2662 provisoribus
2243 2580 2563 2647 Sclavonie
2609 2581 2785 2659 illud,
2831 2584 2986 2665 quod
3021 2601 3138 2660 ca-,
3169 2616 3198 2639 -

386 2666 564 2745 ptum
610 2667 705 2728 est
768 2666 843 2729 de
890 2666 1196 2730 mittendo
1242 2667 1562 2748 capitaneo
1612 2670 1821 2732 nostro
1870 2686 2058 2749 super
2105 2668 2267 2732 facto
2312 2670 2705 2751 procurandi,
2745 2669 2901 2752 quod
2951 2689 3122 2734 exer-

387 2752 547 2815 citus
591 2752 1023 2836 Hungarorum
1072 2756 1136 2817 et
1179 2752 1541 2819 Sclavorum
1590 2755 1838 2819 recedat
1885 2755 1960 2819 de
2026 2756 2218 2838 burgo
2274 2755 2485 2821 Clissii
2517 2806 2532 2832 ,
2581 2759 2645 2821 et
2707 2758 2780 2822 de
2829 2758 3121 2822 libertate
3163 2761 3186 2786 “

385 2840 778 2921 expendendi,
830 2858 1014 2921 quam
1063 2840 1180 2904 sibi
1231 2843 1647 2907 concessimus
1708 2861 1890 2923 super
1936 2842 2081 2919 hoc,
2144 2846 2208 2906 et
2252 2845 2412 2924 quod
2474 2845 2523 2907 si
2593 2846 2738 2909 ante
2786 2845 3117 2910 adventum

372 2926 535 2990 ,dicti
579 2928 888 3009 capitanei
936 2931 1186 3011 possent
1231 2949 1578 3011 procurare,
1630 2931 1787 3012 quod
1837 2931 2035 2994 dictus
2086 2930 2391 2995 exercitus
2433 2932 2800 3007 reccederet,
2847 2932 3120 2998 habeant

387 3032 494 3096 per
542 3016 839 3079 maiorem
886 3017 1127 3098 partem
1176 3035 1386 3080 eorum
1431 3018 1785 3081 libertatem
1834 3016 2010 3080 illam
2065 3018 2464 3099 expendendi,
2514 3038 2695 3102 quam
2746 3019 2971 3083 habere
3015 3022 3121 3085 de-

385 3102 489 3164 bet
532 3101 736 3166 dictus
785 3104 1165 3184 capitaneae,
1215 3108 1278 3169 et
1321 3123 1461 3170 cum
1510 3105 1637 3168 illis
1684 3105 2165 3169 condicionibus.
2258 3106 2340 3169 Et
2402 3108 2454 3171 si
2503 3107 2862 3190 capitaneus
2909 3111 3119 3172 noster

390 3188 580 3252 maris
628 3193 793 3254 esset
836 3190 898 3253 in
946 3190 1229 3272 partibus
1277 3192 1423 3268 illis,
1472 3192 1603 3274 ipse
1652 3195 1714 3255 et
1760 3192 2100 3257 consiliarii
2169 3193 2264 3257 sui
2314 3212 2386 3259 ac
2434 3196 2700 3258 rectores
2748 3198 2812 3259 et
2849 3197 3118 3278 proviso-

391 3295 487 3338 res
534 3277 796 3358 predicti
839 3298 947 3359 per
997 3277 1293 3343 maiorem
1359 3282 1596 3361 partem
1660 3281 1929 3344 habeant
1994 3281 2224 3345 dictam
2271 3281 2652 3346 libertatem.
2718 3283 2827 3360 50,
2877 3284 2951 3347 de
2999 3302 3116 3349 non

390 3363 491 3439 26,
544 3384 659 3428 non
708 3365 932 3429 sinceri
979 3367 1038 3430 3.
1885 3397 1892 3404 ·

593 3466 823 3532 Omnes
868 3469 1196 3551 sapientes
1248 3470 1479 3553 Capta:
1527 3472 1668 3554 quia
1713 3471 1773 3535 in
1822 3473 2105 3555 partibus
2144 3473 2341 3554 pridie
2388 3474 2598 3558 captis
2648 3476 2808 3540 inter
2854 3476 2976 3540 alia
3016 3496 3117 3541 ca-

384 3557 560 3637 ptum
608 3555 745 3634 fuit,
796 3557 955 3638 quod
1004 3578 1100 3621 ser
1147 3558 1420 3623 ‚Iacobus
1470 3558 1795 3639 Delphino,
1845 3560 2205 3624 ambaxator
2267 3564 2476 3626 noster
2529 3563 2729 3627 iturus
2789 3564 2866 3626 ad
2914 3564 3114 3628 domi-

382 3661 531 3705 num
573 3660 781 3725 regem
830 3644 1047 3723 Raxie,
1093 3646 1360 3709 finaliter
1408 3649 1616 3727 posset
1661 3647 2021 3727 promittere
2068 3648 2229 3712 dicto
2279 3649 2408 3731 regi
2457 3670 2562 3731 pro
2608 3649 2886 3715 habendo
2933 3652 3115 3715 ambo

389 3731 592 3793 castra
638 3749 780 3794 cum
829 3731 1085 3814 burghis
1133 3752 1323 3816 usque
1366 3735 1441 3796 ad
1487 3734 1676 3797 libras
1724 3732 1770 3798 C
1819 3734 1992 3797 mille
2056 3753 2420 3816 parvorum,
2490 3740 2552 3801 et
2625 3739 2864 3819 quando
2927 3739 3109 3801 ambo

386 3816 596 3880 haberi
645 3835 762 3881 non
809 3822 1079 3900 possent,
1130 3821 1390 3885 haberet
1435 3820 1791 3884 libertatem
1842 3821 2244 3903 promittendi
2280 3842 2389 3904 pro
2424 3822 2647 3889 Clissia
2687 3844 2876 3906 usque
2923 3823 3116 3888 libras

384 3903 491 3967 LX
540 3903 751 3978 mille,
823 3910 885 3969 et
931 3926 1041 3988 pro
1109 3905 1419 3973 Scardona
1456 3927 1647 3989 usque
1715 3908 1906 3973 libras
1957 3910 2066 3973 XL
2125 3910 2297 3975 mille
2344 3914 2463 3975 etc.
2511 3912 2679 3975 vadit
2742 3930 2904 3994 pars,
2955 3912 3112 3993 quod

383 3993 512 4054 tam
563 4009 670 4071 pro
719 4010 807 4068 e0,
857 3994 1019 4076 quod
1068 3995 1372 4060 terminus
1419 3996 1506 4059 rei
1555 3995 1828 4060 variatus
1892 3997 2147 4073 existit,
2217 4017 2399 4081 quam
2466 3999 2653 4063 etiam
2719 4001 2967 4081 propter
3014 4018 3119 4063 ex-

384 4097 624 4161 pensaS,
674 4098 829 4162 quas
875 4085 1164 4163 opportet
1209 4102 1317 4147 nos
1366 4085 1442 4146 ad
1491 4101 1740 4164 presens
1789 4086 1853 4147 et
1899 4085 2260 4167 opportebit
2317 4086 2517 4151 facere
2567 4087 2628 4149 in
2681 4084 2956 4150 futurum
3006 4105 3117 4170 pro

393 4165 575 4229 dictis
624 4166 795 4243 lociS,
846 4169 1007 4250 quod
1055 4170 1468 4253 restringatur
1513 4169 1679 4235 dieta
1724 4169 2003 4248 libertaS,
2081 4175 2143 4235 et
2191 4175 2519 4255 propterea
2569 4173 2894 4238 mandetur
2947 4175 3108 4238 dicto

284 4265 291 4266 ’
387 4271 485 4316 ser
530 4253 790 4332 Jacobo,
857 4256 1017 4338 quod
1079 4276 1199 4320 non
1245 4258 1445 4339 possit
1492 4259 1851 4338 promittere
1922 4277 2030 4342 pro
2096 4260 2395 4325 ambobus
2458 4260 2643 4325 dictis
2704 4261 2924 4325 castris
2972 4281 3109 4326 cum

387 4341 642 4423 burghis
690 4344 754 4405 et
801 4343 1086 4408 omnibus
1134 4343 1370 4409 iuribus
1410 4347 1472 4409 et
1518 4345 1916 4426 pertiuenciis
1964 4346 2093 4410 suis
2142 4347 2309 4411 ultra
2349 4347 2540 4412 libras
2567 4347 2738 4412 LXV
2764 4367 3109 4431 parvorum,

385 4427 673 4493 videlicet
716 4448 823 4509 pro
868 4429 1092 4496 Clissia
1142 4431 1303 4497 ultra
1350 4432 1544 4496 libras
1593 4432 1703 4496 XL
1750 4433 1923 4498 mille
1971 4452 2297 4516 parvorum
2347 4438 2412 4499 et
2457 4455 2565 4518 pro
2597 4434 2905 4502 Scardona
2949 4437 3111 4501 ultra

384 4514 576 4579 libras
622 4515 803 4580 XXV
849 4517 1022 4582 mille
1070 4520 1422 4601 parvorum,
1468 4521 1927 4585 remanentibus
1991 4520 2188 4585 firmis
2231 4521 2370 4586 aliis
2431 4522 2919 4588 condictionibus
2968 4542 3110 4588 con-
3159 4540 3168 4547 ·

382 4603 572 4667 tentis
621 4603 682 4667 in
731 4605 1026 4671 mandato
1071 4607 1347 4689 predicto
1395 4607 1590 4690 pridie
1641 4608 1759 4672 sibi
1809 4608 2016 4673 misso.
2066 4608 2148 4672 Et
2193 4609 2244 4672 si
2291 4627 2399 4692 pro
2442 4610 2627 4675 dictis
2660 4610 3110 4693 quantitatibus

380 4690 633 4771 pecunie
680 4691 818 4774 ipsa
862 4696 1068 4758 castra
1116 4694 1216 4757 vel
1262 4696 1537 4777 ipsorum
1585 4692 1851 4760 alterum
1902 4694 2129 4759 habere
2179 4713 2299 4759 non
2345 4698 2573 4778 posset,
2633 4697 2959 4772 rescribat,
3004 4714 3111 4761 no-

380 4780 582 4841 strum
618 4780 994 4862 expectando
1042 4782 1421 4846 mandatum.
1474 4781 1564 4844 De
1611 4799 1733 4846 non
1789 4785 1842 4858 l,
1893 4800 2007 4845 non
2056 4782 2275 4846 sinceri
2329 4784 2381 4857 1,
2433 4783 2539 4846 alii
2588 4784 2659 4846 de
2705 4784 2898 4865 parte.
