3620 5282
537 356 623 422 84

895 532 1323 616 cxxvn.
1395 534 1602 617 Gon.
1659 535 1888 617 1348.
1947 537 1998 618 e
2053 534 2362 637 1111an
2417 558 2474 615 u
2534 535 2924 618 Mletcih.

538 677 858 753 Ovlasbuju
904 697 965 738 se
1010 681 1112 738 istc·
1148 680 1465 753 poslanicef,
1530 680 1609 738 da
1650 680 1908 753 prekinu
1969 680 2247 753 doyovore
2305 697 2336 737 s
2383 681 2710 753 uam-skimi
2758 680 3060 752 poszmzici
3080 724 3093 748 ,
3142 680 3254 738 ako

537 768 597 826 ln·
641 770 735 827 ovi
778 788 820 826 u
866 769 1055 841 svojih
1102 768 1503 841 uepravednih
1565 769 1859 841 zahtjevih
1920 768 2078 839 dal-Je
2125 768 2428 839 nstv-ajala
2499 768 2657 840 Dajc
2701 784 2763 826 se
2803 769 2980 843 naloy
3022 786 3253 841 pomor-

531 857 683 916 skim
727 857 1111 926 nacelnikom,
1152 858 1231 913 da
1275 856 1539 929 sapriece
1572 857 1786 930 prolaz
1817 857 1873 914 iz
1905 856 2171 928 Ncaepulja
2201 874 2242 913 u
2273 857 2601 925 Hr-catsku,
2637 858 2659 913 i
2692 873 2806 926 sve,
2839 857 2927 915 §to
2960 858 3017 914 ba·
3060 857 3254 931 moyn,

533 948 779 1019 temple,
839 963 876 1003 a
916 945 1223 1019 yradskim
1273 946 1581 1004 knczovom
1625 963 1667 1002 u
1713 944 2058 1016 Dalmaciji,
2119 944 2199 1002 da
2253 945 2364 1004 ako
2410 946 2541 1003 nebi
2583 945 2759 1018 moyli
2803 945 3098 1017 odplatom
3143 964 3252 1003 mz-

532 1034 746 1093 klom'ti
789 1033 984 1092 Paula
1029 1034 1212 1092 knew
1249 1033 1631 1107 bribirskow,
1676 1032 1757 1091 da
1801 1034 1910 1102 iim
1953 1033 2142 1092 izrul‘i
2188 1033 2330 1091 Κῑίἔ
2371 1034 2395 1091 i
2440 1032 2737 1102 Slcraclin,
2785 1035 2938 1092 nelca
2984 1038 3040 1092 to
3084 1035 3106 1091 i
3149 1050 3250 1093 ma

1452 1122 1632 1194 Icojim
1676 1121 1947 1180 nacinom
2011 1121 2322 1193 inposluju.

746 1257 931 1336 1348,
980 1257 1077 1323 die
1126 1259 1212 1323 VI
1276 1257 1448 1336 iunii,
1511 1260 1729 1342 capta:
1796 1259 1955 1342 quod
2016 1259 2209 1322 nostri
2271 1259 2700 1324 ambaxatores
2759 1258 2960 1325 adhuc
3025 1261 3244 1325 statim

522 1346 756 1421 ,vadant
800 1348 875 1411 ad
920 1347 1342 1411 ambaxatores
1388 1345 1621 1411 domini
1664 1349 1827 1431 regis
1869 1346 2162 1429 ngarie,
2227 1349 2291 1411 et
2335 1349 2590 1412 trahant
2647 1349 2722 1412 ab
2771 1350 2859 1413 eis
2906 1368 3016 1432 per
3065 1348 3243 1413 illum

528 1436 745 1518 aptum
786 1434 1059 1512 modum,
1109 1435 1210 1516 qui
1258 1436 1345 1498 eis
1392 1435 1718 1510 videbitur,
1764 1435 1840 1499 de
1887 1454 2009 1517 qua
2051 1435 2398 1516 quant³tate
2442 1438 2691 1518 pecunie
2735 1439 3244 1503 contentarentur

529 1542 635 1606 pro
684 1523 824 1587 aliis
871 1523 1227 1587 civitatibus
1268 1524 1510 1602 nostris,
1559 1526 1624 1588 et
1669 1523 1722 1587 si
1770 1542 1977 1587 eorum
2028 1525 2341 1605 responsio
2399 1527 2704 1588 videretur
2750 1525 3038 1602 domino,
3095 1543 3241 1588 con-

533 1611 786 1675 siliariis
838 1615 900 1675 et
946 1612 1328 1694 sapientibus
1377 1612 1441 1676 et
1478 1612 2001 1687 ambaxatoribus,
2049 1629 2149 1692 qm
2201 1612 2629 1693 reperirentur,
2693 1632 2802 1676 seu
2845 1631 3054 1677 eorum
3104 1632 3240 1677 ma-

535 1699 650 1763 iori
696 1699 861 1782 parti
926 1699 1355 1764 inconveniens
1402 1702 1464 1763 et
1509 1700 1773 1778 iniusta,
1838 1703 1901 1763 et
1945 1701 2102 1781 quod
2150 1719 2267 1764 non
2320 1702 2547 1764 faceret
2594 1718 2702 1781 pro
2750 1701 2958 1774 nobie,
3007 1703 3246 1783 possint

529 1787 852 1852 licenciare
901 1804 1005 1852 eos
1052 1806 1193 1853 cum
1241 1787 1367 1852 illis
1413 1788 1651 1864 verbiS,
1701 1807 1818 1873 que
1879 1789 1967 1852 eis
2030 1787 2430 1863 videbuntur,
2481 1793 2545 1851 et
2607 1789 2696 1852 eis
2740 1788 2933 1870 possit
2997 1789 3243 1853 concedi

527 1874 772 1960 lignum
817 1877 1098 1940 nostrum
1133 1875 1353 1957 riperie
1376 1894 1487 1960 pro
1528 1875 1828 1941 conductu
1854 1894 2063 1940 eorum
2090 1876 2356 1959 Segnam
2407 1876 2503 1939 vel
2536 1877 2679 1955 alio,
2729 1877 2892 1940 sicut
2916 1877 3240 1942 voluerint.

737 1988 962 2073 Capta:
1012 2010 1151 2055 cum
1200 2008 1404 2055 comes
1452 1990 1683 2056 Paulus
1729 1993 1815 2057 sit
1856 1991 1916 2055 in
1964 1989 2287 2056 debilitate
2333 2009 2609 2074 persone,
2659 1995 2728 2055 ut
2769 1992 3094 2055 manifeste
3134 2010 3244 2074 ap·

527 2080 723 2163 paret,
772 2098 879 2162 per
926 2080 1083 2163 quod
1132 2080 1215 2143 sit
1275 2078 1678 2158 credendum,
1728 2079 1888 2163 quod
1951 2098 2212 2161 paucum
2275 2080 2559 2143 durabit:
2625 2080 2795 2143 vadit
2849 2098 3027 2162 parS,
3077 2079 3239 2162 quod

525 2167 690 2232 sicut
736 2168 988 2232 comites
1036 2167 1231 2231 nostri
1275 2185 1385 2250 pro
1430 2186 1542 2231 sua
1596 2168 2025 2233 commissione
2087 2169 2371 2249 poterant
2435 2169 2797 2250 promittere
2865 2166 3053 2232 libras
3125 2168 3243 2231 duo

525 2253 728 2320 millia
770 2273 1093 2338 parvorum
1144 2256 1205 2319 in
1252 2273 1427 2334 anno,
1476 2257 1563 2320 sic
1609 2257 1849 2338 possint
1893 2255 2256 2338 promittere
2305 2276 2493 2339 usque
2541 2257 2616 2320 ad
2664 2256 2836 2320 mille
2875 2257 3235 2320 ducatorum

526 2347 589 2408 et
633 2343 776 2408 inde
822 2342 983 2408 infra
1032 2344 1087 2406 in
1136 2362 1311 2423 anno,
1354 2344 1515 2408 sicut
1561 2345 1867 2409 videbitur
1928 2344 2110 2407 dictis
2171 2345 2535 2417 comitibus;
2598 2348 2660 2408 et
2705 2344 2940 2425 possint
3002 2344 3232 2409 ecciam

528 2431 678 2511 illis,
727 2431 833 2514 qui
880 2431 1063 2495 dictis
1108 2431 1439 2496 comitibus
1485 2432 1838 2497 viderentur
1899 2431 2269 2496 favorabiles
2331 2451 2439 2514 pro
2485 2433 2887 2514 acquisitione
2934 2432 3239 2496 dictorum

525 2523 868 2585 castrorum
916 2520 1275 2603 promittere
1321 2540 1512 2603 usque
1559 2522 1636 2585 ad
1676 2521 1851 2585 mille
1906 2520 2162 2584 ducatos
2210 2520 2400 2584 semel
2449 2522 2730 2598 tantum,
2777 2521 2945 2602 prius
3006 2520 3239 2584 habitis

525 2608 749 2674 castris
793 2612 856 2673 et
896 2607 1207 2673 fortiliciis
1262 2627 1372 2692 per
1434 2607 1685 2676 modum
1746 2607 1958 2686 illum,
2008 2608 2111 2690 qui
2170 2608 2478 2672 videbitur
2525 2610 2726 2692 magis
2788 2611 3002 2691 aptum
3051 2609 3234 2673 dictis

525 2697 874 2775 comitibus,
927 2698 1086 2761 ultra
1133 2696 1387 2762 mobilia
1428 2701 1815 2776 castrorum,
1865 2702 1934 2761 ut
1995 2697 2149 2761 alias
2196 2696 2428 2761 dictum
2471 2697 2584 2761 est.
2649 2697 2785 2763 Non
2831 2699 2891 2777 2,
2941 2716 3057 2762 non
3106 2698 3234 2762 sin-

524 2786 645 2852 ceri
691 2786 753 2863 O,
802 2804 1012 2850 omnes
1058 2784 1162 2849 alii
1212 2785 1286 2849 de
1330 2788 1525 2869 parte.

735 2898 965 2983 Capta:
1014 2901 1170 2982 quod
1218 2900 1656 2985 respondeatur
1698 2900 2201 2966 ambaxatoribus
2233 2899 2466 2964 domini
2499 2901 2665 2984 regis
2698 2901 3040 2984 Hungarie,
3089 2921 3239 2984 qua-

526 2988 669 3053 liter
715 3007 960 3070 semper
1004 2988 1429 3054 affectavimus
1477 2990 1701 3055 habere
1764 3008 2038 3055 amorem
2084 2993 2148 3054 et
2192 2991 2413 3054 bonam
2480 2990 2868 3054 concordiam
2918 3009 3057 3053 cum
3106 2991 3238 3072 ipso

529 3076 775 3142 domino
815 3095 978 3160 rege,
1023 3081 1085 3141 et
1132 3077 1221 3142 sic
1266 3077 1724 3143 consideramus
1770 3097 1964 3152 nunc;
2028 3079 2132 3142 sed
2178 3097 2285 3160 per
2326 3097 2413 3154 ea,
2464 3097 2579 3160 que
2625 3080 2847 3160 petunt
2894 3080 2956 3142 et
3003 3077 3231 3153 dicunt,

525 3183 641 3248 que
688 3164 930 3246 penitus
977 3167 1121 3228 sunt
1166 3167 1377 3230 contra
1422 3184 1667 3231 omnem
1714 3166 2074 3249 equitatem,
2123 3185 2261 3230 cum
2311 3185 2417 3248 per
2464 3186 2534 3230 ea
2565 3185 2682 3248 pax
2728 3170 2794 3230 et
2835 3166 3062 3229 bouum
3092 3184 3235 3229 con-

526 3252 802 3318 cordium
852 3253 1021 3334 sequi
1071 3272 1184 3318 non
1232 3256 1460 3337 posset,
1505 3255 1592 3319 ire
1639 3255 1703 3319 et
1746 3257 1912 3318 stare
1959 3273 2137 3318 suum
2199 3254 2284 3318 sit
2344 3254 2419 3317 ad
2479 3272 2690 3318 eorum
2752 3252 3226 3333 beneplacitum.

525 3341 755 3406 Verum
804 3341 856 3404 si
903 3360 1011 3423 per
1056 3341 1223 3423 ipsos
1260 3344 1635 3425 tangeretur,
1677 3343 1749 3406 dc
1796 3342 2101 3406 mittendo
2141 3345 2422 3405 nostrum
2485 3341 2791 3405 notarium
2854 3359 3094 3417 secum,
3144 3341 3236 3404 di-

525 3430 723 3507 catur,
774 3431 931 3512 quod
977 3449 1158 3511 super
1197 3431 1337 3495 inde
1378 3430 1852 3513 providebimus,
1897 3431 2059 3495 sicut
2104 3430 2276 3495 nobis
2323 3428 2628 3494 videbitur
2674 3428 3027 3501 convenire;
3070 3429 3134 3492 et
3181 3427 3235 3492 si

525 3516 674 3582 dicti
719 3516 1146 3582 ambaxatores
1193 3519 1522 3601 tangerent
1567 3518 1640 3582 de
1702 3518 1978 3583 faciendo
2039 3520 2365 3599 treuguam
2426 3535 2464 3579 a
2493 3519 2769 3615 quatuor
2814 3517 2988 3580 annis
3047 3515 3225 3594 infra,

524 3604 622 3671 vel
663 3605 933 3670 dicerent
976 3605 1119 3682 alia,
1169 3625 1285 3688 que
1339 3607 1513 3671 nullo
1575 3606 1755 3671 modo
1819 3607 2088 3670 facerent
2147 3623 2253 3688 pro
2317 3588 2527 3681 nobis',
2578 3604 3011 3685 respondeatur
3065 3604 3227 3669 circa

525 3694 822 3777 predicta,
871 3692 1034 3757 sicut
1079 3694 1388 3759 videbitur
1428 3693 1694 3773 domino,
1745 3693 2130 3770 consiliariiS,
2177 3692 2501 3774 capitibuS,
2561 3692 2944 3774 sapientibus
2993 3694 3056 3757 et
3101 3711 3235 3757 am-

524 3782 939 3858 baxatoribuS,
988 3781 1088 3863 qui
1137 3782 1564 3864 reperirentur,
1612 3802 1721 3848 seu
1767 3801 1979 3847 eorum
2022 3779 2443 3863 maioriparti.
2492 3778 2718 3844 Omnes
2766 3780 2872 3844 alii
2920 3782 2993 3846 de
3039 3783 3233 3863 parte,

522 3870 598 3936 de
643 3888 763 3936 non
809 3870 869 3948 6,
917 3888 1037 3934 non
1083 3871 1304 3935 sinceri
1346 3870 1410 3936 Ο.

735 3974 966 4058 Capta:
1015 3975 1159 4057 quia
1204 3975 1355 4039 facit
1397 3995 1505 4059 pro
1547 3976 1719 4042 nobis
1765 3974 2083 4058 providere
2130 3973 2308 4039 factis
2356 3973 2601 4053 nostris,
2650 3993 2720 4038 ex
2766 3993 2883 4058 quo
2929 3977 3235 4041 tractatus

525 4065 831 4129 concordii
877 4082 1017 4128 cum
1063 4064 1305 4129 domiuo
1351 4083 1493 4147 rege
1542 4064 1832 4147 Ungarie,
1893 4063 1969 4129 de
2015 4063 2234 4147 quibus
2281 4066 2524 4145 poterat
2563 4064 2797 4146 sperari
2843 4081 2960 4128 non
3005 4064 3236 4129 habent

525 4152 849 4217 effectum:
901 4151 1070 4216 vadit
1114 4172 1279 4234 parS,
1326 4153 1486 4235 quod
1534 4152 1597 4215 in
1643 4154 1891 4217 nomine
1934 4151 2167 4216 domini
2205 4157 2566 4234 procuretur
2598 4151 2855 4230 solicite,
2905 4151 3066 4234 quod
3115 4173 3236 4218 una

524 4238 600 4304 de
644 4239 878 4305 duabus
926 4241 1152 4305 nostris
1199 4241 1414 4323 galeiS,
1464 4259 1580 4323 que
1628 4260 1787 4306 nunc
1848 4241 2202 4316 armantur,
2251 4240 2350 4304 bic
2401 4239 2757 4322 expediatur
2803 4259 2986 4322 quam
3036 4240 3225 4306 cicius

525 4344 659 4392 esse
703 4330 925 4410 potest,
977 4347 1084 4409 pro
1132 4329 1304 4393 cuius
1351 4328 1632 4394 velociori
1679 4328 2070 4411 expedicione
2114 4329 2470 4411 capitaneus
2501 4332 2708 4393 noster
2755 4328 2935 4393 vadat
2981 4330 3057 4393 ad
3082 4348 3223 4393 san-

526 4419 693 4480 ctam
737 4415 994 4480 Elenam
1044 4434 1200 4493 ωδε,
1246 4436 1359 4481 nec
1409 4417 1548 4481 inde
1594 4417 1844 4481 recedat
1889 4417 2119 4499 absque
2180 4420 2391 4481 nostra
2429 4416 2687 4481 licencia
2732 4416 3085 4500 capitaneo,
3134 4435 3234 4481 co-

530 4503 724 4582 mitis,
773 4506 1024 4587 patlono
1070 4507 1134 4569 et
1175 4505 1510 4588 naugleriis
1557 4507 1620 4569 et
1665 4505 1805 4569 aliis
1850 4505 1912 4568 in
1958 4505 2189 4570 talibus
2237 4505 2537 4581 ordinata,
2585 4505 2776 4570 donec
2821 4504 3007 4569 fuerit
3053 4523 3231 4586 expe-

530 4590 682 4669 dita,
726 4594 790 4656 et
834 4593 1077 4657 recedat
1121 4592 1285 4657 idem
1334 4593 1688 4675 capitaneus
1735 4592 1810 4656 de
1858 4593 2140 4657 Veneciis
2185 4611 2325 4657 cum
2373 4593 2537 4657 dicta
2579 4593 2774 4676 galea,
2826 4595 2889 4657 et
2938 4591 3122 4656 vadat
3151 4591 3230 4653 ad

525 4683 733 4762 partes
782 4679 1138 4757 Sclavonie3
1206 4683 1270 4745 et
1329 4681 1383 4745 si
1448 4698 1565 4745 non
1608 4682 1819 4762 posset
1863 4679 1963 4744 hic
2011 4698 2075 4744 se
2120 4679 2350 4744 furnire
2412 4681 2487 4744 ad
2536 4682 2822 4763 plenum,
2868 4671 2933 4743 se
2998 4677 3229 4743 furniat

526 4767 943 4851 undecumque
988 4728 1210 4833 melius
1255 4770 1503 4852 poterit.
1551 4767 1705 4832 Post
1749 4767 1923 4834 cuius
1968 4785 2244 4833 recessus
2278 4767 2646 4834 sollicitetur
2688 4766 3024 4851 expedictio
3071 4764 3229 4831 alte-
