3620 5282
465 327 596 394 254

464 521 625 569 nunc
670 502 765 568 illi
811 504 883 568 de
930 501 1187 569 Ouzzola
1228 502 1448 566 tenent
1497 502 1562 566 et
1614 501 1833 567 nolunt
1875 501 1998 565 sibi
2042 500 2223 578 dare;
2275 502 2339 565 et
2382 500 2611 565 iterum
2658 502 3057 584 conqueritur
3092 520 3193 567 co-

465 610 595 656 mes
639 592 716 656 de
763 590 979 655 multis
1024 590 1260 673 campis
1308 591 1373 654 et
1416 590 1627 663 terrie,
1678 589 1782 671 qui
1832 592 1978 654 sunt
2024 589 2087 652 in
2133 588 2358 665 insula,
2403 589 2506 670 qui
2554 591 2868 672 pertinent
2914 591 2979 654 et
3022 609 3197 674 spec·

462 681 601 744 tant
644 679 723 742 ad
767 679 1079 758 comitem,
1130 681 1200 742 ut
1238 678 1422 753 dicit;
1494 676 1784 741 videlicet
1830 678 1995 741 sicut
2041 677 2139 742 est
2186 676 2438 759 quidam
2501 696 2758 761 campus
2807 696 3071 761 magnus
3120 680 3194 743 de

461 767 649 832 Blata
695 785 920 850 magna
966 784 1003 830 a
1048 767 1249 849 capite
1296 765 1496 846 insule
1542 783 1754 830 versus
1791 767 2092 846 ponente;
2160 768 2224 828 et
2272 765 2458 831 Blata
2511 765 2587 830 de
2634 783 2859 848 supra,
2922 767 2986 830 et
3034 766 3193 831 alias

384 860 392 871 “
464 857 683 933 terraS,
734 874 851 938 que
898 856 1045 918 sunt
1091 854 1323 936 scripte
1367 853 1432 917 in
1478 853 1665 918 certis
1713 852 2074 935 scripturis;
2140 854 2204 916 et
2250 871 2438 917 unam
2484 853 2765 932 domum,
2816 873 2934 936 que
2984 855 3083 919 est
3129 854 3193 918 in

346 1006 350 1009 .
463 942 613 1021 loco,
664 941 769 1006 ubi
816 941 1041 1006 dicitur
1085 940 1340 1017 (hubin,
1391 959 1505 1023 que
1554 942 1796 1022 spectat
1843 941 1906 1004 et
1952 938 2220 1022 pertinet
2266 941 2344 1004 ad
2368 939 2604 1006 dictum
2653 941 2967 1020 comitem,
3008 944 3196 1025 prout

465 1031 646 1095 dicit:
697 1049 814 1113 quo
858 1029 1277 1113 suprascripte
1323 1030 1506 1105 terre,
1555 1028 1759 1111 campi
1807 1029 1872 1092 et
1912 1028 2132 1092 domus
2171 1030 2317 1092 sunt
2377 1032 2668 1110 occupate
2732 1048 2840 1111 per
2893 1030 3195 1095 universi-

467 1120 667 1182 tatem
715 1115 991 1196 Curzole,
1040 1135 1192 1199 quas
1242 1116 1402 1199 petit
1447 1134 1675 1193 comes,
1723 1115 1884 1197 quod
1949 1115 2042 1179 illi
2103 1115 2179 1179 de
2247 1114 2504 1180 Curzola
2567 1116 2688 1181 sibi
2735 1116 3005 1183 debeant
3050 1116 3197 1181 illas

470 1205 783 1270 dimittere
831 1208 982 1269 etc.:
1030 1210 1093 1268 et
1141 1205 1236 1268 illi
1282 1203 1356 1267 de
1406 1201 1659 1268 Curzola
1703 1203 1935 1280 dicunt,
1984 1203 2144 1285 quod
2190 1202 2342 1267 dicti
2389 1205 2579 1287 scoyi‚
2631 1206 2821 1281 terre,
2885 1205 3087 1287 campi
3130 1206 3196 1270 et

467 1292 687 1357 domus
731 1310 850 1357 non
897 1294 1182 1375 spectant
1226 1310 1335 1356 nec
1381 1291 1693 1373 pertinent
1733 1291 1812 1354 ad
1860 1292 2171 1367 comitem,
2214 1293 2279 1355 et
2323 1291 2481 1373 quod
2527 1293 2658 1373 ipse
2716 1310 2827 1357 nec
2874 1293 3006 1357 eius
3053 1312 3194 1375 pre-

468 1381 816 1446 decessores
864 1380 1055 1462 aliqui
1102 1398 1369 1461 unquam
1416 1378 1559 1442 illos
1596 1382 1927 1443 tenuerunt
1975 1397 2084 1444 nec
2132 1379 2564 1460 possederunt,
2631 1380 2737 1444 sed
2800 1385 3087 1462 spectant
3127 1381 3193 1445 et

470 1469 781 1551 pertinent
825 1468 1137 1532 communi
1180 1465 1432 1531 Curzole
1479 1467 1543 1531 et
1589 1465 1956 1548 specialibus
2003 1466 2298 1548 personia,
2349 1486 2465 1549 que
2514 1466 2747 1531 habent
2811 1468 2908 1532 ius
2955 1469 3018 1532 in
3060 1468 3184 1541 eis;

470 1560 534 1619 et
563 1573 770 1621 comes
803 1555 1186 1631 confiteatur,
1224 1554 1386 1636 quod
1421 1555 1572 1618 bene
1617 1557 1714 1618 est
1744 1573 1979 1632 verum,
2024 1553 2182 1635 quod
2219 1553 2495 1635 predicta
2530 1573 2867 1638 numquam
2900 1555 3193 1638 possedit,

474 1645 583 1709 sed
623 1661 740 1707 non
787 1644 969 1707 debet
992 1644 1312 1723 propterea
1342 1642 1633 1706 amittere
1680 1642 1777 1705 ius
1803 1660 1986 1705 suum
2011 1641 2348 1706 secundum
2375 1642 2635 1707 formam
2660 1644 2980 1724 pactorum
3006 1662 3198 1725 quon·

479 1731 621 1796 dam
656 1730 887 1795 domini
912 1730 1175 1794 Marsilii
1202 1728 1487 1813 Georgi0‚
1524 1749 1640 1811 que
1657 1729 1877 1794 habuit
1908 1747 2050 1792 cum
2067 1730 2380 1794 communi
2412 1733 2475 1793 et
2509 1730 2907 1795 universitate
2927 1730 3195 1807 Curzole‚

471 1837 586 1900 que
620 1818 772 1883 dant
796 1819 861 1883 et
886 1817 1288 1882 consenciunt
1311 1818 1512 1882 totum
1554 1817 1786 1894 comiti,
1815 1816 1985 1881 salvo
2009 1836 2097 1892 eo,
2146 1819 2307 1899 quod
2338 1821 2713 1900 exceptatur‚
2764 1819 2927 1883 sicut
2949 1820 3202 1901 apparet

474 1907 537 1969 in
583 1906 768 1970 dictis
813 1906 1045 1988 partim
1090 1909 1152 1969 et
1192 1924 1375 1987 super
1418 1905 1542 1968 hiis
1588 1905 1872 1970 omnibus
1931 1905 2157 1968 auditis
2218 1905 2692 1988 allegationibus
2760 1907 3063 1988 partium,
3131 1908 3197 1971 et

478 1995 611 2059 viso
673 1996 736 2058 et
799 1993 1112 2058 intellecto
1171 1993 1436 2075 quodam
1502 1996 1692 2074 punto
1752 1992 2057 2056 sententie
2118 1996 2617 2074 procuratorum,
2686 1994 2847 2076 quod
2893 1995 3188 2069 continet,

477 2080 636 2163 quod
681 2099 886 2145 comes
933 2080 1019 2144 sit
1063 2084 1388 2144 contentus
1422 2079 1495 2143 de
1528 2080 1711 2144 terris
1752 2082 1817 2144 et
1848 2080 2354 2162 possessionibu8‚
2403 2099 2554 2162 quas
2584 2081 2772 2145 habet
2817 2083 2880 2145 et
2925 2081 3201 2163 possidet

473 2186 586 2252 pro
633 2187 743 2233 suo
792 2169 1115 2245 comitatu,
1165 2171 1229 2232 et
1273 2169 1427 2232 alias
1472 2167 1549 2233 de
1594 2169 1796 2232 cetero
1841 2186 1962 2231 non
2009 2171 2178 2232 emat
2221 2187 2333 2233 nec
2373 2167 2495 2234 alio
2541 2168 2727 2232 titulo
2758 2171 3054 2251 acquirat,
3091 2168 3201 2234 sed

485 2256 616 2321 suis
662 2256 928 2321 subditis
975 2255 1377 2338 acquirendas
1424 2255 1742 2329 dimittam
1792 2256 1857 2320 et
1902 2255 2037 2319 ideo
2082 2255 2296 2319 dicunt
2357 2259 2420 2320 et
2481 2255 2809 2321 consulunt
2867 2258 3198 2340 sapienteS,

477 2343 640 2426 quod
686 2343 781 2407 illi
828 2344 903 2407 de
947 2340 1207 2409 Curzola
1267 2361 1303 2406 a
1344 2342 1510 2407 dicta
1572 2343 1870 2424 petitione
1934 2342 2334 2408 absolvantur
2396 2344 2525 2408 tam
2589 2345 2829 2409 ratione
2892 2346 3200 2411 sententie

475 2435 961 2514 procuratorum,
1013 2450 1129 2513 que
1172 2429 1536 2495 confirmata
1583 2433 1678 2495 est
1721 2449 1831 2513 per
1873 2435 2223 2512 presentem
2250 2431 2578 2495 consilium
2606 2435 2979 2514 rogatorum,
3010 2451 3199 2515 quam

473 2537 545 2584 eo
592 2518 752 2671 qugd
798 2536 1003 2669 cotmes
1067 2536 1180 2583 nec
1240 2518 1371 2583 eius
1433 2517 1893 2600 predecessores
1957 2517 2233 2600 predicta
2296 2537 2633 2600 numquam
2695 2521 3029 2585 tenuerunt
3093 2536 3203 2584 nec

477 2625 656 2691 posse
702 2625 851 2672 erun
887 2658 899 2670 .

558 2699 757 2769 msa,
804 2697 1044 2758 xxm.
1093 2700 1238 2768 104,
1285 2715 1329 2757 u
1371 2697 1714 2757 mzetaaekom
1756 2698 1990 2757 arkivu.

671 2850 1273 2935 CCCLXXIII.
1347 2851 1559 2940 God..
1609 2851 1832 2935 1352.
1884 2851 1978 2933 13
2032 2853 2461 2954 prosince,
2513 2875 2574 2934 u
2625 2852 3015 2936 Mletcih.

963 2962 1096 3020 Rolc
1145 2961 1367 3021 odboru
1409 2977 1485 3021 za
1527 2961 1917 3020 korculanske
1961 2962 2192 3034 poslove
2238 2966 2370 3036 opet
2416 2963 2716 3038 odyodjen.

704 3064 890 3128 1352.
940 3064 1037 3128 die
1094 3065 1171 3127 13
1236 3063 1601 3139 decembriS‚
1667 3066 1885 3146 capta:
1949 3063 2106 3147 quod
2170 3065 2472 3129 terminus
2535 3065 2884 3148 sapientum
2949 3064 3202 3131 Curzole

479 3152 800 3236 elongetur
840 3170 949 3233 per
993 3153 1193 3216 toturn
1243 3169 1520 3215 mensem
1574 3154 1952 3233 presentem.

565 3242 745 3302 Misti
795 3241 1037 3300 XXVI.
1087 3242 1235 3312 105,
1276 3259 1320 3300 u
1364 3242 1704 3301 mletackom
1750 3243 1987 3301 arkivu.

689 3394 1268 3478 CCCLXXIV.
1322 3394 1529 3478 (3011.
1583 3395 1808 3479 1352.
1862 3396 1967 3479 29
2020 3398 2452 3498 presumit,
2506 3420 2566 3480 u
2620 3397 3014 3481 Mleteih.

901 3505 1037 3563 Rok
1083 3505 1303 3563 odboru
1347 3521 1423 3564 za
1466 3506 1854 3564 koreulanske
1889 3507 2128 3578 poszove
2174 3525 2256 3566 na
2299 3525 2446 3566 novo
2492 3507 2791 3581 odyodjen.
2875 3528 2888 3544 ·

699 3605 885 3670 1352.
936 3606 1034 3670 die
1081 3606 1165 3669 29
1214 3606 1593 3670 decembris:
1639 3605 1682 3684 †
1713 3606 1875 3689 quod
1922 3607 2243 3692 elongetur
2288 3611 2591 3676 terminus
2650 3609 2999 3693 sapientum
3049 3609 3203 3676 Cur·
3240 3674 3244 3677 ,

488 3694 616 3761 zole
663 3715 770 3779 per
814 3694 1016 3758 totum
1067 3713 1344 3759 mensem
1392 3694 1655 3759 ianuarii
1704 3696 1975 3778 proxime
2022 3697 2324 3763 futurum.

566 3786 747 3846 Misti
799 3784 921 3843 XX
934 3784 1036 3844 VI.
1087 3786 1229 3858 105,
1276 3801 1319 3844 u
1362 3785 1702 3845 mletacfkom
1738 3788 1969 3846 arkivu.

754 3955 1293 4040 CCCLXXV.
1372 3956 1578 4039 God.
1632 3957 1856 4042 1353.
1909 3960 1953 4040 7
1999 3957 2353 4062 sicema,
2404 3984 2465 4043 u
2517 3959 2910 4044 Mleteih.

483 4066 956 4143 Opunovlaeeuje
995 4084 1056 4124 se
1102 4066 1255 4125 malo
1301 4067 1473 4143 viece,
1520 4067 1601 4125 da
1644 4068 1859 4126 odmiri
1904 4069 2059 4128 dac‘u
2104 4088 2188 4128 na
2230 4071 2438 4148 amari,
2486 4070 2615 4142 koJ‘e
2647 4072 2911 4144 uyarska
2954 4070 3213 4144 kraljica

774 4156 832 4215 iz
877 4154 1152 4232 Mletaka
1196 4171 1271 4213 za
1315 4171 1376 4213 se
1421 4155 1645 4233 izvaia,
1694 4156 1846 4215 kako
1893 4175 1994 4215 mu
2024 4173 2085 4216 se
2126 4159 2345 4229 uzvz‘di,
2390 4159 2470 4218 da
2501 4160 2569 4232 je
2598 4159 2917 4232 pristojno.

693 4255 887 4321 1352.
934 4256 1030 4320 die
1077 4257 1344 4337 septima
1389 4255 1674 4335 ianuarii,
1719 4261 1943 4339 capta:
1995 4257 2138 4342 quia
2183 4258 2430 4324 domina
2461 4261 2676 4342 regina
2698 4260 3018 4346 Hungarie
3043 4263 3201 4343 petit

480 4362 658 4427 posse
704 4344 1027 4409 extrahere
1072 4343 1314 4424 aliquas
1360 4362 1459 4408 res
1503 4363 1611 4426 pro
1652 4363 1760 4409 suo
1824 4364 1939 4410 usu
1984 4346 2058 4410 de
2103 4345 2412 4412 Venetiis:
2481 4348 2654 4412 vadit
2696 4366 2838 4428 pars
2884 4366 2993 4431 pro
3039 4349 3205 4414 omni

479 4434 636 4497 bono
681 4435 983 4514 respectu,
1033 4431 1190 4514 quod
1237 4430 1541 4510 domium,
1590 4432 1931 4497 consiliarii
1978 4435 2042 4498 et
2086 4435 2291 4516 capita
2344 4434 2583 4517 possint
2643 4433 2845 4499 facere
2905 4435 3064 4501 solvi
3117 4437 3197 4514 id,

480 4520 639 4603 quod
687 4519 1011 4585 deberetur
1056 4518 1367 4583 communi
1417 4537 1528 4602 pro
1575 4521 1749 4585 dacio
1798 4520 2058 4586 istarum
2106 4540 2311 4586 rerum
2351 4540 2390 4585 a
2436 4521 2671 4586 ducatis
2717 4521 2768 4586 L
2812 4519 2994 4603 infra,
3026 4523 3194 4588 sicut

479 4625 591 4691 pro
637 4607 864 4672 honore
908 4609 972 4671 et
1014 4605 1173 4671 bono
1221 4608 1435 4671 nostro
1482 4606 1571 4671 eis
1618 4606 1717 4672 vel
1764 4608 1988 4673 maiori
2031 4608 2194 4691 parti
2239 4607 2572 4676 videbitur.

564 4698 745 4758 Misce·
795 4695 1037 4756 XXVI.
1087 4698 1231 4766 106,
1276 4714 1319 4757 u
1365 4697 1583 4758 arkivu
1624 4698 1987 4760 mletaekom.
