<?xml version="1.0" encoding="UTF-8"?>
<!DOCTYPE html PUBLIC "-//W3C//DTD XHTML 1.0 Transitional//EN"
    "http://www.w3.org/TR/xhtml1/DTD/xhtml1-transitional.dtd">
<html xmlns="http://www.w3.org/1999/xhtml" xml:lang="en" lang="en">
 <head>
  <title>
</title>
<meta http-equiv="Content-Type" content="text/html;charset=utf-8" />
  <meta name='ocr-system' content='tesseract 3.04.00' />
  <meta name='ocr-capabilities' content='ocr_page ocr_carea ocr_par ocr_line ocrx_word'/>
</head>
<body>
  <div class='ocr_page' id='page_1' title='image "./monumentaspecta02umjegoog_0711.png"; bbox 0 0 3620 5282; ppageno 0'>
   <div class='ocr_carea' id='block_1_1' title="bbox 2976 356 3096 421">
    <p class='ocr_par' dir='ltr' id='par_1_1' title="bbox 2976 356 3096 421">
     <span class='ocr_line' id='line_1_1' title="bbox 2976 356 3096 421; baseline 0 0"><span class='ocrx_word' id='word_1_1' title='bbox 2976 356 3096 421; x_wconf 84' lang='lat'>159</span> 
     </span>
    </p>
   </div>
   <div class='ocr_carea' id='block_1_2' title="bbox 374 530 3153 4764">
    <p class='ocr_par' dir='ltr' id='par_1_2' title="bbox 374 530 3153 4764">
     <span class='ocr_line' id='line_1_2' title="bbox 375 530 3093 616; baseline 0 -19"><span class='ocrx_word' id='word_1_2' title='bbox 375 532 635 597; x_wconf 89' lang='lat' dir='ltr'>ecclesia</span> <span class='ocrx_word' id='word_1_3' title='bbox 677 531 988 597; x_wconf 90' lang='lat' dir='ltr'>nobilibus</span> <span class='ocrx_word' id='word_1_4' title='bbox 1036 531 1183 596; x_wconf 88' lang='lat' dir='ltr'>viris</span> <span class='ocrx_word' id='word_1_5' title='bbox 1229 530 1496 596; x_wconf 89' lang='lat' dir='ltr'>dominis</span> <span class='ocrx_word' id='word_1_6' title='bbox 1545 530 1914 614; x_wconf 89' lang='lat' dir='ltr'>Philippono</span> <span class='ocrx_word' id='word_1_7' title='bbox 1963 532 2025 594; x_wconf 88' lang='lat' dir='ltr'>et</span> <span class='ocrx_word' id='word_1_8' title='bbox 2071 530 2385 596; x_wconf 86' lang='lat' dir='ltr'>Zufridino</span> <span class='ocrx_word' id='word_1_9' title='bbox 2444 531 2738 597; x_wconf 83' lang='lat' dir='ltr'>fratribus</span> <span class='ocrx_word' id='word_1_10' title='bbox 2783 534 3093 616; x_wconf 89' lang='lat' dir='ltr'>quondam</span> 
     </span>
     <span class='ocr_line' id='line_1_3' title="bbox 376 619 3095 702; baseline 0 -18"><span class='ocrx_word' id='word_1_11' title='bbox 376 621 602 686; x_wconf 89' lang='lat' dir='ltr'>nobilis</span> <span class='ocrx_word' id='word_1_12' title='bbox 651 620 765 684; x_wconf 90' lang='lat' dir='ltr'>viri</span> <span class='ocrx_word' id='word_1_13' title='bbox 811 619 1040 684; x_wconf 89' lang='lat' dir='ltr'>domini</span> <span class='ocrx_word' id='word_1_14' title='bbox 1091 619 1410 684; x_wconf 89' lang='lat' dir='ltr'>Antonioli</span> <span class='ocrx_word' id='word_1_15' title='bbox 1458 622 1531 684; x_wconf 89' lang='lat' dir='ltr'>de</span> <span class='ocrx_word' id='word_1_16' title='bbox 1577 622 1639 685; x_wconf 89' lang='lat' dir='ltr'>la</span> <span class='ocrx_word' id='word_1_17' title='bbox 1682 620 1873 684; x_wconf 84' lang='lat' dir='ltr'>Turre</span> <span class='ocrx_word' id='word_1_18' title='bbox 1918 620 2182 685; x_wconf 89' lang='lat' dir='ltr'>testibus</span> <span class='ocrx_word' id='word_1_19' title='bbox 2229 623 2293 685; x_wconf 86' lang='lat' dir='ltr'>et</span> <span class='ocrx_word' id='word_1_20' title='bbox 2331 620 2472 685; x_wconf 86' lang='lat' dir='ltr'>aliis</span> <span class='ocrx_word' id='word_1_21' title='bbox 2520 620 2797 702; x_wconf 89' lang='lat' dir='ltr'>pluribus</span> <span class='ocrx_word' id='word_1_22' title='bbox 2865 622 3095 686; x_wconf 88' lang='lat' dir='ltr'>vocatis</span> 
     </span>
     <span class='ocr_line' id='line_1_4' title="bbox 374 707 3094 792; baseline 0 -19"><span class='ocrx_word' id='word_1_23' title='bbox 374 712 439 773; x_wconf 90' lang='lat' dir='ltr'>et</span> <span class='ocrx_word' id='word_1_24' title='bbox 477 708 727 791; x_wconf 85' lang='lat' dir='ltr'>rogatis.</span> <span class='ocrx_word' id='word_1_25' title='bbox 779 707 1164 792; x_wconf 86' lang='lat' dir='ltr'>Congregato</span> <span class='ocrx_word' id='word_1_26' title='bbox 1211 707 1481 790; x_wconf 87' lang='lat' dir='ltr'>capitulo</span> <span class='ocrx_word' id='word_1_27' title='bbox 1528 707 1955 791; x_wconf 85' lang='lat' dir='ltr'>Aquilegieusi</span> <span class='ocrx_word' id='word_1_28' title='bbox 2004 727 2173 773; x_wconf 89' lang='lat' dir='ltr'>more</span> <span class='ocrx_word' id='word_1_29' title='bbox 2216 712 2279 771; x_wconf 88' lang='lat' dir='ltr'>et</span> <span class='ocrx_word' id='word_1_30' title='bbox 2323 707 2456 772; x_wconf 77' lang='lat' dir='ltr'>loco</span> <span class='ocrx_word' id='word_1_31' title='bbox 2506 709 2709 774; x_wconf 90' lang='lat' dir='ltr'>solitis</span> <span class='ocrx_word' id='word_1_32' title='bbox 2743 728 2847 792; x_wconf 90' lang='lat' dir='ltr'>pro</span> <span class='ocrx_word' id='word_1_33' title='bbox 2880 729 3094 792; x_wconf 89' lang='lat' dir='ltr'>supra-</span> 
     </span>
     <span class='ocr_line' id='line_1_5' title="bbox 376 797 3095 881; baseline 0 -20"><span class='ocrx_word' id='word_1_34' title='bbox 376 798 624 881; x_wconf 76' lang='lat' dir='ltr'><strong>scriptis</strong></span> <span class='ocrx_word' id='word_1_35' title='bbox 690 798 750 861; x_wconf 89' lang='lat' dir='ltr'>in</span> <span class='ocrx_word' id='word_1_36' title='bbox 822 798 1237 879; x_wconf 87' lang='lat' dir='ltr'>suprascripto</span> <span class='ocrx_word' id='word_1_37' title='bbox 1300 797 1640 861; x_wconf 89' lang='lat' dir='ltr'>sindicatus</span> <span class='ocrx_word' id='word_1_38' title='bbox 1710 797 2123 861; x_wconf 90' lang='lat' dir='ltr'>instrumento</span> <span class='ocrx_word' id='word_1_39' title='bbox 2196 797 2498 861; x_wconf 88' lang='lat' dir='ltr'>contentis</span> <span class='ocrx_word' id='word_1_40' title='bbox 2568 799 2633 861; x_wconf 91' lang='lat' dir='ltr'>et</span> <span class='ocrx_word' id='word_1_41' title='bbox 2691 797 3095 880; x_wconf 79' lang='lat' dir='ltr'>infrascriptis</span> 
     </span>
     <span class='ocr_line' id='line_1_6' title="bbox 379 884 3096 975; baseline 0 -25"><span class='ocrx_word' id='word_1_42' title='bbox 379 885 735 968; x_wconf 77' lang='lat' dir='ltr'>specialiter</span> <span class='ocrx_word' id='word_1_43' title='bbox 781 885 1167 968; x_wconf 82' lang='lat' dir='ltr'>exequendis,</span> <span class='ocrx_word' id='word_1_44' title='bbox 1217 886 1286 948; x_wconf 90' lang='lat' dir='ltr'>ln</span> <span class='ocrx_word' id='word_1_45' title='bbox 1333 905 1451 975; x_wconf 76' lang='lat' dir='ltr'>quo</span> <span class='ocrx_word' id='word_1_46' title='bbox 1497 885 1743 967; x_wconf 89' lang='lat' dir='ltr'>quidem</span> <span class='ocrx_word' id='word_1_47' title='bbox 1792 885 2064 968; x_wconf 85' lang='lat' dir='ltr'>capitulo</span> <span class='ocrx_word' id='word_1_48' title='bbox 2110 884 2521 949; x_wconf 87' lang='lat' dir='ltr'>interfuerunt</span> <span class='ocrx_word' id='word_1_49' title='bbox 2563 886 2944 950; x_wconf 88' lang='lat' dir='ltr'>venerabiles</span> <span class='ocrx_word' id='word_1_50' title='bbox 2981 887 3096 950; x_wconf 90' lang='lat' dir='ltr'>viri</span> 
     </span>
     <span class='ocr_line' id='line_1_7' title="bbox 377 972 3098 1051; baseline 0 -14"><span class='ocrx_word' id='word_1_51' title='bbox 377 973 607 1038; x_wconf 91' lang='lat' dir='ltr'>domini</span> <span class='ocrx_word' id='word_1_52' title='bbox 655 973 1063 1038; x_wconf 84' lang='lat' dir='ltr'>Hermacoras</span> <span class='ocrx_word' id='word_1_53' title='bbox 1110 975 1182 1038; x_wconf 89' lang='lat' dir='ltr'>de</span> <span class='ocrx_word' id='word_1_54' title='bbox 1229 974 1504 1038; x_wconf 88' lang='lat' dir='ltr'>Murutio</span> <span class='ocrx_word' id='word_1_55' title='bbox 1553 973 1973 1051; x_wconf 55' lang='lat' dir='ltr'>vicedecanus</span> <span class='ocrx_word' id='word_1_56' title='bbox 2044 972 2355 1039; x_wconf 82' lang='lat' dir='ltr'>Johannes</span> <span class='ocrx_word' id='word_1_57' title='bbox 2403 974 2602 1038; x_wconf 88' lang='lat' dir='ltr'>senior</span> <span class='ocrx_word' id='word_1_58' title='bbox 2663 978 2725 1036; x_wconf 76' lang='lat' dir='ltr'>et</span> <span class='ocrx_word' id='word_1_59' title='bbox 2786 974 3098 1039; x_wconf 63' lang='lat' dir='ltr'>«Iohannes</span> 
     </span>
     <span class='ocr_line' id='line_1_8' title="bbox 381 1061 3097 1147; baseline -0.001 -21"><span class='ocrx_word' id='word_1_60' title='bbox 381 1063 582 1126; x_wconf 90' lang='lat' dir='ltr'>iunior</span> <span class='ocrx_word' id='word_1_61' title='bbox 628 1064 700 1125; x_wconf 90' lang='lat' dir='ltr'>de</span> <span class='ocrx_word' id='word_1_62' title='bbox 749 1063 811 1125; x_wconf 87' lang='lat' dir='ltr'>la</span> <span class='ocrx_word' id='word_1_63' title='bbox 856 1061 1070 1140; x_wconf 85' lang='lat' dir='ltr'>Turre,</span> <span class='ocrx_word' id='word_1_64' title='bbox 1134 1063 1443 1126; x_wconf 88' lang='lat' dir='ltr'>Antonius</span> <span class='ocrx_word' id='word_1_65' title='bbox 1508 1062 1581 1125; x_wconf 90' lang='lat' dir='ltr'>de</span> <span class='ocrx_word' id='word_1_66' title='bbox 1645 1062 1946 1139; x_wconf 87' lang='lat' dir='ltr'>Rancoue,</span> <span class='ocrx_word' id='word_1_67' title='bbox 2016 1062 2376 1126; x_wconf 88' lang='lat' dir='ltr'>Franciscus</span> <span class='ocrx_word' id='word_1_68' title='bbox 2437 1061 2512 1126; x_wconf 92' lang='lat' dir='ltr'>de</span> <span class='ocrx_word' id='word_1_69' title='bbox 2575 1062 3097 1147; x_wconf 83' lang='lat' dir='ltr'>Spegnembergo‚</span> 
     </span>
     <span class='ocr_line' id='line_1_9' title="bbox 383 1149 3097 1232; baseline 0 -17"><span class='ocrx_word' id='word_1_70' title='bbox 383 1151 746 1215; x_wconf 87' lang='lat' dir='ltr'>Muschinus</span> <span class='ocrx_word' id='word_1_71' title='bbox 801 1149 876 1214; x_wconf 90' lang='lat' dir='ltr'>de</span> <span class='ocrx_word' id='word_1_72' title='bbox 938 1151 999 1213; x_wconf 89' lang='lat' dir='ltr'>la</span> <span class='ocrx_word' id='word_1_73' title='bbox 1059 1151 1250 1215; x_wconf 88' lang='lat' dir='ltr'>Turre</span> <span class='ocrx_word' id='word_1_74' title='bbox 1311 1153 1374 1214; x_wconf 90' lang='lat' dir='ltr'>et</span> <span class='ocrx_word' id='word_1_75' title='bbox 1436 1149 1913 1215; x_wconf 88' lang='lat' dir='ltr'>Bartholomeus</span> <span class='ocrx_word' id='word_1_76' title='bbox 1975 1151 2047 1214; x_wconf 90' lang='lat' dir='ltr'>de</span> <span class='ocrx_word' id='word_1_77' title='bbox 2104 1150 2296 1214; x_wconf 91' lang='lat' dir='ltr'>Bobio</span> <span class='ocrx_word' id='word_1_78' title='bbox 2357 1168 2566 1214; x_wconf 86' lang='lat' dir='ltr'>omnes</span> <span class='ocrx_word' id='word_1_79' title='bbox 2629 1149 3097 1232; x_wconf 86' lang='lat' dir='ltr'>Aquilegienses</span> 
     </span>
     <span class='ocr_line' id='line_1_10' title="bbox 384 1237 3099 1321; baseline 0 -19"><span class='ocrx_word' id='word_1_80' title='bbox 384 1239 662 1303; x_wconf 86' lang='lat' dir='ltr'>canonici</span> <span class='ocrx_word' id='word_1_81' title='bbox 708 1238 1065 1321; x_wconf 73' lang='lat' dir='ltr'>prebendati</span> <span class='ocrx_word' id='word_1_82' title='bbox 1102 1238 1392 1302; x_wconf 81' lang='lat' dir='ltr'>facientes</span> <span class='ocrx_word' id='word_1_83' title='bbox 1433 1240 1498 1303; x_wconf 91' lang='lat' dir='ltr'>et</span> <span class='ocrx_word' id='word_1_84' title='bbox 1536 1238 1980 1301; x_wconf 83' lang='lat' dir='ltr'>constituentes</span> <span class='ocrx_word' id='word_1_85' title='bbox 2011 1238 2351 1320; x_wconf 83' lang='lat' dir='ltr'>capitulum</span> <span class='ocrx_word' id='word_1_86' title='bbox 2389 1237 2909 1320; x_wconf 88' lang='lat' dir='ltr'>Aquilegiensem,</span> <span class='ocrx_word' id='word_1_87' title='bbox 2965 1258 3099 1303; x_wconf 85' lang='lat' dir='ltr'>ma-</span> 
     </span>
     <span class='ocr_line' id='line_1_11' title="bbox 382 1326 3099 1407; baseline 0.001 -19"><span class='ocrx_word' id='word_1_88' title='bbox 382 1328 539 1390; x_wconf 89' lang='lat' dir='ltr'>turis</span> <span class='ocrx_word' id='word_1_89' title='bbox 585 1326 1023 1391; x_wconf 85' lang='lat' dir='ltr'>deliberatione</span> <span class='ocrx_word' id='word_1_90' title='bbox 1066 1330 1130 1391; x_wconf 90' lang='lat' dir='ltr'>et</span> <span class='ocrx_word' id='word_1_91' title='bbox 1177 1328 1543 1391; x_wconf 82' lang='lat' dir='ltr'>tractatibus</span> <span class='ocrx_word' id='word_1_92' title='bbox 1591 1327 1650 1389; x_wconf 93' lang='lat' dir='ltr'>in</span> <span class='ocrx_word' id='word_1_93' title='bbox 1697 1328 1760 1390; x_wconf 90' lang='lat' dir='ltr'>et</span> <span class='ocrx_word' id='word_1_94' title='bbox 1804 1344 1986 1407; x_wconf 90' lang='lat' dir='ltr'>super</span> <span class='ocrx_word' id='word_1_95' title='bbox 2028 1327 2463 1407; x_wconf 86' lang='lat' dir='ltr'>suprascriptis</span> <span class='ocrx_word' id='word_1_96' title='bbox 2511 1329 2816 1391; x_wconf 87' lang='lat' dir='ltr'>contentis</span> <span class='ocrx_word' id='word_1_97' title='bbox 2890 1328 2950 1390; x_wconf 90' lang='lat' dir='ltr'>in</span> <span class='ocrx_word' id='word_1_98' title='bbox 2996 1347 3099 1391; x_wconf 89' lang='lat' dir='ltr'>su-</span> 
     </span>
     <span class='ocr_line' id='line_1_12' title="bbox 381 1414 3097 1497; baseline 0 -19"><span class='ocrx_word' id='word_1_99' title='bbox 381 1415 721 1497; x_wconf 86' lang='lat' dir='ltr'>prascripto</span> <span class='ocrx_word' id='word_1_100' title='bbox 771 1416 1177 1480; x_wconf 85' lang='lat' dir='ltr'>instrumento</span> <span class='ocrx_word' id='word_1_101' title='bbox 1218 1415 1554 1478; x_wconf 87' lang='lat' dir='ltr'>sindicatus</span> <span class='ocrx_word' id='word_1_102' title='bbox 1600 1415 1714 1478; x_wconf 89' lang='lat' dir='ltr'>sub</span> <span class='ocrx_word' id='word_1_103' title='bbox 1783 1416 2171 1496; x_wconf 88' lang='lat' dir='ltr'>presentibus</span> <span class='ocrx_word' id='word_1_104' title='bbox 2231 1414 2566 1479; x_wconf 89' lang='lat' dir='ltr'>millesimo</span> <span class='ocrx_word' id='word_1_105' title='bbox 2632 1418 2696 1479; x_wconf 90' lang='lat' dir='ltr'>et</span> <span class='ocrx_word' id='word_1_106' title='bbox 2761 1415 3097 1479; x_wconf 87' lang='lat' dir='ltr'>indictione</span> 
     </span>
     <span class='ocr_line' id='line_1_13' title="bbox 383 1502 3096 1586; baseline 0 -20"><span class='ocrx_word' id='word_1_107' title='bbox 383 1504 483 1567; x_wconf 90' lang='lat' dir='ltr'>die</span> <span class='ocrx_word' id='word_1_108' title='bbox 532 1522 674 1568; x_wconf 88' lang='lat' dir='ltr'>vero</span> <span class='ocrx_word' id='word_1_109' title='bbox 722 1521 879 1567; x_wconf 90' lang='lat' dir='ltr'>nono</span> <span class='ocrx_word' id='word_1_110' title='bbox 924 1504 1151 1568; x_wconf 87' lang='lat' dir='ltr'>mensis</span> <span class='ocrx_word' id='word_1_111' title='bbox 1200 1504 1412 1586; x_wconf 86' lang='lat' dir='ltr'>aprilis</span> <span class='ocrx_word' id='word_1_112' title='bbox 1461 1523 1568 1586; x_wconf 77' lang='lat' dir='ltr'>per</span> <span class='ocrx_word' id='word_1_113' title='bbox 1614 1523 1712 1566; x_wconf 91' lang='lat' dir='ltr'>me</span> <span class='ocrx_word' id='word_1_114' title='bbox 1757 1502 2222 1584; x_wconf 88' lang='lat' dir='ltr'>infrascriptum</span> <span class='ocrx_word' id='word_1_115' title='bbox 2270 1503 2571 1566; x_wconf 86' lang='lat' dir='ltr'>notarium</span> <span class='ocrx_word' id='word_1_116' title='bbox 2608 1503 2834 1584; x_wconf 84' lang='lat' dir='ltr'>scripto</span> <span class='ocrx_word' id='word_1_117' title='bbox 2879 1506 2942 1567; x_wconf 91' lang='lat' dir='ltr'>et</span> <span class='ocrx_word' id='word_1_118' title='bbox 2990 1523 3096 1585; x_wconf 88' lang='lat' dir='ltr'>pu·</span> 
     </span>
     <span class='ocr_line' id='line_1_14' title="bbox 387 1590 3096 1672; baseline -0 -17"><span class='ocrx_word' id='word_1_119' title='bbox 387 1591 613 1655; x_wconf 86' lang='lat' dir='ltr'>blicato</span> <span class='ocrx_word' id='word_1_120' title='bbox 681 1592 850 1672; x_wconf 86' lang='lat' dir='ltr'>prius</span> <span class='ocrx_word' id='word_1_121' title='bbox 913 1591 1160 1671; x_wconf 87' lang='lat' dir='ltr'>habitis,</span> <span class='ocrx_word' id='word_1_122' title='bbox 1225 1590 1447 1672; x_wconf 81' lang='lat' dir='ltr'>prefati</span> <span class='ocrx_word' id='word_1_123' title='bbox 1510 1591 1741 1657; x_wconf 89' lang='lat' dir='ltr'>domini</span> <span class='ocrx_word' id='word_1_124' title='bbox 1805 1592 2221 1668; x_wconf 86' lang='lat' dir='ltr'>vicedecanuS,</span> <span class='ocrx_word' id='word_1_125' title='bbox 2293 1592 2563 1654; x_wconf 84' lang='lat' dir='ltr'>canonici</span> <span class='ocrx_word' id='word_1_126' title='bbox 2628 1594 2691 1655; x_wconf 92' lang='lat' dir='ltr'>et</span> <span class='ocrx_word' id='word_1_127' title='bbox 2758 1591 3096 1672; x_wconf 85' lang='lat' dir='ltr'>capitulum</span> 
     </span>
     <span class='ocr_line' id='line_1_15' title="bbox 384 1679 3097 1761; baseline 0 -18"><span class='ocrx_word' id='word_1_128' title='bbox 384 1680 840 1761; x_wconf 88' lang='lat' dir='ltr'>Aquilegiense,</span> <span class='ocrx_word' id='word_1_129' title='bbox 886 1682 1342 1744; x_wconf 84' lang='lat' dir='ltr'>considerantes</span> <span class='ocrx_word' id='word_1_130' title='bbox 1389 1680 1889 1744; x_wconf 85' lang='lat' dir='ltr'>constitutionem</span> <span class='ocrx_word' id='word_1_131' title='bbox 1940 1679 2242 1742; x_wconf 89' lang='lat' dir='ltr'>dictorum</span> <span class='ocrx_word' id='word_1_132' title='bbox 2279 1680 2676 1757; x_wconf 88' lang='lat' dir='ltr'>sindicorum,</span> <span class='ocrx_word' id='word_1_133' title='bbox 2725 1684 2795 1743; x_wconf 89' lang='lat' dir='ltr'>ut</span> <span class='ocrx_word' id='word_1_134' title='bbox 2841 1680 3097 1761; x_wconf 88' lang='lat' dir='ltr'>premit—</span> 
     </span>
     <span class='ocr_line' id='line_1_16' title="bbox 382 1767 3098 1850; baseline 0.001 -20"><span class='ocrx_word' id='word_1_135' title='bbox 382 1770 556 1844; x_wconf 87' lang='lat' dir='ltr'>titur,</span> <span class='ocrx_word' id='word_1_136' title='bbox 605 1769 664 1831; x_wconf 90' lang='lat' dir='ltr'>in</span> <span class='ocrx_word' id='word_1_137' title='bbox 715 1768 877 1831; x_wconf 83' lang='lat' dir='ltr'>dicto</span> <span class='ocrx_word' id='word_1_138' title='bbox 925 1767 1337 1832; x_wconf 82' lang='lat' dir='ltr'>instrumento</span> <span class='ocrx_word' id='word_1_139' title='bbox 1385 1769 1834 1845; x_wconf 88' lang='lat' dir='ltr'>contentorum,</span> <span class='ocrx_word' id='word_1_140' title='bbox 1901 1769 1958 1830; x_wconf 90' lang='lat' dir='ltr'>in</span> <span class='ocrx_word' id='word_1_141' title='bbox 2008 1768 2072 1830; x_wconf 90' lang='lat' dir='ltr'>et</span> <span class='ocrx_word' id='word_1_142' title='bbox 2128 1786 2310 1847; x_wconf 89' lang='lat' dir='ltr'>super</span> <span class='ocrx_word' id='word_1_143' title='bbox 2370 1768 2653 1830; x_wconf 86' lang='lat' dir='ltr'>omnibus</span> <span class='ocrx_word' id='word_1_144' title='bbox 2714 1770 2777 1829; x_wconf 89' lang='lat' dir='ltr'>et</span> <span class='ocrx_word' id='word_1_145' title='bbox 2837 1767 3098 1850; x_wconf 84' lang='lat' dir='ltr'>singulis</span> 
     </span>
     <span class='ocr_line' id='line_1_17' title="bbox 385 1855 3101 1938; baseline 0 -19"><span class='ocrx_word' id='word_1_146' title='bbox 385 1855 692 1919; x_wconf 88' lang='lat' dir='ltr'>contentis</span> <span class='ocrx_word' id='word_1_147' title='bbox 742 1856 800 1919; x_wconf 93' lang='lat' dir='ltr'>in</span> <span class='ocrx_word' id='word_1_148' title='bbox 851 1856 1123 1938; x_wconf 88' lang='lat' dir='ltr'>predicto</span> <span class='ocrx_word' id='word_1_149' title='bbox 1171 1860 1598 1930; x_wconf 81' lang='lat' dir='ltr'>instrumente,</span> <span class='ocrx_word' id='word_1_150' title='bbox 1650 1855 1800 1920; x_wconf 90' lang='lat' dir='ltr'>utile</span> <span class='ocrx_word' id='word_1_151' title='bbox 1852 1859 1915 1918; x_wconf 89' lang='lat' dir='ltr'>et</span> <span class='ocrx_word' id='word_1_152' title='bbox 1959 1855 2264 1937; x_wconf 86' lang='lat' dir='ltr'>ydoneum</span> <span class='ocrx_word' id='word_1_153' title='bbox 2301 1857 2445 1933; x_wconf 87' lang='lat' dir='ltr'>fore,</span> <span class='ocrx_word' id='word_1_154' title='bbox 2493 1855 2699 1919; x_wconf 83' lang='lat' dir='ltr'>omnia</span> <span class='ocrx_word' id='word_1_155' title='bbox 2744 1858 2809 1920; x_wconf 90' lang='lat' dir='ltr'>et</span> <span class='ocrx_word' id='word_1_156' title='bbox 2853 1857 3101 1938; x_wconf 85' lang='lat' dir='ltr'>singula</span> 
     </span>
     <span class='ocr_line' id='line_1_18' title="bbox 384 1943 3097 2027; baseline 0 -21"><span class='ocrx_word' id='word_1_157' title='bbox 384 1946 444 2006; x_wconf 90' lang='lat' dir='ltr'>in</span> <span class='ocrx_word' id='word_1_158' title='bbox 496 1945 657 2008; x_wconf 87' lang='lat' dir='ltr'>dicto</span> <span class='ocrx_word' id='word_1_159' title='bbox 705 1944 1113 2009; x_wconf 88' lang='lat' dir='ltr'>instrumento</span> <span class='ocrx_word' id='word_1_160' title='bbox 1159 1946 1499 2009; x_wconf 89' lang='lat' dir='ltr'>sindicatus</span> <span class='ocrx_word' id='word_1_161' title='bbox 1543 1946 1828 2009; x_wconf 88' lang='lat' dir='ltr'>contenta</span> <span class='ocrx_word' id='word_1_162' title='bbox 1874 1962 2011 2007; x_wconf 88' lang='lat' dir='ltr'>cum</span> <span class='ocrx_word' id='word_1_163' title='bbox 2059 1943 2342 2008; x_wconf 91' lang='lat' dir='ltr'>omnibus</span> <span class='ocrx_word' id='word_1_164' title='bbox 2374 1946 2439 2015; x_wconf 90' lang='lat' dir='ltr'>et</span> <span class='ocrx_word' id='word_1_165' title='bbox 2469 1943 2730 2027; x_wconf 87' lang='lat' dir='ltr'>singulis</span> <span class='ocrx_word' id='word_1_166' title='bbox 2769 1945 2894 2008; x_wconf 88' lang='lat' dir='ltr'>suis</span> <span class='ocrx_word' id='word_1_167' title='bbox 2926 1946 3097 2009; x_wconf 87' lang='lat' dir='ltr'>clau·</span> 
     </span>
     <span class='ocr_line' id='line_1_19' title="bbox 386 2032 3095 2115; baseline 0.001 -20"><span class='ocrx_word' id='word_1_168' title='bbox 386 2033 541 2095; x_wconf 89' lang='lat' dir='ltr'>sulis</span> <span class='ocrx_word' id='word_1_169' title='bbox 587 2034 652 2096; x_wconf 90' lang='lat' dir='ltr'>et</span> <span class='ocrx_word' id='word_1_170' title='bbox 696 2032 975 2097; x_wconf 89' lang='lat' dir='ltr'>articulis</span> <span class='ocrx_word' id='word_1_171' title='bbox 1017 2035 1527 2115; x_wconf 87' lang='lat' dir='ltr'>approbaverunt,</span> <span class='ocrx_word' id='word_1_172' title='bbox 1577 2032 2035 2097; x_wconf 84' lang='lat' dir='ltr'>ratificaverunt</span> <span class='ocrx_word' id='word_1_173' title='bbox 2076 2035 2138 2095; x_wconf 87' lang='lat' dir='ltr'>et</span> <span class='ocrx_word' id='word_1_174' title='bbox 2183 2050 2546 2097; x_wconf 79' lang='lat' dir='ltr'>consensum</span> <span class='ocrx_word' id='word_1_175' title='bbox 2584 2033 2958 2114; x_wconf 89' lang='lat' dir='ltr'>prebuerunt</span> <span class='ocrx_word' id='word_1_176' title='bbox 2989 2053 3095 2115; x_wconf 89' lang='lat' dir='ltr'>pa-</span> 
     </span>
     <span class='ocr_line' id='line_1_20' title="bbox 390 2120 3099 2201; baseline 0 -18"><span class='ocrx_word' id='word_1_177' title='bbox 390 2121 540 2183; x_wconf 83' lang='lat' dir='ltr'>riter</span> <span class='ocrx_word' id='word_1_178' title='bbox 584 2123 647 2184; x_wconf 90' lang='lat' dir='ltr'>et</span> <span class='ocrx_word' id='word_1_179' title='bbox 692 2140 1029 2185; x_wconf 85' lang='lat' dir='ltr'>assensum.</span> <span class='ocrx_word' id='word_1_180' title='bbox 1081 2123 1162 2185; x_wconf 85' lang='lat' dir='ltr'>Et</span> <span class='ocrx_word' id='word_1_181' title='bbox 1208 2120 1609 2186; x_wconf 86' lang='lat' dir='ltr'>nihilominus</span> <span class='ocrx_word' id='word_1_182' title='bbox 1656 2122 1732 2184; x_wconf 83' lang='lat' dir='ltr'>ad</span> <span class='ocrx_word' id='word_1_183' title='bbox 1785 2120 2077 2184; x_wconf 88' lang='lat' dir='ltr'>maiorem</span> <span class='ocrx_word' id='word_1_184' title='bbox 2125 2121 2188 2182; x_wconf 91' lang='lat' dir='ltr'>et</span> <span class='ocrx_word' id='word_1_185' title='bbox 2234 2120 2562 2201; x_wconf 85' lang='lat' dir='ltr'>pleniorem</span> <span class='ocrx_word' id='word_1_186' title='bbox 2608 2121 2969 2185; x_wconf 87' lang='lat' dir='ltr'>firmitatem</span> <span class='ocrx_word' id='word_1_187' title='bbox 3034 2125 3099 2184; x_wconf 87' lang='lat' dir='ltr'>et</span> 
     </span>
     <span class='ocr_line' id='line_1_21' title="bbox 390 2207 3097 2292; baseline 0 -20"><span class='ocrx_word' id='word_1_188' title='bbox 390 2207 697 2272; x_wconf 85' lang='lat' dir='ltr'>cautelam</span> <span class='ocrx_word' id='word_1_189' title='bbox 751 2208 969 2289; x_wconf 85' lang='lat' dir='ltr'>prefati</span> <span class='ocrx_word' id='word_1_190' title='bbox 1020 2211 1249 2274; x_wconf 88' lang='lat' dir='ltr'>domini</span> <span class='ocrx_word' id='word_1_191' title='bbox 1323 2212 1738 2286; x_wconf 79' lang='lat' dir='ltr'>vicedecanus,</span> <span class='ocrx_word' id='word_1_192' title='bbox 1800 2209 2073 2273; x_wconf 87' lang='lat' dir='ltr'>canonici</span> <span class='ocrx_word' id='word_1_193' title='bbox 2138 2210 2203 2271; x_wconf 91' lang='lat' dir='ltr'>et</span> <span class='ocrx_word' id='word_1_194' title='bbox 2260 2208 2599 2290; x_wconf 85' lang='lat' dir='ltr'>capitulum</span> <span class='ocrx_word' id='word_1_195' title='bbox 2668 2208 3097 2292; x_wconf 82' lang='lat' dir='ltr'>Aquilegiense</span> 
     </span>
     <span class='ocr_line' id='line_1_22' title="bbox 388 2295 3099 2380; baseline 0 -21"><span class='ocrx_word' id='word_1_196' title='bbox 388 2298 585 2359; x_wconf 87' lang='lat' dir='ltr'>dictos</span> <span class='ocrx_word' id='word_1_197' title='bbox 632 2296 910 2361; x_wconf 85' lang='lat' dir='ltr'>domiuos</span> <span class='ocrx_word' id='word_1_198' title='bbox 959 2296 1293 2380; x_wconf 87' lang='lat' dir='ltr'>Georgium</span> <span class='ocrx_word' id='word_1_199' title='bbox 1346 2301 1664 2375; x_wconf 86' lang='lat' dir='ltr'>decanum,</span> <span class='ocrx_word' id='word_1_200' title='bbox 1713 2298 2100 2361; x_wconf 86' lang='lat' dir='ltr'>Fredericum</span> <span class='ocrx_word' id='word_1_201' title='bbox 2151 2295 2411 2359; x_wconf 83' lang='lat' dir='ltr'>militem</span> <span class='ocrx_word' id='word_1_202' title='bbox 2462 2298 2532 2361; x_wconf 88' lang='lat' dir='ltr'>de</span> <span class='ocrx_word' id='word_1_203' title='bbox 2579 2295 2973 2379; x_wconf 85' lang='lat' dir='ltr'>Savorgnano</span> <span class='ocrx_word' id='word_1_204' title='bbox 3036 2302 3099 2361; x_wconf 89' lang='lat' dir='ltr'>et</span> 
     </span>
     <span class='ocr_line' id='line_1_23' title="bbox 384 2383 3098 2458; baseline 0.001 -9"><span class='ocrx_word' id='word_1_205' title='bbox 384 2384 732 2449; x_wconf 87' lang='lat' dir='ltr'>Johannem</span> <span class='ocrx_word' id='word_1_206' title='bbox 778 2384 854 2448; x_wconf 91' lang='lat' dir='ltr'>de</span> <span class='ocrx_word' id='word_1_207' title='bbox 901 2384 1216 2450; x_wconf 84' lang='lat' dir='ltr'>Cuccanea</span> <span class='ocrx_word' id='word_1_208' title='bbox 1261 2391 1323 2451; x_wconf 89' lang='lat' dir='ltr'>et</span> <span class='ocrx_word' id='word_1_209' title='bbox 1367 2387 1748 2450; x_wconf 87' lang='lat' dir='ltr'>Octobouum</span> <span class='ocrx_word' id='word_1_210' title='bbox 1820 2387 1893 2448; x_wconf 87' lang='lat' dir='ltr'>de</span> <span class='ocrx_word' id='word_1_211' title='bbox 1955 2383 2192 2458; x_wconf 71' lang='lat' dir='ltr'>Geneta,</span> <span class='ocrx_word' id='word_1_212' title='bbox 2239 2386 2533 2448; x_wconf 87' lang='lat' dir='ltr'>decanum</span> <span class='ocrx_word' id='word_1_213' title='bbox 2603 2385 2962 2450; x_wconf 84' lang='lat' dir='ltr'>Utinensem</span> <span class='ocrx_word' id='word_1_214' title='bbox 3024 2405 3098 2451; x_wconf 87' lang='lat' dir='ltr'>ac</span> 
     </span>
     <span class='ocr_line' id='line_1_24' title="bbox 383 2472 3095 2556; baseline 0.001 -20"><span class='ocrx_word' id='word_1_215' title='bbox 383 2472 705 2538; x_wconf 88' lang='lat' dir='ltr'>Nicolaum</span> <span class='ocrx_word' id='word_1_216' title='bbox 754 2473 998 2537; x_wconf 88' lang='lat' dir='ltr'>Zerbini</span> <span class='ocrx_word' id='word_1_217' title='bbox 1045 2493 1255 2539; x_wconf 87' lang='lat' dir='ltr'>omnes</span> <span class='ocrx_word' id='word_1_218' title='bbox 1301 2475 1583 2539; x_wconf 88' lang='lat' dir='ltr'>absentes</span> <span class='ocrx_word' id='word_1_219' title='bbox 1617 2477 1937 2555; x_wconf 88' lang='lat' dir='ltr'>tamquam</span> <span class='ocrx_word' id='word_1_220' title='bbox 1973 2474 2289 2555; x_wconf 88' lang='lat' dir='ltr'>presentes</span> <span class='ocrx_word' id='word_1_221' title='bbox 2336 2474 2400 2536; x_wconf 90' lang='lat' dir='ltr'>et</span> <span class='ocrx_word' id='word_1_222' title='bbox 2444 2473 2785 2555; x_wconf 90' lang='lat' dir='ltr'>quemlibet</span> <span class='ocrx_word' id='word_1_223' title='bbox 2828 2474 3095 2556; x_wconf 87' lang='lat' dir='ltr'>ipsorum</span> 
     </span>
     <span class='ocr_line' id='line_1_25' title="bbox 385 2561 3094 2641; baseline 0.001 -18"><span class='ocrx_word' id='word_1_224' title='bbox 385 2562 446 2623; x_wconf 90' lang='lat' dir='ltr'>in</span> <span class='ocrx_word' id='word_1_225' title='bbox 495 2561 759 2626; x_wconf 90' lang='lat' dir='ltr'>solidum</span> <span class='ocrx_word' id='word_1_226' title='bbox 806 2561 1099 2641; x_wconf 85' lang='lat' dir='ltr'>fecerunt,</span> <span class='ocrx_word' id='word_1_227' title='bbox 1150 2565 1601 2628; x_wconf 86' lang='lat' dir='ltr'>constituerunt</span> <span class='ocrx_word' id='word_1_228' title='bbox 1647 2566 1711 2626; x_wconf 90' lang='lat' dir='ltr'>et</span> <span class='ocrx_word' id='word_1_229' title='bbox 1754 2562 2192 2625; x_wconf 87' lang='lat' dir='ltr'>ordinaverunt</span> <span class='ocrx_word' id='word_1_230' title='bbox 2237 2562 2432 2626; x_wconf 91' lang='lat' dir='ltr'>modis</span> <span class='ocrx_word' id='word_1_231' title='bbox 2471 2562 2756 2626; x_wconf 89' lang='lat' dir='ltr'>omnibus</span> <span class='ocrx_word' id='word_1_232' title='bbox 2782 2565 2845 2626; x_wconf 89' lang='lat' dir='ltr'>et</span> <span class='ocrx_word' id='word_1_233' title='bbox 2878 2562 3094 2641; x_wconf 85' lang='lat' dir='ltr'>forma,</span> 
     </span>
     <span class='ocr_line' id='line_1_26' title="bbox 387 2649 3097 2734; baseline 0.001 -21"><span class='ocrx_word' id='word_1_234' title='bbox 387 2650 609 2731; x_wconf 89' lang='lat' dir='ltr'>quibus</span> <span class='ocrx_word' id='word_1_235' title='bbox 657 2650 877 2714; x_wconf 87' lang='lat' dir='ltr'>melius</span> <span class='ocrx_word' id='word_1_236' title='bbox 924 2652 1237 2717; x_wconf 86' lang='lat' dir='ltr'>sciverunt</span> <span class='ocrx_word' id='word_1_237' title='bbox 1282 2654 1346 2715; x_wconf 90' lang='lat' dir='ltr'>et</span> <span class='ocrx_word' id='word_1_238' title='bbox 1388 2653 1738 2734; x_wconf 84' lang='lat' dir='ltr'>pot-uerunt,</span> <span class='ocrx_word' id='word_1_239' title='bbox 1787 2651 1916 2714; x_wconf 88' lang='lat' dir='ltr'>suis</span> <span class='ocrx_word' id='word_1_240' title='bbox 1984 2653 2048 2714; x_wconf 91' lang='lat' dir='ltr'>et</span> <span class='ocrx_word' id='word_1_241' title='bbox 2106 2649 2570 2732; x_wconf 83' lang='lat' dir='ltr'>Aquilegiensis</span> <span class='ocrx_word' id='word_1_242' title='bbox 2639 2651 2893 2715; x_wconf 80' lang='lat' dir='ltr'>ecclesie</span> <span class='ocrx_word' id='word_1_243' title='bbox 2956 2656 3097 2716; x_wconf 87' lang='lat' dir='ltr'>sede</span> 
     </span>
     <span class='ocr_line' id='line_1_27' title="bbox 385 2737 3098 2820; baseline 0.001 -18"><span class='ocrx_word' id='word_1_244' title='bbox 385 2740 642 2804; x_wconf 87' lang='lat' dir='ltr'>vacante</span> <span class='ocrx_word' id='word_1_245' title='bbox 703 2758 776 2802; x_wconf 85' lang='lat' dir='ltr'>ae</span> <span class='ocrx_word' id='word_1_246' title='bbox 835 2741 1029 2820; x_wconf 86' lang='lat' dir='ltr'>patrie</span> <span class='ocrx_word' id='word_1_247' title='bbox 1079 2741 1218 2803; x_wconf 88' lang='lat' dir='ltr'>Fori</span> <span class='ocrx_word' id='word_1_248' title='bbox 1266 2740 1424 2804; x_wconf 84' lang='lat' dir='ltr'>Julii</span> <span class='ocrx_word' id='word_1_249' title='bbox 1494 2744 1557 2804; x_wconf 91' lang='lat' dir='ltr'>et</span> <span class='ocrx_word' id='word_1_250' title='bbox 1620 2739 1815 2803; x_wconf 87' lang='lat' dir='ltr'>tocius</span> <span class='ocrx_word' id='word_1_251' title='bbox 1876 2738 2331 2820; x_wconf 84' lang='lat' dir='ltr'>patriarchatus</span> <span class='ocrx_word' id='word_1_252' title='bbox 2378 2737 2837 2820; x_wconf 82' lang='lat' dir='ltr'>Aquilegiensis</span> <span class='ocrx_word' id='word_1_253' title='bbox 2901 2742 3098 2804; x_wconf 67' lang='lat' dir='ltr'>nomi⁸</span> 
     </span>
     <span class='ocr_line' id='line_1_28' title="bbox 385 2826 3095 2911; baseline 0.001 -22"><span class='ocrx_word' id='word_1_254' title='bbox 385 2827 566 2891; x_wconf 89' lang='lat' dir='ltr'>nibus</span> <span class='ocrx_word' id='word_1_255' title='bbox 613 2826 998 2892; x_wconf 87' lang='lat' dir='ltr'>subditorum</span> <span class='ocrx_word' id='word_1_256' title='bbox 1048 2830 1111 2891; x_wconf 83' lang='lat' dir='ltr'>et</span> <span class='ocrx_word' id='word_1_257' title='bbox 1156 2828 1582 2893; x_wconf 85' lang='lat' dir='ltr'>adherentium</span> <span class='ocrx_word' id='word_1_258' title='bbox 1645 2828 1996 2892; x_wconf 90' lang='lat' dir='ltr'>eorumdem</span> <span class='ocrx_word' id='word_1_259' title='bbox 2046 2826 2119 2889; x_wconf 87' lang='lat' dir='ltr'>ad</span> <span class='ocrx_word' id='word_1_260' title='bbox 2183 2827 2386 2889; x_wconf 89' lang='lat' dir='ltr'>omnia</span> <span class='ocrx_word' id='word_1_261' title='bbox 2447 2832 2510 2890; x_wconf 88' lang='lat' dir='ltr'>et</span> <span class='ocrx_word' id='word_1_262' title='bbox 2570 2827 2815 2909; x_wconf 87' lang='lat' dir='ltr'>singula</span> <span class='ocrx_word' id='word_1_263' title='bbox 2876 2846 3095 2911; x_wconf 89' lang='lat' dir='ltr'>supra-</span> 
     </span>
     <span class='ocr_line' id='line_1_29' title="bbox 387 2913 3096 2999; baseline 0.001 -21"><span class='ocrx_word' id='word_1_264' title='bbox 387 2915 616 2997; x_wconf 89' lang='lat' dir='ltr'>scripta</span> <span class='ocrx_word' id='word_1_265' title='bbox 664 2917 728 2979; x_wconf 89' lang='lat' dir='ltr'>et</span> <span class='ocrx_word' id='word_1_266' title='bbox 773 2917 1061 2979; x_wconf 88' lang='lat' dir='ltr'>contenta</span> <span class='ocrx_word' id='word_1_267' title='bbox 1106 2936 1246 2980; x_wconf 85' lang='lat' dir='ltr'>cum</span> <span class='ocrx_word' id='word_1_268' title='bbox 1296 2917 1578 2981; x_wconf 88' lang='lat' dir='ltr'>omnibus</span> <span class='ocrx_word' id='word_1_269' title='bbox 1634 2918 1699 2980; x_wconf 90' lang='lat' dir='ltr'>et</span> <span class='ocrx_word' id='word_1_270' title='bbox 1744 2914 2006 2998; x_wconf 86' lang='lat' dir='ltr'>singulis</span> <span class='ocrx_word' id='word_1_271' title='bbox 2052 2913 2349 2978; x_wconf 89' lang='lat' dir='ltr'>clausulis</span> <span class='ocrx_word' id='word_1_272' title='bbox 2393 2916 2456 2977; x_wconf 87' lang='lat' dir='ltr'>et</span> <span class='ocrx_word' id='word_1_273' title='bbox 2500 2914 2779 2979; x_wconf 84' lang='lat' dir='ltr'>articulis</span> <span class='ocrx_word' id='word_1_274' title='bbox 2840 2915 2904 2978; x_wconf 88' lang='lat' dir='ltr'>in</span> <span class='ocrx_word' id='word_1_275' title='bbox 2963 2937 3096 2999; x_wconf 88' lang='lat' dir='ltr'>pre-</span> 
     </span>
     <span class='ocr_line' id='line_1_30' title="bbox 387 3001 3096 3087; baseline 0.001 -22"><span class='ocrx_word' id='word_1_276' title='bbox 387 3001 516 3066; x_wconf 87' lang='lat' dir='ltr'>fato</span> <span class='ocrx_word' id='word_1_277' title='bbox 565 3004 975 3068; x_wconf 76' lang='lat' dir='ltr'>Instrumeuto</span> <span class='ocrx_word' id='word_1_278' title='bbox 1021 3004 1362 3068; x_wconf 87' lang='lat' dir='ltr'>sindicatus</span> <span class='ocrx_word' id='word_1_279' title='bbox 1410 3024 1519 3087; x_wconf 89' lang='lat' dir='ltr'>per</span> <span class='ocrx_word' id='word_1_280' title='bbox 1567 3023 1663 3068; x_wconf 90' lang='lat' dir='ltr'>me</span> <span class='ocrx_word' id='word_1_281' title='bbox 1730 3004 2037 3067; x_wconf 89' lang='lat' dir='ltr'>notarium</span> <span class='ocrx_word' id='word_1_282' title='bbox 2100 3001 2564 3084; x_wconf 87' lang='lat' dir='ltr'>infrascriptum</span> <span class='ocrx_word' id='word_1_283' title='bbox 2627 3002 2743 3066; x_wconf 86' lang='lat' dir='ltr'>sub</span> <span class='ocrx_word' id='word_1_284' title='bbox 2804 3004 3096 3085; x_wconf 87' lang='lat' dir='ltr'>predictis</span> 
     </span>
     <span class='ocr_line' id='line_1_31' title="bbox 384 3090 3096 3175; baseline 0.001 -20"><span class='ocrx_word' id='word_1_285' title='bbox 384 3091 715 3156; x_wconf 87' lang='lat' dir='ltr'>millesimo</span> <span class='ocrx_word' id='word_1_286' title='bbox 762 3094 826 3156; x_wconf 92' lang='lat' dir='ltr'>et</span> <span class='ocrx_word' id='word_1_287' title='bbox 874 3092 1204 3156; x_wconf 89' lang='lat' dir='ltr'>indictione</span> <span class='ocrx_word' id='word_1_288' title='bbox 1255 3093 1353 3156; x_wconf 88' lang='lat' dir='ltr'>die</span> <span class='ocrx_word' id='word_1_289' title='bbox 1387 3111 1527 3156; x_wconf 87' lang='lat' dir='ltr'>vero</span> <span class='ocrx_word' id='word_1_290' title='bbox 1571 3109 1725 3156; x_wconf 91' lang='lat' dir='ltr'>nono</span> <span class='ocrx_word' id='word_1_291' title='bbox 1759 3092 1990 3155; x_wconf 90' lang='lat' dir='ltr'>mensis</span> <span class='ocrx_word' id='word_1_292' title='bbox 2022 3090 2257 3172; x_wconf 85' lang='lat' dir='ltr'>aprilis,</span> <span class='ocrx_word' id='word_1_293' title='bbox 2310 3093 2377 3152; x_wconf 92' lang='lat' dir='ltr'>ut</span> <span class='ocrx_word' id='word_1_294' title='bbox 2409 3091 2814 3172; x_wconf 89' lang='lat' dir='ltr'>premittitur,</span> <span class='ocrx_word' id='word_1_295' title='bbox 2863 3094 3096 3175; x_wconf 89' lang='lat' dir='ltr'>scripto</span> 
     </span>
     <span class='ocr_line' id='line_1_32' title="bbox 384 3177 3095 3263; baseline 0.001 -21"><span class='ocrx_word' id='word_1_296' title='bbox 384 3183 447 3242; x_wconf 88' lang='lat' dir='ltr'>et</span> <span class='ocrx_word' id='word_1_297' title='bbox 488 3178 823 3262; x_wconf 87' lang='lat' dir='ltr'>publicato.</span> <span class='ocrx_word' id='word_1_298' title='bbox 876 3179 1315 3245; x_wconf 88' lang='lat' dir='ltr'>Promittentes</span> <span class='ocrx_word' id='word_1_299' title='bbox 1361 3179 2085 3262; x_wconf 64' lang='lat' dir='ltr'>nominibusantedictis</span> <span class='ocrx_word' id='word_1_300' title='bbox 2134 3177 2323 3242; x_wconf 86' lang='lat' dir='ltr'>michi</span> <span class='ocrx_word' id='word_1_301' title='bbox 2396 3178 2632 3242; x_wconf 88' lang='lat' dir='ltr'>notario</span> <span class='ocrx_word' id='word_1_302' title='bbox 2708 3180 3095 3263; x_wconf 84' lang='lat' dir='ltr'>infrascripto</span> 
     </span>
     <span class='ocr_line' id='line_1_33' title="bbox 384 3266 3092 3352; baseline 0.001 -22"><span class='ocrx_word' id='word_1_303' title='bbox 384 3267 678 3350; x_wconf 86' lang='lat' dir='ltr'>tanquam</span> <span class='ocrx_word' id='word_1_304' title='bbox 742 3286 997 3350; x_wconf 87' lang='lat' dir='ltr'>persone</span> <span class='ocrx_word' id='word_1_305' title='bbox 1059 3269 1301 3350; x_wconf 86' lang='lat' dir='ltr'>publice</span> <span class='ocrx_word' id='word_1_306' title='bbox 1361 3268 1683 3352; x_wconf 87' lang='lat' dir='ltr'>stipulanti</span> <span class='ocrx_word' id='word_1_307' title='bbox 1739 3269 1801 3332; x_wconf 88' lang='lat' dir='ltr'>et</span> <span class='ocrx_word' id='word_1_308' title='bbox 1864 3266 2178 3349; x_wconf 89' lang='lat' dir='ltr'>recipienti</span> <span class='ocrx_word' id='word_1_309' title='bbox 2242 3267 2372 3330; x_wconf 89' lang='lat' dir='ltr'>vice</span> <span class='ocrx_word' id='word_1_310' title='bbox 2418 3269 2483 3331; x_wconf 91' lang='lat' dir='ltr'>et</span> <span class='ocrx_word' id='word_1_311' title='bbox 2528 3267 2775 3331; x_wconf 88' lang='lat' dir='ltr'>nomine</span> <span class='ocrx_word' id='word_1_312' title='bbox 2821 3269 3092 3333; x_wconf 90' lang='lat' dir='ltr'>omnium</span> 
     </span>
     <span class='ocr_line' id='line_1_34' title="bbox 387 3355 3095 3439; baseline 0.002 -22"><span class='ocrx_word' id='word_1_313' title='bbox 387 3357 451 3419; x_wconf 91' lang='lat' dir='ltr'>et</span> <span class='ocrx_word' id='word_1_314' title='bbox 494 3356 900 3439; x_wconf 87' lang='lat' dir='ltr'>singulorum,</span> <span class='ocrx_word' id='word_1_315' title='bbox 948 3376 1211 3439; x_wconf 90' lang='lat' dir='ltr'>quorum</span> <span class='ocrx_word' id='word_1_316' title='bbox 1260 3358 1518 3421; x_wconf 89' lang='lat' dir='ltr'>interest</span> <span class='ocrx_word' id='word_1_317' title='bbox 1556 3374 1664 3420; x_wconf 88' lang='lat' dir='ltr'>seu</span> <span class='ocrx_word' id='word_1_318' title='bbox 1707 3355 2004 3420; x_wconf 87' lang='lat' dir='ltr'>interesse</span> <span class='ocrx_word' id='word_1_319' title='bbox 2070 3355 2298 3438; x_wconf 89' lang='lat' dir='ltr'>poterit</span> <span class='ocrx_word' id='word_1_320' title='bbox 2361 3356 2822 3436; x_wconf 90' lang='lat' dir='ltr'>quomodolibet</span> <span class='ocrx_word' id='word_1_321' title='bbox 2874 3358 2938 3421; x_wconf 91' lang='lat' dir='ltr'>in</span> <span class='ocrx_word' id='word_1_322' title='bbox 3002 3358 3095 3422; x_wconf 87' lang='lat' dir='ltr'>fu-</span> 
     </span>
     <span class='ocr_line' id='line_1_35' title="bbox 390 3444 3097 3528; baseline 0.002 -23"><span class='ocrx_word' id='word_1_323' title='bbox 390 3446 616 3524; x_wconf 88' lang='lat' dir='ltr'>turum,</span> <span class='ocrx_word' id='word_1_324' title='bbox 657 3463 722 3508; x_wconf 87' lang='lat' dir='ltr'>se</span> <span class='ocrx_word' id='word_1_325' title='bbox 769 3444 1041 3521; x_wconf 88' lang='lat' dir='ltr'>firmum,</span> <span class='ocrx_word' id='word_1_326' title='bbox 1088 3448 1291 3509; x_wconf 87' lang='lat' dir='ltr'>ratum</span> <span class='ocrx_word' id='word_1_327' title='bbox 1358 3448 1542 3528; x_wconf 85' lang='lat' dir='ltr'>atque</span> <span class='ocrx_word' id='word_1_328' title='bbox 1602 3449 1849 3527; x_wconf 87' lang='lat' dir='ltr'>gratum</span> <span class='ocrx_word' id='word_1_329' title='bbox 1912 3445 2205 3526; x_wconf 90' lang='lat' dir='ltr'>perpetuo</span> <span class='ocrx_word' id='word_1_330' title='bbox 2262 3444 2580 3509; x_wconf 88' lang='lat' dir='ltr'>habituros</span> <span class='ocrx_word' id='word_1_331' title='bbox 2650 3463 2832 3510; x_wconf 89' lang='lat' dir='ltr'>omne</span> <span class='ocrx_word' id='word_1_332' title='bbox 2900 3446 2962 3510; x_wconf 91' lang='lat' dir='ltr'>id</span> <span class='ocrx_word' id='word_1_333' title='bbox 3033 3450 3097 3511; x_wconf 91' lang='lat' dir='ltr'>et</span> 
     </span>
     <span class='ocr_line' id='line_1_36' title="bbox 386 3531 3094 3617; baseline 0.002 -22"><span class='ocrx_word' id='word_1_334' title='bbox 386 3533 585 3597; x_wconf 91' lang='lat' dir='ltr'>totum</span> <span class='ocrx_word' id='word_1_335' title='bbox 606 3541 610 3545; x_wconf 84' lang='grc'><strong><em>’</em></strong></span> <span class='ocrx_word' id='word_1_336' title='bbox 634 3535 699 3597; x_wconf 85' lang='lat' dir='ltr'>et</span> <span class='ocrx_word' id='word_1_337' title='bbox 741 3532 1027 3614; x_wconf 89' lang='lat' dir='ltr'>quicquid</span> <span class='ocrx_word' id='word_1_338' title='bbox 1069 3551 1177 3614; x_wconf 88' lang='lat' dir='ltr'>per</span> <span class='ocrx_word' id='word_1_339' title='bbox 1221 3533 1418 3598; x_wconf 89' lang='lat' dir='ltr'>dictos</span> <span class='ocrx_word' id='word_1_340' title='bbox 1464 3551 1608 3598; x_wconf 88' lang='lat' dir='ltr'>suos</span> <span class='ocrx_word' id='word_1_341' title='bbox 1639 3534 1902 3597; x_wconf 88' lang='lat' dir='ltr'>sindicos</span> <span class='ocrx_word' id='word_1_342' title='bbox 1934 3534 1999 3596; x_wconf 88' lang='lat' dir='ltr'>et</span> <span class='ocrx_word' id='word_1_343' title='bbox 2029 3535 2445 3613; x_wconf 87' lang='lat' dir='ltr'>procuratores</span> <span class='ocrx_word' id='word_1_344' title='bbox 2478 3535 2542 3597; x_wconf 93' lang='lat' dir='ltr'>et</span> <span class='ocrx_word' id='word_1_345' title='bbox 2574 3532 2846 3615; x_wconf 88' lang='lat' dir='ltr'>ipsorum</span> <span class='ocrx_word' id='word_1_346' title='bbox 2880 3531 3094 3617; x_wconf 85' lang='lat' dir='ltr'>quem-</span> 
     </span>
     <span class='ocr_line' id='line_1_37' title="bbox 387 3619 3153 3705; baseline 0.002 -23"><span class='ocrx_word' id='word_1_347' title='bbox 387 3619 540 3683; x_wconf 86' lang='lat' dir='ltr'>libet</span> <span class='ocrx_word' id='word_1_348' title='bbox 586 3620 648 3684; x_wconf 92' lang='lat' dir='ltr'>in</span> <span class='ocrx_word' id='word_1_349' title='bbox 696 3619 961 3685; x_wconf 89' lang='lat' dir='ltr'>solidum</span> <span class='ocrx_word' id='word_1_350' title='bbox 1007 3623 1236 3699; x_wconf 87' lang='lat' dir='ltr'>actum,</span> <span class='ocrx_word' id='word_1_351' title='bbox 1285 3621 1516 3685; x_wconf 87' lang='lat' dir='ltr'>factum</span> <span class='ocrx_word' id='word_1_352' title='bbox 1563 3621 1627 3686; x_wconf 91' lang='lat' dir='ltr'>et</span> <span class='ocrx_word' id='word_1_353' title='bbox 1692 3621 1939 3704; x_wconf 88' lang='lat' dir='ltr'>gestum</span> <span class='ocrx_word' id='word_1_354' title='bbox 2002 3619 2187 3685; x_wconf 83' lang='lat' dir='ltr'>fuerit</span> <span class='ocrx_word' id='word_1_355' title='bbox 2247 3621 2308 3684; x_wconf 90' lang='lat' dir='ltr'>in</span> <span class='ocrx_word' id='word_1_356' title='bbox 2369 3620 2653 3686; x_wconf 91' lang='lat' dir='ltr'>omnibus</span> <span class='ocrx_word' id='word_1_357' title='bbox 2721 3624 3092 3705; x_wconf 84' lang='lat' dir='ltr'>supradictis</span> <span class='ocrx_word' id='word_1_358' title='bbox 3148 3633 3153 3640; x_wconf 90' lang='lat'>&#39;</span> 
     </span>
     <span class='ocr_line' id='line_1_38' title="bbox 385 3708 3090 3792; baseline 0.001 -21"><span class='ocrx_word' id='word_1_359' title='bbox 385 3710 448 3771; x_wconf 89' lang='lat' dir='ltr'>et</span> <span class='ocrx_word' id='word_1_360' title='bbox 493 3709 768 3791; x_wconf 88' lang='lat' dir='ltr'>quolibet</span> <span class='ocrx_word' id='word_1_361' title='bbox 815 3708 1082 3791; x_wconf 89' lang='lat' dir='ltr'>ipsorum</span> <span class='ocrx_word' id='word_1_362' title='bbox 1129 3728 1236 3772; x_wconf 89' lang='lat' dir='ltr'>seu</span> <span class='ocrx_word' id='word_1_363' title='bbox 1280 3710 1762 3792; x_wconf 90' lang='lat' dir='ltr'>quibuscumque</span> <span class='ocrx_word' id='word_1_364' title='bbox 1807 3708 1951 3774; x_wconf 87' lang='lat' dir='ltr'>aliis</span> <span class='ocrx_word' id='word_1_365' title='bbox 1982 3709 2336 3790; x_wconf 76' lang='lat' dir='ltr'>equalibuS,</span> <span class='ocrx_word' id='word_1_366' title='bbox 2383 3708 2735 3787; x_wconf 78' lang='lat' dir='ltr'>maioribuS,</span> <span class='ocrx_word' id='word_1_367' title='bbox 2783 3712 3090 3776; x_wconf 85' lang='lat' dir='ltr'>extraneis</span> 
     </span>
     <span class='ocr_line' id='line_1_39' title="bbox 387 3794 3089 3880; baseline 0.001 -21"><span class='ocrx_word' id='word_1_368' title='bbox 387 3799 450 3860; x_wconf 90' lang='lat' dir='ltr'>et</span> <span class='ocrx_word' id='word_1_369' title='bbox 495 3798 744 3862; x_wconf 72' lang='lat' dir='ltr'>remotis</span> <span class='ocrx_word' id='word_1_370' title='bbox 791 3800 854 3860; x_wconf 89' lang='lat' dir='ltr'>et</span> <span class='ocrx_word' id='word_1_371' title='bbox 895 3796 1352 3878; x_wconf 87' lang='lat' dir='ltr'>quomodolibet</span> <span class='ocrx_word' id='word_1_372' title='bbox 1395 3802 1809 3879; x_wconf 86' lang='lat' dir='ltr'>procuratum.</span> <span class='ocrx_word' id='word_1_373' title='bbox 1880 3794 2043 3875; x_wconf 83' lang='lat' dir='ltr'>Quos</span> <span class='ocrx_word' id='word_1_374' title='bbox 2089 3795 2334 3880; x_wconf 87' lang='lat' dir='ltr'>quidem</span> <span class='ocrx_word' id='word_1_375' title='bbox 2382 3797 2648 3862; x_wconf 89' lang='lat' dir='ltr'>sindicos</span> <span class='ocrx_word' id='word_1_376' title='bbox 2694 3800 2757 3862; x_wconf 91' lang='lat' dir='ltr'>et</span> <span class='ocrx_word' id='word_1_377' title='bbox 2803 3818 3089 3879; x_wconf 86' lang='lat' dir='ltr'>procura-</span> 
     </span>
     <span class='ocr_line' id='line_1_40' title="bbox 387 3883 3089 3969; baseline 0.001 -21"><span class='ocrx_word' id='word_1_378' title='bbox 387 3886 550 3948; x_wconf 89' lang='lat' dir='ltr'>tores</span> <span class='ocrx_word' id='word_1_379' title='bbox 595 3888 659 3949; x_wconf 88' lang='lat' dir='ltr'>et</span> <span class='ocrx_word' id='word_1_380' title='bbox 701 3885 1044 3969; x_wconf 88' lang='lat' dir='ltr'>quemlibet</span> <span class='ocrx_word' id='word_1_381' title='bbox 1088 3887 1351 3968; x_wconf 89' lang='lat' dir='ltr'>ipsorum</span> <span class='ocrx_word' id='word_1_382' title='bbox 1401 3888 1463 3949; x_wconf 91' lang='lat' dir='ltr'>in</span> <span class='ocrx_word' id='word_1_383' title='bbox 1532 3886 1797 3950; x_wconf 90' lang='lat' dir='ltr'>solidum</span> <span class='ocrx_word' id='word_1_384' title='bbox 1868 3884 2093 3967; x_wconf 87' lang='lat' dir='ltr'>prefati</span> <span class='ocrx_word' id='word_1_385' title='bbox 2153 3883 2383 3948; x_wconf 90' lang='lat' dir='ltr'>domini</span> <span class='ocrx_word' id='word_1_386' title='bbox 2444 3887 2886 3950; x_wconf 89' lang='lat' dir='ltr'>constituentes</span> <span class='ocrx_word' id='word_1_387' title='bbox 2955 3907 3089 3969; x_wconf 87' lang='lat' dir='ltr'>pro·</span> 
     </span>
     <span class='ocr_line' id='line_1_41' title="bbox 389 3972 3086 4058; baseline 0.001 -23"><span class='ocrx_word' id='word_1_388' title='bbox 389 3973 693 4050; x_wconf 78' lang='lat' dir='ltr'>miserunt</span> <span class='ocrx_word' id='word_1_389' title='bbox 739 3973 1085 4038; x_wconf 88' lang='lat' dir='ltr'>nominibus</span> <span class='ocrx_word' id='word_1_390' title='bbox 1132 3973 1355 4058; x_wconf 89' lang='lat' dir='ltr'>quibus</span> <span class='ocrx_word' id='word_1_391' title='bbox 1394 3992 1576 4056; x_wconf 87' lang='lat' dir='ltr'>supra</span> <span class='ocrx_word' id='word_1_392' title='bbox 1621 3976 1685 4038; x_wconf 89' lang='lat' dir='ltr'>et</span> <span class='ocrx_word' id='word_1_393' title='bbox 1710 3993 1777 4038; x_wconf 88' lang='lat' dir='ltr'>se</span> <span class='ocrx_word' id='word_1_394' title='bbox 1809 3972 2238 4055; x_wconf 86' lang='lat' dir='ltr'>obligaverunt</span> <span class='ocrx_word' id='word_1_395' title='bbox 2266 3989 2339 4036; x_wconf 87' lang='lat' dir='ltr'>ac</span> <span class='ocrx_word' id='word_1_396' title='bbox 2374 3991 2481 4054; x_wconf 92' lang='lat' dir='ltr'>pro</span> <span class='ocrx_word' id='word_1_397' title='bbox 2513 3975 2599 4037; x_wconf 88' lang='lat' dir='ltr'>eis</span> <span class='ocrx_word' id='word_1_398' title='bbox 2633 3974 3086 4052; x_wconf 87' lang='lat' dir='ltr'>fideiusserunt,</span> 
     </span>
     <span class='ocr_line' id='line_1_42' title="bbox 385 4061 3087 4143; baseline 0.001 -19"><span class='ocrx_word' id='word_1_399' title='bbox 385 4061 463 4124; x_wconf 86' lang='lat' dir='ltr'>ab</span> <span class='ocrx_word' id='word_1_400' title='bbox 511 4062 675 4125; x_wconf 91' lang='lat' dir='ltr'>omni</span> <span class='ocrx_word' id='word_1_401' title='bbox 721 4061 1141 4128; x_wconf 84' lang='lat' dir='ltr'>satisdationis</span> <span class='ocrx_word' id='word_1_402' title='bbox 1202 4080 1381 4127; x_wconf 91' lang='lat' dir='ltr'>onere</span> <span class='ocrx_word' id='word_1_403' title='bbox 1426 4064 1714 4127; x_wconf 84' lang='lat' dir='ltr'>relevare.</span> <span class='ocrx_word' id='word_1_404' title='bbox 1765 4062 1848 4125; x_wconf 86' lang='lat' dir='ltr'>Et</span> <span class='ocrx_word' id='word_1_405' title='bbox 1892 4080 1962 4125; x_wconf 88' lang='lat' dir='ltr'>ex</span> <span class='ocrx_word' id='word_1_406' title='bbox 2010 4079 2167 4125; x_wconf 91' lang='lat' dir='ltr'>nunc</span> <span class='ocrx_word' id='word_1_407' title='bbox 2228 4062 2433 4124; x_wconf 89' lang='lat' dir='ltr'>tenore</span> <span class='ocrx_word' id='word_1_408' title='bbox 2494 4063 2792 4143; x_wconf 89' lang='lat' dir='ltr'>presentis</span> <span class='ocrx_word' id='word_1_409' title='bbox 2853 4063 3087 4128; x_wconf 89' lang='lat' dir='ltr'>instru-</span> 
     </span>
     <span class='ocr_line' id='line_1_43' title="bbox 389 4148 3085 4234; baseline 0.001 -22"><span class='ocrx_word' id='word_1_410' title='bbox 389 4151 578 4214; x_wconf 90' lang='lat' dir='ltr'>menti</span> <span class='ocrx_word' id='word_1_411' title='bbox 628 4151 1048 4216; x_wconf 85' lang='lat' dir='ltr'>relevaverunt</span> <span class='ocrx_word' id='word_1_412' title='bbox 1092 4151 1157 4214; x_wconf 90' lang='lat' dir='ltr'>et</span> <span class='ocrx_word' id='word_1_413' title='bbox 1207 4151 1499 4229; x_wconf 86' lang='lat' dir='ltr'>relevant,</span> <span class='ocrx_word' id='word_1_414' title='bbox 1546 4151 1660 4214; x_wconf 89' lang='lat' dir='ltr'>sub</span> <span class='ocrx_word' id='word_1_415' title='bbox 1703 4149 2003 4234; x_wconf 83' lang='lat' dir='ltr'>ypotheca</span> <span class='ocrx_word' id='word_1_416' title='bbox 2048 4152 2111 4211; x_wconf 86' lang='lat' dir='ltr'>et</span> <span class='ocrx_word' id='word_1_417' title='bbox 2140 4148 2515 4231; x_wconf 84' lang='lat' dir='ltr'>obligatione</span> <span class='ocrx_word' id='word_1_418' title='bbox 2561 4152 2834 4214; x_wconf 89' lang='lat' dir='ltr'>omnium</span> <span class='ocrx_word' id='word_1_419' title='bbox 2891 4152 3085 4234; x_wconf 87' lang='lat' dir='ltr'>Aqui-</span> 
     </span>
     <span class='ocr_line' id='line_1_44' title="bbox 385 4236 3091 4322; baseline 0.002 -23"><span class='ocrx_word' id='word_1_420' title='bbox 385 4236 677 4320; x_wconf 86' lang='lat' dir='ltr'>legiensis</span> <span class='ocrx_word' id='word_1_421' title='bbox 723 4238 978 4303; x_wconf 88' lang='lat' dir='ltr'>ecclesie</span> <span class='ocrx_word' id='word_1_422' title='bbox 1024 4240 1316 4304; x_wconf 89' lang='lat' dir='ltr'>bonorum</span> <span class='ocrx_word' id='word_1_423' title='bbox 1363 4240 1736 4321; x_wconf 90' lang='lat' dir='ltr'>presentium</span> <span class='ocrx_word' id='word_1_424' title='bbox 1784 4240 1849 4303; x_wconf 89' lang='lat' dir='ltr'>et</span> <span class='ocrx_word' id='word_1_425' title='bbox 1879 4237 2244 4302; x_wconf 86' lang='lat' dir='ltr'>futurorum.</span> <span class='ocrx_word' id='word_1_426' title='bbox 2295 4238 2374 4300; x_wconf 86' lang='lat' dir='ltr'>Et</span> <span class='ocrx_word' id='word_1_427' title='bbox 2405 4256 2516 4320; x_wconf 87' lang='lat' dir='ltr'>ego</span> <span class='ocrx_word' id='word_1_428' title='bbox 2563 4238 2867 4304; x_wconf 89' lang='lat' dir='ltr'>Antonius</span> <span class='ocrx_word' id='word_1_429' title='bbox 2898 4260 3091 4322; x_wconf 85' lang='lat' dir='ltr'>quon-</span> 
     </span>
     <span class='ocr_line' id='line_1_45' title="bbox 386 4324 3091 4410; baseline 0.002 -23"><span class='ocrx_word' id='word_1_430' title='bbox 386 4324 527 4389; x_wconf 87' lang='lat' dir='ltr'>dam</span> <span class='ocrx_word' id='word_1_431' title='bbox 575 4325 820 4391; x_wconf 88' lang='lat' dir='ltr'>Nicolai</span> <span class='ocrx_word' id='word_1_432' title='bbox 867 4326 1013 4389; x_wconf 90' lang='lat' dir='ltr'>olim</span> <span class='ocrx_word' id='word_1_433' title='bbox 1060 4346 1156 4390; x_wconf 90' lang='lat' dir='ltr'>ser</span> <span class='ocrx_word' id='word_1_434' title='bbox 1202 4326 1568 4392; x_wconf 86' lang='lat' dir='ltr'>Guarnerini</span> <span class='ocrx_word' id='word_1_435' title='bbox 1631 4326 1706 4391; x_wconf 88' lang='lat' dir='ltr'>de</span> <span class='ocrx_word' id='word_1_436' title='bbox 1754 4326 2179 4409; x_wconf 84' lang='lat' dir='ltr'>Sonumbergo</span> <span class='ocrx_word' id='word_1_437' title='bbox 2241 4326 2522 4408; x_wconf 87' lang='lat' dir='ltr'>publicus</span> <span class='ocrx_word' id='word_1_438' title='bbox 2584 4326 2888 4410; x_wconf 89' lang='lat' dir='ltr'>imperiali</span> <span class='ocrx_word' id='word_1_439' title='bbox 2946 4347 3091 4393; x_wconf 87' lang='lat' dir='ltr'>auc-</span> 
     </span>
     <span class='ocr_line' id='line_1_46' title="bbox 388 4413 3090 4499; baseline 0.001 -23"><span class='ocrx_word' id='word_1_440' title='bbox 388 4416 636 4478; x_wconf 85' lang='lat' dir='ltr'>toritate</span> <span class='ocrx_word' id='word_1_441' title='bbox 683 4414 957 4479; x_wconf 87' lang='lat' dir='ltr'>notarius</span> <span class='ocrx_word' id='word_1_442' title='bbox 1004 4417 1068 4479; x_wconf 88' lang='lat' dir='ltr'>et</span> <span class='ocrx_word' id='word_1_443' title='bbox 1114 4414 1288 4478; x_wconf 81' lang='lat' dir='ltr'>index</span> <span class='ocrx_word' id='word_1_444' title='bbox 1334 4416 1672 4480; x_wconf 87' lang='lat' dir='ltr'>ordinarius</span> <span class='ocrx_word' id='word_1_445' title='bbox 1717 4433 1826 4480; x_wconf 91' lang='lat' dir='ltr'>nec</span> <span class='ocrx_word' id='word_1_446' title='bbox 1874 4432 1991 4478; x_wconf 91' lang='lat' dir='ltr'>non</span> <span class='ocrx_word' id='word_1_447' title='bbox 2036 4413 2463 4496; x_wconf 81' lang='lat' dir='ltr'>patriarchalis</span> <span class='ocrx_word' id='word_1_448' title='bbox 2524 4416 2689 4479; x_wconf 90' lang='lat' dir='ltr'>curie</span> <span class='ocrx_word' id='word_1_449' title='bbox 2748 4416 3090 4499; x_wconf 83' lang='lat' dir='ltr'>spiritualis</span> 
     </span>
     <span class='ocr_line' id='line_1_47' title="bbox 389 4501 3087 4586; baseline 0.001 -22"><span class='ocrx_word' id='word_1_450' title='bbox 389 4501 842 4585; x_wconf 84' lang='lat' dir='ltr'>Aquilegiensis</span> <span class='ocrx_word' id='word_1_451' title='bbox 889 4502 1171 4567; x_wconf 87' lang='lat' dir='ltr'>officialis</span> <span class='ocrx_word' id='word_1_452' title='bbox 1219 4507 1283 4568; x_wconf 88' lang='lat' dir='ltr'>et</span> <span class='ocrx_word' id='word_1_453' title='bbox 1327 4505 1547 4581; x_wconf 78' lang='lat' dir='ltr'>scriba,</span> <span class='ocrx_word' id='word_1_454' title='bbox 1613 4503 1928 4586; x_wconf 89' lang='lat' dir='ltr'>premissis</span> <span class='ocrx_word' id='word_1_455' title='bbox 1991 4501 2275 4565; x_wconf 84' lang='lat' dir='ltr'>omnibus</span> <span class='ocrx_word' id='word_1_456' title='bbox 2337 4504 2399 4566; x_wconf 85' lang='lat' dir='ltr'>et</span> <span class='ocrx_word' id='word_1_457' title='bbox 2458 4503 2722 4585; x_wconf 89' lang='lat' dir='ltr'>singulis</span> <span class='ocrx_word' id='word_1_458' title='bbox 2783 4506 3087 4569; x_wconf 86' lang='lat' dir='ltr'>contentis</span> 
     </span>
     <span class='ocr_line' id='line_1_48' title="bbox 386 4589 3090 4673; baseline 0.001 -19"><span class='ocrx_word' id='word_1_459' title='bbox 386 4592 446 4654; x_wconf 90' lang='lat' dir='ltr'>in</span> <span class='ocrx_word' id='word_1_460' title='bbox 505 4591 760 4673; x_wconf 87' lang='lat' dir='ltr'>prefatis</span> <span class='ocrx_word' id='word_1_461' title='bbox 819 4591 1053 4655; x_wconf 86' lang='lat' dir='ltr'>duobus</span> <span class='ocrx_word' id='word_1_462' title='bbox 1113 4592 1556 4672; x_wconf 82' lang='lat' dir='ltr'>procurationis</span> <span class='ocrx_word' id='word_1_463' title='bbox 1617 4591 1954 4655; x_wconf 89' lang='lat' dir='ltr'>sindicatus</span> <span class='ocrx_word' id='word_1_464' title='bbox 2014 4608 2087 4653; x_wconf 86' lang='lat' dir='ltr'>ac</span> <span class='ocrx_word' id='word_1_465' title='bbox 2152 4589 2576 4654; x_wconf 84' lang='lat' dir='ltr'>ratificationis</span> <span class='ocrx_word' id='word_1_466' title='bbox 2637 4591 3090 4672; x_wconf 77' lang='lat' dir='ltr'>instrumentiS,</span> 
     </span>
     <span class='ocr_line' id='line_1_49' title="bbox 384 4676 3089 4764; baseline 0.002 -22"><span class='ocrx_word' id='word_1_467' title='bbox 384 4678 533 4743; x_wconf 91' lang='lat' dir='ltr'>dum</span> <span class='ocrx_word' id='word_1_468' title='bbox 580 4681 666 4744; x_wconf 90' lang='lat' dir='ltr'>sic</span> <span class='ocrx_word' id='word_1_469' title='bbox 711 4681 1059 4762; x_wconf 87' lang='lat' dir='ltr'>agerentur,</span> <span class='ocrx_word' id='word_1_470' title='bbox 1103 4699 1223 4745; x_wconf 87' lang='lat' dir='ltr'>uua</span> <span class='ocrx_word' id='word_1_471' title='bbox 1266 4699 1404 4744; x_wconf 89' lang='lat' dir='ltr'>cum</span> <span class='ocrx_word' id='word_1_472' title='bbox 1453 4679 1632 4745; x_wconf 83' lang='lat' dir='ltr'>dictis</span> <span class='ocrx_word' id='word_1_473' title='bbox 1681 4679 1945 4744; x_wconf 86' lang='lat' dir='ltr'>testibus</span> <span class='ocrx_word' id='word_1_474' title='bbox 1976 4696 2227 4762; x_wconf 86' lang='lat' dir='ltr'>presens</span> <span class='ocrx_word' id='word_1_475' title='bbox 2276 4676 2383 4758; x_wconf 83' lang='lat' dir='ltr'>fui,</span> <span class='ocrx_word' id='word_1_476' title='bbox 2430 4682 2777 4763; x_wconf 84' lang='lat' dir='ltr'>et.rogatus</span> <span class='ocrx_word' id='word_1_477' title='bbox 2809 4701 2915 4764; x_wconf 87' lang='lat' dir='ltr'>per</span> <span class='ocrx_word' id='word_1_478' title='bbox 2947 4700 3089 4764; x_wconf 84' lang='lat' dir='ltr'>pre-</span> 
     </span>
    </p>
   </div>
  </div>
 </body>
</html>
