3620 5282
2925 336 3049 405 107

332 531 522 578 unum
569 511 862 596 depositis
926 512 1086 597 apud
1143 531 1263 579 eos.
1329 512 1456 579 Nos
1525 512 1804 580 Andreas
1871 513 2160 582 Daudulo
2222 515 2322 581 dei
2383 512 2586 618 gratia
2630 513 3056 594 veneciarum,

345 600 665 666 Dalmacie
712 604 893 684 atque
940 599 1232 666 Chroacie
1279 601 1397 667 dux
1444 603 1563 667 etc.
1631 602 2005 687 Deponimus
2068 604 2228 687 apud
2292 622 2395 669 vos
2452 600 2687 667 nobiles
2739 601 2902 668 viros
2948 602 3059 669 do·

338 687 534 754 minos
596 688 877 754 Marcum
933 689 1290 754 Lauredano
1357 690 1419 755 et
1484 690 1831 756 Johannem
1897 690 2257 776 Delphyne,
2325 692 2748 775 procuratores
2810 692 3073 757 nostros·

340 774 597 842 ecclesie
644 776 846 842 sancti
892 776 1090 842 Marci
1135 777 1391 843 ducatos
1438 777 1805 863 quingentos
1854 797 2076 857 unum,
2124 797 2275 863 quos
2336 797 2543 845 comes
2610 780 2822 845 noster
2861 779 3056 845 Jadre

338 865 513 929 uobis
559 866 751 943 misit,
799 865 1043 931 habitos
1084 867 1159 931 de
1203 865 1572 949 quibusdam
1619 867 2102 950 possessionibus
2166 870 2231 933 et
2276 867 2449 933 bonis
2513 866 2766 932 condam
2814 865 3056 933 Micha-

337 951 448 1018 elis
488 952 565 1018 de
611 951 932 1038 Fanfogna
978 958 1043 1019 et
1087 953 1433 1020 successive
1478 953 1783 1020 Johannis
1831 955 1907 1020 de
1950 955 2266 1041 Fanfogna
2310 954 2440 1021 eius
2471 954 2605 1033 filii,
2652 973 2761 1037 pro
2802 954 3055 1037 quibus-

338 1040 479 1105 dam
525 1041 852 1107 sententiis
907 1042 1084 1107 nobis
1145 1042 1531 1125 presentatis.
1595 1041 1795 1122 Quam
1856 1042 2103 1127 quidem
2164 1044 2489 1127 pecuniam
2552 1061 2930 1121 conservare,
2980 1045 3050 1107 et

340 1128 413 1193 de
457 1127 597 1212 ipsa
641 1130 785 1194 dare
829 1131 895 1195 et
938 1129 1140 1196 facere
1186 1129 1483 1209 debeatis,
1540 1129 1701 1196 sicut
1741 1149 1853 1196 nos
1897 1133 1995 1196 vel
2039 1149 2417 1198 successores
2479 1131 2672 1196 nostri
2717 1129 2889 1197 vobis
2936 1129 3055 1195 du-

337 1216 605 1282 xerimus
649 1217 1076 1284 ordinandum.
1133 1218 1364 1283 Datum
1410 1218 1473 1284 in
1518 1223 1727 1285 nostro
1773 1219 1974 1285 ducali
2036 1218 2271 1304 palacio
2316 1221 2413 1286 die
2460 1219 2549 1285 VI
2590 1218 2903 1298 octubriS,
2952 1236 3052 1284 se-

338 1304 535 1380 cunde
577 1304 948 1385 indictionis,
995 1304 1503 1372 MCCCXLVIII.

429 1394 1000 1458 Commmorialium
1043 1398 1083 1457 1
1097 1397 1158 1457 V.
1208 1399 1351 1468 126,
1395 1415 1437 1457 u
1480 1397 1821 1459 mletadkom
1866 1400 2098 1459 arka‘vu.

650 1585 996 1669 CLXII.
1050 1586 1255 1671 God.
1309 1587 1539 1672 1348.
1592 1589 1690 1671 18
1742 1587 2199 1690 listopada,
2250 1610 2311 1670 ιι
2363 1587 2754 1672 Mletoih.

338 1713 440 1773 Na
479 1713 675 1775 molbu
719 1714 1083 1790 bosanskoya
1146 1715 1305 1775 ban-a
1348 1716 1659 1789 republika
1706 1714 2095 1790 prepmeuje
2152 1716 2312 1790 papi
2369 1715 2574 1788 frutra
2619 1715 2944 1791 Pereyrina
2985 1729 3064 1775 aa

1369 1804 1734 1879 bosanskoya
1777 1805 2047 1878 biskupa.

552 1922 741 1988 1348.
788 1923 888 1989 die
936 1923 1152 1989 XVIII
1196 1924 1494 2003 octubriS,
1540 1926 1761 2008 capta:
1821 1944 1963 1990 cum
2009 1923 2292 1989 dominus
2339 1923 2532 1990 banus
2580 1922 2837 1989 Bossine
2883 1940 3060 2007 roga-

342 2010 499 2076 verit
543 2029 653 2076 nos
699 2030 810 2094 per
853 2011 1098 2077 litteras
1145 2031 1290 2078 suas
1338 2014 1661 2090 instanter,
1711 2012 1873 2095 quod
1918 2012 2488 2079 recommendemus
2535 2030 2646 2096 pro
2692 2012 3057 2095 episcopatu

342 2099 540 2163 Bosne
588 2100 848 2165 fratrem
894 2100 1315 2185 Peregrinum,
1356 2100 1587 2166 ordinis
1633 2102 1977 2176 minorum,
2048 2101 2258 2166 vicarii
2320 2100 2626 2184 generalis
2673 2099 2949 2165 ministri
2994 2097 3060 2164 in

345 2187 622 2263 Bossiua,
671 2187 919 2253 domino
984 2206 1141 2273 pape
1186 2191 1250 2253 et
1294 2188 1520 2254 uostris
1587 2188 1825 2254 nunciis
1873 2190 1934 2253 in
1982 2188 2153 2254 curia
2212 2207 2500 2265 romana,
2565 2190 2630 2254 et
2690 2206 2802 2254 nos
2863 2187 3057 2252 simus

343 2274 617 2340 multum
663 2275 920 2359 obligati
971 2276 1138 2342 dicto
1184 2277 1432 2342 domino
1482 2278 1638 2342 bano
1684 2280 1748 2341 et
1794 2277 1987 2341 etiam
2033 2276 2209 2342 fratri
2256 2277 2624 2361 Peregrino:
2673 2275 2846 2342 vadit
2890 2293 3052 2358 parS,

343 2362 505 2445 quod
551 2363 616 2429 in
662 2363 937 2429 favorem
983 2364 1134 2430 dicti
1178 2363 1389 2430 fratris
1438 2365 1753 2449 Peregrini
1791 2385 1903 2449 pro
1949 2364 2082 2448 ipso
2142 2365 2492 2448 episcopatu
2560 2365 2802 2447 possint
2868 2362 3059 2428 scribi

342 2453 407 2514 et
453 2451 623 2516 mitti
668 2452 880 2517 littere
925 2451 1174 2518 domino
1221 2472 1375 2537 pape
1425 2454 1489 2518 et
1533 2454 1761 2519 nostris
1825 2453 2062 2518 nunciis
2125 2454 2189 2518 et
2248 2452 2426 2531 aliis,
2488 2452 2652 2518 sicut
2712 2454 2775 2518 et
2831 2451 2895 2516 in
2950 2450 3062 2516 illa

348 2537 569 2617 forma,
598 2559 714 2624 que
738 2539 1047 2606 videbitur
1070 2541 1368 2618 domiuio;
1403 2560 1544 2606 cum
1590 2541 1815 2624 quibus
1838 2540 2067 2607 litteris
2094 2541 2322 2607 uostris
2349 2541 2680 2606 mittantur
2701 2541 2890 2606 etiam
2929 2558 3056 2605 sue.

426 2631 607 2693 Misia·
656 2630 887 2692 XXIV
927 2634 1070 2704 100,
1117 2652 1159 2693 u
1205 2634 1420 2694 arkivu
1463 2633 1821 2694 mletaekmn.

611 2819 999 2905 CLXIII.
1081 2822 1288 2906 God.
1342 2822 1570 2906 1348.
1625 2822 1726 2908 25
1781 2822 2243 2924 listopada‚
2293 2845 2354 2905 ιι
2407 2821 2797 2905 Mletcih.

345 2948 500 3023 Papi
543 2966 607 3009 se
640 2949 794 3023 pise,
855 2951 1010 3010 neka
1052 2951 1306 3024 imenuje
1353 2951 1507 3024 Ιῑῡιι
1569 2952 1874 3011 kanonika
1934 2951 2299 3026 troqirskoya
2358 2950 2694 3025 troqirskim
2742 2949 3061 3023 biskupmn.

557 3069 745 3135 1348.
786 3070 887 3136 die
926 3071 1105 3136 XXV
1151 3071 1447 3150 octubris,
1496 3074 1724 3155 capta:
1795 3071 1959 3156 quod
2004 3070 2386 3137 considerata
2448 3068 2747 3135 laudabili
2792 3072 2858 3135 et
2903 3070 3063 3135 bona

343 3156 768 3241 dispositione,
817 3177 1000 3242 quam
1048 3158 1341 3225 honestus
1388 3160 1483 3226 vir
1504 3160 1809 3243 dampnus
1833 3159 2068 3244 Helyas
2115 3159 2439 3224 canonicus
2462 3157 2836 3241 Tragurinus
2868 3158 3064 3241 gessit

343 3248 434 3310 et.
447 3246 613 3329 gerit
657 3246 736 3311 ad
785 3248 1040 3313 honores
1086 3249 1279 3313 nostri
1323 3248 1617 3325 dominii,
1680 3249 1919 3332 possint
1964 3248 2028 3312 in
2075 3247 2205 3313 eius
2267 3247 2537 3313 favorem
2600 3245 2785 3310 scribi
2848 3245 3060 3311 littere

343 3336 553 3399 nostre
597 3334 848 3400 domiuo
891 3354 1067 3420 pape,
1117 3335 1530 3401 cardinalibus
1592 3339 1654 3401 et
1718 3336 1956 3401 nunciis
2016 3335 2242 3400 nostris
2303 3333 2706 3400 existentibus
2751 3333 2815 3399 in
2862 3333 3057 3411 curia,

343 3425 407 3486 et
452 3422 614 3501 aliis,
662 3423 885 3506 quibus
933 3423 1305 3503 videbitur,
1343 3442 1452 3508 pro
1512 3425 1868 3509 episcopatu
1914 3423 2348 3508 Traguriensi,
2397 3423 2503 3508 qui
2548 3440 2763 3489 vacare
2810 3422 3058 3501 dicitur,

349 3509 411 3574 in
456 3509 571 3575 illa
615 3511 833 3590 forma,
881 3531 998 3595 que
1044 3512 1290 3578 domino
1337 3515 1402 3577 et
1444 3512 1813 3578 consiliariis
1860 3512 2187 3578 videbitur.

427 3590 629 3674 meti,
675 3602 916 3663 XXIV.
964 3606 1109 3674 101,
1155 3623 1197 3663 u
1243 3605 1459 3664 arkivu
1492 3605 1851 3664 mletadlcom.

580 3791 951 3875 CLXIV.
1024 3793 1231 3876 God.
1286 3793 1516 3877 1348.
1572 3793 1675 3877 29
1732 3793 2185 3895 listopeda,
2237 3815 2298 3875 ιι
2351 3792 2817 3895 Avinjonu.

348 3918 568 3995 Post-§je
597 3922 771 3980 smrti
800 3921 1082 3980 Mau-tina
1102 3920 1349 3995 Μαίϋα,
1395 3922 1741 3995 nade‘akon
1763 3921 1984 3995 rabski,
2031 3922 2340 3980 imenovan
2361 3937 2434 3980 za
2457 3921 2768 3994 osorskoya
2790 3918 3059 3991 biskupa.

554 4041 920 4125 Exemplum
978 4042 1326 4122 litterarum
1393 4044 1710 4127 papalium
1784 4061 1895 4127 pro
1959 4042 2241 4127 episcopo
2304 4040 2654 4107 Auserensi.
2720 4037 3060 4104 Millesimo

354 4129 786 4195 trecentesimo
843 4130 1315 4214 quadragesimo
1378 4134 1593 4198 octavo
1651 4131 1850 4216 prime
1909 4131 2281 4196 indictionis.
2362 4128 2643 4194 Clemens
2708 4130 3051 4212 episcopuS,

347 4236 559 4285 servus
603 4236 918 4283 servorum
964 4219 1081 4298 dei,
1128 4219 1356 4286 dilecto
1417 4218 1545 4285 filio
1607 4219 1798 4285 nobili
1855 4221 1984 4285 viro
2011 4219 2273 4284 Andree
2322 4217 2611 4283 Dandulo
2670 4217 2813 4283 duci
2858 4216 3061 4280 Vene-

346 4304 580 4371 ciarum
624 4305 962 4372 castellane
1003 4306 1264 4373 diecesis
1309 4308 1576 4373 salutem
1639 4313 1701 4373 et
1742 4307 2147 4391 apostolicam
2193 4306 2663 4372 beneditionem.
2711 4303 2811 4370 Ad
2851 4304 3061 4369 foven-

353 4394 497 4459 dum
545 4394 608 4459 in
652 4392 937 4459 caritatis
983 4394 1321 4460 visceribus
1367 4395 1762 4461 ecclesiarum
1796 4395 2082 4479 prelatos,
2123 4396 2188 4460 et
2223 4394 2550 4480 presertim
2581 4412 2709 4472 eoS,
2757 4392 2865 4477 qui
2908 4410 3061 4477 pou-

349 4480 563 4548 tificali
609 4482 963 4565 preminent
1007 4482 1313 4568 dignitate
1367 4501 1436 4549 eo
1480 4483 1872 4550 fiducialibus
1935 4487 1995 4549 te
2059 4483 2285 4549 nostris
2347 4482 2631 4567 precibus
2693 4443 3057 4558 'invitamus

344 4587 465 4653 quo
511 4569 577 4636 in
622 4587 880 4655 operum
903 4571 1253 4638 executione
1281 4571 1578 4637 bonorum
1624 4572 1729 4636 tue
1775 4570 2117 4636 nobilitatis
2143 4571 2430 4636 affectum
2458 4570 2827 4636 extimamus
2860 4569 3061 4651 magis

346 4659 701 4757 promptum
749 4661 814 4725 et
858 4658 1105 4726 facilem
1140 4659 1431 4740 invenire,
1479 4659 1745 4725 maxime
1795 4678 1936 4725 cum
1981 4659 2145 4742 apud
2189 4660 2392 4737 deum,
2441 4658 2615 4724 cuius
2676 4657 2896 4739 prelati
2943 4656 3059 4722 hu-

346 4744 609 4814 iusmodi
654 4749 800 4814 sunt
843 4747 1136 4829 ministri,
1186 4749 1394 4814 eterne
1440 4747 1865 4814 retributionis
1910 4745 2188 4831 precium
2232 4747 2298 4810 et
2341 4747 2501 4829 apud
2546 4744 2826 4811 homines
2854 4741 3058 4810 laudis
