3620 5282
3023 365 3152 434 195

583 535 1214 617 CCLXXXIII.
1273 536 1479 618 God.
1534 537 1765 621 1350.
1823 537 1925 621 26
1981 537 2432 637 kolovoza,
2487 559 2547 619 u
2602 536 2993 620 Mletcih.

423 662 523 719 Na
569 680 681 719 nov
727 662 957 735 zahtjcv
992 664 1318 735 poslanika
1360 665 1645 737 uyarskih
1688 664 1853 737 ylede
1898 664 2085 723 §koda
2130 665 2434 738 uyarskim
2470 664 2837 736 podanikom
2867 682 2951 725 na
2979 684 3149 726 moru

420 750 764 819 uanesenih,
812 751 1109 824 odyovara
1153 768 1232 820 se,
1280 752 1359 809 da
1405 751 1467 810 έε
1512 769 1573 811 se
1617 756 1785 810 slvar
1828 754 2126 821 razviditi‚
2169 756 2190 812 ι’
2234 770 2276 811 u
2321 753 2531 812 smislu
2566 753 2827 826 poqodbe
2861 755 3152 827 primim‘a

1678 840 1892 899 νίεὲἱίί.

639 941 824 1003 1350.
872 939 971 1003 die
1020 939 1226 1004 XXVI
1254 939 1519 1022 augusti
1564 942 1785 1024 capta:
1831 961 2018 1042 quum
2044 942 2407 1007 ambaxator
2450 941 2693 1007 domine
2738 943 2948 1026 regine
2977 945 3153 1009 Hun-

418 1027 590 1110 garie
638 1030 700 1092 et
747 1027 919 1092 ducis
970 1026 1287 1111 Stephani,
1339 1029 1548 1093 audita
1593 1031 1986 1111 responsione
2034 1030 2155 1095 sibi
2202 1031 2368 1095 facta
2414 1050 2522 1113 per
2569 1048 2679 1093 nos
2727 1030 2806 1094 ad
2873 1033 3145 1133 primum

422 1115 760 1198 capitulum
810 1117 1135 1180 ambaxate
1182 1134 1310 1193 sue,
1362 1115 1713 1217 replicando
1763 1118 2072 1196 instabat,
2117 1119 2189 1182 ut
2232 1136 2416 1200 super
2476 1117 2720 1181 damnis
2785 1122 2849 1182 et
2910 1120 3151 1185 iniuriis

422 1204 707 1285 gentibus
752 1204 880 1267 suis
929 1204 1391 1269 transeuntibus
1439 1205 1501 1266 in
1548 1203 1860 1287 Apuleam
1907 1225 2016 1289 per
2061 1224 2231 1269 mare
2279 1206 2572 1288 irrogatis
2605 1205 2966 1271 deberemus
3015 1226 3155 1289 pro-

423 1291 649 1369 videre,
703 1292 1082 1373 subiungens
1130 1291 1339 1374 aliqua
1382 1310 1453 1355 ex
1500 1291 1743 1356 damnis
1789 1293 2084 1375 predictis
2108 1292 2256 1357 data
2301 1312 2435 1357 esse
2483 1293 2543 1356 in
2593 1293 2891 1374 portubus
2922 1296 3152 1360 nostris

423 1381 488 1443 et
528 1379 643 1442 sub
690 1382 902 1443 nostra
950 1379 1364 1461 protectione:
1416 1378 1587 1443 vadit
1636 1399 1798 1462 parS,
1854 1380 2016 1464 quod
2066 1380 2505 1463 respondeatur
2544 1380 2619 1457 ei,
2670 1382 2832 1463 quod
2866 1401 2976 1447 nos
3008 1401 3151 1465 gra-

425 1469 548 1542 vat,
601 1470 669 1530 ut
716 1467 1003 1541 diximuS,
1051 1466 1125 1531 de
1173 1467 1416 1530 damnis
1463 1467 1742 1549 prefatis,
1793 1471 1858 1533 et
1903 1469 2167 1533 maxime
2213 1468 2267 1532 si
2315 1469 2377 1532 in
2428 1469 2651 1532 nostris
2713 1470 2992 1552 portibus
3055 1471 3153 1536 vel

426 1554 781 1632 territoriis,
831 1556 901 1617 ut
950 1554 1190 1631 asserit,
1244 1554 1409 1619 facta
1454 1554 1695 1633 forent3
1734 1557 1839 1620 sed
1885 1574 2025 1620 cum
2073 1556 2148 1620 de
2197 1556 2309 1620 hoc
2356 1574 2665 1637 nunquam
2726 1557 2912 1621 fuerit
2974 1558 3151 1622 nobis

431 1642 554 1707 ulla
602 1643 849 1718 noticia,
898 1659 1041 1726 ymo
1088 1643 1173 1706 sit
1218 1645 1498 1725 protinus
1554 1643 1728 1706 nobis
1775 1662 2018 1722 novum,
2085 1644 2497 1721 intendimus,
2562 1642 2711 1706 licet
2777 1648 2984 1709 tamen
3033 1664 3153 1710 non

428 1730 773 1807 credamuS,
821 1729 1026 1811 posito
1075 1729 1230 1811 quod
1279 1729 1396 1794 hoc
1442 1729 1619 1805 foret,
1670 1731 1865 1795 teneri
1913 1751 2019 1813 per
2066 1734 2360 1813 treuguas
2407 1730 2481 1795 de
2529 1731 2771 1794 damnis
2830 1732 2996 1796 datis
3043 1752 3152 1816 per

426 1817 583 1883 alios
629 1837 812 1898 super
858 1818 998 1881 inde
1044 1818 1290 1899 plenam
1342 1817 1839 1883 informationem
1886 1837 2027 1883 cum
2075 1818 2364 1902 diligenti
2409 1817 2811 1901 inquisitione
2858 1820 3147 1901 recipere,

424 1923 544 1986 qua
590 1905 807 1970 habita
852 1905 1251 1988 proponimus
1301 1905 1635 1969 secundum
1685 1924 1775 1983 ea,
1828 1924 1944 1989 que
1984 1907 2431 1983 invenerimus,
2482 1905 2797 1988 providere
2846 1909 2909 1970 et
2954 1908 3154 1971 facere

426 1993 587 2057 circa
628 1993 761 2071 hoc,
812 1991 1100 2075 quicquid
1149 1992 1540 2057 debuerimus
1587 1996 1649 2058 et
1694 1994 2042 2059 tenebimur
2076 2014 2146 2058 ex
2186 1994 2380 2059 forma
2413 1996 2831 2075 treuguarum,
2882 1995 2959 2057 ad
3005 2014 3156 2077 qua-

422 2100 556 2144 rum
606 2081 1097 2146 observationem
1145 2079 1393 2157 fuimuS,
1444 2100 1657 2145 sumus
1706 2086 1767 2146 et
1806 2100 1941 2146 esse
1990 2081 2368 2147 intendimus
2414 2082 2696 2165 prompte
2736 2080 3023 2164 dispositi
3091 2084 3153 2146 et

421 2168 641 2250 parati.
692 2171 784 2233 De
831 2185 953 2232 non
1000 2168 1061 2244 2,
1104 2186 1226 2231 non
1271 2168 1497 2233 sinceri
1542 2167 1606 2232 8.

506 2259 662 2319 Secr.
709 2277 865 2319 cons.
906 2262 1093 2334 royac.
1139 2259 1239 2317 lib.
1287 2259 1363 2316 B.
1416 2261 1517 2329 57,
1562 2277 1605 2318 u
1653 2260 1871 2319 arkivu
1911 2260 2268 2320 mlctabkom.

611 2447 1208 2530 CCLXXXIV.
1264 2448 1472 2531 God.
1526 2447 1754 2531 1350.
1810 2448 1906 2530 27
1960 2448 2406 2549 kolovoza,
2460 2472 2518 2531 ιι
2571 2450 2961 2532 Mletcih.

415 2575 627 2649 Javlja
672 2593 733 2636 se
764 2576 1043 2650 njekojim
1081 2576 1393 2635 knezovom
1437 2593 1480 2633 u
1528 2576 1679 2634 Istri
1724 2576 1748 2633 i
1792 2593 1834 2633 u
1881 2575 2230 2654 Dalmaciji,
2277 2577 2358 2635 da
2404 2578 2641 2636 brodovi
2684 2579 2760 2636 od
2799 2576 2965 2652 njek'e
3007 2578 3147 2637 veli-

1071 2665 1198 2723 ciue
1242 2665 1543 2723 ncsmc'edu
1588 2664 1741 2724 izadi
1783 2666 1839 2723 iz
1872 2664 2287 2739 jadranskoya
2333 2683 2498 2724 mora

637 2766 822 2829 1350.
871 2766 971 2830 die
1014 2765 1262 2830 XXVII
1307 2768 1574 2848 augusti,
1624 2767 1840 2848 capta:
1887 2765 2049 2848 quod
2110 2766 2420 2831 scribatur
2464 2767 2876 2850 infrascriptis
2921 2770 3149 2833 nostris

419 2854 763 2918 rectoribus
812 2856 877 2918 in
921 2855 1036 2918 hac
1082 2855 1315 2918 forma:
1368 2855 1671 2918 Potestati
1701 2854 1994 2933 Parentii,
2044 2853 2269 2918 similis
2301 2854 2597 2937 potestati
2623 2854 2876 2934 Rubini,
2925 2855 3150 2920 similis

421 2941 639 3006 comiti
684 2942 852 3022 Pele,
903 2941 1125 3007 similis
1165 2941 1378 3006 comiti
1427 2941 1657 3020 Jadre,
1720 2942 1949 3006 similis
2009 2942 2308 3023 potestati
2354 2942 2584 3022 Lesne,
2653 2943 2879 3007 similis
2941 2944 3152 3009 comiti

420 3029 705 3113 Ragusii.
974 3053 975 3056 ¹

634 3117 803 3183 Scire
851 3117 1115 3200 debetis,
1164 3118 1321 3200 quod
1369 3136 1478 3200 per
1540 3136 1651 3182 nos
1698 3120 1761 3182 et
1806 3119 2017 3183 nostra
2076 3116 2331 3183 consilia
2391 3120 2631 3195 mium,
2694 3119 3044 3202 rogatorum
3092 3122 3158 3185 et

421 3205 535 3268 XL
580 3206 834 3288 captum
883 3207 947 3270 et
991 3205 1344 3270 ordinatum
1395 3207 1508 3283 est,
1559 3206 1720 3289 quod
1783 3205 2025 3270 nullum
2088 3205 2403 3289 navigium
2467 3207 2872 3271 disarmatum
2934 3226 2971 3271 a
3014 3225 3159 3272 cen-

421 3297 556 3357 tum
607 3293 915 3358 milliariis
962 3312 1150 3377 supra
1197 3294 1392 3375 possit
1438 3295 1719 3358 recedere
1766 3311 1874 3375 pro
1920 3295 2115 3357 eundo
2176 3296 2348 3358 extra
2402 3293 2696 3377 culphum
2761 3296 2824 3358 in
2881 3295 3154 3376 aliquam

418 3384 665 3464 partem
713 3381 846 3447 sine
892 3385 1105 3446 nostra
1149 3381 1401 3445 licentia
1448 3381 1562 3446 sub
1611 3398 1767 3465 pena
1813 3382 1930 3446 duo
1971 3380 2174 3445 millia
2213 3383 2575 3448 ducatorum
2622 3385 2687 3447 et
2731 3382 2871 3464 plus
2926 3383 3003 3447 ad
3049 3404 3156 3449 vo-

420 3470 731 3534 luntatem
778 3471 1079 3534 nostram.
1129 3467 1331 3547 Quare
1378 3468 1675 3548 volentes,
1741 3468 1813 3533 ut
1856 3469 1968 3533 hec
2030 3472 2239 3534 nostra
2300 3469 2559 3534 intentio
2623 3470 2897 3553 plenarie
2944 3471 3152 3536 obser-

418 3558 620 3635 vetur,
670 3559 733 3621 et
778 3578 887 3640 per
932 3557 1301 3622 indirectum
1349 3576 1456 3639 per
1500 3557 1655 3621 alios
1693 3575 1815 3620 non
1860 3556 2199 3636 fraudetur,
2246 3557 2533 3623 fidelitati
2576 3561 2780 3623 vestre
2827 3558 3154 3625 scribimus

420 3648 485 3709 et
532 3647 914 3724 maudamuS,
980 3646 1281 3728 quatenus
1344 3644 1628 3710 omnibus
1689 3647 1753 3709 et
1815 3644 2076 3726 singulis
2139 3645 2400 3727 navigiis
2466 3646 2818 3710 nostrorum
2877 3646 3154 3711 fidelium

417 3733 794 3798 condicionis
842 3733 1136 3815 predicte,
1184 3752 1301 3816 que
1349 3734 1425 3797 ad
1472 3734 1684 3815 partes
1731 3732 1924 3797 vestri
1972 3732 2293 3814 regiminis
2352 3734 2703 3817 aliqualiter
2747 3734 3150 3813 declinarent,

421 3821 700 3886 debeatis
748 3821 878 3885 fieri
927 3819 1127 3885 facere
1173 3822 1555 3903 preceptum,
1606 3820 1769 3903 quod
1809 3818 1978 3884 nullo
2027 3822 2205 3884 modo
2270 3825 2635 3903 presumant
2692 3822 2854 3885 exire
2916 3821 3151 3885 culfum

419 3908 555 3972 sine
597 3911 807 3973 nostra
853 3907 1124 3986 licentia,
1174 3909 1279 3972 sed
1326 3906 1577 3974 veniant
1623 3907 1851 3972 directe
1900 3907 2196 3972 Venecias
2245 3908 2358 3971 sub
2410 3927 2567 3990 pena
2615 3908 2928 3990 predicta3
2999 3906 3155 3972 faci-

413 3999 592 4060 entes
640 3996 844 4060 notari
882 3995 1161 4062 ordinate
1209 3995 1561 4061 huiusmodi
1603 3996 1849 4078 navigia
1895 3996 1959 4058 et
2008 3994 2255 4076 nomina
2292 3996 2712 4078 patronorum,
2763 3995 2985 4079 quibus
3015 4016 3153 4078 pre-

414 4087 668 4166 ceptum
713 4085 1004 4163 feceritis,
1052 4083 1117 4148 et
1161 4101 1233 4149 ea
1278 4084 1455 4148 nobis
1502 4083 1724 4148 vestris
1772 4081 2001 4148 litteris
2048 4082 2339 4148 seriosius
2368 4084 2774 4149 declarantes
2818 4083 2909 4149 De
2946 4102 3062 4148 non
3087 4084 3147 4164 3,

411 4190 538 4237 non
585 4171 807 4236 sinceri
853 4171 916 4236 Ο.

498 4261 660 4323 Secr.
704 4279 860 4323 cons.
908 4265 1098 4337 νομαί.
1145 4261 1222 4320 B.
1272 4263 1371 4322 59.
1414 4279 1456 4321 u
1501 4261 1845 4322 mletackom
1890 4261 2124 4326 arkivu.

704 4432 1264 4518 CCLXXXV.
1330 4432 1537 4515 (3011.
1593 4433 1824 4517 1350.
1880 4433 1975 4516 12
2029 4434 2314 4535 l'ujna9
2369 4456 2430 4514 u
2484 4433 2882 4516 Mletcih.

632 4559 895 4621 Odredbe
938 4578 1023 4619 na
1064 4559 1370 4619 nacelnike
1410 4559 1677 4634 qradova
1720 4576 1795 4621 za
1838 4560 2213 4635 sakupb‘enje
2255 4563 2585 4620 mornare'ce
2628 4578 2703 4621 za
2741 4561 2941 4636 qaliq‘e.

634 4662 818 4727 1350.
868 4664 965 4729 die
1012 4662 1139 4727 XII
1184 4661 1574 4745 septembris,
1625 4664 1845 4746 capta:
1922 4682 2063 4728 cum
2113 4664 2300 4728 faciat
2347 4682 2456 4747 pro
2503 4665 2678 4729 nobis
2723 4683 2833 4748 per
2879 4683 2987 4742 ea,
3036 4682 3151 4746 que

404 4750 712 4819 habemus
759 4752 833 4817 de
878 4750 1102 4833 Janua,
1173 4750 1499 4836 procedere
1566 4752 1630 4816 in
1694 4752 1939 4817 armata
2002 4752 2242 4820 noviter
2304 4750 2585 4817 ordinata
2648 4771 2756 4836 per
2801 4771 2913 4818 nos
2961 4753 3024 4816 et
3070 4749 3150 4814 ad

2902 4899 2942 4940 ιιι
