3620 5282
2994 374 3119 442 169

614 551 970 617 Notandum
1015 570 1155 617 vere
1199 552 1315 631 est,
1363 554 1524 635 quod
1591 554 1706 620 hoc
1766 553 2058 619 ultimum
2121 552 2602 619 instrumentum
2659 551 2761 617 hic
2821 552 3119 634 scriptum

409 638 648 722 scripsi,
697 642 761 705 et
801 640 865 704 in
910 639 1024 704 hoc
1064 640 1221 705 libro
1266 642 1440 723 posui
1485 644 1549 706 in
1595 641 1842 724 scriptis
1886 642 2051 707 sicut
2094 641 2297 706 iuveni
2342 642 2656 726 signatum
2703 658 2842 704 cum
2888 640 3119 705 talibus

405 728 599 810 siguis
645 728 706 791 in
752 727 991 794 duobus
1039 728 1206 805 lociS,
1255 729 1542 796 videlicet
1606 731 1801 813 primo
1861 730 1965 794 ubi
2025 729 2179 793 dicit
2233 737 2289 791 et
2347 733 2754 808 consiynatum
2817 731 3007 815 fuisse
3067 735 3123 790 et

405 835 531 878 esse
568 824 830 879 castrum
880 818 1146 890 cathari,
1195 815 1357 901 quod
1402 820 1648 902 siguum
1695 819 1791 882 est
1835 817 1981 895 tale,
2034 818 2355 898 videlicet3
2418 819 2510 900 (et
2554 817 2616 881 in
2658 818 2921 881 secundo
2971 816 3121 890 loco,

406 903 510 967 ubi
561 903 720 1076 dicii·5
757 925 796 966 α
839 908 1024 967 nobili
1065 909 1193 968 viro
1255 910 1487 970 domino
1528 910 1751 971 Jacobo
1810 910 1882 970 dc
1943 908 2169 983 stippa,
2239 906 2399 989 quod
2462 906 2707 990 signum
2765 905 2860 970 est
2919 903 3124 969 simile

406 991 691 1056 videlicet
726 1042 740 1055 .

490 1098 810 1160 Paetorum
866 1096 971 1161 VI.
1024 1104 1168 1181 106,
1214 1120 1259 1162 u
1303 1103 1458 1163 mlet.
1506 1103 1743 1163 arkivu.

727 1307 1111 1408 CCXLV,
1166 1307 1373 1393 God.
1426 1309 1642 1394 1381.
1696 1311 1740 1392 1
1792 1310 2247 1412 listopada,
2301 1332 2362 1392 u
2416 1309 2806 1394 Mlctclh.

979 1450 1273 1526 Odredjcn
1316 1453 1431 1511 dar
1471 1469 1548 1514 na
1587 1454 1897 1527 poseanilce
1941 1454 2141 1527 kralja
2184 1453 2539 1529 uqarskoya.

620 1570 807 1636 1381.
851 1572 1182 1638 indictione
1229 1574 1304 1655 V,
1355 1577 1452 1641 die
1500 1576 1696 1660 primo
1727 1576 2015 1641 octubris.
2062 1573 2378 1657 Sapientes
2411 1591 2640 1638 omneS.
2689 1571 2919 1657 Capta:
2968 1572 3128 1656 quod

409 1658 648 1743 possint
680 1660 938 1744 expendi
983 1664 1044 1726 in
1092 1663 1443 1729 honorando
1488 1665 1807 1730 dominum
1855 1663 2204 1747 episcopum
2273 1663 2758 1747 Isagrabiensem
2824 1662 2906 1739 id,
2970 1659 3129 1743 quod

411 1747 533 1812 erit
579 1749 988 1815 necessarium
1049 1769 1243 1835 usque
1300 1754 1712 1836 quantitatem
1781 1754 2142 1818 ducatorum
2209 1749 2340 1827 CC;
2406 1752 2615 1835 postea
2674 1751 2926 1834 captum
2991 1748 3128 1826 fuit,

408 1836 553 1918 quia
599 1838 785 1902 etiam
835 1839 1005 1903 venit
1049 1839 1346 1905 venecias
1404 1841 1688 1907 dominus
1749 1842 2075 1925 episcopus
2137 1837 2419 1924 Quinque
2482 1837 2901 1914 ecclesiarum,
2972 1838 3130 1920 quod

412 1925 649 2006 possint
695 1926 948 2008 expendi
996 1927 1102 1992 alii
1151 1926 1198 1993 C
1245 1930 1475 2007 ducati,
1527 1929 1818 1995 videlicet
1860 1929 2066 1994 ducati
2113 1926 2261 1995 CCC
2308 1930 2371 1993 in
2418 1928 2619 1993 totum
2644 1944 2755 2012 pro
2782 1926 3130 1992 honorando

409 2014 622 2079 ambos
669 2016 834 2098 ipsos
880 2016 1163 2081 dominos
1208 2018 1544 2102 episcopos,

497 2123 678 2183 Misti
725 2121 1062 2184 XXXVII
1102 2128 1202 2197 11,
1241 2144 1286 2186 u
1329 2128 1483 2188 mlct.
1533 2128 1764 2188 arkivu.

702 2310 1137 2397 cchvl.
1192 2316 1400 2399 (iod.
1453 2317 1674 2400 1481.
1729 2319 1784 2399 4
1836 2315 2292 2422 listopada‚
2342 2337 2403 2397 u
2452 2313 2846 2397 Mlctcih.

1096 2461 1389 2522 metam
1432 2462 1591 2524 ausa
1624 2463 1967 2539 potvrdjuje
2013 2463 2273 2522 turinski
2316 2463 2450 2522 mir.

629 2580 979 2647 Ratificatio
1025 2584 1193 2665 pacis
1237 2582 1553 2668 Hungarie
1599 2585 1760 2651 facta
1796 2605 1904 2668 per
1941 2583 2159 2650 ducale
2206 2583 2551 2652 dominium
2582 2584 3004 2650 Venetiarum.
3056 2618 3129 2628 —-

419 2671 491 2734 In
541 2668 773 2736 Christi
821 2671 1068 2736 nomine
1113 2691 1314 2737 amen.
1375 2673 1558 2738 Anno
1623 2673 1972 2739 nativitatis
2033 2674 2307 2739 eiusdem
2370 2672 2879 2751 MCCCLXXXL
2941 2671 3138 2737 indic-

421 2759 585 2823 tione
635 2763 876 2842 quarta,
948 2759 1045 2824 die
1094 2762 1332 2825 veneris
1388 2764 1604 2844 quarto
1667 2763 1897 2827 mensis
1958 2762 2250 2828 octubris.
2309 2761 2581 2827 Illustris
2649 2764 2714 2827 et
2774 2761 3136 2845 magnificus

417 2847 698 2913 dominus
745 2847 1032 2912 dominus
1077 2846 1360 2913 Andreas
1408 2849 1750 2916 Contareno
1797 2852 1894 2916 dei
1962 2850 2166 2935 gratia
2227 2849 2349 2914 dux
2413 2849 2812 2916 Venetiarum
2873 2854 2989 2913 etc.
3063 2848 3138 2911 de

419 2936 736 3000 voluntate
781 2941 845 3001 et
889 2953 1191 3003 consensu
1238 2955 1488 3003 suorum
1537 2940 1936 3004 consiliorum
1980 2938 2259 3015 minoriS,
2308 2939 2685 3020 rogatorum,
2732 2937 3138 3020 quadraginta

419 3026 483 3088 et
526 3025 880 3103 additionis,
930 3025 1005 3089 ad
1053 3044 1271 3090 sonum
1319 3045 1616 3109 campane
1662 3046 1832 3094 more
1877 3026 2059 3092 solito
2095 3028 2442 3092 vocatorum
2491 3029 2558 3092 et
2608 3027 3134 3109 congregatorum,

418 3113 483 3175 et
526 3113 662 3192 ipsa
707 3113 962 3178 consilia
1010 3132 1129 3178 una
1175 3131 1314 3177 cum
1363 3114 1494 3197 ipso
1542 3116 1788 3181 domino
1835 3117 2004 3193 duce,
2052 3117 2182 3180 tam
2231 3115 2478 3180 nomine
2524 3131 2654 3191 suo,
2717 3132 2900 3198 quam
2969 3130 3137 3177 com·

421 3202 628 3265 munis
677 3202 742 3265 et
799 3200 1205 3284 singularium
1254 3221 1648 3286 personarum
1712 3204 1788 3268 de
1834 3204 2116 3269 Veneciis
2178 3205 2243 3268 et
2301 3201 2575 3271 fidelium
2637 3206 2702 3267 et
2753 3201 3139 3267 subditorum

422 3306 673 3353 suorum
722 3291 785 3352 et
829 3290 980 3354 dicti
1026 3290 1389 3364 communis,
1456 3292 1517 3356 in
1563 3292 1788 3374 quibus
1850 3291 2125 3357 consiliis
2185 3292 2490 3357 affuerunt
2542 3290 2817 3375 prefatus
2877 3288 3140 3354 illustris

421 3377 712 3441 dominus
751 3378 868 3441 dux
917 3377 1339 3451 veneciarum,
1389 3382 1453 3443 et
1498 3381 1660 3445 inter
1703 3380 1858 3445 alios
1899 3383 1970 3445 de
2035 3379 2217 3444 dictis
2279 3379 2553 3444 consiliis
2614 3378 2849 3444 nobiles
2912 3390 2976 3442 et
3037 3395 3137 3441 sa·

419 3464 660 3547 pientes
708 3465 823 3528 viri
870 3484 974 3529 sex
1018 3466 1353 3532 consiliarii
1400 3468 1676 3533 eiusdem
1725 3469 1957 3534 domiui
2003 3468 2196 3542 ducis,
2246 3467 2533 3533 videlicet
2575 3467 2811 3533 domini
2847 3466 3142 3532 Nicolaus

419 3553 793 3631 Lauredan0,
843 3551 1121 3617 Andreas
1168 3554 1426 3631 Donato,
1488 3555 1800 3622 Johannes
1867 3556 2081 3633 Miani,
2147 3555 2342 3621 Lucas
2401 3556 2739 3622 Gradonico
2802 3556 2951 3621 bone
3013 3573 3142 3620 me-

417 3641 608 3706 morie
679 3641 910 3707 domini
971 3641 1273 3707 Johannis
1337 3641 1677 3710 Gradonico
1736 3645 1910 3709 ducis
1973 3644 2390 3721 venetiarum,
2450 3644 2716 3710 Thomas
2780 3644 3019 3709 Minoto
3079 3644 3143 3706 et

417 3727 690 3795 Johanes
737 3730 963 3806 Barb0,
1012 3731 1076 3794 et
1121 3729 1241 3794 tria
1288 3730 1492 3813 capita
1536 3731 1610 3796 de
1656 3731 2080 3818 quadraginta,
2125 3732 2361 3796 scilicet
2432 3732 2669 3798 nobiles
2728 3732 2846 3796 viri
2906 3729 3141 3795 domini

418 3817 730 3883 Johannes
777 3816 1121 3883 Gradonico
1168 3819 1363 3884 sancti
1406 3820 1648 3896 LeoniS,
1696 3819 1979 3885 Andreas
2026 3818 2393 3885 Mauroceno
2432 3824 2495 3885 et
2547 3819 2856 3886 Blanchus
2914 3817 3138 3902 Aymo,

419 3907 483 3971 et
527 3905 796 3989 quinque
845 3908 1153 3989 sapientes
1198 3906 1440 3972 consilii
1486 3925 1727 3991 guerre,
1770 3908 2014 3973 scilicet
2059 3906 2296 3973 nobiles
2343 3907 2458 3974 viri
2505 3908 2734 3972 domini
2776 3906 3142 3973 Franciscus

419 3994 672 4071 Bembo,
721 3994 1049 4063 Zacharias
1097 3994 1458 4072 contareno,
1523 3995 1839 4062 Johannes
1898 3995 2257 4074 Gradonico,
2321 3994 2589 4061 Michael
2650 3994 3016 4059 Mauroceno
3077 3995 3143 4058 et

417 4084 640 4148 Petrus
687 4083 889 4160 Aimo,
942 4084 1047 4166 qui
1093 4085 1342 4166 quidem
1391 4083 1673 4150 domiuus
1719 4084 1845 4150 dux
1896 4087 1961 4149 et
2027 4083 2284 4153 consilia
2329 4084 2557 4150 habent
2615 4085 2691 4148 ad
2752 4082 3144 4163 infrascripta

421 4171 486 4234 et
530 4170 658 4235 alia
707 4171 1038 4237 exercenda
1085 4172 1500 4236 omnimodam
1561 4174 1951 4256 potestatem.
2017 4172 2286 4239 volentes
2318 4190 2529 4255 pacem
2575 4172 2639 4236 et
2684 4173 2862 4254 pacta
2903 4172 2968 4235 et
3000 4188 3143 4234 con·

417 4258 736 4324 ventiones
783 4261 847 4324 et
891 4259 1284 4325 remissiones
1329 4261 1648 4342 generales
1696 4263 1759 4324 et
1804 4261 2013 4326 omnia
2056 4264 2119 4325 et
2164 4260 2429 4343 singula,
2495 4279 2611 4343 que
2667 4258 2732 4323 in
2796 4258 2932 4341 ipsa
2992 4277 3142 4343 pace

414 4365 521 4411 seu
575 4346 638 4409 in
683 4347 1117 4436 instrumentis
1164 4347 1359 4431 ipsius
1404 4348 1816 4425 continentur,
1864 4348 2206 4425 observare,
2255 4347 2438 4413 factis
2469 4351 2534 4413 et
2578 4347 2843 4413 firmatis
2891 4367 3001 4431 per
3046 4365 3143 4412 re-

417 4435 714 4500 verendos
760 4435 824 4499 in
892 4435 1123 4501 christo
1170 4438 1379 4519 patres
1424 4436 1706 4501 dominos
1752 4436 2153 4501 Valentinum
2204 4435 2481 4519 Quinque
2542 4435 2977 4502 ecclesiensem
3041 4437 3145 4501 de-

416 4524 724 4588 cretorum
772 4525 1087 4589 doctorem
1150 4527 1216 4590 et
1271 4526 1535 4590 Paulum
1598 4524 2078 4610 Zagrabiensem
2140 4526 2473 4607 episcopos,
2534 4525 2975 4607 procuratores,
3040 4541 3147 4588 ac-

417 4612 600 4688 tores,
651 4612 896 4675 nuntios
929 4614 991 4674 et
1032 4611 1270 4696 legatos
1316 4612 1684 4678 serenissimi
1732 4617 1795 4678 et
1843 4612 2234 4678 invictissimi
2280 4612 2576 4696 principis
2635 4616 2698 4679 et
2743 4612 2977 4679 domini
3036 4610 3145 4676 do·

415 4698 567 4766 mini
626 4699 918 4764 Ludovici
980 4700 1076 4764 dei
1135 4702 1340 4783 gratia
1401 4701 1754 4784 Hungarie,
1823 4700 2111 4782 Polonie,
2175 4700 2523 4781 Dalmatie,
2587 4700 2866 4779 Croatie,
2922 4700 3142 4779 Rame,

414 4781 640 4868 Servis,
688 4785 937 4868 Galitie,
986 4787 1364 4867 Lodomerie,
1411 4789 1726 4873 Bulgarie,
1788 4788 2197 4872 Comanieque
2256 4788 2443 4873 regis,
2502 4789 2801 4873 principis
2869 4788 3145 4858 Salerni·

3322 4798 3381 4841 f
