3620 5282
505 324 593 391 20

503 498 659 581 quod
708 498 906 563 dictus
954 500 1233 575 nuncius,
1282 498 1560 563 Uranam
1608 497 1826 573 iturus,
1874 496 1961 561 sit
2006 499 2081 561 ad
2131 497 2255 561 tale
2303 498 2567 579 tempus,
2632 497 2795 579 quod
2848 498 3015 562 dicta
3076 497 3232 561 exti-

505 586 704 651 macio
758 586 891 650 fieri
952 587 1145 666 possit
1208 587 1273 649 in
1334 586 1846 650 dicto‘terminO.
1913 584 2200 650 Ceterum
2260 584 2504 650 domine
2553 587 2633 649 mi
2699 584 2846 649 dum
2911 604 3108 650 essem
3170 585 3233 648 in

502 675 664 738 dicto
707 674 978 749 consili0,
1027 675 1190 739 sicut
1232 674 1512 755 superius
1561 674 1796 737 dictum
1847 675 1960 748 est,
2011 677 2434 756 procuratores
2481 675 2546 737 et
2592 675 2987 738 advocatores
3046 672 3235 739 Jadre

502 762 785 826 dixerunt
832 762 1081 825 domino
1132 763 1333 826 banuo
1379 780 1517 824 cum
1569 760 2008 843 protestatione
2056 760 2503 836 efficacissima,
2549 763 2707 843 quod
2742 760 3025 825 Cressius
3072 762 3234 825 filius

499 868 597 913 ser
648 849 873 913 Marini
933 850 1007 912 de
1055 849 1397 914 Carnaruto
1444 869 1550 930 per
1596 867 1773 912 suum
1825 849 2153 912 consilium
2199 853 2548 930 sapientum
2616 848 2815 912 fuerat
2876 850 3154 931 privatus
3196 866 3232 910 a

498 937 800 1001 civilitate
847 935 1059 1015 Jadre,
1109 940 1173 1001 et
1212 936 1371 1020 quod
1419 938 1493 999 de
1538 938 1742 999 cetero
1789 939 2161 1000 tractaretur
2223 955 2330 1017 pro
2378 940 2613 1014 venete,
2662 938 2804 1018 quia
2868 936 3000 1000 eius
3057 938 3232 1019 pater

496 1026 684 1089 habet
731 1025 1119 1106 privilegium
1173 1045 1210 1089 a
1255 1026 1464 1089 nostro
1513 1023 1783 1087 dominio
1846 1023 2166 1088 civilitatis
2219 1025 2620 1088 veneciarum
2686 1044 2795 1105 pro
2859 1044 2924 1087 se
2986 1026 3049 1087 et
3103 1026 3232 1087 suis

496 1111 858 1186 heredibus;
930 1114 993 1175 et
1036 1114 1182 1194 quia
1244 1112 1465 1194 aliquis
1535 1112 1789 1176 venetus
1852 1130 1970 1175 non
2033 1115 2233 1193 potest
2294 1111 2576 1176 habitare
2624 1111 2832 1188 Jadre,
2897 1114 3050 1194 quod
3116 1110 3230 1175 sibi

495 1198 674 1263 detur
719 1199 989 1276 licentia,
1064 1201 1224 1282 quod
1273 1202 1435 1263 exire
1495 1199 1717 1262 debeat
1761 1198 2042 1275 Jadram,
2109 1199 2381 1282 alioquin
2443 1200 2518 1263 de
2581 1200 2744 1263 omni
2809 1199 3096 1281 periculo,
3158 1200 3234 1263 ad

502 1288 664 1369 quod
713 1288 1023 1352 incurrere
1060 1291 1266 1369 posset
1304 1286 1527 1351 civitas
1558 1286 1767 1362 Jadre,
1821 1307 1886 1350 se
1919 1287 2310 1351 excusabant.
2361 1287 2551 1365 Tunc,
2585 1287 2832 1357 domine
2867 1288 2973 1363 mi,
3020 1305 3231 1350 omnes

495 1377 569 1439 de
615 1374 781 1438 dicto
824 1375 1083 1439 consilio
1122 1376 1420 1457 ceperunt
1465 1375 1809 1456 prospicere
1873 1393 2084 1438 versus
2147 1395 2265 1448 me,
2331 1378 2394 1437 et
2456 1394 2568 1457 ego
2629 1377 2843 1438 nulum
2907 1374 3229 1438 minimum

498 1465 755 1527 verbum
804 1462 949 1539 dixi,
1003 1481 1193 1544 neque
1241 1463 1660 1527 demonstravi
1711 1459 1943 1544 aliquid
1991 1468 2133 1526 actu
2204 1463 2407 1543 aliquo
2455 1462 2670 1527 multis
2732 1463 3074 1546 legiptimis
3138 1480 3234 1525 ra-

494 1549 792 1614 cionibuS.
844 1550 1015 1614 Tunc
1064 1551 1346 1614 dominus
1398 1550 1636 1613 bannus
1682 1551 2028 1631 respondit:
2081 1550 2241 1614 vollo
2289 1550 2525 1624 facere;
2592 1554 2654 1613 et
2699 1551 2788 1614 sic
2831 1552 3110 1631 privatus
3172 1554 3237 1609 et

493 1636 1006 1707 licentiatusfui.
1058 1638 1167 1701 Set
1210 1657 1315 1719 per
1361 1655 1452 1712 ea,
1502 1656 1616 1718 que
1664 1637 1869 1700 audivi
1933 1641 1994 1701 et
2042 1640 2183 1713 vidi,
2255 1638 2420 1702 istud
2489 1639 2786 1718 processit
2853 1637 3234 1702 solummodo

493 1729 739 1807 propter
786 1726 1178 1806 peticionem,
1228 1745 1343 1806 que
1391 1725 1536 1788 fitur
1583 1726 1656 1787 de
1704 1725 2104 1789 restitucione
2150 1726 2604 1807 possessionum
2655 1727 2850 1809 patris
2912 1725 3028 1797 sui,
3089 1743 3231 1789 nam

495 1812 766 1875 multum
814 1812 1062 1894 placent
1094 1815 1340 1877 domino
1387 1813 1588 1875 banno
1634 1817 1882 1893 propter
1930 1813 2229 1877 notabiles
2280 1813 2571 1890 redditus,
2621 1815 2723 1895 qui
2773 1832 2878 1876 nos
2934 1814 3234 1876 babemus

492 1900 775 1963 exhinde.
843 1898 1243 1964 Condiciones
1308 1904 1514 1964 autem
1584 1900 1896 1963 Dalmatio
1957 1903 2102 1963 sunt
2165 1903 2224 1963 in
2280 1904 2410 1964 tam
2473 1903 2743 1982 pessimo
2806 1902 3010 1973 statu,
3075 1901 3234 1983 qnod

497 2005 674 2051 nemo
727 1988 1022 2063 crederet,
1064 1988 1212 2068 quin
1248 1988 1483 2051 videret
1518 1991 1581 2050 et
1621 1989 1882 2065 audiret,
1933 2008 2075 2052 nam
2111 1990 2286 2069 quasi
2330 2007 2542 2053 omnes
2578 1988 2823 2071 plorant
2860 1991 2933 2051 de
2968 1989 3236 2051 dominio

491 2077 715 2152 vestre,
776 2077 838 2137 et
891 2076 964 2137 de
1028 2076 1317 2139 moderno
1383 2080 1861 2155 conqueruntur,
1928 2078 2234 2147 dicentes,
2296 2077 2455 2159 quod
2522 2078 2636 2140 sub
2701 2079 2909 2140 nostro
2969 2077 3235 2141 dominio

492 2164 669 2226 erant
716 2166 841 2225 tam
891 2163 1177 2226 comunia
1231 2181 1415 2245 quam
1482 2163 1828 2245 singulares
1892 2183 2145 2244 persone
2206 2164 2448 2240 diviteS,
2514 2167 2577 2227 et
2641 2165 2817 2228 modo
2877 2166 2973 2229 est
3035 2169 3231 2228 totum

493 2252 895 2329 contrarium,
946 2268 1056 2313 nec
1105 2254 1334 2315 audent
1381 2251 1803 2314 demonstrare
1855 2252 2136 2333 pulcrum
2186 2251 2354 2332 qnid,
2420 2253 2472 2314 si
2522 2251 2770 2314 habent.
2835 2253 3089 2332 Insuper
3150 2250 3234 2314 lix

495 2334 833 2418 Spalatinis
882 2341 1028 2401 sunt
1074 2338 1216 2401 date
1264 2337 1549 2409 confines,
1599 2349 1662 2401 et
1711 2338 1894 2401 debet
1947 2340 2031 2401 ibi
2080 2338 2454 2402 fortalicium
2491 2338 2838 2413 hedificare,
2888 2341 2957 2402 ut
2988 2340 3230 2402 dicitur.

493 2424 780 2506 Vidique,
841 2426 1089 2489 domine
1154 2427 1258 2501 mi,
1320 2425 1633 2488 dominum
1701 2428 1969 2488 bannum
2033 2426 2362 2490 ascendere
2425 2428 2646 2490 turrim
2712 2430 2887 2508 porte
2947 2427 3135 2490 Jadre
3195 2445 3231 2488 a

492 2513 667 2592 parte
717 2515 898 2587 terre,
949 2515 1014 2574 et
1064 2514 1327 2593 undique
1377 2515 1722 2593 prospicere
1768 2518 1831 2574 et
1877 2513 2336 2585 demonstrare;
2398 2518 2461 2577 et
2509 2515 2670 2576 sicut
2729 2516 2914 2589 sensi,
2981 2515 3234 2578 racioci-

497 2598 761 2663 nabatur
802 2598 879 2662 de
946 2601 1356 2664 construendo
1420 2606 1694 2664 castrum
1762 2599 1869 2674 ibi,
1937 2600 2094 2683 quod
2158 2603 2370 2665 teneat
2431 2601 2596 2666 ultra
2659 2603 3041 2667 comitatum.
3138 2604 3233 2666 Ad

492 2705 672 2751 suum
721 2693 931 2750 autem
997 2691 1207 2771 getum
1274 2693 1483 2769 portus
1547 2690 1723 2752 modo
1786 2708 1903 2752 non
1971 2690 2342 2766 laborantur,
2405 2691 2474 2753 ut
2522 2691 2754 2766 dicunt,
2822 2695 3073 2772 propter
3137 2711 3234 2774 ye-

494 2774 656 2838 male
704 2777 953 2856 tempus
1004 2777 1296 2856 procedit.
1348 2775 1656 2852 Preterea,
1707 2776 1953 2839 domine
2028 2777 2132 2851 ini,
2188 2777 2597 2859 magnitudini
2666 2781 2865 2842 vestre
2927 2779 3230 2854 denotavi,

495 2862 768 2943 qualiter
815 2864 876 2927 in
925 2862 1142 2926 Tiniuo
1191 2864 1474 2929 dominus
1522 2865 1761 2927 bannus
1808 2871 2093 2928 oretenus
2142 2865 2328 2928 michi
2401 2866 2656 2941 dixerat,
2721 2866 2881 2946 quod
2948 2867 3237 2930 mittebat

492 2949 912 3031 presbiterum
958 2951 1303 3015 Martinum
1365 2952 1832 3016 camerclarium
1897 2972 2077 3015 suum
2141 2953 2217 3015 ad
2267 2957 2472 3033 partes
2519 2955 2758 3017 vestras
2824 2973 2934 3035 pro
2982 2956 3236 3018 emendo

496 3036 710 3118 aliqua
758 3037 976 3101 iocalia
1018 3040 1332 3102 occasione
1378 3039 1718 3121 aliquarum
1772 3041 2144 3121 nuptiarum,
2195 3059 2310 3121 que
2359 3042 2493 3104 erat
2535 3040 2982 3116 celebraturus,
3038 3042 3258 3105 eciam·

494 3141 605 3205 pro
653 3125 915 3188 emendo
963 3130 1027 3190 et
1068 3128 1451 3190 conducendo
1492 3130 1666 3189 extra
1712 3128 1922 3210 aliqua
1969 3146 2142 3191 arma
2190 3133 2316 3190 tam
2363 3130 2434 3192 de
2485 3126 2694 3191 Padua
2732 3148 2910 3210 quani
2977 3129 3052 3192 de
3101 3148 3237 3210 par-

495 3213 664 3275 tibus
714 3213 955 3288 vestriS,
1004 3214 1268 3294 rogando
1320 3235 1413 3275 me
1455 3216 1800 3295 propterea,
1850 3220 2149 3294 quatenus
2196 3217 2465 3279 dominio
2509 3219 2710 3280 vestro
2760 3219 3131 3292 denotarein,
3174 3221 3237 3278 et

496 3299 700 3379 ipsum
752 3302 1045 3379 tanquam
1094 3317 1417 3380 personam
1466 3318 1640 3362 suam
1692 3302 2000 3381 propriam
2071 3303 2309 3366 habetis
2357 3304 2955 3377 recommendatum3
3007 3306 3235 3386 hecque

494 3404 595 3448 ore
643 3405 752 3448 suo
795 3388 1033 3467 proprio
1080 3386 1390 3450 audivisse
1440 3387 1655 3460 eciam,
1705 3388 1975 3470 qualiter
2021 3391 2147 3452 tam
2203 3410 2304 3471 per
2350 3392 2662 3454 dominum
2716 3394 2981 3455 bannum
3049 3411 3233 3473 quam

500 3492 603 3553 per
651 3491 793 3536 suos
842 3474 918 3536 ob
968 3475 1378 3537 reverenciam
1430 3476 1618 3538 vestri
1666 3475 1920 3539 dominii
1972 3478 2115 3539 dum
2165 3482 2465 3542 steteram
2517 3479 2577 3540 in
2625 3477 2864 3552 Tinino,
2918 3480 3018 3543 ubi
3082 3478 3234 3542 facit

498 3560 920 3636 residentiam,
970 3561 1052 3624 fui
1092 3562 1262 3625 valde
1313 3562 1641 3625 honoratus
1684 3564 1771 3626 ita
1806 3565 1966 3644 quod
2015 3584 2267 3644 parvum
2310 3566 2564 3648 expendi
2608 3566 2713 3641 ibi,
2768 3569 3237 3648 inveneramque

496 3646 730 3709 dictum
781 3649 1269 3723 camerclarium,
1319 3649 1379 3712 in
1428 3653 1725 3730 quantum
1787 3654 2084 3732 potuerat,
2149 3672 2291 3716 cum
2353 3654 2581 3717 bonore
2647 3673 2758 3717 suo
2813 3655 2996 3718 michi
3049 3656 3240 3736 placi-

501 3734 688 3797 bilem
737 3740 799 3797 et
844 3734 1262 3799 favorabilem.
1329 3737 1504 3801 Nunc
1550 3743 1612 3801 et
1660 3758 1904 3820 semper
1965 3741 2162 3821 gratie
2226 3742 2425 3803 vestre
2489 3759 2585 3805 me
2648 3743 3028 3807 commendo.
3096 3741 3239 3804 Ser-

503 3821 683 3886 vulus
722 3825 926 3885 vestar
971 3825 1034 3886 et
1064 3825 1336 3888 notarius
1371 3825 1801 3889 Bartolomeus
1840 3826 2036 3891 Ursio.
2088 3825 2325 3891 Datum
2361 3827 2584 3910 Segnie
2625 3830 2721 3893 die
2778 3830 2922 3894 XVI
2946 3830 3233 3913 januarii.

591 3910 751 3974 Clas,
804 3912 970 3973 XIV
1013 3912 1152 3972 Coa.
1199 3914 1341 3973 Lac.
1392 3908 1630 3974 LXXI
1672 3934 1730 3976 n.
1780 3918 1884 3982 30,
1930 3935 1972 3974 u
2017 3917 2329 3975 Marciani
2383 3937 2419 3976 u
2461 3919 2730 3979 Mletcih.

933 4103 1223 4185 xuv,
1276 4103 1477 4186 God.
1537 4103 1765 4187 1360.
1825 4107 1921 4188 16
1976 4104 2331 4209 alecula,
2385 4130 2442 4189 u
2499 4108 2786 4209 sensu.

505 4226 624 4286 Isti
668 4227 948 4300 bilyeinik
993 4229 1298 4300 nastavb‘a
1341 4232 1498 4301 svoje
1543 4231 1785 4289 izviesc‘e
1831 4248 1863 4289 o
1907 4247 2064 4289 svom
2116 4235 2410 4292 sastanlcu
2454 4250 2485 4291 s
2529 4234 2858 4292 hrvatskim
2911 4236 3136 4301 bonvm,
3185 4237 3242 4291 te

1068 4317 1148 4374 da
1193 4317 1254 4375 όε
1297 4335 1357 4375 se
1403 4319 1476 4376 do
1521 4319 1700 4376 skora
1742 4321 1950 4377 stavili
1994 4337 2077 4376 na
2110 4326 2230 4392 put
2274 4339 2316 4379 u
2374 4321 2669 4395 Uyarsku.

716 4435 1121 4500 Serenissime
1168 4437 1411 4501 domine
1458 4440 1562 4515 mi,
1613 4459 1719 4521 per
1764 4439 1919 4505 alias
1969 4459 2137 4504 meas
2181 4435 2422 4505 litteras
2479 4443 2654 4507 datas
2722 4442 2921 4525 Segne
2982 4443 3242 4507 instanti

506 4519 628 4597 die,
672 4539 761 4593 ea,
825 4541 941 4602 que
1000 4523 1339 4588 feceramus
1381 4528 1446 4589 et
1506 4525 1937 4604 habueramus,
2001 4528 2271 4593 dominio
2328 4532 2530 4594 vestro
2595 4530 2999 4595 effectualiter
3062 4534 3245 4595 deno-

510 4607 674 4706 tavi..
725 4607 901 4671 Nunc
966 4614 1172 4674 autem
1239 4615 1477 4676 noverit
1537 4615 2002 4697 magnificencia
2061 4619 2284 4695 vestra,
2347 4618 2507 4698 quod
2572 4637 2673 4683 me
2743 4619 3046 4683 existente
3098 4636 3243 4683 cum

511 4693 758 4761 domino
805 4695 1001 4760 banno
1047 4716 1232 4762 causa
1278 4701 1616 4782 accipiendi
1665 4705 2078 4768 commeatum
2125 4704 2205 4767 ab
2243 4722 2331 4785 ee,
2380 4708 2444 4769 et
2489 4706 2671 4771 dictis
2730 4726 2839 4789 per
2880 4725 2981 4772 me
3025 4706 3246 4773 multis
