3620 5282
3019 350 3145 417 217

419 529 520 612 qui
567 529 881 596 vobiscum
929 532 1091 609 sunt,
1142 550 1285 595 cum
1327 530 1555 595 litteris
1612 532 1842 596 nostris
1890 530 2307 604 credulitatis,
2373 549 2524 612 quas
2591 530 2760 594 vobis
2822 529 3129 609 dedimuS,

420 617 492 681 ad
541 617 919 700 presentiam
968 619 1194 683 domini
1244 618 1406 702 regis
1454 619 1528 683 ad
1578 621 1994 702 exponendum
2038 619 2092 682 ei
2119 638 2497 701 quecumque
2543 621 2721 700 gesta
2767 619 2831 681 et
2878 621 3144 682 tractata

422 707 563 769 sunt
606 724 746 769 cum
791 707 1296 770 ambaxatoribus
1345 707 1491 784 suis,
1546 707 1821 785 dicende,
1872 708 2169 790 quomodo
2218 724 2324 783 ea,
2389 725 2503 787 que
2553 725 2658 788 pro
2728 709 2899 787 parte
2947 704 3145 769 nostri

421 794 581 857 dicta
628 794 774 857 sunt
815 795 879 859 et
925 794 1154 872 oblata,
1204 796 1350 859 sunt
1388 797 1519 858 tam
1569 795 1733 859 iusta
1780 797 1843 859 et
1890 794 2301 866 rationabilia,
2349 795 2505 875 qnod
2555 793 2777 857 merito
2812 792 3139 868 credimuS,

420 880 577 962 quod
625 900 734 945 sue
780 881 1100 946 maiestati
1148 882 1415 946 debeant
1458 901 1808 947 consonare.
1859 884 1942 946 Et
1989 886 2309 965 propterea
2340 882 2580 962 quando
2621 899 2805 963 snper
2853 882 2964 944 hoc
3012 900 3148 943 ma—

419 969 601 1033 iestas
651 987 764 1032 sua
811 969 974 1034 velet
1022 970 1100 1034 ad
1149 971 1521 1052 presentiam
1572 989 1749 1033 suam
1797 971 1966 1034 mitti
2015 970 2408 1034 ambaxatam
2455 970 2752 1045 nostram,
2799 968 2996 1050 parati
3031 968 3149 1031 eri-

418 1075 555 1121 mus
605 1056 873 1135 mittere,
927 1058 996 1121 ut
1039 1059 1237 1140 possit
1284 1058 1453 1139 sequi
1504 1077 1617 1139 pax
1663 1060 1726 1122 et
1772 1058 2165 1123 concordium
2193 1060 2353 1122 inter
2394 1059 2633 1139 partes;
2685 1060 2748 1121 et
2795 1056 3008 1120 audiat
3055 1055 3147 1121 di-

419 1157 553 1209 ctus
603 1146 879 1208 notarius
925 1145 1383 1228 responsionem
1431 1146 1615 1227 regis,

624 1232 707 1296 Et
753 1234 806 1297 si
850 1234 1332 1309 contentabitur,
1383 1234 1544 1316 quod
1593 1233 1948 1298 ambaxiata
1994 1235 2206 1298 nostra
2247 1234 2394 1297 illuc
2444 1234 2666 1311 vadat,
2719 1233 2931 1297 trahat
2976 1231 3149 1314 quic-

423 1319 565 1401 quid
613 1320 842 1402 poterit
888 1321 960 1385 de
1007 1321 1345 1385 intentione
1393 1341 1521 1400 sua,
1571 1325 1635 1385 et
1679 1321 1979 1386 rescribat
2013 1321 2205 1399 nobiS,
2257 1321 2629 1403 expectando
2655 1327 2937 1384 nostrum
2972 1339 3146 1383 man-

423 1410 654 1472 datum.
705 1406 771 1471 Si
818 1410 1026 1472 autem
1074 1427 1194 1473 non
1242 1411 1718 1487 contentaretur‚
1783 1409 1944 1491 quod
2007 1411 2340 1473 ambaxata
2403 1411 2614 1473 nostra
2665 1410 2746 1471 -ad
2819 1427 2957 1472 eum
3008 1409 3144 1480 iret,

427 1495 864 1560 nichilominus
911 1496 1115 1561 dictus
1163 1497 1438 1561 notarius
1477 1497 1687 1560 trahat
1729 1498 1805 1561 ab
1855 1515 1944 1573 e0,
1995 1496 2280 1579 quicquid
2329 1497 2574 1579 poterit,
2624 1500 2688 1560 ct
2728 1497 3035 1560 rescribat
3077 1514 3148 1558 ac

423 1585 707 1665 expectet
755 1583 842 1647 ibi
892 1587 1170 1648 nostrum
1218 1585 1600 1650 mandatnm.
1670 1585 1751 1648 Et
1795 1585 1858 1647 in
1906 1585 2019 1648 hoc
2067 1603 2249 1661 casu,
2317 1584 2603 1649 videlicet
2646 1584 2807 1666 quod
2855 1583 3149 1647 ambaxa-

307 1741 310 1744 ⁴
427 1677 588 1735 tores
638 1671 800 1753 regis
848 1689 966 1736 non
1012 1673 1283 1737 redirent
1343 1672 1421 1736 ad
1484 1691 1626 1750 voe,
1691 1673 1787 1737 vel
1857 1673 2126 1737 redirent
2188 1674 2251 1736 et
2311 1672 2695 1736 discederent
2755 1670 3066 1735 discordes
3113 1689 3149 1734 a

423 1759 615 1836 vobiS‚
670 1758 975 1837 volumus
1019 1761 1176 1842 quod
1224 1759 1286 1825 in
1331 1759 1557 1843 Segnia
1604 1760 1702 1825 vel
1749 1761 1809 1823 in
1859 1761 2027 1824 Arbo
2074 1759 2409 1842 expectetis
2435 1763 2714 1824 nostrum
2761 1759 3143 1823 mandatum.

419 1846 823 1924 Rescribatis,
871 1847 1158 1930 quicquid
1205 1848 1477 1913 feceritis
1525 1852 1590 1912 et
1634 1847 1957 1912 consilium
2010 1850 2302 1913 vestrum.

503 1937 683 1997 Misti
724 1938 849 2011 knj.
905 1938 1035 1996 XX
1047 1939 1146 1997 VI.
1196 1941 1295 2009 61,
1342 1958 1384 1998 u
1430 1940 1647 1998 arkivu
1689 1939 2049 1998 mletackom.

738 2123 1217 2209 CCCXXII.
1291 2127 1497 2211 (3011.
1553 2128 1770 2213 1351.
1829 2128 1934 2210 30
1989 2129 2293 2231 lipnja‚
2349 2152 2409 2210 u
2462 2128 2851 2211 Mletcih.

421 2235 636 2294 Βιιᾱ-ιιό
680 2252 742 2294 se
786 2237 1077 2294 sastanak
1122 2255 1163 2294 u
1208 2236 1397 2310 Senju
1441 2240 1746 2310 razpustio
1793 2255 1833 2296 α
1873 2240 2046 2310 posta
2094 2240 2404 2307 neobavio‚
2453 2238 2720 2310 upuciaja
2766 2255 2826 2296 se
2873 2237 3144 2296 mletaekc'

410 2323 710 2395 poslanici
757 2341 799 2381 u
844 2324 1022 2381 Rabn
1082 2325 1171 2382 sto
1218 2326 1297 2383 da
1361 2326 1538 2397 rade,
1602 2330 1654 2385 te
1706 2343 1767 2384 se
1824 2327 2114 2385 naeclnici-
2169 2327 2434 2399 arados-a
2480 2344 2521 2384 u
2565 2327 2893 2398 Hrvatskoj
2940 2343 2971 2383 0
3027 2328 3142 2382 tom

422 2410 793 2483 obaviesc'ujn
840 2411 861 2468 i
908 2412 1100 2483 ὂοᾱνε,
1150 2413 1230 2470 cla
1271 2415 1499 2486 nastoje
1559 2432 1590 2472 0
1653 2414 1996 2487 utvrdjfflzjzc
2041 2418 2065 2473 τ’
2109 2416 2323 2472 ebra-ni
2383 2415 2521 2471 om‘h
2583 2415 2825 2481 micsta,
2889 2414 2912 2470 i
2961 2413 3039 2470 da
3087 2413 3142 2471 si

1174 2502 1401 2560 nabave
1444 2504 1614 2561 viesti
1658 2519 1690 2559 o
1735 2503 2026 2574 kraljevih
2063 2503 2390 2575 namjerah.

638 2600 825 2664 1351.
873 2600 973 2665 die
1020 2601 1241 2668 ultimo
1291 2603 1460 2681 iunii,
1512 2605 1723 2687 capta:
1787 2603 2016 2668 auditis
2066 2606 2129 2668 et
2193 2603 2527 2669 intellectis
2575 2604 2729 2682 hiis,
2800 2624 2915 2686 que
2964 2621 3149 2685 expo-

426 2689 552 2754 suit
597 2690 821 2754 nobilis
867 2690 961 2754 vir
1007 2709 1106 2753 ser
1152 2693 1398 2756 Marcus
1448 2692 1758 2768 Cor-nerim
1807 2693 2167 2756 ambaxator
2211 2697 2452 2767 noster,
2519 2695 2582 2755 et
2627 2693 2816 2755 etiam
2859 2692 2933 2756 de
2981 2692 3144 2755 facto

425 2778 646 2842 notarii
690 2778 882 2841 nostri
928 2778 1107 2842 missi
1150 2781 1225 2843 ad
1272 2781 1586 2844 dominum
1621 2800 1830 2863 regem
1864 2780 2200 2862 Hungarie,
2250 2781 2575 2844 consulunt
2606 2779 2936 2862 sapientes,
2986 2779 3145 2861 quod

428 2866 587 2929 idem
634 2884 734 2929 ser
780 2865 1028 2930 Marcus
1069 2866 1266 2931 redire
1314 2867 1537 2932 debeat
1581 2869 1824 2932 Arbum
1873 2869 1947 2932 ad
1997 2869 2191 2932 socios
2239 2887 2417 2944 suos,
2488 2869 2551 2931 et
2596 2887 2704 2950 per
2750 2867 3145 2932 concordium

428 2953 524 3017 vel
564 2972 670 3034 per
716 2955 954 3017 texeras
1002 2973 1157 3018 unus
1205 2955 1479 3037 ipsorum
1526 2956 1715 3021 trium
1763 2956 1850 3019 ibi
1898 2956 2122 3020 debeat
2166 2975 2481 3019 remanere
2531 2974 2636 3036 pro
2685 2955 2877 3018 eundo
2929 2954 3003 3019 ad
3052 2955 3147 3017 di-

423 3043 588 3104 ctum
642 3059 851 3124 regem
899 3042 961 3105 in
999 3060 1166 3120 casu,
1216 3062 1335 3125 quo
1385 3044 1501 3108 sibi
1551 3064 1661 3126 per
1707 3044 2048 3107 dominium
2098 3044 2256 3107 foret
2300 3043 2695 3124 impositum,
2762 3044 2824 3106 et
2870 3042 2979 3106 alii
3024 3043 3144 3106 duo

419 3129 634 3192 statim
684 3129 983 3193 Venecias
1032 3131 1437 3195 revertantur.
1510 3132 1740 3196 Verum
1792 3133 1915 3209 ille,
1965 3133 2070 3215 qui
2117 3132 2495 3207 remanebit,
2564 3133 2841 3212 expectet
2905 3131 2992 3194 ibi
3044 3148 3140 3193 re-

418 3217 806 3298 sponsionem
854 3216 1005 3280 dicti
1053 3219 1279 3282 notarii
1318 3219 1493 3283 missi
1540 3220 1617 3284 ad
1664 3219 1903 3284 dictum
1946 3238 2172 3302 regem,
2223 3223 2287 3283 et
2331 3220 2631 3283 rescribat
2692 3237 2764 3283 ea
2813 3219 3026 3296 nobiS‚
3082 3221 3152 3281 et

426 3307 705 3385 expectet
748 3305 1030 3368 nostrum
1073 3308 1450 3370 mandatum.
1510 3308 1592 3370 Et
1638 3307 1888 3370 interim
1939 3308 2246 3371 scribatur
2311 3307 2596 3371 omnibus
2665 3306 2894 3370 nostris
2943 3308 3151 3370 recto-

420 3392 588 3455 ribus
636 3391 823 3455 Istrie
871 3393 935 3456 et
976 3391 1295 3457 Sclavonie
1342 3395 1415 3457 de
1460 3395 1597 3470 hiis,
1647 3414 1763 3477 que
1814 3397 2249 3476 presumuntur
2314 3394 2549 3459 dictum
2613 3413 2824 3476 regem
2874 3413 3007 3460 esse
3058 3394 3149 3458 fa·
3197 3411 3242 3458 ν

418 3481 686 3556 cturum,
736 3481 799 3543 et
841 3481 1144 3561 quomodo
1193 3483 1402 3546 nostra
1448 3481 1777 3546 ambaxata
1825 3501 1962 3546 curn
2012 3483 2137 3546 suis
2201 3485 2580 3547 recesserunt
2627 3482 2702 3546 de
2752 3481 2979 3564 Segnia
3026 3500 3145 3545 non

424 3567 779 3636 concordes,
830 3573 905 3632 et«
938 3568 1099 3649 quod
1149 3569 1366 3633 bonam
1417 3571 1481 3632 et
1526 3570 1890 3652 diligentem
1940 3569 2282 3634 custodiam
2328 3573 2389 3633 et
2438 3570 2845 3652 provisionem
2896 3571 2970 3634 de
3020 3570 3145 3632 suis

424 3653 572 3718 locis
619 3653 886 3719 debeant
932 3656 1240 3733 adhibere,
1292 3656 1637 3721 reducendo
1685 3658 1983 3736 homine8‚
2015 3658 2194 3735 bona,
2242 3658 2422 3721 blada
2465 3661 2530 3721 et
2573 3657 2869 3721 animalia
2893 3675 3145 3721 suorum

425 3741 820 3806 districtuum
867 3743 943 3805 ad
992 3743 1318 3808 fortilicias
1366 3764 1529 3822 suaS,
1579 3747 1643 3808 et
1685 3764 1750 3808 se
1798 3746 2117 3809 furniendo
2175 3749 2239 3807 et
2300 3745 2684 3809 fortificando
2733 3743 3146 3826 quammelius

422 3832 732 3910 poterunt,
783 3832 1064 3894 continue
1112 3832 1429 3896 sentiendo
1476 3836 1540 3896 et
1583 3833 1943 3915 inquirendo
1982 3833 2056 3897 de
2105 3835 2373 3898 motibus
2422 3833 2570 3896 dicti
2610 3833 2769 3913 regis
2818 3836 2881 3893 et
2929 3829 3142 3894 subdi-

422 3921 622 3981 torum
676 3936 949 3982 suorum.
998 3919 1083 3982 Et
1126 3919 1429 3984 scribatur
1498 3920 1689 3984 etiam
1751 3920 2036 3984 omnibus
2104 3922 2332 3984 nostris
2393 3922 2727 3984 rectoribus
2791 3918 3143 3992 Terrisane,

418 4004 693 4069 faciendo
742 4024 842 4070 eos
889 4008 1160 4087 previsos
1208 4008 1283 4070 de
1333 4007 1623 4088 predictis
1671 4010 1735 4071 et
1780 4009 1940 4090 quod
2006 4008 2229 4073 bonam
2290 4009 2560 4072 habeant
2623 4006 3012 4081 custodiam,
3065 4024 3138 4067 ne

419 4093 738 4155 sinistrum
789 4092 1037 4175 aliquod
1086 4095 1203 4158 sibi
1252 4095 1457 4159 valeat
1504 4096 1764 4160 evenire
1810 4095 1895 4159 Et
1940 4096 2154 4160 habita
2197 4095 2583 4186 responsione
2649 4095 2844 4158 nostri
2893 4092 3141 4169 notarii,

417 4179 701 4243 venietur
746 4181 825 4243 ad
872 4181 1038 4244 istud
1085 4182 1432 4259 consilium,
1485 4186 1548 4246 et
1594 4183 1719 4259 fiet,
1771 4183 1934 4247 sicut
1981 4184 2304 4249 videbitur.

503 4271 684 4329 Misce
735 4271 1207 4341 XXV1.63‚u
1253 4274 1468 4332 arkivu
1514 4273 1872 4334 mletac'lcom.

703 4442 1205 4524 CCCXXlll.
1280 4443 1487 4526 God.
1543 4445 1764 4528 1351.
1823 4447 1920 4529 16
1977 4447 2302 4547 srpnja,
2356 4468 2416 4526 u
2469 4445 2860 4527 Mletcih.

688 4550 1068 4624 ZabranJ'eno
1112 4553 1419 4625 isuaianje
1464 4554 1575 4612 soli
1619 4554 1675 4611 ‘iz
1724 4553 1934 4612 Zadra
1974 4558 1995 4612 i
2043 4556 2098 4613 iz
2131 4555 2296 4628 Paya
2343 4555 2490 4613 osim
2534 4571 2609 4611 za
2653 4552 2894 4614 Mle-tke.

639 4652 821 4714 1351.
863 4654 958 4718 die
1008 4654 1189 4717 XVII
1232 4654 1392 4718 iulii.
1454 4653 1612 4733 Quia
1678 4656 1739 4718 in
1808 4674 2052 4721 camera
2114 4657 2326 4719 nostra
2394 4654 2542 4718 salis
2601 4674 2718 4719 non
2784 4657 2879 4718 est
2924 4650 3014 4716 sal
3068 4649 3146 4711 ad

416 4739 877 4820 sufficientiam,
928 4759 1039 4805 nec
1083 4743 1180 4805 est
1227 4761 1334 4825 pro
1364 4742 1660 4807 veniendo
1704 4742 1779 4807 de
1812 4744 1964 4807 locis
1991 4742 2193 4807 solitis
2221 4743 2537 4806 occasione
2565 4741 2868 4823 presentis
2901 4752 3141 4821 guerre,
