3620 5282
501 321 630 389 208

504 516 834 564 commune
880 495 1285 562 Venetiarum
1330 498 1582 561 tenetur
1626 499 1692 561 et
1737 496 1922 561 debet
1969 496 2300 561 restituere
2349 497 2687 580 predictis;
2733 497 3104 562 examinatis
3144 515 3248 561 ca-

505 586 726 670 pitulis
775 585 943 668 pacis
991 586 1055 650 et
1101 584 1319 648 multis
1368 584 1508 648 aliis
1544 584 1869 666 scripturis
1918 585 2279 650 satientibus
2327 587 2404 650 ad
2436 585 2691 663 factum,
2738 588 2804 649 et
2849 584 3065 650 habito
3101 602 3252 649 con-

505 675 649 738 silio
695 692 837 738 cum
888 673 1274 755 sapientibus
1322 672 1473 736 iuris
1521 674 1584 735 et
1626 691 1766 735 cum
1819 671 2033 736 multis
2082 673 2244 749 aliis,
2291 675 2392 757 qui
2428 692 2641 737 omnes
2689 672 3040 748 consulunt,
3077 671 3246 754 quod

503 762 579 826 de
630 762 765 826 iure
813 778 1141 826 commune
1177 759 1578 824 venetiarum
1629 779 1747 824 uon
1794 762 2038 825 tenetur
2080 761 2407 826 restituere
2454 761 2724 844 aliquem
2775 762 2848 825 de
2893 760 3079 825 dictis
3129 761 3242 825 de·

504 849 730 924 nariis3
776 848 1159 913 considerato
1206 848 1393 912 etiam
1443 850 1602 930 quod
1634 866 1742 928 pro
1773 849 2123 912 conditione
2173 855 2379 913 nostra
2427 848 2579 912 facit
2622 848 2701 913 ad
2749 850 3239 914 conservandum

505 938 745 1002 nostros
807 954 1030 1018 paucos
1091 935 1396 1013 denarios,
1460 936 1699 1018 quando
1751 936 1913 1000 iuste
1960 938 2023 1000 et
2068 936 2142 999 de
2189 936 2322 1001 iure
2368 936 2502 1001 fieri
2531 938 2733 1019 potest
2779 939 2845 1001 et
2889 955 2997 1019 pro
3028 936 3247 1000 multis

508 1024 646 1090 aliis
693 1025 1115 1105 respectibus3
1165 1025 1335 1087 vadit
1382 1041 1523 1105 pars
1571 1024 1727 1106 quod
1778 1042 1851 1087 ex
1900 1042 2059 1088 nunc
2104 1023 2191 1089 sit
2234 1027 2510 1106 captum,
2557 1022 2721 1107 quod
2770 1042 3098 1088 commune
3134 1042 3243 1089 no-

508 1116 705 1177 strum
756 1130 875 1176 non
947 1114 1234 1177 teneatur
1302 1112 1379 1175 ad
1450 1111 1901 1176 restituendum
1975 1112 2243 1194 aliquem
2310 1114 2383 1176 de
2430 1111 2802 1195 supradictis
2848 1112 3137 1189 denariiS,
3186 1112 3257 1176 et

511 1201 601 1265 sic
671 1200 893 1264 debeat
955 1199 1307 1282 responderi
1377 1199 1640 1281 reginali
1708 1200 2022 1264 maiestati
2070 1199 2392 1283 Huugarie
2434 1204 2496 1264 et
2540 1200 2676 1263 istis
2717 1200 3250 1275 ambaxatoribus,

516 1287 705 1353 salvis
752 1289 817 1351 et
860 1288 1193 1352 reservatis
1241 1287 1480 1352 iuribus
1530 1286 1675 1351 dicti
1726 1307 1827 1352 ser
1872 1288 2035 1352 Luce
2081 1287 2157 1352 de
2205 1288 2411 1352 Medio
2453 1289 2667 1353 contra
2698 1288 2931 1352 dictum
2980 1287 3241 1352 Petrum

511 1377 586 1441 de
633 1375 887 1440 Yuanus
951 1393 1059 1457 pro
1124 1394 1213 1452 eo,
1286 1373 1442 1458 quod
1488 1392 1586 1438 ser
1632 1374 1831 1439 Lucas
1877 1375 1953 1440 de
2000 1375 2205 1440 Medio
2251 1375 2413 1440 iuste
2459 1375 2714 1440 deberet
2755 1375 3000 1452 habere,
3048 1374 3243 1439 salvis

513 1463 702 1528 etiam
753 1466 817 1527 et
861 1463 1195 1529 reservatis
1243 1461 1480 1527 iuribus
1529 1480 1628 1526 ser
1673 1462 1835 1527 Luce
1882 1463 1958 1528 de
2009 1462 2213 1528 Medio
2264 1464 2324 1527 in
2371 1464 2672 1546 expensis.
2704 1481 2877 1546 ,quas
2926 1467 3245 1528 monstra·

513 1556 608 1616 ret
653 1551 870 1615 secisse
919 1569 1027 1633 pro
1073 1552 1239 1616 dicto
1285 1569 1476 1615 rame.
1525 1549 1628 1614 53.

720 1654 1076 1721 Consiliarii
1121 1674 1219 1720 ser
1265 1654 1608 1720 Triadanus
1670 1652 1855 1735 Griti,
1899 1672 1998 1718 ser
2049 1654 2267 1720 Daniel
2318 1655 2706 1739 Bragadino;
2756 1657 3066 1739 sapientes
3111 1672 3260 1720 con-

512 1743 639 1808 silii
691 1764 788 1808 ser
832 1744 1189 1808 Leonardus
1263 1742 1546 1807 Dandulo
1609 1743 1789 1807 miles
1828 1745 1891 1808 et
1932 1750 2308 1824 procurator,
2359 1763 2458 1808 ser
2505 1744 2729 1809 Petrus
2776 1741 3063 1809 Cornario
3116 1761 3252 1826 pro-

515 1833 782 1907 curator,
846 1850 944 1895 ser
1003 1829 1351 1896 Ludovicus
1411 1831 1812 1896 Lauredanns
1868 1835 2244 1914 procurator,
2271 1850 2370 1896 ser
2409 1832 2693 1898 Zacarias
2741 1831 3106 1909 contareno,
3155 1849 3256 1896 ser

514 1919 739 1984 Petrus
786 1920 1008 2003 Aymo.
1072 1917 1245 1998 Quod
1310 1919 1756 2001 respondeatur
1818 1919 1960 1983 istis
2008 1919 2511 1984 ambaxatoribus
2560 1919 2857 2003 reginalis
2904 1921 3254 2002 maiestatis
3337 1930 3347 1939 ·

509 2006 827 2091 Hungarie
874 2007 950 2071 ad
996 2007 1226 2071 sactum
1275 2006 1541 2089 depositi
1589 2006 1850 2089 predicti
1879 2007 2048 2072 Petri
2094 2009 2166 2070 de
2207 2006 2463 2072 Yuanus
2513 2008 2922 2091 Ragusei,'de
2968 2025 3087 2090 quo
3123 2007 3256 2091 ipse

514 2098 877 2160 ambaxator
947 2096 1121 2159 nobis
1162 2094 1381 2160 fecerit
1449 2094 1847 2171 mentionem,
1911 2094 2070 2177 quod
2136 2096 2311 2160 nobis
2360 2113 2474 2160 non
2524 2096 2787 2173 videtur,
2833 2097 2994 2179 quod
3042 2098 3260 2179 petant

517 2184 672 2247 bene
718 2202 823 2265 per
869 2183 1144 2260 modum,
1195 2200 1313 2265 quo
1382 2185 1620 2266 petunt,
1689 2181 2128 2248 nichilominus
2197 2201 2410 2248 sumus
2458 2184 2734 2250 contenti
2781 2183 2858 2248 de
2904 2185 3071 2249 facto
3119 2184 3255 2267 ipso

406 2305 418 2316 ·
514 2278 679 2336 stare
728 2271 845 2334 iuri
895 2273 1227 2335 secundum
1277 2270 1541 2335 sormam
1590 2271 1846 2353 capituli
1898 2271 2085 2352 pacis.
2132 2269 2235 2344 32,
2282 2271 2356 2336 de
2403 2290 2525 2337 non
2578 2273 2637 2350 2,
2688 2289 2809 2336 non
2853 2272 3084 2337 sinceri
3147 2271 3256 2338 11.

601 2379 780 2439 Misti
831 2375 1219 2439 XXXVIII.
1263 2379 1409 2449 139,
1454 2397 1495 2438 u
1540 2380 1696 2442 mlet.
1746 2381 1986 2442 arkivu.

849 2585 1244 2672 ccxcll.
1301 2585 1508 2671 God.
1561 2577 1790 2672 1384.
1845 2586 1946 2670 26
2003 2587 2326 2690 srpnja,
2378 2609 2438 2670 u
2490 2587 2884 2672 Mletcih.

649 2726 652 2729 ’
730 2731 827 2797 Ad
866 2731 1329 2813 requisitionem
1377 2731 1626 2796 comitis
1675 2732 2000 2797 Virtutum
2070 2732 2355 2817 elligitur
2392 2733 2774 2798 ambaxiator
2816 2731 2893 2796 ad
2942 2730 3256 2815 regimina

524 2819 784 2902 Ragusii
851 2839 957 2902 pro
1023 2820 1401 2902 procurando
1465 2819 1900 2885 liberationem
1962 2820 2311 2903 aliquorum
2361 2820 2665 2886 nobilium
2714 2824 2778 2886 et
2847 2819 3126 2883 militum
3175 2822 3258 2884 ab

514 2908 666 2990 ipsis
710 2909 1186 2990 captivatorum.
1236 2907 1517 2972 Ellectus
1564 2926 1664 2972 ser
1710 2908 2077 2974 Franciscus
2124 2909 2198 2972 de
2244 2909 2499 2974 Melino,

606 3015 782 3074 Mistc'
833 3014 1221 3076 XXXVIII.
1274 3014 1418 3087 151,
1467 3034 1508 3073 u
1554 3017 1707 3075 mlet.
1754 3017 1990 3077 arkivu.

806 3237 1252 3324 ccxcm.
1306 3238 1509 3323 ooo.
1567 3239 1792 3353 1384.
1848 3240 1900 3322 s
1954 3239 2408 3343 listopada,
2463 3262 2520 3322 u
2575 3239 2969 3323 Mleteih.

723 3380 1022 3461 Quamvis
1080 3382 1436 3446 ambaxiata
1501 3383 1595 3447 bis
1658 3385 1850 3447 missa
1906 3383 1984 3447 ad
2045 3382 2182 3447 illos
2233 3385 2305 3447 de
2371 3384 2641 3465 Ragusio
2713 3401 2820 3466 pro
2871 3380 3244 3448 liberatione

518 3471 817 3536 nobilium
871 3474 932 3533 et
995 3470 1268 3535 militum
1334 3471 1786 3553 detemptorum
1849 3473 1907 3537 in
1972 3471 2242 3554 Ragusio
2305 3470 2501 3535 nichil
2559 3470 2807 3551 profuit,
2884 3475 3094 3534 tamen
3174 3469 3250 3532 ad

516 3558 876 3623 instantiam
945 3558 1466 3623 ambasciatorum
1541 3560 1702 3640 regis
1773 3559 2095 3635 Frauciae,
2172 3558 2404 3624 duchae
2470 3559 2860 3643 Burgundiae
2908 3562 2971 3623 et
3018 3556 3256 3622 domini

513 3645 895 3711 Bernabonis
941 3650 1212 3726 captum,
1260 3646 1419 3729 quod
1466 3647 1541 3711 de
1587 3665 1744 3711 novo
1795 3648 2084 3711 mittatur
2130 3646 2318 3710 simul
2367 3665 2510 3711 cum
2558 3648 2699 3711 istis
2746 3647 3136 3712 ambasciata
3180 3648 3258 3709 ad

520 3735 823 3816 regimina
863 3733 1122 3816 Ragusii
1170 3733 1251 3798 ad
1300 3734 1710 3799 inducendum
1751 3754 1821 3798 ea
1861 3735 1939 3798 ad
1987 3733 2427 3799 relaxationem
2477 3734 2750 3816 ipsorum
2778 3736 3261 3816 detemptorum.

519 3822 618 3886 Ad
692 3823 932 3904 partem
1003 3839 1168 3899 vero,
1240 3840 1348 3904 per
1414 3841 1598 3904 quam
1674 3822 1794 3905 ipsi
1865 3822 2347 3887 ambasciatores
2421 3823 2712 3904 petebant
2779 3822 3145 3905 passagium
3197 3824 3265 3885 et

537 3929 821 3975 securum
893 3909 1288 3986 conductum,
1345 3909 1762 3992 respondetur,
1834 3910 1997 3993 quod
2067 3912 2315 3994 propter
2385 3911 2670 3975 timorem
2721 3909 3042 3994 galearum
3093 3909 3264 3993 regis

517 3994 734 4063 Karoli
782 4016 903 4063 non
952 4003 1049 4063 est
1094 3996 1386 4081 possibile
1433 3998 1522 4061 eis
1559 3999 1941 4080 complacere
1990 4000 2062 4063 de
2109 4018 2323 4064 securo
2371 3999 2696 4076 conductu,
2752 3997 2992 4073 ¹,dando
3040 3997 3132 4061 eis
3181 3996 3263 4061 ad

517 4086 1020 4169 intelligendum,
1092 4087 1249 4168 quod
1322 4086 1598 4149 nostram
1667 4088 2078 4161 ambaxatam,
2154 4106 2342 4170 quam
2393 4087 2714 4151 mittemus
2762 4085 3138 4169 Ragusium,
3190 4086 3265 4149 nt

520 4174 756 4238 dictum
806 4177 921 4249 est,
972 4173 1355 4238 intendimus
1409 4173 1656 4238 mittere
1700 4192 1840 4238 cum
1890 4173 2135 4238 barchis
2183 4193 2288 4256 pro
2336 4173 2557 4239 maiori
2602 4174 2999 4239 securitate“.

605 4283 785 4343 Misti
835 4281 1150 4343 XXXIX.
1203 4284 1304 4358 12,
1352 4299 1396 4341 u
1439 4283 1592 4343 ndei.
1643 4282 1880 4343 arkivu.

785 4491 1211 4576 CCXCIV.
1265 4492 1472 4576 God.
1529 4492 1756 4575 1384.
1817 4482 1917 4575 10
1973 4490 2432 4594 listopada,
2482 4516 2547 4576 u
2597 4491 2989 4576 Mletclh.

733 4630 886 4695 Cum
929 4630 1378 4697 ambaxiatores
1426 4634 1588 4717 regis
1629 4632 1932 4698 Franciae
1980 4632 2311 4698 intendunt
2356 4634 2443 4698 ire
2487 4654 2593 4716 per
2639 4635 2871 4699 terram
2915 4634 2990 4699 ad
3040 4640 3254 4719 partes

522 4709 893 4794 Hungariae',
941 4719 1049 4782 sed
1095 4722 1336 4801 rogant,
1384 4723 1543 4802 quod
1572 4720 1924 4804 respublica
1950 4722 2164 4785 mittat
2187 4739 2366 4786 suam
2412 4722 2860 4787 ambasciatam
2907 4724 3256 4807 Ragusium
