3620 5282
3060 367 3142 435 73

820 535 1202 618 CXXIV.
1258 536 1468 619 God.
1523 536 1752 620 1364.
1805 530 1906 619 26
1958 538 2277 640 limus,
2332 561 2387 621 u
2446 540 2726 643 Lipci.

415 680 698 751 Ljudevit
747 681 1079 753 uffan-hro.
1126 680 1286 751 krab‘
1331 681 1545 753 radav'e
1604 698 1666 739 se
1710 681 2073 741 Mletcanom
2119 685 2270 749 sate,
2332 683 2420 740 §to
2466 700 2540 741 su
2608 686 2836 747 kretske
2896 692 3144 751 isnevie-

1460 770 1664 827 renike
1708 769 2078 828 nadvladali.

615 885 979 970 Exemplum
1032 887 1384 952 litterarum
1431 884 1660 952 domini
1726 889 1893 971 regis
1940 890 2259 973 Hungarie
2324 892 2770 973 congaudentis
2833 896 2906 959 de
2969 917 3145 963 recu-

408 973 723 1055 peratione
772 976 970 1039 insule
994 974 1196 1040 Crete.
1245 975 1461 1040 Amice
1487 977 1843 1041 carissime!
1892 976 2091 1041 Nosce
2142 977 2393 1056 vellitis,
2442 981 2604 1061 quod
2639 982 2895 1046 nuncius
2942 987 3145 1051 vester

410 1063 626 1125 harum
679 1062 938 1126 exibitor
983 1064 1161 1127 nobis
1188 1060 1428 1127 litteras
1477 1066 1713 1128 vestras
1746 1065 1997 1140 exibuit,
2048 1067 2389 1143 victoriam,
2425 1085 2613 1149 quam
2656 1069 2944 1136 dominus
2994 1073 3143 1138 deus

410 1148 586 1212 vobis
629 1151 693 1213 et
738 1150 1047 1215 communi
1099 1153 1302 1215 vestro
1350 1153 1423 1214 de
1473 1151 1806 1215 rebellibus
1857 1153 2076 1217 vestris
2125 1154 2321 1217 insule
2368 1157 2667 1220 cretensis
2708 1157 2977 1239 largitus
3027 1164 3142 1241 est,

411 1237 651 1317 plenius
701 1237 1137 1320 exprimentes,
1187 1258 1341 1322 quas
1388 1239 1637 1320 quidem
1684 1240 1926 1303 litteras
1975 1243 2149 1305 tanto
2197 1241 2411 1306 maiori
2456 1241 2846 1324 jocunditate
2894 1249 2959 1310 et
3004 1266 3147 1331 pro-

411 1325 678 1406 pensiori
726 1323 955 1389 solacio
1003 1326 1392 1409 suscepimus
1441 1329 1507 1390 et
1552 1327 1841 1409 legimu8‚
1890 1329 2119 1410 quanto
2166 1330 2449 1411 ampliori
2501 1330 2711 1395 leticia
2782 1334 2857 1396 de
2922 1336 3145 1400 vestris

413 1414 477 1475 et
520 1414 870 1477 vestrorum
912 1418 1218 1495 prosperis
1266 1415 1651 1478 successibus
1707 1414 1943 1480 sincere
1991 1436 2229 1498 semper
2273 1416 2643 1496 exultamus,
2709 1422 2772 1483 et
2818 1420 2929 1486 hos
2977 1423 3146 1487 omni

414 1500 714 1564 desiderio
767 1501 996 1584 iugiter
1041 1502 1350 1584 percipere
1398 1501 1813 1578 delectamur;
1863 1507 2201 1586 sperantes,
2250 1503 2411 1588 quod
2459 1504 2813 1571 huiusmodi
2878 1510 3145 1575 vindicte

414 1590 618 1652 vestre
664 1589 921 1653 claritas
967 1589 1126 1668 aliis,
1178 1610 1251 1654 ne
1298 1590 1644 1654 consimilia
1690 1591 1882 1655 velint
1924 1610 2295 1674 presumere,
2344 1594 2619 1658 transeat
2665 1593 2727 1657 in
2774 1598 3144 1680 exemplum.

623 1676 786 1740 Data
831 1677 892 1740 iu
941 1677 1166 1759 Lipthe
1212 1676 1311 1741 die
1358 1677 1569 1742 XXVI
1615 1679 1847 1742 mensis
1896 1678 2065 1743 iunii.
2117 1678 2370 1762 (1364.)

501 1781 1072 1845 Commemorialium
1129 1786 1258 1846 V11
1301 1788 1403 1857 37,
1450 1805 1493 1846 u
1537 1787 1692 1847 mlet.
1740 1789 1974 1849 arkivu.

815 1954 1133 2091 cxxv.
1197 2008 1403 2092 coo.
1460 2009 1690 2092 1364.
1745 2012 1796 2093 e
1848 2013 2179 2115 emma,
2234 2035 2291 2094 u
2347 2013 2736 2099 materh.

623 2170 926 2234 Scribitur
973 2169 1404 2233 ambasciatori
1451 2172 1621 2235 eunti
1668 2172 1742 2235 ad
1798 2191 2006 2254 regem
2056 2174 2391 2255 Huugarie‚
2442 2177 2597 2257 quod
2657 2177 2710 2239 si
2773 2196 2952 2241 suum
3017 2178 3141 2242 iter

420 2258 701 2340 prosequi
754 2276 868 2321 non
921 2255 1142 2333 valeat,
1196 2255 1486 2321 Venetias
1534 2260 1757 2333 rede-at,
1807 2264 1870 2321 et
1916 2262 2099 2324 ducat
2146 2280 2355 2325 secum
2402 2264 2906 2328 Bartholomeum
2960 2265 3144 2329 Ursio

415 2364 606 2427 usque
657 2346 965 2426 Segniam,
1017 2346 1113 2407 cui
1162 2349 1306 2408 ante
1354 2365 1662 2409 recessum
1713 2367 1891 2411 suum
1942 2349 2220 2429 assignet
2264 2370 2475 2413 omues
2523 2351 2882 2431 scripturaS,
2933 2359 2996 2415 et
3042 2372 3144 2416 or-

411 2431 599 2508 dinet,
649 2433 807 2515 quod
850 2433 936 2495 ibi
978 2433 1259 2513 expectet
1310 2433 1697 2513 Raphainum
1770 2437 1845 2498 de
1892 2435 2222 2511 CaresiniS,
2292 2456 2550 2519 quocum
2617 2439 2705 2502 ire
2773 2439 2997 2504 debeat
3065 2441 3142 2504 ad

408 2520 826 2600 exequendum
870 2538 957 2594 ea,
1007 2539 1123 2602 que
1171 2521 1286 2601 ipsi
1336 2521 1772 2586 ambasciatori
1821 2525 1999 2587 eraut
2041 2525 2398 2589 commissa.

496 2626 734 2688 Secreta
776 2629 1013 2689 consilii
1057 2633 1414 2703 roqatorum.

779 2852 1135 2934 CXXVU.
1192 2853 1398 2937 God.
1456 2854 1685 2937 1364.
1741 2856 1849 2937 24
1901 2857 2226 2957 srpnja⁹
2282 2879 2339 2937 u
2392 2857 2784 2939 Mletcih.

407 2998 748 3071 Izviescuju
792 3017 852 3058 se
895 2999 1184 3057 nacelnici
1230 3018 1269 3056 u
1320 3000 1488 3069 Istri‚
1551 3001 1631 3057 da
1676 3017 1737 3058 se
1783 3000 2013 3074 uzleyla
2059 3001 2327 3069 obskrba,
2376 3001 2514 3072 koja
2559 3018 2621 3058 se
2680 3002 2754 3059 do
2817 3003 2971 3061 sada
3038 3004 3147 3062 da-

407 3086 544 3143 vala
590 3087 779 3145 knew
826 3087 1094 3161 Gjorqju,
1145 3090 1198 3145 te
1245 3088 1325 3144 da
1371 3087 1567 3145 budno
1601 3104 1756 3160 paze
1802 3105 1886 3146 na
1926 3087 2201 3162 gyratione,
2250 3088 2512 3159 mihovoj
2559 3090 2778 3160 upravi
2817 3092 3144 3162 povierene.

375 3277 384 3284 „
621 3204 956 3286 Capitaueo
1006 3206 1368 3289 paysinatici
1422 3207 1636 3272 Sancti
1687 3207 2019 3272 Laurentii.
2073 3208 2521 3272 Denotavimus
2594 3209 2785 3283 vobiS,
2848 3210 3010 3292 quod
3074 3231 3148 3276 ex

406 3292 721 3374 aliquibus
771 3294 1244 3358 rationabilibus
1292 3295 1493 3358 causis
1545 3296 1977 3376 provisionem,
2026 3314 2209 3376 quam
2259 3314 2463 3360 coines
2511 3296 2816 3378 Georgius
2875 3297 3148 3363 habebat

405 3398 441 3443 a
492 3381 688 3453 nobis,
737 3382 1019 3444 duximus
1066 3383 1490 3457 revocandam,
1557 3384 1621 3446 et
1665 3384 1824 3464 quod
1870 3402 1981 3446 non
2047 3384 2132 3447 sit
2195 3384 2467 3465 amplius
2530 3385 2604 3446 ad
2670 3387 2945 3451 nostrum
3014 3405 3146 3450 ser-

409 3467 651 3540 vitium,
701 3468 800 3530 cui
851 3469 1111 3531 fecimus
1154 3470 1444 3532 satisfieri
1486 3470 1561 3533 de
1610 3471 1906 3552 tempore,
1978 3489 2095 3553 quo
2160 3471 2429 3534 servivit.
2505 3470 2636 3549 Que
2705 3475 2783 3536 ad
2844 3473 3148 3538 informa-

407 3554 638 3618 tionem
690 3558 960 3618 vestram
1010 3556 1388 3635 providimus
1437 3556 1632 3621 facere
1681 3558 1854 3621 vobis
1904 3558 2250 3633 manifesta,
2303 3561 2371 3622 ut
2418 3558 2479 3622 in
2524 3560 2690 3623 omni
2763 3566 2992 3625 eventu
3070 3563 3145 3625 de

409 3640 540 3705 loco
606 3644 777 3706 vobis
841 3644 1173 3706 commisso
1241 3643 1461 3707 bonam
1525 3647 1589 3707 et
1654 3644 2022 3726 diligentem
2071 3645 2394 3709 custodum
2443 3646 2746 3711 habeatis.
2817 3651 2978 3711 Data
3045 3648 3145 3711 die

407 3729 652 3794 XXIIII
703 3730 838 3794 iulii
886 3731 1149 3794 secunde
1198 3730 1564 3794 indictionis
2758 3783 2759 3786 η

622 3816 858 3881 Similis
906 3817 1227 3896 capitaneo
1274 3817 1666 3898 Grisignane‚
1731 3822 2019 3902 potestati
2069 3820 2507 3902 Justinopolis‚
2558 3820 2849 3901 potestati
2909 3822 3142 3900 Pirani,

404 3906 699 3984 potestati
749 3905 1048 3981 Parentii‚
1096 3906 1308 3970 comiti
1355 3905 1523 3971 Pole.

492 4011 734 4072 Secreta
773 4014 1011 4074 consilii
1055 4019 1413 4089 royatorum.

717 4236 1119 4317 CXXVH.
1176 4235 1377 4319 God.
1436 4238 1663 4319 1364.
1722 4238 1770 4319 3
1823 4239 2269 4337 kolovoza⁹
2323 4262 2383 4321 u
2438 4240 2833 4322 Mletcih.

615 4373 947 4438 Ordinatur
993 4375 1314 4457 capitaneo
1379 4376 1535 4458 ligni
1585 4377 1805 4459 riperie
1853 4378 2058 4454 Istrie‚
2104 4380 2261 4458 quod
2309 4377 2599 4459 Segniam
2647 4397 2787 4441 cum
2840 4379 3012 4461 ligno
3063 4382 3141 4444 ad

398 4462 726 4527 levandum
779 4461 1219 4527 cancellarium
1264 4466 1623 4528 redeuntem
1672 4484 1744 4528 ex
1793 4465 2117 4547 Hungaria
2161 4468 2280 4543 eat,
2332 4471 2395 4529 et
2443 4465 2746 4529 conducat
2806 4485 2947 4531 eum
2997 4486 3139 4531 cum

401 4568 515 4702 {ua
561 4550 855 4702 comitiva
905 4550 1219 4629 VenetiaS‚
1269 4555 1332 4615 et
1380 4552 1430 4615 si
1480 4553 1749 4618 nondum
1796 4551 2086 4635 Segniam
2138 4554 2429 4629 venisset,
2501 4553 2785 4635 expectet
2847 4573 2984 4618 eum
3058 4555 3144 4620 ibi

444 4655 593 4702 onec
642 4655 820 4702 venia
854 4687 868 4700 .

496 4745 737 4807 Secreta
783 4746 1019 4807 consilii
1062 4750 1420 4821 royatorum.
