3620 5282
2917 362 3038 429 261

570 530 1153 616 Occhxxlv.
1210 532 1417 617 God.
1469 534 1696 619 1389.
1752 535 1861 619 30
1915 534 2265 638 sleenja,
2318 558 2376 618 11
2427 537 2818 621 Mletcih.

329 677 501 737 Nelea
559 694 620 738 se
674 695 752 752 po
799 680 1121 752 poscaniku
1183 681 1472 740 obavieste
1531 680 1693 754 krazj
1754 682 1779 739 i
1824 681 2080 754 'arabica
2126 682 2453 755 uyarelzr‘v.
2500 683 2569 741 ob
2614 699 2801 753 onom,
2849 684 2936 744 §to
2982 702 3044 746 se

329 766 569 839 proaulo
614 766 671 828 iz
711 767 910 828 Bosne
957 770 977 826 i
1024 787 1057 828 o
1101 768 1477 840 stoicrnicih,
1523 770 1651 916 11οἔ
1689 786 1779 917 εἴ,
1808 770 2111 843 odredjeni
2155 771 2235 829 da
2280 771 2470 829 krune
2514 772 2652 830 sina
2678 773 2814 846 pok.
2845 773 3048 847 krab'a

1645 876 1718 917 ar
1782 904 1797 919 .

551 974 734 1040 1388.
784 974 1117 1041 indictione
1164 975 1305 1042 XII.
1353 976 1440 1041 30
1484 975 1766 1042 ianuarii.
1819 974 2142 1059 Sapientes
2174 976 2437 1042 consilii.
2474 976 2703 1061 Capta:
2754 980 2910 1062 quod
2934 999 3044 1063 pro

333 1062 639 1128 reddendo
703 1063 1107 1128 informatum
1176 1083 1385 1147 regem
1440 1065 1503 1128 et
1561 1065 1874 1129 dominam
1940 1067 2218 1148 reginam
2283 1064 2598 1149 Hungarie
2645 1068 2718 1131 de
2764 1067 2881 1146 his,
2931 1089 3047 1151 que

339 1151 645 1216 sentimus
692 1152 765 1216 de
810 1152 1093 1235 partibus
1140 1154 1431 1229 Bossine‚
1479 1156 1541 1217 et
1585 1153 1771 1218 etiam
1835 1154 1907 1217 de
1969 1154 2096 1219 illis
2153 1156 2390 1219 duobus
2461 1154 2894 1235 cardinalibuS,
2943 1158 3044 1239 qui

337 1240 483 1305 ituri
533 1243 685 1304 sunt
729 1242 805 1304 ad
846 1242 1256 1306 coronandum
1303 1241 1498 1306 filium
1547 1243 1859 1324 quondum
1906 1240 2140 1307 domiui
2187 1244 2353 1325 regis
2414 1242 2652 1316 Karoli,
2718 1242 3044 1322 collegium

337 1327 592 1404 domini,
641 1329 1151 1407 consiliariorum,
1199 1329 1467 1412 capitum
1518 1334 1583 1392 et
1642 1331 1991 1412 sapientum
2062 1331 2386 1396 ambarum
2459 1349 2752 1396 manuum
2821 1333 3047 1397 habeat

338 1416 694 1481 libertatem
720 1416 1007 1481 mittendi
1040 1436 1224 1482 unam
1252 1416 1663 1482 sufficientem
1689 1436 2013 1500 personam
2046 1420 2123 1483 ad
2153 1423 2360 1502 partes
2395 1418 2713 1501 Hungarie
2744 1422 2822 1485 ad
2855 1422 3047 1503 signi-

337 1504 646 1576 ficandum
690 1505 807 1570 sibi
856 1506 1129 1587 predicta
1177 1524 1284 1589 pro
1331 1506 1488 1570 bono
1534 1509 1909 1590 agendorum
1961 1510 2309 1573 nostrorum
2357 1525 2464 1590 per
2524 1507 2705 1572 illum
2775 1509 3045 1588 modum,

335 1595 440 1676 qui
487 1592 654 1658 dicto
698 1593 957 1677 collegio
1002 1594 1178 1659 utilis
1225 1595 1565 1677 apparebit.
1693 1641 1709 1656 .

418 1700 656 1762 Secreta
705 1701 880 1764 Gens.
928 1703 1076 1779 Roy.
1122 1704 1182 1764 R
1226 1705 1329 1781 44,
1378 1721 1423 1763 u
1465 1703 1617 1763 mlet.
1664 1704 1898 1763 arkivu.

598 1890 1134 1976 oocnxxv.
1191 1893 1397 1977 eod.
1451 1893 1679 1977 1000.
1734 1894 1786 1977 e
1842 1892 2217 1994 venaco,
2273 1916 2331 1976 u
2384 1893 2778 1977 metam.
2831 1851 2836 1856 ’

383 2038 529 2113 opet
572 2055 634 2099 se
679 2039 981 2112 odluduje,
1027 2039 1106 2098 da
1150 2055 1212 2099 se
1248 2057 1331 2113 po
1375 2039 1697 2111 poslaniku
1741 2039 2024 2098 obaviesti
2066 2057 2269 2115 ayan—
2284 2041 2415 2099 hrv.
2460 2040 2622 2114 kmlj
2666 2056 2698 2099 o
2744 2040 3004 2112 m'ekojih

1318 2127 1654 2187 velevainih
1700 2127 2063 2207 doqodjqjih.

551 2247 737 2313 1388.
783 2247 1116 2313 indictione
1159 2249 1301 2326 XII,
1346 2248 1443 2313 die
1476 2251 1687 2313 octavo
1718 2248 2034 2313 februarii.
2076 2247 2427 2314 Consiliarii
2460 2254 2522 2314 et
2560 2251 2786 2332 capita.
2823 2248 3044 2331 Capta:

333 2337 477 2420 quia
519 2335 673 2400 facit
731 2355 838 2418 pro
886 2336 1111 2401 honore
1160 2337 1358 2401 nostri
1421 2336 1678 2401 dominii
1725 2337 2060 2403 informare
2108 2338 2572 2403 serenissimum
2624 2340 2688 2403 et
2746 2340 3048 2404 excellen-

336 2425 654 2489 tissimum
701 2424 1020 2489 dominum
1074 2442 1279 2506 regem
1329 2424 1649 2509 Hungarie
1694 2425 1768 2489 de
1816 2425 1960 2502 hiis,
2004 2445 2122 2509 que
2166 2426 2474 2491 sentimus
2520 2431 2583 2490 et
2627 2446 2743 2509 que
2781 2429 3050 2512 tangunt

254 2533 259 2542 ⁴
337 2513 766 2578 serenissimas
809 2513 1011 2595 regias
1046 2514 1402 2578 maiestates
1436 2532 1578 2578 suas
1624 2515 1687 2577 et
1732 2533 1992 2598 regnum
2028 2516 2090 2579 et
2131 2514 2431 2580 ‘honorem
2462 2516 2525 2579 et
2556 2519 2794 2579 statum
2833 2534 3047 2599 suum3

339 2602 514 2666 vadit
559 2619 725 2685 pars,
777 2603 931 2686 quod
981 2602 1273 2667 mittatur
1320 2622 1476 2667 uuus
1525 2603 1733 2668 noster
1789 2603 2069 2668 notarius
2118 2603 2432 2669 sufficiens
2495 2604 2570 2668 ad
2615 2605 2823 2687 partes
2870 2604 3049 2669 Hun-

336 2690 529 2774 garie,
577 2710 685 2774 per
730 2710 910 2774 quem
960 2692 1352 2755 notificentur
1397 2691 1674 2756 ordinate
1721 2691 1946 2767 omnia,
1996 2711 2110 2774 que
2155 2692 2477 2770 habemus,
2524 2691 2773 2757 domino
2812 2694 2942 2775 regi
2984 2698 3048 2760 et

337 2778 579 2843 domine
626 2779 838 2863 regine
885 2781 1015 2843 tam
1060 2780 1133 2843 de
1166 2779 1366 2843 literis
1414 2780 1588 2844 nobis
1635 2779 1846 2844 missis
1893 2799 2001 2861 per
2033 2780 2348 2847 dominum
2383 2781 2689 2846 Thomam
2724 2781 2797 2846 de
2830 2785 3043 2847 sancto

339 2865 632 2932 Severino
679 2885 862 2951 quam
912 2866 987 2930 de
1032 2885 1175 2931 casu
1222 2884 1472 2931 occurso
1518 2868 1692 2950 galee
1741 2868 2208 2934 Zadratinorum
2255 2873 2318 2933 et
2364 2869 2437 2933 de
2483 2869 2764 2952 captione
2810 2869 3046 2936 domini

341 2955 611 3045 episcopi
654 2954 1070 3038 Isagrabiensi
1120 2957 1183 3020 et
1244 2953 1505 3019 aliorum
1552 2956 1971 3037 captivorum,
2021 2957 2086 3021 et
2129 2956 2205 3021 de
2252 2957 2483 3036 ordine,
2532 2976 2711 3041 quem
2761 2958 3045 3024 dedimus

341 3044 546 3129 galeis
595 3045 822 3109 nostris
865 3043 1026 3121 culfi,
1077 3061 1228 3126 quas
1270 3044 1557 3108 misimus
1619 3044 1694 3108 ad
1746 3045 1956 3125 partes
2014 3043 2225 3110 Sicilie
2273 3048 2338 3110 et
2381 3046 2507 3110 alia
2550 3046 2686 3111 loca
2731 3047 3045 3111 occasione

349 3132 525 3217 galee
570 3134 861 3216 predicte,
910 3135 981 3196 ut
1026 3151 1142 3197 non
1191 3131 1559 3214 adimpleret
1604 3132 1840 3197 malum
1887 3134 2266 3216 propositum
2317 3153 2517 3212 suum,
2569 3153 2689 3217 que
2722 3137 2928 3200 omnia
2958 3137 3048 3201 eis

349 3219 666 3286 notificare
711 3219 1203 3297 deliberavimus,
1254 3221 1397 3304 quia
1443 3221 1735 3286 honorem
1783 3222 1847 3285 et
1893 3223 2129 3286 statum
2177 3222 2538 3287 excellentie
2584 3242 2693 3288 sue
2725 3224 2789 3288 et
2835 3242 3050 3291 corone

344 3312 409 3374 et
453 3309 626 3393 regni
690 3308 1008 3391 Hungarie
1057 3309 1229 3373 velut
1275 3310 1554 3373 nostrum
1607 3308 1925 3392 proprium
1973 3312 2330 3392 reputamus
2380 3313 2443 3375 et
2486 3311 2866 3376 intendimus
2914 3332 3050 3394 per·

337 3400 524 3481 petuo
573 3399 891 3479 reputare;
942 3399 1005 3478 et
1035 3399 1218 3462 vadat
1263 3397 1383 3462 iste
1428 3398 1636 3462 noster
1678 3396 1933 3463 nuntius
1965 3416 2106 3463 cum
2157 3399 2268 3463 1110
2300 3400 2735 3464 commissione
2766 3401 2829 3464 et
2860 3400 3051 3467 infor-

336 3485 608 3550 matione
640 3486 701 3549 in
734 3484 1028 3569 predictis
1062 3488 1124 3551 et
1153 3486 1317 3550 circa
1351 3486 1624 3568 predicta
1655 3487 1718 3550 et
1750 3485 1892 3562 0110,
1927 3506 2042 3570 que
2067 3484 2439 3553 videbuntur
2485 3488 2541 3552 ei
2585 3490 3049 3568 committenda,

337 3575 499 3639 sicut
530 3573 843 3639 videbitur
889 3573 1147 3656 collegio
1195 3575 1295 3638 vel
1339 3573 1557 3639 maiori
1600 3574 1783 3657 parti.
1837 3572 1941 3652 63,
1990 3574 2066 3640 de
2113 3593 2232 3640 non
2288 3575 2386 3655 10,
2434 3594 2554 3641 11011
2601 3578 2826 3642 sinceri
2882 3579 2935 3642 1.

420 3683 601 3743 Misti
649 3681 788 3744 XL.
844 3682 985 3752 159,
1029 3699 1074 3741 u
1119 3682 1271 3744 mlet.
1315 3683 1549 3745 arkivu.

575 3872 1160 3956 CCCLXXVI.
1214 3871 1421 3969 God.
1476 3871 1703 3957 1389.
1759 3872 1861 3954 10
1914 3869 2271 3974 veljabe,
2322 3895 2383 3955 u
2433 3872 2822 3957 Mletcih.

338 4016 676 4092 Republika
719 4017 1083 4090 obavies‘enje
1128 4033 1326 4092 πρωκ-
1346 4016 1474 4076 hrv.
1522 4016 1723 4088 krab'a
1768 4009 2058 4095 alicuem,
2107 4015 2195 4075 §to
2237 4016 2295 4089 je
2341 4016 2612 4075 odi-edila
2645 4017 2766 4077 bila
2810 4018 2891 4077 da
2909 4037 3050 4093 pre-

663 4106 856 4179 priedi
895 4105 1199 4179 izkrcanje
1243 4104 1559 4178 napuljske
1602 4104 1851 4177 krab’ice
1895 4102 2233 4178 Marqarite
2277 4122 2320 4162 u
2363 4104 2692 4166 Hrvacsku.

552 4241 737 4306 1388.
785 4241 1114 4308 indictione
1163 4239 1305 4317 XII,
1355 4241 1455 4306 die
1503 4241 1563 4306 X
1604 4240 1921 4306 februarii.
1989 4277 2071 4288 --
2140 4240 2334 4325 Capta
2402 4243 2467 4306 in
2528 4242 2824 4327 collegio:
2892 4245 3051 4329 quod

338 4331 629 4397 mittatur
688 4332 1056 4396 Laurentius
1102 4330 1178 4396 de
1225 4330 1504 4395 Mouacis
1569 4331 1846 4395 notarius
1910 4334 2114 4407 noster
2178 4331 2242 4395 in
2301 4330 2687 4413 Hungariam
2738 4352 2877 4396 cum
2926 4333 3049 4397 ista

339 4419 790 4484 commissione.
839 4420 1171 4484 Laurenti!
1224 4420 1374 4484 vade
1418 4418 1659 4484 solicite
1692 4418 1769 4482 ad
1801 4418 2176 4502 presentiam
2210 4418 2590 4483 serenissimi
2620 4420 2849 4484 domini
2884 4422 3047 4503 regis

339 4507 662 4591 Hungarie
702 4508 767 4571 et
813 4506 1329 4573 excellentissime
1376 4507 1620 4572 domine
1668 4507 1898 4591 regine,
1949 4525 2100 4589 quos
2146 4507 2261 4570 sub
2308 4508 2537 4572 nostris
2587 4507 2786 4571 literis
2834 4511 3049 4575 credu-

337 4596 537 4662 litatis
582 4597 758 4679 parte
807 4598 1020 4660 nostra
1066 4595 1371 4661 salutabis
1420 4615 1562 4660 cum
1609 4596 1736 4659 illis
1798 4594 2259 4660 honorabilibus
2307 4598 2370 4659 et
2415 4595 2866 4676 pertinentibus
2916 4617 3051 4664 ver-

339 4685 459 4756 bis,
508 4705 624 4768 que
673 4701 781 4765 pro
828 4685 1054 4748 honore
1102 4683 1468 4748 maistatum
1504 4702 1754 4748 suarum
1802 4689 1866 4747 et
1909 4684 2108 4748 nostri
2152 4683 2407 4748 dominii
2439 4682 2664 4748 videris
2707 4686 3048 4765 convenire,

336 4772 642 4837 offerendo
688 4790 799 4837 nos
847 4774 912 4836 et
953 4775 1234 4837 nostrum
1284 4789 1610 4837 commune
1655 4771 1733 4836 ad
1780 4773 2000 4835 cuncta
2045 4773 2477 4837 concernentia
2522 4773 3052 4839 conservationem
