3620 5282
3027 337 3150 403 129

422 503 587 587 ipsos
633 506 1020 588 pertinentes
1068 526 1178 590 per
1224 528 1391 573 mare
1438 511 1538 576 vel
1583 512 1814 575 terram
1848 510 2241 575 transeuntes
2286 510 2353 574 et
2396 509 2746 589 redeuntes,
2794 510 2908 575 sub
2941 514 3148 578 vestra

422 592 623 656 ducali
670 595 1049 675 protectione
1082 596 1308 661 habere
1354 597 1609 676 vellitis,
1661 616 1732 662 ac
1777 597 1855 662 ab
1901 597 2060 674 aliis,
2110 616 2262 680 quos
2309 597 2619 662 sciveritis
2667 599 2907 663 eosdem
2955 600 3151 665 mole-

424 683 586 745 stare
635 683 1178 764 attemptantibuS,
1229 685 1569 767 dignemini
1618 685 1810 750 nostri
1858 686 2086 750 amoris
2133 686 2211 749 ob
2258 689 2603 768 respectum
2630 686 2986 752 deffensare.
3026 688 3153 751 Da-

378 768 558 857 ·tum
609 768 858 834 Posonii
906 771 1025 836 VII
1071 772 1172 836 die
1215 774 1448 837 mensis
1498 774 1649 837 iunii
1699 773 1952 855 (1349).

514 857 1083 920 Commemorialium
1128 863 1167 921 1
1181 864 1241 923 V.
1296 866 1439 933 100,
1486 882 1527 923 u
1571 865 1915 923 mletackom
1956 865 2188 923 arkivu.

807 1047 1213 1133 CXCVII.
1288 1052 1495 1136 Gon.
1550 1053 1779 1135 1349.
1837 1053 1887 1134 8
1941 1052 2255 1156 lipnja,
2307 1075 2366 1134 u
2420 1052 2812 1135 Mletcih.

904 1160 1113 1218 Prima
1158 1178 1237 1231 se,
1285 1162 1365 1220 da
1409 1180 1470 1222 se
1516 1164 1964 1222 domobranstvo
2011 1180 2051 1219 u
2089 1162 2418 1235 Dalmaciji
2456 1164 2688 1234 ustroji.

630 1258 819 1324 1349.
869 1260 966 1325 die
1014 1262 1167 1326 VIII
1217 1263 1391 1328 iunii.
1442 1263 1505 1328 Si
1554 1265 1795 1328 videtur
1843 1264 2037 1343 vobiS,
2084 1265 2243 1347 quod
2277 1264 2396 1328 iste
2429 1265 2885 1348 paysanaticus,
2934 1266 3008 1330 de
3035 1285 3152 1349 quo

419 1345 516 1408 bic
561 1348 886 1424 tractatur,
936 1348 1049 1413 fiat
1094 1350 1155 1414 in
1197 1352 1477 1433 partibus
1524 1351 1862 1429 Sclavenie‚
1912 1371 1989 1416 an
2039 1370 2181 1418 non.
2232 1353 2314 1416 Et
2357 1351 2407 1416 si
2455 1353 2731 1435 capietur
2762 1352 3149 1418 de.faciendo
3235 1362 3272 1397 *f

420 1435 908 1515 paysanaticum‚
961 1442 1172 1519 postea
1225 1440 1589 1521 procedatur
1635 1441 1712 1504 ad
1759 1441 1881 1504 alia
1929 1441 2262 1504 secundum
2312 1440 2471 1521 quod
2520 1439 2620 1504 hic
2661 1439 2828 1504 dicta
2875 1440 3144 1507 fuerunt.

627 1521 826 1604 Capta
871 1524 1093 1605 prima,
1142 1527 1301 1609 quod
1351 1528 1483 1610 ipse
1531 1528 1971 1612 paysanaticus
2019 1529 2147 1591 fiat.
2211 1528 2303 1592 De
2351 1529 2524 1610 parte
2571 1527 2695 1602 433
2762 1529 3030 1593 secunda
3077 1530 3152 1593 de

418 1624 535 1670 non
592 1609 710 1689 163
758 1611 951 1675 tercia
1001 1614 1073 1676 de
1119 1632 1235 1678 non
1285 1615 1543 1680 sinceris
1584 1617 1690 1679 25.

500 1698 699 1770 Misti,
747 1700 950 1760 XXV.
996 1704 1103 1775 23,
1149 1722 1192 1763 u
1237 1708 1454 1766 arkivu
1490 1707 1850 1765 mletadkom.

732 1872 1181 1958 CXCVIII.
1262 1878 1469 1961 Gon.
1523 1877 1756 1960 1349.
1810 1880 1902 1959 11
1955 1877 2272 1978 llpnja,
2324 1899 2386 1957 u
2441 1877 2835 1959 Mletcih.

414 1976 684 2051 Rieseno,
730 1983 812 2040 da
856 1998 917 2041 se
961 1986 1216 2059 imenuje
1261 1988 1535 2046 nacelnik
1581 1987 2037 2046 domobranstva
2081 2004 2123 2044 u
2169 1986 2516 2059 Dalmact‘ji.
2562 1985 2899 2059 Republika
2940 1988 3145 2060 pricio-

1316 2075 1453 2148 dnje
1497 2076 1584 2134 25
1629 2076 1813 2148 konja
1861 2092 1905 2133 u
1951 2079 2016 2133 tu
2061 2074 2260 2134 svrhu.

600 2170 784 2237 1349.
812 2171 911 2238 die
936 2174 1030 2239 XI
1054 2174 1227 2239 iunii.
1264 2173 1624 2258 Sapientes:
1660 2174 1973 2255 Cornari0‚
2008 2175 2175 2255 Ori0,
2209 2175 2451 2241 Pixani.
2485 2173 2724 2258 Capta:
2758 2176 2917 2258 quod
2949 2176 3013 2241 in
3045 2196 3155 2241 no-

415 2256 580 2320 mine
605 2258 997 2326 altissimidei
1048 2261 1316 2346 eligatur
1362 2266 1425 2328 et
1470 2264 1583 2328 fiat
1629 2284 1786 2329 unus
1835 2266 2191 2348 capitaneus
2240 2264 2301 2328 in
2347 2263 2705 2341 Sclavonia,
2758 2263 2864 2346 qui
2911 2263 3151 2330 dicatur
3261 2282 3298 2309 v

416 2344 771 2427 capitaneus
806 2348 1140 2429 Dalmatis,
1190 2352 1289 2433 qui
1325 2352 1683 2434 capitaneus
1707 2353 1936 2417 habeat
1980 2352 2045 2416 in
2092 2370 2239 2416 cura
2270 2354 2332 2416 et
2364 2352 2427 2416 in
2466 2351 2846 2434 protectione
2872 2354 3142 2435 gentem,

413 2449 597 2513 quam
635 2434 754 2499 sibi
798 2437 1261 2503 committemus
1312 2438 1667 2522 regendam,
1717 2443 1782 2505 et
1839 2440 2126 2505 civitates
2174 2458 2384 2504 omnes
2430 2443 2494 2504 et
2540 2439 2677 2503 loca
2734 2440 2946 2503 nostra
2993 2439 3146 2504 Dal·
3227 2480 3284 2529 ψ

414 2521 611 2585 macie
645 2524 833 2606 atque
879 2523 1145 2604 Oroatis,
1190 2529 1254 2591 et
1300 2527 1713 2592 habItationes
1760 2532 1826 2593 et
1868 2529 2035 2593 cives
2074 2546 2281 2593 eorum
2323 2545 2701 2609 suorumque
2736 2525 3028 2605 locorum,
3080 2528 3145 2592 et

414 2608 495 2671 sit
540 2610 895 2692 capitaneus
959 2614 1265 2696 generalis
1330 2634 1514 2699 super
1560 2633 1773 2682 omnes
1820 2619 2084 2682 rectores
2129 2615 2403 2700 partium
2467 2615 2779 2698 ipsarum,
2841 2615 3002 2680 siout
3048 2618 3145 2682 est

411 2696 768 2778 capitaneus
815 2702 1183 2784 paysinatici
1231 2723 1413 2786 super
1459 2723 1668 2770 omnes
1714 2706 1983 2769 rectores
2030 2706 2301 2787 partium
2344 2703 2560 2781 Istrie,
2617 2707 2866 2785 excepto
2915 2704 3142 2769 comite

412 2781 619 2863 Jadre,
669 2786 771 2851 cui
819 2806 929 2853 nec
974 2791 1262 2872 gentibus
1309 2793 1439 2856 suis
1487 2792 1720 2875 aliquid
1765 2793 1964 2874 possit
2007 2792 2356 2875 precipere,
2415 2791 2522 2856 sed
2572 2791 2634 2855 in
2681 2809 2829 2856 casu
2875 2792 3144 2857 necessi-

413 2871 580 2950 tatis,
628 2873 774 2937 dum
811 2895 848 2940 a
879 2876 1044 2942 dicto
1077 2880 1304 2943 comite
1330 2881 1762 2962 requireretur,
1814 2882 1964 2944 tunc
1996 2881 2277 2944 teneatur
2307 2878 2509 2942 dictus
2535 2896 2757 2956 comes,
2808 2897 2950 2943 cum
2996 2897 3143 2944 con-

413 2960 753 3025 servatione
805 2982 1048 3047 semper
1098 2966 1369 3031 civitatis
1420 2967 1628 3047 Jadre,
1673 2968 1998 3033 subvenire
2043 2968 2112 3031 in
2162 2984 2234 3032 ea
2263 2966 2634 3050 quantitate,
2682 2985 2798 3049 que
2844 2966 2965 3031 sibi
2996 2986 3139 3032 con-

413 3046 661 3112 veniens
700 3050 1050 3132 videbitur,
1114 3053 1395 3120 habendo
1457 3074 1697 3137 semper
1760 3057 2146 3138 respectum,
2196 3054 2268 3118 ut
2313 3053 2684 3137 predicitur,
2752 3054 2829 3119 ad
2875 3055 3142 3121 salutem

414 3134 686 3200 civitatis
735 3138 1030 3204 eiusdem.
1080 3142 1162 3205 Et
1208 3140 1472 3207 addatur
1519 3143 1580 3207 in
1629 3144 2058 3208 commissione
2106 3143 2412 3207 rectorum
2445 3144 2798 3207 nostrorum
2844 3143 3140 3225 ipsarum,

413 3223 571 3304 quod
616 3224 682 3288 in
727 3244 893 3307 casu,
934 3247 1050 3310 quo
1095 3230 1558 3312 requirerentur
1590 3250 1700 3314 per
1731 3231 1937 3314 ipsum
1969 3232 2380 3314 capitaneum,
2429 3230 2709 3295 tribuant
2755 3230 2812 3295 ei
2853 3232 2928 3294 de
2957 3235 3142 3315 gente

412 3326 542 3388 sua,
592 3312 755 3376 sicut
796 3314 929 3397 ipse
977 3317 1333 3400 capitaneus
1389 3318 1679 3402 requiret,
1730 3321 1794 3383 et
1839 3319 2121 3384 firmetur
2164 3319 2297 3402 ipse
2351 3318 2768 3402 paysinaticus
2815 3337 2958 3384 cum
3001 3338 3140 3383 am-

414 3397 828 3465 baxiatoribus
896 3406 1415 3470 communitatum
1485 3407 1735 3471 illarum
1797 3426 1908 3491 per
1972 3407 2235 3472 formam
2300 3407 2679 3486 sindicatus,
2729 3424 2880 3489 quos
2934 3426 3142 3491 repre-

412 3489 833 3554 sentaverunt.
876 3491 968 3555 De
1014 3494 1187 3574 parte
1223 3494 1328 3571 66,
1378 3496 1450 3559 de
1500 3513 1619 3558 non
1675 3498 1773 3572 11,
1820 3513 1946 3570 non,
1988 3495 2212 3559 sinceri
2249 3495 2311 3559 3.

623 3575 855 3658 Capta:
903 3581 968 3643 et
1012 3580 1201 3645 saciat
1246 3581 1321 3646 ad
1371 3601 1619 3663 presens
1666 3583 1800 3664 ipse
1847 3584 2210 3665 capitaneus
2257 3580 2652 3647 residentiam
2700 3581 2763 3646 in
2800 3580 3134 3663 Scardona,

412 3662 475 3725 et
521 3662 583 3725 in
630 3662 837 3730 futuro
871 3666 1079 3747 faciat,
1128 3668 1234 3733 ubi
1283 3669 1684 3735 dominationi
1721 3670 2030 3736 videbitur
2060 3669 2498 3745 ordinandum3
2547 3673 2610 3734 et
2638 3673 2963 3753 propterea
2992 3671 3144 3735 scri-

412 3749 596 3813 batur
640 3753 856 3819 comiti
904 3755 1099 3820 Paulo
1147 3756 1444 3840 predict0,
1494 3763 1555 3822 et
1602 3758 2020 3823 amicabiliter
2065 3777 2172 3841 per
2220 3758 2463 3822 nostras
2495 3758 2739 3822 litteras
2768 3759 3139 3841 requiratur,

412 3837 571 3920 quod
626 3842 901 3907 castrum
949 3847 1013 3908 et
1055 3844 1413 3910 fortiliciam
1456 3847 1765 3912 Scardone
1810 3847 2045 3911 tribuat
2091 3849 2155 3912 et
2201 3846 2476 3928 assignet
2536 3847 2599 3910 in
2646 3846 2929 3910 manibus
2976 3848 3144 3929 capi-

415 3927 582 3990 tanei
632 3931 831 3995 nostri
878 3935 1125 3999 nomine
1172 3937 1378 4000 nostro
1421 3954 1529 4018 pro
1591 3935 1993 4018 decemptiori
2056 3932 2438 3998 habitatione
2485 3935 2548 3997 et
2591 3934 2819 3998 honore
2865 3933 3141 3999 eiusdem

412 4014 720 4096 capitanei
769 4020 834 4083 et
880 4024 1214 4088 securitate
1261 4025 1541 4107 gentium
1568 4029 1940 4099 nostrarum,
1981 4022 2338 4087 remanente
2384 4021 2584 4086 eidem
2616 4020 2830 4085 comiti
2864 4020 3138 4087 dominio

414 4105 603 4167 castri
652 4110 715 4171 et
760 4113 1041 4192 gentium
1088 4130 1358 4176 suarum.
1409 4110 1472 4176 Si
1516 4130 1658 4176 vero
1705 4112 1868 4175 idem
1929 4128 2134 4174 comes
2197 4108 2258 4172 id
2305 4108 2503 4173 facere
2566 4109 2909 4187 recusabit,
2973 4112 3144 4192 post—

417 4193 666 4257 modum
716 4199 998 4264 venietur
1043 4198 1121 4263 ad
1169 4199 1336 4264 istud
1403 4199 1723 4263 consilium
1780 4199 1859 4262 ad
1921 4197 2363 4280 providendum
2411 4198 2483 4262 de
2542 4197 2676 4261 loco
2741 4197 3144 4263 habitationis

415 4297 539 4358 sue,
591 4282 754 4348 sicut
798 4285 988 4351 suerit
1034 4288 1375 4370 expediens.
1425 4287 1518 4351 De
1560 4289 1733 4369 parte
1782 4284 1885 4364 70,
1929 4285 2005 4349 de
2053 4303 2170 4349 non
2221 4285 2280 4363 6,
2333 4303 2449 4348 non
2490 4283 2715 4349 sinceri
2761 4284 2820 4348 4.

622 4370 849 4454 Capta:
900 4379 1174 4440 ceterum
1200 4376 1589 4456 infrascripte
1614 4373 2089 4439 communitates
2123 4375 2346 4449 nostre,
2396 4372 2471 4436 ad
2503 4372 2669 4437 idem
2691 4372 3142 4454 paisanaticum

413 4454 726 4538 soldizare,
783 4462 1060 4527 conferre
1107 4466 1171 4528 et
1217 4463 1503 4528 continue
1552 4467 1759 4526 tenere
1806 4461 2076 4525 debeant
2121 4462 2358 4541 equites
2384 4460 2833 4542 quinquaginta
2880 4460 2944 4523 in
2977 4461 3141 4525 hunc

414 4543 681 4626 modum,
734 4548 1020 4615 videlicet
1083 4568 1408 4615 commune
1469 4553 1534 4614 et
1594 4550 1961 4614 universitas
2010 4546 2294 4633 Sybenici
2357 4547 2581 4612 debeat
2635 4547 2872 4612 ibidem
2934 4550 3143 4611 tenere

411 4631 647 4712 equites
694 4634 934 4716 XXIII,
980 4657 1300 4703 commune
1346 4640 1411 4702 et
1459 4637 1828 4702 uviversitas
1882 4635 2170 4720 Tragurii
2231 4634 2471 4716 equites
2528 4633 2761 4712 XVIII,
2811 4651 3138 4699 commune

415 4718 480 4781 et
525 4723 891 4789 universitas
938 4725 1183 4808 Spalati
1227 4726 1464 4810 equites
1510 4743 1749 4790 novem.

506 4843 701 4893 arou.
734 4847 833 4895 111.
2808 4823 2849 4888 9
