3620 5282
489 366 618 432 112

485 539 839 624 genitorum
886 537 1166 620 vestigia,
1218 537 1323 619 qui
1367 536 1622 601 fuerunt
1666 538 2127 602 conservatores
2188 539 2251 600 et
2310 536 2656 601 defensores
2722 539 2932 602 sancte
2995 535 3216 602 matris

486 627 764 703 ecclesie,
813 625 1081 690 intendit
1127 626 1379 707 prebere
1425 624 1727 688 auxilium
1789 630 1855 689 et
1921 625 2192 690 favorem
2261 624 2424 689 dicte
2500 623 2757 688 ecclesie
2825 642 2899 689 ac
2970 624 3216 689 domino

485 732 642 798 pape
687 715 762 779 ad
807 713 1287 794 recuperandum
1331 712 1568 777 statum
1616 731 1797 776 suum
1861 730 1970 794 pro
2035 712 2439 789 novitatibuS,
2510 730 2627 794 que
2694 711 2861 775 facte
2930 713 3079 776 sunt
3154 712 3216 775 in

486 802 674 866 Italia
717 820 826 883 per
868 800 1129 864 rebelles
1176 798 1457 864 ecclesie.
1509 800 1590 862 Et
1635 797 1770 864 ideo
1818 798 1951 863 vult
1997 799 2128 881 ipse
2177 799 2464 863 dominus
2498 819 2603 864 rex
2634 798 2811 875 scire,
2862 800 2912 862 si
2948 800 3010 863 in
3047 816 3216 876 casu,

485 907 604 971 quo
650 889 782 972 ipse
828 889 1043 953 mittat
1086 888 1303 970 gentes
1346 887 1408 950 in
1457 885 1802 951 subsidium
1852 887 2111 952 ecclesie
2158 889 2221 951 et
2266 888 2614 969 aliquorum
2676 888 3012 951 amicorum
3077 902 3217 950 suo-

487 995 646 1052 rum,
715 975 980 1040 velimus
1052 975 1198 1039 dare
1266 993 1517 1057 passum
1590 992 1696 1055 per
1768 976 2077 1040 territoria
2121 977 2333 1038 nostra
2394 993 2465 1039 ac
2527 974 2716 1038 etiam
2767 973 3060 1039 victualia
3106 990 3216 1055 pro

486 1064 672 1128 dictis
717 1064 1027 1145 gentibus,
1076 1064 1141 1127 et
1185 1062 1257 1125 de
1293 1061 1408 1126 hoc
1455 1079 1565 1126 nos
1615 1063 1910 1145 rogabat:
1958 1061 2126 1127 vadit
2172 1081 2334 1144 parS,
2389 1061 2599 1127 habito
2645 1062 2930 1144 respectu
2979 1063 3043 1125 in
3087 1079 3218 1124 om-

486 1170 629 1216 nem
674 1152 936 1233 partem,
984 1150 1143 1231 quod
1190 1148 1630 1231 respondeatur
1698 1150 1808 1228 eiS‚
1875 1149 2032 1231 quod
2093 1168 2201 1213 nos
2263 1149 2337 1213 ob
2401 1151 2613 1214 sancte
2675 1149 2898 1214 matris
2962 1147 3218 1212 ecclesie

487 1237 903 1316 riverentiam,
952 1238 1125 1301 cuius
1173 1237 1360 1301 etiam
1412 1255 1626 1301 sumus
1671 1235 2062 1302 devotissimi
2109 1237 2431 1314 zelatoreS,
2480 1236 2713 1301 intuitu
2760 1254 2999 1318 quoque
3047 1236 3216 1318 regie

487 1325 853 1402 maiestatis,
925 1326 1025 1389 cui
1095 1323 1384 1406 optamus
1454 1325 1516 1386 in
1581 1324 1825 1388 cunctis
1890 1324 2291 1406 possibilibus
2353 1324 2768 1389 libentissime
2815 1323 3215 1405 complacere,

487 1412 688 1496 placet
736 1412 908 1477 nobis
958 1415 1021 1476 et
1068 1432 1140 1476 ex
1183 1430 1342 1475 nunc
1388 1413 1665 1476 conteuti
1712 1430 1946 1488 sumus,
1996 1413 2156 1494 quod
2204 1415 2441 1495 genteS,
2500 1430 2653 1494 quas
2702 1411 2875 1494 regia
2924 1411 3219 1475 maiestas

489 1500 565 1565 ad
613 1500 960 1564 subsidium
1006 1499 1240 1582 prefate
1289 1498 1548 1564 ecclesie
1597 1501 1660 1562 et
1705 1501 2042 1563 amicorum
2091 1518 2349 1564 suorum
2394 1498 2750 1574 destinabit,
2799 1498 3064 1562 transire
3113 1516 3221 1562 va-

483 1587 653 1652 leant
700 1605 809 1669 per
854 1586 1165 1654 territoria
1213 1590 1420 1652 nostra
1468 1586 1660 1650 libere
1706 1589 1770 1650 et
1814 1587 2046 1668 absque
2093 1587 2557 1669 impedimento,
2607 1587 2831 1668 quibus
2865 1603 2974 1668 pro
3007 1604 3219 1650 eorum

483 1676 755 1756 pecuniis
825 1674 1142 1738 subveniri
1209 1673 1506 1738 faciemus
1554 1672 1630 1738 de
1677 1675 2049 1739 victualibus
2114 1676 2177 1738 in
2241 1675 2360 1752 his,
2424 1693 2541 1756 que
2596 1673 2847 1739 comode
2911 1674 3043 1738 fieri
3110 1690 3222 1756 po-

485 1765 716 1839 terunt,
767 1762 1234 1826 transeuntibus
1305 1759 1475 1842 ipsis,
1524 1762 1688 1825 sicut
1734 1760 1997 1826 firmiter
2058 1780 2397 1843 speramus,
2462 1780 2602 1826 cum
2664 1763 2822 1826 bono
2884 1760 3096 1825 ordine
3158 1762 3223 1824 et

485 1850 718 1933 absque
764 1851 987 1913 damno
1034 1847 1489 1913 territoriorum
1537 1852 1600 1912 et
1645 1847 1990 1913 infidelium
2044 1850 2421 1928 nostrorum,
2492 1848 3012 1932 quemadmodum
3073 1865 3218 1928 con·

486 1939 723 2002 stanter
769 1938 1003 2001 scimus
1049 1953 1182 2001 esse
1228 1935 1592 1999 intencionis
1641 1935 1808 2018 regie
1854 1936 2223 2002 maiestatis,

574 2027 754 2086 Misti
803 2026 1065 2086 XXXV
1104 2027 1249 2096 120,
1295 2043 1338 2085 u
1383 2026 1537 2086 mlet.
1587 2027 1824 2086 arkivu.

812 2180 1203 2262 ccxxn
1215 2182 1274 2261 Ι.
1331 2179 1536 2263 God.
1593 2179 1808 2263 1376.
1864 2181 1973 2264 30
2026 2180 2329 2282 lipnja,
2387 2202 2444 2261 u
2497 2179 2891 2262 Mletcih.

697 2305 1125 2388 Respondetur
1201 2304 1515 2386 Stephano
1584 2304 1897 2388 voyvodae
1961 2303 2399 2368 Transilvano:
2476 2303 2672 2386 „quod
2740 2303 2939 2386 parati
3004 2320 3218 2367 sumus

486 2393 866 2476 complacere
912 2392 1030 2457 sibi
1077 2393 1139 2455 in
1185 2390 1458 2456 faciendo
1503 2392 1709 2475 ipsum
1775 2392 2034 2457 conduci
2094 2391 2290 2455 libere
2357 2410 2498 2455 cum
2573 2410 2694 2454 una
2762 2393 2973 2456 nostra
3039 2390 3220 2474 galea

488 2482 813 2559 Barutum,
862 2483 935 2544 de
981 2497 1099 2561 quo
1145 2479 1280 2543 loco
1329 2481 1558 2560 poterit
1603 2479 1855 2544 comode
1902 2481 1989 2543 ire
2035 2478 2112 2543 ad
2164 2481 2451 2543 sanctum
2514 2478 2884 2559 sepulcrum,
2947 2480 3012 2543 et
3073 2495 3219 2542 cum

486 2569 702 2635 eadem
751 2567 928 2652 galea
975 2565 1177 2631 redire
1224 2567 1577 2631 Venetias“.

573 2659 755 2719 Mista·
802 2658 1067 2717 XXXV
1106 2659 1250 2728 122,
1298 2676 1340 2717 u
1383 2659 1539 2720 mlet.
1588 2660 1824 2719 arkivu.

767 2812 1200 2895 CCXXIV.
1255 2812 1460 2896 God.
1515 2813 1729 2898 1376.
1784 2815 1886 2896 14
1938 2813 2377 2909 kolovoza‚
2430 2835 2490 2895 u
2543 2812 2938 2895 Mletcih.

696 2935 856 3015 Quia
900 2938 1174 3019 voyvoda
1219 2936 1668 3002 Transilvanus
1714 2936 2025 3001 desiderat
2064 2936 2321 3002 visitare
2378 2937 2568 3000 etiam
2620 2955 2668 2999 s.
2719 2933 3077 3001 Catarinam
3142 2933 3219 2999 de

485 3026 693 3090 monte
741 3024 966 3108 Synay,
1015 3023 1175 3088 unde
1222 3042 1340 3088 non
1405 3028 1613 3107 posset
1670 3025 1879 3089 venire
1940 3023 2015 3089 ad
2080 3028 2325 3107 tempus
2389 3043 2495 3106 pro
2555 3023 2860 3088 redeundo
2907 3022 3219 3100 Venetiae,

485 3113 737 3195 captum
792 3112 990 3195 „quod
1037 3111 1276 3176 dicatur
1322 3113 1463 3190 sibi,
1513 3112 1672 3195 quod
1717 3111 2019 3177 faciemus
2066 3112 2276 3193 ipsum
2324 3111 2578 3177 conduci
2628 3111 2933 3175 Barutum
2994 3109 3093 3175 vel
3155 3110 3218 3173 in

488 3198 951 3278 Alexandriam,
1001 3203 1065 3264 et
1109 3198 1468 3281 capitaneus
1515 3200 1824 3283 generalis
1869 3199 2083 3264 mittet
2143 3217 2329 3263 unam
2397 3218 2469 3263 ex
2525 3197 2719 3282 galeis
2783 3197 2930 3262 culfi
2992 3196 3071 3261 ad
3128 3195 3220 3260 le-

488 3287 759 3353 vandum
806 3305 946 3351 eum
990 3285 1282 3351 Barut0.“

574 3376 756 3438 Misti
804 3375 1068 3435 XXXV
1099 3377 1244 3447 130,
1292 3392 1335 3436 u
1381 3377 1536 3437 mlet.
1585 3378 1820 3439 arkivu.

789 3528 1169 3612 CCXXV.
1224 3530 1431 3614 God.
1487 3531 1706 3615 1376.
1762 3530 1862 3614 22
1915 3530 2354 3627 kolovoza,
2413 3554 2470 3613 u
2520 3532 2912 3615 Mletcih.

699 3648 801 3717 Ad
847 3652 1216 3719 instantiam
1258 3654 1782 3720 ambasciatorum
1822 3656 1988 3738 regis
2034 3655 2392 3738 Hungariae
2448 3655 2797 3737 respublica
2858 3660 3076 3721 veneta
3120 3674 3220 3721 as·

491 3739 705 3817 sentit,
754 3742 912 3823 quod
959 3741 1079 3824 ipsi
1128 3744 1397 3807 tractent
1444 3761 1656 3825 pacem
1703 3745 1864 3807 inter
1901 3745 2100 3826 ipsam
2151 3749 2213 3807 et
2258 3743 2636 3825 Leopoldum
2696 3747 2760 3808 et
2817 3743 2971 3809 alios
3035 3745 3219 3808 duces

489 3828 801 3907 Austriae,
848 3829 1130 3911 quamvis
1175 3829 1305 3912 ipse
1356 3830 1520 3911 „dux
1566 3831 1909 3913 Leopoldus
1957 3835 2171 3894 contra
2218 3832 2400 3894 deum
2445 3832 2996 3897 et-sacramentum
3031 3849 3217 3895 suum

488 3918 552 3980 et
596 3917 813 3981 contra
853 3914 1117 3981 formam
1165 3917 1336 4000 pacis
1379 3918 1534 3983 alias
1583 3917 1893 3982 celebrate
1940 3919 2101 3982 inter
2138 3917 2325 3982 duces
2371 3918 2629 3982 Austrie
2662 3921 2726 3983 et
2773 3938 2899 3995 nos,
2947 3937 3055 4000 pro
3095 3934 3216 4000 qua

489 4021 654 4084 pace,
703 4004 848 4087 quia
892 4003 1214 4087 fregerunt
1257 4022 1415 4084 eam,
1465 4006 1818 4070 ceciderunt
1863 4006 1937 4070 ad
1985 4023 2209 4087 penam
2256 4006 2331 4069 de
2376 4007 2615 4071 ducatis
2664 4007 2713 4070 L
2758 4006 2980 4081 millia,
3045 4004 3217 4069 nulla

486 4088 674 4156 difida
718 4090 813 4154 vel
845 4093 1072 4157 noticia
1114 4092 1288 4157 nobis
1331 4092 1512 4171 facta,
1560 4092 1731 4157 velut
1776 4092 2087 4156 hostiliter
2132 4092 2207 4156 ad
2242 4094 2538 4158 damnum
2584 4099 2869 4158 nostrum
2917 4093 2978 4156 in
3033 4092 3217 4155 terri-

486 4178 645 4242 torio
694 4182 897 4244 nostro
945 4178 1240 4245 tervisino
1286 4181 1349 4243 et
1394 4181 1740 4244 cenetensi“
1794 4184 1916 4245 etc.
1962 4180 2107 4262 Ipsa
2151 4199 2294 4245 vero
2341 4179 2671 4260 desiderat,
2739 4185 2809 4246 ut
2869 4179 3233 4244 ambascia-·

487 4265 652 4328 tores
701 4268 923 4330 ducum
970 4268 1223 4331 veniant
1268 4266 1582 4346 Venetiae,
1627 4266 1733 4331 ubi
1777 4267 2050 4332 habilius
2093 4269 2348 4332 tractari
2397 4267 2643 4351 poterit.

573 4353 812 4415 Secreta
858 4359 1093 4417 consilii
1135 4361 1474 4432 royatorum
1516 4354 1601 4418 D.
1649 4357 1755 4427 29,
1801 4375 1845 4416 u
1887 4359 2043 4419 mlet.
2086 4359 2325 4418 arkivu.

873 4528 1320 4610 ccxxvl.
1375 4529 1579 4612 God.
1635 4529 1855 4613 1376.
1910 4529 1958 4611 2
2011 4531 2293 4631 rujna.
2352 4551 2412 4611 u
2466 4529 2851 4611 Mletcih.

698 4645 920 4711 Veneti
986 4652 1401 4727 consentiunt,
1471 4658 1541 4717 ut
1608 4671 1711 4716 rex
1771 4652 2133 4735 Hungariae
2203 4651 2287 4716 sit
2358 4653 2653 4717 mediator
2722 4652 2785 4716 in
2854 4669 3005 4734 pace
3072 4669 3220 4715 con·

489 4728 793 4797 cludenda
836 4732 997 4797 inter
1040 4736 1209 4816 ipsos
1255 4739 1319 4800 et
1362 4738 1550 4803 duces
1597 4738 1912 4821 Austriae,
1959 4758 2077 4804 non
2124 4737 2504 4821 dubitantes,
2559 4737 2722 4821 quod
2773 4738 3078 4804 mediante
3123 4738 3219 4802 in-
