3620 5282
480 325 607 393 184

473 504 729 587 possent
766 501 972 568 debite
1015 503 1081 569 et
1122 501 1377 567 comode
1415 501 1778 581 refformari,
1827 502 1961 567 tam
1987 520 2059 568 ea
2083 520 2269 584 quam
2309 520 2480 581 nova,
2515 521 2633 584 que
2664 502 2980 581 haberent,
3029 502 3211 569 nobis

474 591 772 668 scribant,
820 593 893 656 ut
937 589 1013 656 de
1058 590 1203 655 hinc
1248 590 1589 673 providere,
1639 591 1822 672 prout
1875 590 2061 655 fuerit
2122 590 2466 673 expedienS,
2539 589 2901 656 valeremus,
2977 592 3213 657 Postea

472 697 619 744 vero
664 678 924 744 Jadram
970 677 1203 743 faciant
1248 679 1368 742 iter
1414 698 1616 756 suum,
1665 680 1730 743 et
1776 677 1863 742 ibi
1913 677 2098 743 simul
2146 696 2288 743 cum
2335 678 2561 743 comitc
2594 682 2657 744 et
2687 677 3056 744 consiliariis
3098 697 3209 745 no-

473 767 624 832 stris
671 765 863 832 Jadre
925 766 1127 831 videre
1175 765 1444 830 debeant
1510 768 1855 831 monstram
1922 767 2200 831 omnium
2249 766 2788 849 stipendiariorum
2850 769 3212 832 nostrorum

473 856 603 919 tam
651 852 1026 937 equestrium
1074 872 1257 938 quam
1314 853 1733 937 pedestrium,
1797 855 1863 919 et
1922 854 1973 918 si
2037 855 2278 937 aliquos
2336 854 2776 920 insufficientes
2841 853 3210 934 invenerint,

472 941 649 1007 nobis
698 941 994 1020 scribant,
1047 945 1120 1005 ut
1162 943 1492 1025 antequam
1536 941 1800 1025 predicti
1846 941 2295 1007 insufficientes
2340 945 2682 1020 cassentur,
2751 943 3031 1026 ipsorum
3077 943 3211 1009 loco

471 1029 545 1094 de
592 1029 736 1094 hinc
780 1030 953 1113 prius
1000 1030 1286 1113 supplere
1330 1030 1668 1109 valeamus,
1717 1034 1902 1113 prout
1946 1030 2137 1096 fuerit
2167 1032 2601 1113 opportunum.
2647 1030 2731 1094 Et
2763 1031 2896 1097 visa
2933 1033 3215 1097 monstra

470 1116 770 1201 predicta,
823 1115 1141 1182 conferant
1190 1135 1332 1181 cum
1382 1117 1678 1201 predictis
1726 1119 1954 1182 comite
2000 1122 2065 1183 et
2121 1117 2489 1183 consiliariis
2553 1117 2782 1183 nostris
2827 1118 3018 1184 Jadre
3072 1120 3205 1183 tam

470 1222 654 1287 super
699 1205 893 1284 noviS,
942 1223 1059 1286 que
1104 1205 1423 1283 haberent,
1469 1223 1653 1287 quam
1701 1224 1887 1288 super
1935 1205 2225 1271 omnibus
2272 1206 2412 1272 aliis
2446 1206 2901 1289 pertinentibus
2951 1206 3025 1270 ad
3078 1208 3211 1271 sta-

472 1294 607 1357 tum
653 1294 717 1357 et
763 1292 1294 1358 conservacionem
1344 1293 1539 1376 ipsius
1586 1297 1748 1358 terre
1797 1295 2001 1359 nostre
2046 1294 2256 1372 Jadre,
2307 1297 2370 1359 et
2416 1313 2598 1378 super
2629 1294 2782 1377 ipsis
2817 1293 3206 1377 provideant,

474 1382 657 1464 prout
702 1378 820 1444 sibi
867 1379 995 1444 fore
1056 1379 1363 1445 videbitur
1423 1383 1870 1464 opportunum,
1937 1381 2300 1447 solicitando
2362 1383 2654 1446 comitem
2711 1385 2774 1446 et
2819 1382 3205 1447 consiliarios

409 1469 413 1473 ’
475 1466 784 1550 predictos
823 1468 901 1532 ad
950 1467 1316 1550 explendum
1357 1468 1533 1546 illud,
1584 1469 1743 1551 quod
1800 1470 2088 1534 deficeret
2133 1469 2207 1534 de
2255 1470 2567 1534 fortiliciis
2631 1470 2925 1535 ordinatis
2989 1488 3207 1534 secun·

478 1557 625 1620 dum
662 1556 941 1620 nostram
991 1556 1424 1622 intencionem.
1469 1557 1553 1622 Et
1598 1557 1653 1621 si
1698 1558 1763 1621 in
1810 1556 2008 1622 Jadra
2052 1557 2150 1622 vel
2198 1558 2486 1623 districtu
2531 1560 2594 1622 et
2648 1558 2940 1623 similiter
2971 1557 3036 1621 in
3068 1557 3208 1622 aliis

474 1643 663 1708 terris
713 1642 1029 1709 Sclavonie
1079 1646 1387 1709 videretur
1432 1645 1772 1710 rectoribus
1839 1645 2112 1727 ipsarum
2163 1648 2492 1724 terrarum,
2546 1646 2705 1727 quod
2754 1646 2954 1711 forent
2998 1645 3204 1728 alique

471 1748 730 1814 persone
776 1734 1058 1814 suspecte
1106 1732 1296 1797 statui
1344 1734 1552 1799 nostro
1596 1735 1663 1798 et
1708 1734 2164 1798 conservacioni
2189 1734 2463 1817 ipsarum
2491 1735 2817 1813 terrarum,
2853 1733 3210 1816 provideant

470 1818 623 1884 dicti
669 1817 1014 1903 provisores
1062 1838 1205 1884 cum
1256 1820 1598 1885 rectoribus
1646 1821 1876 1886 nostris
1922 1822 2219 1904 predictis
2265 1823 2391 1886 tam
2441 1822 2516 1886 de
2563 1822 2684 1886 hiis
2710 1841 2896 1903 quam
2943 1822 3020 1886 de
3045 1820 3207 1898 aliis,

470 1906 633 1971 sicut
679 1926 786 1971 sue
832 1906 1194 1973 discretioni
1243 1907 1571 1987 videbitur,
1622 1909 1712 1974 ita
1759 1908 1919 1991 quod
1967 1928 2105 1973 cum
2170 1910 2503 1974 securitate
2567 1909 2838 1992 predicte
2881 1912 3045 1974 terre
3094 1927 3203 1973 no-

470 1994 599 2059 stre
647 1994 892 2059 valeant
936 2014 1315 2078 permanere.
1367 1994 1824 2079 Subsequenter
1870 1999 2079 2061 autem
2128 1997 2359 2064 vadant
2404 1996 2768 2076 Sibinicum,
2819 1999 2884 2063 et
2930 2000 3208 2079 postmo-

470 2081 620 2146 dum
665 2084 742 2146 ad
790 2083 949 2147 alias
996 2084 1195 2148 terras
1242 2086 1504 2163 nostraS,
1549 2084 1841 2150 videlicet
1872 2083 2193 2167 Spaletum
2228 2090 2291 2150 et
2318 2085 2711 2168 Tragurium,
2761 2086 2889 2149 tam
2940 2085 3016 2149 ad
3063 2085 3208 2148 hor-

477 2170 735 2235 tandum
762 2168 974 2234 fideles
1000 2174 1245 2235 nostros
1279 2175 1342 2236 et
1374 2174 1725 2237 communia
1748 2173 2023 2255 ipsarum
2050 2176 2376 2251 terrarum,
2427 2192 2612 2255 quam
2663 2175 2738 2237 ad
2765 2172 3202 2239 notificandum

472 2259 562 2322 eis
609 2258 1043 2341 provisionem,
1095 2277 1278 2341 quam
1331 2260 1591 2325 fecimus
1638 2279 1747 2343 pro
1800 2261 1961 2325 bono
2026 2264 2088 2326 et
2152 2262 2623 2326 conservacione
2684 2280 2833 2340 sua,
2896 2261 3204 2337 videlicet,

472 2345 630 2429 quod
677 2346 850 2429 galee
887 2348 1095 2411 nostre
1141 2347 1351 2431 culphi
1400 2350 1464 2414 et
1508 2349 1627 2412 alie
1674 2351 1884 2414 nostre
1917 2350 2093 2432 galee
2126 2350 2377 2414 veniant
2404 2350 2724 2414 visitatum
2775 2349 2944 2432 ipsos
2989 2348 3203 2413 fideles

473 2435 737 2515 nostros,
787 2454 819 2500 e
867 2434 1174 2518 quomodo
1218 2453 1327 2500 nos
1395 2436 1734 2519 cupientes,
1783 2439 1856 2501 ut
1896 2436 2015 2520 ipsi
2067 2438 2262 2503 nostri
2311 2436 2522 2502 fideles
2570 2436 2859 2501 videlicet
2903 2434 3207 2501 Sibinichi

470 2524 535 2586 et
571 2521 858 2605 Tragurii
924 2523 1193 2588 habeant
1252 2523 1739 2588 satisfactionem
1793 2524 2154 2589 damnorum
2221 2523 2537 2587 illatorum
2595 2523 2826 2587 eisdem
2874 2542 2982 2606 per
3023 2524 3201 2587 Hun-

470 2627 651 2694 garos
695 2613 1027 2676 secundum
1068 2612 1244 2677 nobis
1292 2612 1527 2696 scripta
1571 2632 1679 2696 per
1719 2611 2038 2678 dominum
2086 2630 2295 2695 regem
2346 2611 2699 2694 Hungarie,
2749 2615 2811 2675 et
2858 2614 2929 2675 ut
2975 2612 3039 2677 in
3088 2629 3198 2694 po·

475 2703 710 2764 sterum
758 2703 999 2764 cessent
1041 2701 1454 2780 incursiones,
1520 2701 1611 2765 ita
1658 2702 1818 2784 quod
1880 2701 2083 2782 quiete
2147 2701 2266 2783 ipsi
2313 2700 2508 2763 nostri
2578 2697 2794 2763 fideles
2843 2699 3052 2764 vivere
3097 2719 3206 2764 va-

465 2786 657 2865 leant,
709 2787 1019 2852 mittimus
1062 2790 1340 2853 nostrum
1390 2788 1682 2854 nuncium
1732 2788 2060 2872 specialem
2108 2789 2183 2852 ad
2227 2789 2428 2870 ipsum
2479 2786 2797 2852 dominum
2856 2805 3071 2871 regern
3119 2786 3198 2851 ad

467 2875 921 2958 procurandum
968 2893 1107 2940 cum
1159 2877 1323 2941 omni
1371 2876 1794 2954 solicitudine,
1844 2894 1964 2959 qua
2012 2876 2144 2941 fieri
2208 2877 2465 2959 poterit,
2517 2874 2852 2956 premissa;
2925 2880 2990 2940 et
3037 2883 3189 2958 quo·

466 2964 644 3027 modo
687 2982 1027 3045 speramuS,
1075 2965 1230 3047 quod
1276 2967 1486 3029 votum
1536 2965 1809 3028 nostrum
1862 2964 1950 3028 sic
1993 2963 2400 3029 effectualiter
2464 2963 2907 3047 adimplebitur
2955 2965 3014 3028 in
3081 2963 3197 3028 hac

465 3051 659 3132 parte,
708 3050 869 3134 quod
916 3069 1027 3116 nos
1075 3054 1137 3116 et
1183 3053 1302 3135 ipsi
1350 3052 1546 3116 nostri
1592 3050 1807 3116 fideles
1853 3052 2172 3116 habebunt
2218 3053 2439 3117 merito
2485 3053 2852 3116 contentari.
2926 3053 3008 3116 Et
3052 3070 3199 3116 cum

468 3136 591 3201 hiis
636 3139 702 3201 et
748 3138 890 3202 aliis
927 3138 1150 3219 verbis,
1198 3159 1316 3223 que
1363 3139 1544 3205 dictis
1594 3140 1823 3204 nostris
1868 3140 2287 3223 provisoribus
2334 3158 2446 3223 pro
2513 3140 2740 3204 honore
2796 3142 3010 3204 nostro
3058 3157 3203 3203 con-

468 3225 778 3290 venientia
824 3226 1224 3309 apparebunt,
1274 3227 1513 3292 hortari
1558 3228 1821 3292 debeant
1860 3227 2169 3310 predictos
2197 3228 2407 3292 fideles
2454 3229 2733 3302 nostros;
2788 3230 2852 3291 et
2899 3225 3195 3290 similiter

467 3331 609 3377 cum
656 3314 996 3378 rectoribus
1039 3316 1452 3397 predictarum
1498 3317 1807 3380 terrarum
1864 3315 2136 3380 conferre
2185 3319 2249 3380 et
2298 3316 2612 3397 providere
2657 3332 2840 3396 super
2882 3313 3026 3391 hiis,
3075 3332 3194 3395 que

465 3400 841 3482 providenda
884 3401 1161 3467 viderent
1206 3421 1316 3486 pro
1363 3403 1589 3468 honore
1636 3406 1845 3468 nostro
1892 3408 1956 3467 et
2001 3403 2204 3467 salute
2271 3421 2340 3467 ac
2385 3402 2847 3467 conservacione
2912 3401 3188 3484 ipsorum

464 3490 792 3568 terrarum,
842 3489 1005 3555 sicut
1048 3490 1316 3556 viderint
1360 3490 1489 3555 fore
1536 3508 1710 3574 opus,
1760 3491 2081 3556 scribendo
2128 3491 2300 3556 nobis
2364 3490 2606 3555 solicite
2671 3507 2829 3553 nova
2875 3491 2940 3554 et
2986 3487 3193 3553 condi·

464 3574 667 3642 ciones
712 3577 982 3660 partium
1030 3579 1461 3662 predictarum,
1510 3582 1575 3644 et
1619 3581 1898 3644 nostrum
1945 3578 2335 3662 prestolando
2383 3578 2770 3643 mandatum.

675 3714 904 3799 Capta:
954 3720 1017 3783 et
1056 3718 1391 3801 elligantur
1435 3718 1588 3783 dicti
1634 3719 1980 3803 provisores
2037 3739 2145 3803 per
2190 3718 2346 3783 duas
2409 3738 2630 3784 manus
2693 3719 3067 3783 electionum
3113 3716 3179 3781 in

461 3803 574 3868 hoc
615 3806 890 3882 consilio,
939 3804 1042 3889 qui
1084 3807 1321 3888 possint
1362 3807 1557 3890 accipi
1589 3805 1664 3872 de
1696 3807 1864 3872 omni
1896 3808 2029 3872 loco
2060 3807 2329 3889 exceptis
2356 3808 2870 3889 procuratoribus„
2904 3807 3184 3890 patronis

461 3895 800 3972 arsenatus,
851 3893 1154 3958 iudicibus
1201 3897 1264 3959 et
1309 3894 1681 3959 officialibus
1728 3895 1966 3977 palacii,
2017 3897 2080 3959 et
2122 3895 2393 3960 habeant
2438 3896 2510 3958 de
2558 3895 2782 3958 salario
2816 3895 3011 3958 libras
3043 3913 3185 3958 cen-

462 3980 602 4044 tum
647 3998 757 4063 pro
793 3980 1069 4064 quolibet
1116 3999 1224 4063 pro
1271 4000 1390 4046 uno
1437 4001 1647 4047 mense
1693 3986 1757 4047 et
1802 3982 1943 4046 inde
1991 3984 2053 4046 in
2086 3984 2286 4057 antea,
2329 3983 2380 4045 si
2435 3981 2603 4046 ultra
2640 3984 2948 4060 steterint,
2999 3981 3190 4046 libras

461 4067 513 4131 L
557 4068 621 4132 in
668 4088 877 4133 mense
922 4072 986 4134 et
1031 4069 1271 4134 racione
1318 4069 1569 4148 mensiS,
1618 4072 1683 4134 et
1726 4070 1967 4153 possint
2011 4088 2220 4134 secum
2266 4069 2484 4133 ducere
2532 4074 2595 4134 et
2640 4070 2866 4134 habere
2912 4071 3040 4133 tres
3086 4066 3180 4132 fa-

464 4156 667 4221 mulos
708 4173 817 4239 pro
863 4156 1154 4239 quolibet,
1195 4176 1383 4221 unum
1432 4157 1739 4222 notarium
1787 4177 1930 4222 cum
1976 4177 2094 4223 uno
2140 4156 2373 4222 famulo
2405 4160 2469 4221 et
2499 4176 2690 4222 unum
2724 4159 2982 4222 chocum
3018 4158 3178 4220 inter

465 4259 709 4309 omnes,
762 4243 865 4326 qui
912 4243 1160 4326 quidem
1211 4245 1485 4309 notarius
1550 4264 1658 4326 pro
1705 4245 2082 4310 aleviacione
2145 4263 2549 4326 expensarum
2616 4246 3029 4327 espensatoris
3076 4244 3184 4307 de-

465 4329 611 4393 beat
658 4347 794 4394 esse
827 4332 1208 4432 expensator.
1259 4332 1342 4396 Et
1387 4332 1626 4415 possint
1670 4332 2009 4415 expendere
2075 4351 2318 4416 grossos
2365 4331 2575 4396 XXIV
2634 4350 2743 4415 pro
2791 4332 3072 4415 quolibet
3126 4331 3192 4395 in

466 4415 564 4480 die
608 4416 672 4480 in
718 4418 1001 4498 expensis
1040 4419 1180 4496 oriS,
1230 4421 1295 4483 et
1340 4438 1459 4484 non
1504 4421 1743 4502 possint
1786 4419 1970 4485 electi
2017 4420 2284 4485 refutare
2333 4420 2448 4484 sub
2482 4438 2640 4503 pena
2686 4419 2891 4484 solita.
2939 4416 3178 4497 Quibus

469 4503 890 4585 provisoribus
929 4505 1177 4570 concedi
1226 4507 1449 4572 debeat
1493 4506 1735 4591 lignum
1766 4508 1989 4591 riperie
2036 4507 2216 4572 Istrie
2247 4524 2358 4590 pro
2398 4507 2597 4572 eundo
2645 4508 2722 4570 ad
2755 4506 2958 4572 dictas
2991 4508 3198 4588 partes

468 4607 609 4655 cum
654 4590 971 4658 ordinibus
1014 4591 1179 4659 dicte
1224 4595 1425 4669 terre3
1468 4598 1532 4659 et
1577 4613 1694 4660 non
1743 4597 1983 4678 possint
2029 4599 2236 4659 tenere
2295 4593 2500 4677 ipsum
2557 4596 2800 4678 lignum
2850 4595 3019 4659 ultra
3064 4594 3194 4658 dies

466 4677 692 4762 viginti
733 4677 885 4744 duos
933 4683 1064 4744 tam
1101 4682 1297 4746 eundo
1343 4700 1532 4764 quam
1578 4663 1906 4748 redeundo.
1955 4682 2040 4747 Et
2069 4682 2330 4765 pecunia
2360 4683 2741 4748 neccessaria
2772 4700 2883 4765 pro
2916 4680 3196 4763 expensis
