3620 5282
2935 369 3063 438 173

330 540 821 692 Respongeatur,
871 542 1031 625 quod
1080 541 1143 606 in
1189 544 1307 607 hoc
1348 542 1518 609 iuxta
1563 543 2053 628 supplicationes
2102 562 2245 610 suas
2295 543 2612 610 faciemus.
2660 545 2746 609 Et
2792 546 2880 610 sic
2926 547 3056 625 fiat,

330 631 401 693 ut
446 631 543 693 est
628 631 844 694 ictum.

545 715 779 799 Capta:
828 718 987 798 quod
1033 720 1476 802 respondeatur
1521 720 1902 784 ambaxatori
1949 720 2231 804 Tragurii
2285 739 2467 802 super
2520 720 2718 804 primo
2765 722 3054 804 capitulo,

333 803 395 869 111
425 823 544 887 quo
580 804 890 888 supplicat
913 805 1337 885 dominationi,
1386 808 1543 890 quod
1572 808 1859 889 dignetur
1890 808 1977 872 eis
2016 808 2339 873 subvenire
2366 808 2441 871 de
2468 809 2736 874 remedio
2763 813 3062 892 oportuno

325 895 452 957 tam
498 911 681 975 super
707 893 1000 976 (damnis)
1029 894 1189 958 datis
1237 896 1469 960 eisdem
1497 916 1605 979 per
1629 896 1976 978 HungarOS,
2026 914 2211 979 quam
2259 914 2373 977 (100
2408 898 2812 979 imposterum
2848 897 3066 961 inferri

326 984 580 1063 possent
625 983 763 1057 etc„
813 983 971 1065 quod
1020 983 1144 1046 iam
1198 983 1491 1047 miximus
1540 983 1743 1065 plures
1790 984 2034 1049 litteras
2081 984 2329 1048 domino
2377 984 2508 1066 regi
2554 984 2908 1061 Hungarie,
2956 1004 3053 1049 ro-

326 1070 547 1151 gantes
598 1069 904 1147 eumdem,
954 1071 1027 1134 ut
1089 1070 1361 1152 placeret
1423 1072 1593 1135 iuxta
1656 1072 2106 1136 continenciam
2174 1074 2570 1154 treuguarum
2626 1072 2839 1136 taliter
2886 1073 3050 1136 ordi-

325 1175 488 1233 nare,
538 1157 698 1239 quod
747 1157 821 1220 de
868 1157 1109 1222 damnis
1159 1158 1321 1223 datis
1372 1159 1599 1223 nostris
1646 1159 1929 1224 fidelibus
1979 1159 2301 1224 Dalmacie
2349 1159 2458 1223 fiat
2499 1159 2818 1224 restitucio
2867 1161 3056 1224 ratio-

325 1244 550 1309 nabilis
599 1247 663 1309 et
709 1245 986 1324 emenda,
1028 1247 1094 1309 et
1138 1265 1280 1311 snos
1329 1246 1543 1311 taliter
1589 1247 1892 1330 regulare,
1935 1246 2094 1329 quod
2146 1247 2419 1329 predicta
2463 1246 2666 1311 facere
2698 1247 3052 1312 nullatenus

325 1333 593 1396 audeant
638 1331 734 1398 vel
782 1336 1163 1415 presumant,
1217 1338 1279 1398 01
1325 1335 1487 1417 quod
1535 1335 1737 1399 adhuc
1796 1335 2257 1417 responsionem
2323 1335 2595 1418 aliquam
2671 1354 2788 1400 000
2837 1335 3059 1400 habui-

327 1438 483 1498 mus,
533 1420 640 1484 sed
688 1439 1007 1503 speramns
1055 1422 1118 1485 in
1158 1421 1328 1487 brevi
1377 1423 1602 1487 habere
1650 1441 1786 1487 eam
1838 1424 2042 1489 nostro
2084 1422 2391 1487 conforme
2440 1423 2783 1506 proposito:
2822 1427 3055 1488 etcum

331 1506 473 1571 aliis
521 1507 746 1587 verbiS,
785 1508 1007 1590 quibus
1055 1508 1384 1574 videbitur.
1434 1511 1518 1575 Et
1563 1510 1708 1592 quia
1754 1530 1862 1594 per
1887 1512 2130 1575 litteras
2179 1511 2425 1575 comitis
2454 1510 2721 1574 Sibenici
2771 1511 3056 1590 habetur,

328 1596 495 1678 quod
542 1595 824 1660 homines
869 1596 1117 1661 comitis
1163 1596 1448 1681 Gregorii
1498 1599 1748 1663 fuerunt
1793 1599 2131 1682 culpabiles
2178 1599 2503 1680 predarum
2553 1599 2850 1681 ipsarum,
2901 1601 3055 1663 scri-

330 1682 517 1747 batur
560 1683 807 1749 domino
854 1684 1069 1749 comiti
1115 1702 1226 1768 pro
1274 1687 1532 1751 emenda
1579 1690 1643 1751 et
1689 1686 2114 1752 satisfactione
2161 1704 2372 1750 earum
2422 1687 2482 1749 in
2521 1705 2593 1750 ea
2635 1685 2874 1763 forma,
2943 1707 3060 1769 que

324 1770 633 1835 videbitur
678 1773 1019 1838 convenire.

535 1857 768 1942 Capta:
817 1862 982 1942 quia,
1031 1862 1193 1926 sicut
1240 1861 1414 1925 nobis
1461 1863 1739 1945 exposuit
1780 1863 2141 1928 ambaxator
2187 1862 2519 1944 predictus,
2569 1878 2774 1925 comes
2815 1862 3051 1928 Johan-

322 1965 430 2011 nes
477 1946 738 2011 condam
786 1949 1032 2013 comitis
1077 1948 1367 2032 Nelipcii,
1416 1950 1686 2015 existens
1732 1950 2039 2034 Tragurii,
2088 1951 2415 2014 restituere
2462 1948 2749 2030 promisit
2795 1949 3056 2032 quedam

323 2036 547 2099 damna
587 2034 735 2099 data
776 2036 956 2101 dictis
1003 2036 1079 2101 de
1121 2037 1421 2121 Tragurio
1469 2057 1578 2120 per
1623 2042 1841 2121 gentes
1890 2058 2069 2116 suaS,
2134 2057 2250 2120 que
2306 2039 2558 2120 capiunt
2621 2037 2696 2102 ad
2746 2054 3054 2100 summam

323 2122 625 2188 librarum
672 2124 737 2187 II
785 2124 959 2189 mille
1006 2125 1096 2189 IV
1167 2127 1415 2190 centum
1479 2126 1619 2204 XX,
1689 2129 1752 2191 et
1810 2127 2000 2191 nichil
2058 2127 2370 2207 hucusque
2433 2127 2672 2189 curavit
2734 2124 2933 2189 facere
2980 2124 3055 2187 de

320 2210 632 2293 predictiS,
680 2211 842 2293 quod
886 2213 1194 2277 scribatur
1239 2213 1403 2277 dicto
1449 2214 1659 2280 comiti
1705 2214 2000 2290 Johanni,
2050 2215 2212 2297 quod
2269 2213 2516 2296 placeat
2562 2214 2755 2276 eidem
2807 2213 3056 2277 satisfa-

322 2316 458 2363 cere
506 2298 659 2363 infra
710 2302 860 2365 dnos
904 2320 1145 2365 menses
1193 2319 1230 2364 a
1276 2303 1736 2382 presentatione
1783 2304 2132 2367 litterarum
2183 2304 2530 2365 nostrarum
2581 2301 2806 2364 nostris
2851 2299 3054 2364 fideli-

319 2386 435 2451 bus
482 2386 931 2470 damnapassiS,
980 2390 1142 2463 sicut
1188 2388 1499 2453 videbitur
1538 2390 1802 2469 domin0,
1851 2389 2221 2455 consiliariis
2283 2392 2347 2453 et
2407 2389 2820 2471 sapientibus;
2893 2387 3053 2470 quod

319 2473 374 2538 si
418 2473 624 2553 faciet,
672 2477 826 2540 bene
878 2476 1147 2558 quidem,
1193 2476 1300 2540 sed
1349 2478 1401 2541 si
1462 2478 1737 2560 predicta
1801 2479 2000 2544 facere
2064 2478 2405 2553 recusaret,
2470 2475 2691 2540 amodo
2755 2476 3053 2558 capiatur,

319 2561 477 2644 quod
524 2563 854 2628 mandetur
901 2566 1111 2630 comiti
1158 2563 1443 2648 Tragurii
1492 2565 1805 2643 iamdicto,
1863 2565 2022 2649 quod
2072 2565 2282 2648 elapso
2347 2564 2643 2641 termino,
2710 2563 3057 2627 satisfaciat

188 2688 201 2705 .
319 2652 391 2714 de
436 2651 612 2715 bonis
655 2651 806 2716 dicti
854 2653 1099 2718 comitis
1145 2652 1445 2718 Johannis
1494 2655 1633 2719 sitis
1681 2656 1742 2718 in
1789 2655 2089 2737 Tragurio
2152 2655 2215 2717 et
2277 2652 2561 2717 districtu
2627 2653 2853 2716 nostris
2900 2651 3052 2716 fide-

318 2737 483 2802 libus
529 2739 860 2804 antedictis
907 2760 1096 2824 nsque
1141 2741 1218 2804 ad
1266 2760 1575 2806 summam
1615 2743 1867 2825 pecunie
1910 2743 2189 2825 superius
2237 2742 2595 2805 memorate.
2646 2740 2729 2803 Et
2773 2739 3051 2822 predicta

317 2825 710 2892 notificentur
755 2829 1135 2893 ambaxatori
1182 2828 1476 2911 predicto.
3111 2899 3118 2902 .

530 2912 759 2997 Capta:
812 2915 963 2980 item
1011 2918 1171 2998 quod
1216 2935 1399 2999 super
1446 2917 1635 2982 tercio
1661 2918 1952 3000 capitulo,
1998 2917 2061 2981 in
2089 2935 2206 2999 quo
2232 2915 2635 3000 supplicatur,
2684 2917 2842 2998 quod
2874 2915 3051 2979 locus

317 3001 553 3066 ordinis
598 3002 903 3068 fratruum
953 3005 1261 3068 minorum
1309 3005 1384 3069 de
1432 3005 1750 3089 Tragurio,
1800 3007 1903 3089 qui
1953 3009 2202 3088 propter
2250 3006 2439 3068 situm
2481 3023 2681 3081 snum,
2732 3023 2921 3085 quum
2956 3004 3054 3068 est
3123 3059 3126 3072 .

316 3092 492 3154 extra
537 3091 602 3154 et
640 3109 829 3174 prope
876 3091 1214 3170 civitatem,
1264 3096 1477 3174 posset
1522 3112 1655 3159 esse
1698 3094 1959 3158 nimium
2016 3092 2394 3176 periculosus
2440 3091 2560 3175 ipsi
2625 3092 2864 3156 civitati
2912 3110 3054 3175 pro-

316 3179 455 3260 pter
494 3177 771 3242 hostium
821 3179 1143 3258 insultum,
1192 3181 1264 3256 si,
1314 3181 1471 3262 quod
1517 3181 1670 3245 deus
1716 3183 1979 3260 avertat,
2028 3182 2104 3244 ad
2155 3200 2363 3245 eorum
2413 3199 2629 3244 manus
2683 3181 3048 3263 perveniret,

320 3266 657 3330 fabricetur
702 3267 863 3332 inter
908 3268 1113 3331 menia
1151 3267 1427 3333 civitatis
1477 3268 1765 3350 predicte,
1817 3285 2059 3333 summo
2107 3270 2408 3352 pontefice
2456 3268 2518 3331 id
2566 3268 2641 3331 de
2674 3268 2878 3350 gratia
2910 3287 3052 3332 cou-

317 3353 592 3434 cedente,
640 3374 759 3419 non
807 3355 1090 3419 obstante
1114 3355 1551 3421 constitutione
1599 3357 1673 3420 de
1722 3376 1976 3422 numero
2003 3375 2313 3435 canarum,
2357 3356 2462 3438 qui
2507 3374 2638 3420 esse
2672 3356 2857 3420 debet
2888 3358 3051 3420 inter

315 3443 758 3506 monasterium
805 3444 1088 3506 ordinum
1142 3443 1652 3520 mendicancium,
1702 3464 1842 3509 cum
1891 3446 2024 3509 tota
2068 3444 2288 3509 civitas
2343 3462 2462 3508 non
2512 3444 2595 3507 sit
2641 3443 3048 3526 longitudinis

318 3531 382 3593 et
441 3529 794 3600 latitudinis
856 3530 934 3593 ad
1000 3532 1231 3595 dictum
1295 3550 1584 3596 canarum
1645 3551 1968 3596 numerum
2032 3532 2509 3614 peraplendum;
2580 3532 3041 3614 respondeatur,

318 3619 476 3699 quod
523 3618 849 3682 mittemus
895 3618 1141 3684 litteras
1189 3620 1688 3684 ambaxatoribus
1737 3622 1963 3685 nostris
2010 3621 2084 3683 ad
2129 3619 2365 3684 curiam
2399 3620 2855 3702 presentialiter
2887 3637 3041 3684 eun-·

315 3704 500 3784 tibus,
552 3705 713 3788 quod
762 3709 1090 3789 procurent
1135 3707 1207 3770 de
1255 3707 1586 3772 obtinendo
1630 3708 1896 3790 gratiam
1943 3708 2222 3790 superius
2265 3710 2688 3784 memoratam,
2738 3707 3037 3788 expeditis

314 3794 512 3874 primo
561 3793 703 3858 aliis
750 3793 1031 3876 negociis
1080 3794 1198 3857 sibi
1246 3796 1616 3873 00101010010,
1666 3795 1756 3859 ita
1801 3797 2030 3874 tamen,
2080 3797 2242 3878 quod
2304 3814 2604 3878 expense,
2656 3813 2770 3878 que
2819 3796 3041 3859 fierent

316 3883 445 3945 tam
496 3900 603 3964 pro
652 3881 985 3947 obtinendo
1033 3882 1299 3964 gratiam
1348 3883 1411 3946 in
1459 3885 1649 3959 curia,
1699 3902 1884 3965 quam
1928 3902 2037 3967 pro
2086 3882 2504 3947 transferendo
2567 3882 2772 3947 locum
2835 3883 3040 3965 ipsum

314 3969 477 4033 intra
524 3969 868 4048 civitatem,
916 3971 1068 4034 fiant
1112 3988 1220 4052 per
1267 3989 1588 4035 commune
1629 3971 1932 4055 Tragurii.

392 4060 574 4120 Misti
626 4060 757 4119 XX
766 4061 868 4120 VI.
914 4064 1015 4130 14,
1067 4078 1110 4120 u
1152 4061 1494 4121 mletadkom
1537 4063 1770 4121 arkivu.

625 4248 1064 4333 CCXLIX.
1119 4250 1327 4333 God.
1384 4249 1613 4334 1350.
1665 4253 1755 4332 11
1809 4253 2182 4354 travnja,
2238 4276 2298 4334 u
2353 4251 2745 4334 Mletcih.

602 4377 874 4450 Upucuje
917 4394 980 4436 sc
1021 4378 1167 4437 knez
1200 4376 1486 4436 sibenicki
1530 4378 1684 4437 hako
1731 4378 1812 4437 da
1855 4395 1917 4437 se
1958 4378 2138 4437 vlada
2182 4397 2225 4438 u
2270 4380 2469 4452 m’ekoj
2503 4378 2766 4452 pernici.

521 4496 710 4561 1350.
761 4496 861 4560 die
895 4496 989 4560 XI
1032 4496 1268 4579 apriliS,
1318 4498 1535 4580 capta:
1602 4498 1760 4581 quod
1808 4498 2183 4562 rescribatur
2236 4497 2447 4562 comiti
2495 4494 2766 4562 Sibenici
2808 4498 2871 4562 in
2918 4499 3035 4562 hac

306 4581 516 4650 forma.
567 4584 937 4667 Comparuit
982 4602 1185 4649 coram
1230 4585 1405 4649 nobis
1455 4584 1717 4650 Volzina
1763 4587 1837 4649 de
1886 4584 2140 4651 Slorado
2188 4586 2259 4648 de
2306 4585 2499 4649 Jadra
2546 4590 2938 4668 procuratore
2973 4587 3037 4649 et

304 4674 720 4754 procuratorio
773 4673 1019 4736 nomine
1066 4672 1310 4737 domine
1356 4673 1553 4738 Marie
1604 4674 1833 4737 sororis
1880 4693 2007 4752 sue,
2056 4673 2261 4737 uxoris
2312 4675 2569 4736 condam
2618 4671 2871 4755 Georgii
2904 4672 3038 4737 Sci-

300 4763 424 4846 psit
468 4762 545 4829 (10
593 4760 904 4840 Sibenico,
955 4760 1132 4826 nobis
1178 4763 1541 4844 presentans
1590 4761 1888 4844 quasdam
1936 4761 2173 4826 vestras
2218 4759 2482 4839 litteras,
2529 4760 2821 4839 actiones,
2860 4759 3040 4822 testi-
