3620 5282
3085 351 3164 417 71

439 547 660 612 pensas
704 528 1132 594 substinemus
1177 547 1287 610 pro
1333 528 1667 592 securitate
1716 528 1992 592 omnium
2031 527 2475 609 navigantium.
2524 527 2607 590 Et
2647 528 2967 607 propterea
2999 547 3173 593 mau-

438 619 654 682 damus
723 616 893 680 vobis
938 632 1075 681 cum
1127 616 1354 679 nostris
1415 615 1686 680 consiliis
1736 616 1982 691 minori,
2049 616 2399 695 rogatorum
2471 617 2536 678 et
2580 614 2709 690 XL,
2755 615 3058 695 quatenus
3100 619 3173 680 de

440 705 734 787 predictis
784 704 1114 786 diligenter
1161 704 1508 786 inquiratis,
1558 706 1622 767 et
1667 722 1776 768 vos
1826 702 2192 779 informetiS,
2239 705 2302 767 et
2359 702 2411 766 si
2480 702 2836 765 inveneritis
2899 704 3174 783 predicta

441 792 530 857 sic
577 812 733 868 esse,
783 791 1088 867 volumuS,
1138 792 1299 873 quod
1347 790 1763 855 amicabiliter
1818 791 2145 873 requiratis
2204 795 2269 855 et
2313 790 2676 864 amoneatis,
2740 788 2934 854 dictos
2980 791 3176 856 Alba-

439 901 659 946 nenses
707 899 849 943 cum
890 878 987 943 his
1035 880 1262 955 verbiS,
1306 899 1421 961 que
1463 879 1626 942 circa
1672 878 1786 943 hoc
1835 879 2002 943 vebis
2050 878 2231 965 utilia
2279 872 2669 952 videbuntur,
2736 880 3037 959 quatenus
3097 880 3174 942 ab

442 966 739 1032 armando
785 969 851 1031 et
897 968 1138 1031 armata
1185 966 1448 1031 tenendo
1494 966 1664 1030 dicta
1713 967 1961 1049 navigia
2005 968 2066 1029 in
2115 967 2275 1031 mari
2322 966 2401 1029 ad
2463 964 2759 1028 damnum
2822 965 3170 1046 aliquorum

444 1077 508 1119 se
556 1057 821 1120 debeant
866 1056 1112 1136 penitus
1158 1055 1488 1130 abstinere,
1540 1055 1685 1136 quia
1744 1054 1918 1118 nullo
1967 1055 2145 1118 modo
2204 1071 2522 1134 possemus
2578 1052 2945 1129 substinere,
3018 1057 3170 1135 quod

443 1144 558 1207 hoc
606 1142 919 1217 facerent;
968 1145 1032 1206 et
1072 1143 1123 1206 si
1173 1161 1280 1223 per
1326 1142 1769 1205 amonitionem
1819 1144 2090 1206 vestram
2138 1161 2203 1205 se
2248 1140 2652 1205 removebunt
2697 1139 2774 1203 ab
2821 1141 2955 1219 hoc,
3022 1142 3174 1205 bene

445 1230 717 1313 quidem,
789 1230 1085 1312 alioquim
1154 1249 1225 1293 ex
1288 1247 1446 1293 nunc
1508 1229 1957 1293 committimus
2022 1234 2087 1292 et
2146 1230 2512 1292 mandamus
2575 1227 2748 1292 vobis
2801 1246 2941 1291 cum
2990 1229 3174 1293 dictis

444 1319 678 1383 nostris
727 1317 1021 1393 consiliis,
1071 1321 1392 1399 quatenuS,
1468 1316 1521 1380 si
1586 1316 1845 1398 predicti
1894 1315 2276 1380 Albanenses
2314 1334 2461 1379 cum
2532 1314 2840 1398 aliquibus
2911 1317 3174 1399 navigiis

445 1407 704 1470 armatis
754 1406 815 1468 in
868 1406 1025 1468 mari
1075 1405 1330 1487 reperiri
1375 1404 1808 1486 contingerint,
1869 1407 1933 1469 et
1978 1403 2358 1480 inveneritis,
2404 1420 2511 1466 eos
2559 1401 2885 1466 manifeste
2933 1404 3177 1467 damni-

443 1496 660 1559 ficasse
717 1495 967 1577 gentem
1016 1495 1313 1565 nostram,
1383 1493 1528 1556 tunc
1587 1511 1688 1555 eos
1735 1494 1799 1556 et
1858 1491 2103 1574 navigia
2162 1510 2273 1556 sua
2333 1489 2592 1572 capiatis
2654 1492 2719 1554 et
2763 1491 3175 1556 damnificetis

449 1585 767 1664 tamquam
817 1580 1180 1644 manifestos
1226 1582 1532 1643 cursarios
1580 1582 1644 1643 et
1691 1578 1974 1644 inimicos
2025 1581 2301 1655 nostrOS,
2361 1596 2574 1641 verum
2638 1577 2690 1641 si
2754 1595 2874 1640 non
2943 1579 3168 1642 inveni-

447 1670 596 1733 retis
637 1688 740 1733 eos
799 1668 1230 1732 damnificasse
1276 1672 1525 1751 gentem
1588 1670 1882 1743 nostram,
1949 1670 2096 1731 tunc
2154 1665 2436 1731 comburi
2498 1664 2741 1729 faciatis
2802 1666 3003 1729 solum
3067 1686 3176 1730 na-

448 1757 617 1841 vigia
662 1774 774 1820 sua
843 1757 1120 1835 armata,
1193 1759 1257 1819 et
1324 1755 1603 1819 homines
1667 1754 2044 1834 permittatis
2107 1755 2296 1818 abire.
2360 1752 2666 1817 Volumus
2729 1754 2952 1828 etiam,
3017 1757 3173 1836 quod

448 1843 780 1908 hortemini
825 1843 967 1907 illos
1014 1845 1087 1907 de
1137 1844 1444 1919 Dirachi0,
1494 1843 1655 1925 quod
1696 1844 1866 1906 stent
1897 1845 2252 1906 constantes
2287 1844 2349 1904 et
2374 1840 2563 1904 fortes
2595 1841 2670 1904 ad
2710 1841 3170 1905 deffendendum

446 1953 510 1995 se
557 1936 772 1995 cont-ra
818 1931 1014 1995 dictos
1062 1931 1464 2007 Albanenses,
1514 1931 1658 2013 quia
1702 1934 1910 1993 nostre
1959 1930 2324 1993 intencionis
2371 1931 2468 1992 est
2513 1928 2758 1992 omnino
2806 1929 3049 1994 obviare
3108 1935 3178 1993 et

442 2020 659 2095 facere,
722 2020 879 2101 quod
943 2019 1057 2099 ipsi
1109 2019 1490 2082 Albanenses
1553 2018 1617 2081 in
1688 2020 1842 2081 mari
1908 2034 2026 2081 non
2070 2019 2317 2082 teneant
2380 2016 2590 2098 aliqua
2637 2016 2885 2099 navigia
2932 2020 3175 2081 armata

446 2109 659 2171 contra
706 2109 873 2190 ipsos
923 2125 1031 2169 nec
1077 2111 1292 2169 contra
1338 2106 1576 2188 aliquos
1623 2124 1732 2187 pro
1779 2107 2109 2169 securitate
2160 2123 2270 2170 sua
2307 2105 2371 2167 et
2407 2105 2682 2170 omnium
2722 2105 3171 2187 navigantium.

444 2195 729 2259 Ceterum
780 2196 927 2276 quia
974 2194 1201 2258 dicitur
1248 2194 1443 2271 nobis,
1499 2195 1656 2275 quod
1691 2195 1880 2257 etiam
1916 2193 2033 2275 ipsi
2082 2193 2466 2257 Albanenses
2512 2192 2750 2255 faciunt
2790 2193 2921 2256 fieri
2955 2211 3175 2273 quam-

440 2283 584 2346 dam
633 2282 989 2347 fortiliciam
1036 2300 1143 2345 seu
1192 2287 1466 2345 castrum
1516 2299 1702 2363 supra
1751 2282 2052 2345 marinam
2099 2282 2175 2344 ad
2224 2281 2413 2362 caput
2458 2279 2813 2355 Meliarum,
2874 2282 3035 2362 quod
3098 2282 3175 2344 de

442 2372 559 2435 levi
625 2372 830 2453 posset
896 2370 1068 2433 nobis
1139 2370 1202 2432 et
1265 2369 1682 2450 navigantium
1752 2370 2086 2432 maximum
2153 2367 2564 2451 preiudicium
2628 2383 2959 2449 generare,
3032 2369 3176 2449 quia

444 2459 611 2523 esset
656 2457 1114 2540 receptaculum
1177 2456 1453 2520 omnium
1516 2458 1930 2520 cursariorum
1995 2459 2056 2519 et
2122 2456 2280 2521 male
2338 2453 2800 2537 dispositorum,
2867 2455 3175 2528 volumuS,

444 2548 602 2628 quod
652 2565 757 2610 vos
808 2545 1152 2609 informetis
1200 2545 1272 2607 de
1320 2545 1443 2607 situ
1494 2547 1555 2607 et
1603 2543 1948 2607 conditione
1993 2545 2183 2608 castri
2227 2563 2334 2608 seu
2383 2541 2669 2606 fortilitie
2727 2543 3048 2623 prelibata,
3112 2544 3176 2606 et

444 2633 637 2709 nobis,
687 2633 976 2716 quicquid
1025 2632 1407 2707 inveneritiS,
1456 2632 1850 2709 rescribatis;
1897 2635 1960 2697 et
2004 2652 2077 2696 ex
2127 2651 2288 2696 nunc
2332 2631 2504 2696 vobis
2538 2630 2987 2694 committimus
3032 2649 3173 2694 cum

443 2721 627 2785 dictis
676 2721 903 2785 nostris
953 2720 1250 2796 consiliiS,
1298 2724 1601 2803 quatenus
1650 2722 2056 2785 descendente
2102 2722 2349 2784 armata
2422 2723 2651 2795 nostra,
2715 2737 2831 2801 que
2888 2722 3176 2801 speratur

444 2808 506 2873 in
554 2810 832 2891 proximo
876 2811 1263 2885 descensura,
1317 2811 1381 2872 et
1425 2808 1774 2872 conferente
1824 2810 1885 2872 in
1934 2808 2143 2886 simul,
2196 2809 2247 2870 si
2295 2806 2657 2873 inveneritis
2704 2806 2932 2869 dictam
2997 2804 3176 2870 forti-

443 2897 656 2961 liciam
697 2916 803 2960 seu
850 2902 1122 2960 castrum
1192 2915 1324 2959 esse
1384 2897 1746 2960 damnosum
1797 2895 1993 2959 statui
2057 2897 2266 2959 nostro
2336 2899 2399 2959 et
2459 2893 2904 2975 navigantium,
2968 2892 3173 2975 ipsum

444 2986 716 3048 castrum
785 3003 894 3048 seu
967 2983 1320 3048 fortiliciam
1394 2985 1641 3066 penitus
1710 2985 2028 3047 destruere
2094 2984 2376 3046 debeatis
2447 2981 2615 3044 omni
2684 2999 2869 3044 causa
2915 2982 3173 3055 remota,

448 3071 726 3136 habendo
772 3074 980 3136 tamen
1033 3073 1315 3151 respectu
1362 3071 1437 3135 de
1489 3090 1604 3135 non
1657 3071 1932 3151 ponendo
1980 3075 2227 3152 gentem
2292 3073 2568 3133 nostram
2630 3068 2707 3132 ad
2770 3067 3172 3133 manifestum

444 3159 810 3241 periculum,
859 3162 922 3223 et
969 3161 1249 3223 tenentes
1295 3160 1410 3222 hoc
1458 3161 1761 3223 secretum
1809 3159 1973 3240 apud
2021 3176 2127 3222 vos
2174 3175 2281 3239 pm
2327 3156 2494 3220 omni
2544 3156 2698 3219 bono
2741 3160 3043 3237 respectu.
3095 3153 3177 3221 Et

446 3251 611 3310 circa
655 3246 766 3309 hoc
814 3248 1051 3327 possint
1095 3246 1281 3310 scribi
1331 3246 1508 3309 litere
1555 3246 1798 3310 ducisse
1850 3247 2144 3321 Dirachii,
2198 3248 2262 3310 et
2308 3243 2750 3326 respondeatur
2795 3243 3181 3308 ambaxatori

445 3334 830 3398 dominorum
877 3334 953 3397 de
1000 3335 1066 3397 la
1113 3332 1294 3398 Scala
1340 3333 1439 3396 bic
1484 3334 1771 3398 existenti
1820 3334 1988 3398 dicta
2037 3334 2112 3397 de
2159 3351 2345 3397 causa
2404 3333 2463 3395 in
2533 3348 2605 3395 ea
2666 3330 2867 3395 forma
2919 3333 2984 3395 et
3034 3349 3176 3395 cum

444 3422 574 3485 illis
621 3421 845 3493 verbis,
894 3440 1012 3503 qne
1054 3421 1324 3485 dominio
1372 3420 1756 3485 videbuntur.

535 3511 715 3571 Misia*
764 3511 997 3569 XXXI
1037 3512 1138 3580 61,
1184 3530 1227 3570 u
1269 3512 1421 3570 mlet.
1470 3513 1704 3572 arkivu.

808 3697 1137 3780 cxxn.
1187 3697 1397 3780 -God
1453 3698 1680 3781 1364.
1736 3701 1825 3781 17
1879 3700 2247 3800 svibnja‚
2298 3722 2355 3780 u
2411 3698 2815 3780 Budimu.

445 3845 732 3917 Ljudevit
797 3844 1126 3917 uffan-hro).
1200 3843 1363 3912 kmzj
1428 3843 1790 3915 obavicsc'uje
1835 3843 2154 3910 Mletcane,
2223 3843 2303 3899 da
2366 3843 2425 3912 jc
2490 3843 2768 3915 podptmo
2826 3843 3179 3912 aadovoljan

442 3948 474 3990 s
515 3933 876 4006 odyovorom‚
947 3932 1046 4003 koj
1112 3947 1187 3989 su
1232 3947 1336 3988 mu
1377 3931 1505 3987 daei
1548 3948 1590 3987 u
1634 3931 1884 4003 poyledu
1953 3931 2137 3988 skoda
2183 3930 2524 3988 Zadranom
2567 3929 2907 3995 nonagena,
2976 3932 3030 3987 te
3080 3930 3182 4001 jin

830 4019 1013 4088 bodri,
1045 4019 1127 4076 da
1172 4018 1287 4082 ἀνα
1331 4017 1689 4076 Zadranina
1732 4019 1898 4076 dada
1939 4019 2230 4090 namiriti,
2278 4019 2301 4074 i
2345 4018 2541 4097 {grivce
2584 4017 2791 4075 hasne.

659 4122 1025 4203 Exemplum
1088 4122 1439 4185 litterarum
1503 4120 1734 4185 domini
1796 4122 1960 4201 regis
2021 4121 2338 4202 Hungarie
2403 4118 2850 4201 responsalium
2924 4119 3002 4182 ad
3065 4120 3177 4182 du-

444 4210 608 4273 cales
657 4209 903 4272 litteras
950 4208 1068 4272 sibi
1120 4210 1340 4273 missas
1388 4226 1493 4288 pro
1540 4208 1784 4271 damnis
1832 4209 2192 4271 animalium
2243 4207 2732 4271 Jadratinorum.
2796 4206 3012 4270 Amice
3073 4225 3176 4270 ca-

441 4296 718 4360 rissime!
769 4296 1041 4361 Litteras
1084 4297 1259 4360 nobis
1325 4315 1431 4377 per
1491 4295 1711 4360 horum
1767 4295 2167 4359 exhibitorem
2218 4294 2504 4370 directaS,
2553 4299 2616 4357 et
2676 4295 2866 4357 etiam
2936 4296 3175 4377 copiam

444 4383 859 4466 responsionis
921 4385 1122 4448 vestre
1185 4379 1381 4448 fideli
1419 4388 1630 4448 nostro
1692 4382 1949 4447 Nicolao
2012 4384 2211 4447 banno
2280 4381 2522 4447 croatie
2593 4378 2657 4446 e‘t
2723 4381 3035 4446 Dalmatio
3102 4384 3179 4449 ad

440 4471 737 4552 quasdam
779 4471 1026 4535 litteras
1076 4491 1220 4536 suas
1270 4471 1449 4545 facte,
1501 4471 1825 4535 affectione
1872 4470 2059 4535 solita
2105 4470 2465 4553 recepimus.
2513 4470 2592 4534 Et
2636 4485 2819 4551 super
2862 4470 2958 4534 his
3022 4471 3179 4535 ami-

441 4559 588 4622 citie
637 4560 840 4622 vestre
889 4559 1349 4640 respondemuS,
1399 4558 1561 4641 quod
1611 4559 1684 4621 de
1727 4557 2080 4640 hujusmodi
2129 4560 2523 4640 responsione
2570 4560 2773 4623 vestra
2835 4559 2987 4623 bene
3039 4577 3181 4622 con-

445 4647 778 4722 tentamur,
827 4647 1111 4711 tenentes
1157 4646 1430 4722 indubie,
1505 4647 1667 4728 quod
1721 4645 2005 4710 fidelibus
2068 4647 2296 4710 nostris
2343 4644 2597 4730 Symoni
2668 4645 2744 4709 de
2792 4645 3059 4710 Diacono
3119 4649 3182 4707 et

443 4732 713 4799 ‚Iohanni
764 4731 929 4798 Galli
980 4733 1221 4799 civibus
1266 4732 1614 4800 Jadratinis
1664 4751 1738 4798 ex
1783 4735 1962 4816 parte
2008 4733 2375 4812 vestrorum,
2422 4752 2576 4817 quos
2623 4735 2908 4799 auctores
2961 4733 3179 4814 damp-
