3620 5282
2992 398 3113 465 139

382 581 729 645 communis
767 580 974 645 Padue
1020 583 1377 663 aperiantur
1425 584 1566 646 hinc
1614 583 1756 646 inde
1803 583 1965 646 sicut
2013 584 2075 645 et
2121 581 2300 663 prout
2344 582 2520 645 erant
2566 582 2711 645 ante
2763 583 3113 663 presentem

387 686 698 750 guerram.

597 757 757 819 Item
806 775 943 820 cum
996 756 1055 818 in
1105 775 1250 838 pace
1297 758 1653 840 supradicta
1725 759 1878 821 inita
1926 760 2085 822 inter
2149 756 2450 838 prefatum
2518 755 2937 838 magnificium
3011 755 3120 818 do-

388 842 624 906 minum
673 843 887 908 ducem
935 846 1000 907 et
1040 863 1364 908 commune
1415 845 1815 908 Veneciarum
1867 865 1939 908 ex
1989 864 2110 909 una
2157 846 2330 925 parte
2378 846 2443 906 et
2488 845 2723 908 dictum
2799 842 3114 906 dominum

389 932 454 993 et
495 949 820 994 commune
869 932 1075 996 Padue
1123 951 1192 994 ex
1240 933 1437 996 altera
1501 932 1666 995 facta
1734 932 2098 996 millessimo
2160 932 2595 996 trecentesimo
2655 932 3118 1013 septuagesimo

393 1019 582 1082 tercio
628 1019 724 1081 die
771 1018 923 1082 XXI
971 1018 1363 1101 septembriis
1408 1021 1642 1101 scripta
1691 1040 1874 1083 manu
1920 1020 2187 1084 Bandini
2234 1020 2309 1081 de
2356 1019 2568 1083 Brozis
2613 1017 2838 1083 notarii
2899 1018 3117 1098 prefati

396 1107 707 1187 magnifici
757 1107 984 1170 domini
1037 1108 1244 1170 Padue
1290 1107 1491 1171 scribe
1537 1109 1885 1189 appositum
1935 1111 2001 1170 et
2045 1108 2341 1170 insertum
2392 1106 2579 1169 fuerit
2643 1106 2949 1189 quoddam
3018 1124 3121 1169 ca-

394 1193 657 1273 pitulum
730 1193 961 1257 tenoris
1030 1195 1127 1257 et·
1162 1194 1541 1258 continentie
1603 1195 2070 1276 subsequentis:
2137 1194 2427 1257 Ceterum
2496 1194 2910 1274 promiserunt
2971 1193 3118 1255 dicti

393 1285 819 1361 procuratores
867 1285 931 1344 et
976 1281 1192 1346 sindici
1243 1283 1466 1363 prefati
1514 1282 1746 1346 domini
1796 1301 1905 1346 seu
1936 1282 2146 1346 vicarii
2182 1284 2246 1345 et
2299 1282 2650 1345 communis
2686 1282 2893 1344 Padue
2935 1281 3120 1344 dictis

394 1367 744 1432 nominibus
792 1369 1230 1451 suprascriptis
1301 1370 1556 1433 sindicis
1627 1370 1859 1434 domini
1926 1369 2101 1434 ducis
2167 1371 2231 1432 et
2299 1369 2643 1432 communis
2715 1369 3119 1432 veneciarum

392 1455 836 1535 stipulantibus
883 1458 1429 1539 eta-recipientibus
1475 1457 1831 1520 nominibus
1878 1458 2101 1539 quibus
2148 1474 2352 1537 supra,
2402 1456 2559 1536 quod
2622 1455 2907 1519 dominus
2954 1457 3120 1520 Mar-

398 1542 577 1606 silius
624 1542 699 1606 de
746 1542 1002 1608 Carrara
1042 1545 1429 1624 integraliter
1454 1544 1748 1626 gaudebit
1793 1545 2093 1608 reditibus
2140 1548 2204 1608 et
2254 1544 2425 1606 bonis
2473 1544 2619 1620 suis,
2668 1562 2784 1624 que
2853 1543 3122 1607 habebat

392 1631 724 1712 antequam
774 1632 1013 1695 exhiret
1057 1633 1129 1695 de
1179 1632 1410 1709 Patina,
1459 1636 1520 1694 et
1567 1634 1727 1713 quod
1782 1652 1903 1696 non
1966 1634 2074 1696 fiet
2135 1633 2188 1695 ei
2249 1631 2458 1712 aliqua
2519 1631 2762 1695 novitas
2815 1630 2877 1693 in
2946 1630 3120 1693 bonis

394 1718 543 1792 suis»,
613 1718 909 1782 facientes
954 1740 1025 1782 ex
1075 1738 1234 1783 nunc
1281 1721 1519 1783 dictum
1569 1720 1886 1783 dominum
1940 1720 2232 1783 vicarium
2283 1718 2618 1781 debitorem
2692 1720 2765 1781 de
2828 1720 2941 1782 hoc
3010 1720 3122 1781 du-

398 1805 515 1867 cali
563 1806 835 1869 dominio
869 1809 934 1871 et
970 1808 1280 1871 communi
1314 1809 1738 1879 Veneciarum,
1786 1812 1849 1870 et
1889 1809 2046 1888 quod
2082 1807 2213 1890 ipse
2245 1806 2531 1868 dominus
2568 1806 2891 1870 Marsilius
2923 1805 3125 1887 possit

396 1891 535 1973 ipsa
577 1892 732 1956 bona
780 1897 1114 1959 conducere
1154 1895 1249 1959 vel
1294 1897 1549 1959 conduci
1597 1896 1796 1958 facere
1844 1895 2134 1959 Venetias
2180 1899 2499 1975 tamquam
2534 1893 2804 1957 Venetus
2838 1894 2903 1956 et
2955 1911 3122 1956 com-

400 1983 604 2043 munis
653 1981 1093 2056 Veneciarum;
1145 1984 1471 2046 voluerunt
1516 1983 1677 2046 dicte
1724 1985 1933 2064 partes
1983 1982 2331 2045 nominibus
2391 1980 2723 2044 antedictis
2776 1984 2839 2042 et
2899 1981 3124 2043 solem-

393 2067 557 2130 niter
602 2074 1033 2145 convenerunt,
1082 2071 1241 2152 quod
1289 2071 1520 2133 dictum
1568 2070 1910 2151 capitulum
1946 2072 2227 2134 cassetur
2295 2070 2359 2132 et
2404 2070 2681 2132 irritetur
2726 2071 2789 2130 et
2837 2086 2945 2149 pro
2992 2086 3124 2131 cas-

395 2155 534 2218 sato
576 2158 639 2217 et
686 2156 862 2220 irrito
907 2159 1228 2234 habeatur,
1281 2159 1344 2221 et
1389 2160 1545 2239 quod
1594 2158 1801 2239 vigore
1848 2157 1998 2221 dicti
2060 2157 2313 2238 capituli
2377 2157 2651 2238 prefatus
2714 2156 2999 2219 dominus
3060 2157 3125 2218 et

392 2260 717 2306 commune
768 2246 974 2309 Padue
1019 2245 1205 2309 dictis
1252 2247 1498 2310 domino
1543 2246 1681 2308 duci
1743 2248 1808 2309 et
1853 2247 2163 2309 communi
2208 2244 2617 2308 Veneciarum
2688 2264 2800 2308 non
2873 2244 3001 2307 sint
3065 2244 3122 2306 iu

389 2329 598 2411 aliquo
644 2331 923 2413 obligati.

605 2419 764 2482 Item
813 2420 972 2501 quod
1024 2420 1086 2483 iu
1137 2439 1254 2484 non
1322 2420 1692 2501 specificatis
1740 2427 1802 2484 et
1853 2440 1968 2485 non
2034 2418 2462 2484 determinatis
2522 2419 2582 2482 in
2648 2419 2913 2501 presenti
2978 2437 3125 2498 pace

395 2504 598 2567 stetur
646 2506 810 2571 dicte
850 2507 1027 2572 alteri
1084 2508 1211 2588 paci
1261 2510 1404 2571 ante
1453 2511 1797 2588 presentem
1852 2527 2065 2589 pacem
2110 2508 2270 2571 inter
2318 2510 2522 2589 partes
2570 2508 2875 2589 predictas
2942 2508 3122 2570 facte.

605 2592 891 2659 Ceterum
958 2596 1359 2679 suprascripti
1421 2596 1660 2674 sindici‚
1722 2597 1986 2674 actoreS‚
2054 2600 2495 2677 p1·ocu1·atore8‚
2559 2594 3017 2660 ambariatores
3065 2597 3128 2657 et

395 2680 596 2743 nuntii
659 2684 958 2763 speciales
1026 2684 1260 2766 egregii
1329 2685 1394 2746 et
1455 2684 1823 2747 venerabilis
1888 2685 2002 2749 viri
2064 2684 2296 2747 domini
2364 2684 2668 2747 Frederici
2742 2684 2989 2747 comitis
3051 2682 3126 2744 de

394 2767 678 2832 Porciliis
746 2769 1172 2853 Aquilegiensi
1238 2771 1381 2835 sede
1452 2774 1704 2836 vacante
1765 2772 2129 2836 vicedomini
2182 2772 2390 2845 Patrie
2454 2771 2592 2836 Fori
2657 2771 2814 2836 ‚Iulii
2879 2770 3126 2834 nomine

394 2857 460 2918 et
508 2856 637 2919 vice
686 2856 881 2939 ipsius
928 2860 1158 2923 domini
1206 2908 1221 2923 .
1276 2910 1289 2923 .
1340 2860 1705 2923 vicedomini
1774 2879 1847 2922 ac
1908 2859 2301 2922 dominorum
2349 2908 2363 2921 .
2416 2907 2428 2920 .
2480 2859 2739 2934 consilii,
2792 2904 2808 2919 .
2860 2908 2872 2920 .
2922 2857 3127 2940 parla-

393 2944 589 3006 menti
655 2995 667 3007 .
734 2995 747 3008 .
806 2947 1185 3027 prelatorum
1235 2997 1248 3010 .
1302 2996 1313 3008 .
1360 2947 1658 3010 nobilium
1730 2951 1794 3010 et
1862 2945 2379 3010 communitatum
2452 2945 2645 3028 ipsius
2716 2946 2918 3028 patrie
2984 2945 3126 3008 Fori

391 3028 551 3093 Julii
599 3051 668 3094 ex
717 3051 839 3096 una
910 3035 1108 3116 parte,
1171 3036 1234 3097 et
1275 3034 1615 3114 supradicti
1676 3034 1916 3113 sindici‚
1988 3036 2249 3107 actores,
2316 3037 2759 3112 procu1·atoreS‚
2834 3033 3126 3096 ambaxa-

393 3121 556 3180 tores
604 3123 669 3182 et
701 3121 902 3183 nuncii
952 3121 1248 3204 speciales
1298 3120 1675 3203 prefatorum
1745 3121 2010 3185 illustris
2073 3120 2304 3185 domini
2353 3122 2545 3198 duciS‚
2600 3120 2997 3184 consiliorum
3065 3128 3129 3182 et

393 3208 741 3269 communis
795 3209 1217 3287 veneciarum,
1271 3210 1516 3273 nomine
1562 3211 1626 3272 et
1672 3210 1802 3273 vice
1846 3210 2148 3272 dictorum
2200 3208 2428 3271 domiui
2467 3207 2659 3285 duci8‚
2708 3207 3125 3281 consiliorum,

392 3293 460 3355 et
502 3296 847 3359 communis
900 3297 1298 3361 Veneciarum
1348 3317 1417 3359 ex
1464 3299 1661 3361 altera
1710 3299 1880 3378 parte
1929 3315 2037 3378 pro
2083 3317 2168 3373 se,
2234 3295 2616 3372 civitatibu8‚
2682 3296 2884 3373 terris,
2951 3295 3125 3372 locis,

391 3379 682 3456 subditis,
757 3383 1059 3460 fidelibus,
1133 3386 1594 3460 adherentibuS‚
1645 3384 2013 3448 valitoribus
2085 3386 2148 3447 et
2211 3386 2577 3464 sequacibus
2641 3384 2915 3465 ipsarum
2989 3402 3126 3464 par-

395 3468 556 3532 tium
604 3469 669 3531 et
712 3470 1045 3535 cuiuslibet
1090 3492 1302 3536 earum
1349 3474 1751 3537 firmaverunt
1806 3476 1871 3536 et
1916 3473 2355 3535 contraxerunt
2400 3471 2516 3536 sibi
2585 3471 2849 3534 invicem
2915 3474 3129 3534 mutuo

392 3558 456 3617 et
500 3555 772 3619 vicissim
821 3560 886 3621 et
932 3558 1092 3622 inter
1135 3580 1200 3623 se
1248 3559 1466 3622 bonam
1517 3564 1579 3622 et
1625 3580 1832 3624 verani
1884 3579 2096 3640 pacem
2145 3560 2451 3641 dirigente
2514 3559 2763 3622 domino
2829 3564 3127 3641 perpetuo

391 3641 779 3707 duraturam.
827 3646 908 3708 Et
956 3647 1153 3728 primo
1201 3646 1316 3710 sibi
1369 3648 1649 3725 invicem,
1701 3652 1914 3711 mutuo
1962 3652 2027 3711 et
2068 3647 2343 3711 vicissim
2379 3647 2757 3711 remiserunt
2802 3656 2867 3710 et
2916 3647 3129 3710 remit-

392 3732 538 3792 tunt
582 3734 788 3795 omnia
813 3734 970 3811 odia,
1020 3752 1321 3810 rancoreS,
1371 3735 1646 3809 iniuriae,
1696 3736 1982 3809 offensas
2032 3735 2231 3810 ccdeS,
2282 3735 2554 3810 vulnera,
2605 3735 2937 3816 captiones
2989 3752 3129 3814 rap-

396 3820 512 3894 tus,
564 3819 826 3900 rapinas,
897 3820 1177 3885 incendia
1222 3828 1284 3885 et
1328 3822 1455 3886 alia
1518 3842 1901 3904 quecumque
1961 3822 2232 3903 dampna
2294 3822 2422 3886 tam
2492 3822 2678 3886 realia
2738 3841 2922 3904 quam
2991 3840 3130 3901 per-

392 3905 626 3969 sonalia
675 3927 781 3986 per
828 3910 1026 3972 dictas
1073 3911 1273 3990 partes
1321 3910 1418 3973 vel
1460 3910 1700 3991 aliquos
1746 3911 2023 3974 subditos
2076 3913 2348 3990 ipsarum
2401 3911 2667 3990 partium
2720 3910 2815 3973 vel
2862 3909 3124 3972 alterius

391 4010 605 4056 earum
654 4015 759 4057 seu
822 3995 1057 4078 aliquas
1127 3999 1343 4079 gentes
1415 3998 1511 4061 vel
1583 3997 1925 4079 singulares
1990 4017 2276 4079 personas
2341 3998 2614 4078 ipsarum
2690 3997 2788 4060 vel
2860 3995 3123 4059 alterius

393 4099 607 4143 earum
655 4102 760 4146 seu
809 4083 1194 4161 adherenteS‚
1243 4084 1594 4165 complices,
1645 4086 1957 4161 vestitores,
2009 4085 2104 4148 vel
2152 4103 2441 4166 sequaces
2513 4087 2782 4165 ipsarum
2851 4082 3120 4164 partium

393 4167 492 4229 vel
538 4168 797 4233 alterius
847 4190 1078 4247 earum,
1129 4174 1539 4235 communiter
1588 4174 1684 4235 vel
1732 4173 1977 4236 divisim
2003 4177 2214 4236 contra
2241 4172 2541 4253 reliquam
2592 4175 2850 4252 partem,
2899 4172 3121 4245 terras,

392 4254 542 4329 loca,
590 4256 892 4334 subditos¹
930 4264 1146 4341 gentes
1196 4260 1286 4323 vel
1338 4260 1682 4341 singulares
1709 4279 1996 4340 personas
2046 4260 2319 4340 ipsarum
2368 4279 2476 4322 seu
2524 4260 2908 4333 adherenteS,
2957 4276 3127 4322 com-

391 4341 604 4422 plices,
656 4345 969 4421 valitoreS,
1020 4347 1116 4409 vel
1179 4365 1473 4429 sequaces
1537 4347 1901 4410 alterutrius
1965 4348 2160 4427 partis
2221 4347 2787 4427 quomodocumque
2850 4350 2914 4409 et
2975 4364 3128 4427 qua-

391 4430 800 4513 litercumque
847 4432 1044 4511 illata,
1091 4436 1238 4498 data
1286 4454 1391 4498 seu
1440 4435 1602 4497 sacta
1644 4434 1925 4511 fuissent,
1977 4435 2040 4498 et
2083 4453 2293 4497 omnes
2342 4452 2494 4514 pene
2555 4439 2619 4495 et
2682 4433 3000 4510 interesse,
3068 4431 3128 4496 in

389 4517 616 4598 quibus
663 4538 773 4601 per
810 4526 1159 4602 presentem
1215 4541 1502 4604 guerram
1566 4523 1663 4585 vel
1726 4521 1935 4602 aliqua
1996 4520 2136 4584 hinc
2198 4523 2362 4584 retro
2427 4523 2589 4585 inter
2652 4520 2848 4584 dictas
2914 4520 3125 4602 partes

392 4606 559 4667 tacta
605 4607 701 4669 vel
748 4609 1080 4672 commissa
1136 4608 1360 4673 fuisset
1421 4610 1767 4673 incursum:
1834 4608 2131 4672 facientes
2195 4608 2309 4672 sibi
2383 4608 2644 4671 invicem
2717 4610 2792 4670 et·
2848 4608 3120 4671 vicissim

388 4692 551 4755 dicte
620 4701 826 4773 partes
895 4696 1077 4760 dictis
1149 4697 1502 4760 nominibus
1576 4698 1648 4760 de
1720 4695 2015 4777 predictis
2086 4696 2370 4759 omnibus
2436 4700 2501 4760 et
2569 4695 2833 4778 singulis
2911 4697 3119 4771 finem,

389 4779 854 4863 quietationem‚
906 4784 1329 4848 remissionem
1379 4786 1443 4847 et
1487 4783 1912 4849 omnimodam
1960 4782 2388 4853 liberationem
2454 4784 2517 4847 et
2580 4788 2822 4875 pactum
2890 4784 2964 4846 de
3028 4781 3121 4851 ul-
