3620 5282
2942 406 3067 470 377

361 583 707 648 amavimus
755 585 819 650 et
861 604 1142 650 amamus
1189 587 1399 650 tenere
1448 585 1619 650 illam
1665 584 2173 650 communitatem
2224 586 2544 669 tamquam
2593 603 2767 649 cares
2812 588 2874 646 et
2935 583 3065 647 sin-

351 672 596 755 gulares
642 675 870 738 amicos
917 677 979 738 et
1026 676 1256 739 vicinos
1307 680 1546 739 nostros
1598 678 1844 756 propter
1888 677 2232 748 caritatem,
2283 693 2466 757 quam
2520 674 2795 737 videmus
2829 692 2929 736 eos
2964 674 3071 735 ha-

352 762 493 826 bere
544 781 747 825 versus
796 781 903 826 nos
950 766 1011 826 et
1049 764 1210 827 cives
1262 769 1520 840 nostrOS,
1570 766 1633 828 et
1678 764 1835 826 bene
1891 781 1998 826 nos
2046 768 2285 846 gravat,
2345 762 2504 845 quod
2565 781 2680 826 non
2747 780 3073 842 possumus

353 849 438 913 eis
488 849 867 931 complacere
915 851 1249 916 secundum
1299 854 1452 933 quod
1504 853 1722 933 petunt
1768 855 1833 914 et
1880 852 2213 915 secundum
2248 851 2407 934 quod
2443 855 2606 914 esset
2639 869 2740 913 cor
2771 854 3069 926 nostrum,

355 938 459 1001 sed
511 939 735 1002 veritas
781 941 895 1014 est,
946 941 1105 1022 quod
1158 952 1398 1020 propter
1443 941 1683 1023 aliquas
1732 940 1998 1004 rationes
2047 943 2110 1004 et
2156 958 2370 1003 causas
2416 939 2812 1003 rationabiles
2862 941 2923 1000 et
2966 939 3073 1001 ho-

356 1028 560 1089 nestas
610 1045 718 1090 nos
760 1026 994 1091 fuimus
1040 1028 1102 1091 in
1151 1028 1451 1105 terminis,
1497 1032 1560 1092 et
1605 1029 1942 1108 reperimus
1991 1030 2064 1092 ad
2113 1046 2383 1110 presenS,
2435 1028 2593 1110 quod
2652 1027 3072 1090 necessarium

353 1114 524 1178 nobis
572 1113 691 1178 fuit
735 1133 1023 1181 excusare
1057 1134 1164 1180 nos
1211 1136 1247 1181 a
1294 1117 1532 1180 domino
1564 1135 1670 1180 suo
1708 1117 1954 1180 domino
2002 1136 2142 1200 rege
2189 1116 2262 1180 de
2309 1115 2581 1179 faciendo
2630 1115 2746 1179 sibi
2796 1114 3064 1177 similem

355 1204 854 1266 subvenctionem
906 1205 1175 1285 pecunie,
1228 1224 1411 1287 quam
1466 1206 1713 1286 petebat
1757 1224 1793 1269 a
1842 1206 2037 1269 nobis.
2131 1206 2212 1268 Et
2242 1207 2565 1288 propterea
2612 1222 2901 1286 rogamus
2947 1221 3068 1277 (308,

357 1293 659 1372 quatenus
702 1292 818 1373 ipsi
866 1290 1157 1356 similiter
1204 1294 1414 1372 velint,
1465 1295 1514 1357 si
1565 1312 1683 1356 non
1732 1293 2184 1376 complacemus
2232 1292 2340 1371 eiS,
2419 1292 2641 1355 habere
2683 1310 2791 1354 nos
2854 1289 3074 1354 merito

354 1381 691 1445 excusatos,
984 1397 1001 1402 ·

568 1467 660 1531 De
723 1471 896 1548 parte
961 1467 1065 1544 56,
1114 1468 1219 1544 57,
1281 1469 1385 1543 56,
1434 1468 1534 1544 57,
1585 1468 1688 1544 58,
1738 1469 1845 1546 59,
1897 1469 2000 1544 60,
2052 1471 2168 1542 66;
2220 1469 2295 1531 de
2342 1487 2459 1533 non
2507 1465 2611 1546 45,
2661 1468 2766 1545 52,
2813 1466 2918 1544 55,
2967 1465 3074 1544 59,

358 1555 461 1632 56,
508 1555 612 1626 56,
664 1555 768 1631 56,
816 1555 937 1630 51;
989 1576 1105 1620 non
1154 1559 1376 1621 sinceri
1432 1558 1528 1633 18,
1589 1559 1683 1634 12,
1743 1561 1837 1635 10,
1891 1557 1948 1633 7,
1999 1559 2059 1634 7,
2109 1557 2167 1632 6,
2221 1557 2279 1628 6,
2327 1556 2390 1622 5.

442 1663 681 1722 Secreta
732 1659 986 1723 Consilii
1031 1666 1392 1738 Royatorum
1439 1667 1513 1725 R.
1567 1668 1710 1736 128,
1760 1685 1796 1725 u
1845 1661 1997 1725 mlet.
2049 1668 2289 1726 arkivu.

724 1855 1045 1937 DXIX.
1099 1855 1302 1938 Gon.
1358 1856 1587 1941 1396.
1641 1857 1734 1939 31
1790 1858 2154 1960 sviana‚
2209 1880 2266 1939 u
2323 1857 2684 1957 Olgunu.

361 1999 570 2072 Gjoryj
612 1998 908 2058 Sracimir
939 2002 1141 2074 javlja
1185 2003 1498 2074 republt'ki,
1549 2004 1627 2060 da
1662 2004 1728 2075 je
1759 2004 2007 2077 njeyova
2040 2004 2241 2076 vojska
2256 2003 2559 2075 pobicdila
2590 2005 2613 2060 i
2643 2002 2808 2059 ubila
2842 2000 3075 2059 Jeada'ea

363 2087 726 2161 Crnojevio'o,
775 2108 813 2145 a
859 2089 938 2146 da
973 2090 1040 2162 je
1090 2108 1165 2148 on
1202 2091 1430 2163 predao
1476 2093 1755 2163 njezine'm
1801 2093 2185 2164 providurom
2229 2092 2382 2165 yrad
2417 2091 2658 2149 Skadar
2689 2108 2758 2148 sa
2797 2091 3079 2166 dotic‘nim

1584 2181 1869 2241 kotarom.

572 2281 933 2362 Exemplum
986 2280 1162 2345 litere
1211 2282 1397 2345 misse
1444 2302 1547 2362 per
1594 2284 1912 2348 dominum
1979 2282 2316 2366 Georgium
2379 2283 2816 2348 Stracimirum
2879 2279 3075 2344 domi-

361 2387 507 2431 num
559 2368 743 2432 Sente
791 2372 906 2432 etc.
954 2370 1154 2432 ducali
1216 2370 1483 2434 dominio
1551 2371 1968 2436 Venetiarum.
2065 2371 2468 2436 Serenissime
2532 2389 2604 2433 ac
2654 2369 3079 2433 illustrissime

363 2461 641 2538 princeps
688 2459 750 2520 et
797 2458 1059 2520 domine.
1110 2457 1263 2522 Cum
1313 2459 1693 2523 omnimoda
1733 2461 2087 2524 humilitate
2159 2464 2222 2524 et
2290 2461 2628 2523 reverentie
2695 2476 3077 2522 recommen-

365 2544 612 2608 datione
662 2545 981 2627 premissa‚
1031 2546 1086 2609 in
1148 2567 1215 2610 eo
1275 2549 1540 2624 tantum,
1607 2548 1707 2629 qui
1776 2552 1872 2612 est
1932 2549 2239 2611 virtutum
2303 2551 2366 2612 et
2436 2548 2731 2610 bonorum
2800 2546 3078 2609 omnium

366 2632 590 2697 stabile
637 2633 1134 2699 fundamentum.
1212 2633 1513 2714 Quoniam
1595 2638 1846 2713 scimu8‚
1912 2637 2073 2720 quod
2144 2639 2347 2701 vestra
2396 2635 2757 2700 excellentia
2803 2635 2875 2698 de
2926 2635 3080 2696 bono

368 2724 539 2786 statu
587 2726 650 2785 et
695 2723 958 2787 victoria
1006 2723 1275 2787 fidelium
1328 2724 1594 2789 filiorum
1668 2745 1918 2790 suorum
1984 2746 2227 2808 semper
2298 2726 2508 2788 audire
2578 2724 2768 2806 cupit,
2848 2723 3074 2786 idcirco

368 2810 670 2875 celsitudo
724 2814 926 2874 vestra
977 2816 1187 2876 tenore
1237 2814 1614 2895 presentium
1667 2812 1892 2878 clarius
1942 2814 2262 2885 inotescat,
2329 2813 2486 2895 quod
2539 2813 2780 2876 favente
2828 2810 3077 2874 domino

370 2901 467 2963 die
515 2898 816 2982 vigesima
863 2900 1079 2981 quinta
1131 2901 1360 2964 mensis
1402 2903 1616 2983 aprilis
1655 2901 2022 2965 maledictus
2062 2904 2244 2966 istius
2277 2904 2474 2984 patrie
2507 2903 2875 2976 destructor,
2914 2901 3078 2962 vide-

372 2987 521 3051 licet
566 2987 758 3051 Radiz
806 2987 1036 3052 Zernoe
1086 2989 1411 3053 interfectu
1480 2989 1598 3053 fuit
1661 3009 1696 3053 a
1765 2992 1972 3054 nostro
2043 2993 2332 3063 exercitu,
2393 2994 2455 3053 et
2500 2991 2735 3069 partem
2788 2987 3083 3050 territorii

373 3076 587 3150 nostri,
637 3094 819 3157 quarn
870 3077 931 3139 in
983 3094 1169 3140 manu
1217 3076 1358 3141 forti
1407 3079 1673 3153 tenebat,
1723 3078 2093 3152 habuimus;
2157 3080 2312 3161 quod
2365 3078 2668 3158 prefatam
2738 3074 3076 3139 dominati-

368 3182 545 3228 onem
595 3165 866 3227 vestram
914 3163 1194 3246 ignorare
1241 3183 1359 3230 non
1407 3167 1801 3229 arbitramur.
1862 3167 2113 3248 Insuper
2176 3167 2490 3242 noveritis,
2540 3172 2780 3229 vestros
2843 3163 3079 3227 nobiles

369 3252 784 3332 proveditores
833 3254 1132 3334 recepisse
1182 3273 1252 3318 ac
1300 3273 1334 3317 a
1381 3256 1553 3318 nobis
1597 3254 1887 3319 habuisse
1929 3255 2246 3318 civitatem
2298 3254 2542 3317 Scutari
2590 3272 2725 3317 cum
2778 3255 2909 3316 tota
2941 3270 3082 3314 con·

370 3342 583 3414 tracta,
627 3358 699 3403 ac
745 3340 953 3404 omnia
984 3343 1047 3405 et
1083 3342 1348 3418 singula,
1384 3362 1502 3424 que
1536 3344 1728 3405 nostri
1766 3343 2219 3407 ambaxiatores
2255 3344 2312 3406 in
2349 3361 2604 3425 persona
2638 3343 2845 3406 nostra
2876 3342 3078 3404 vestre

369 3427 772 3492 dominationi
821 3430 1251 3509 promiserunt.
1301 3430 1500 3509 Quare
1549 3430 1680 3500 deo,
1747 3433 1848 3512 qui
1908 3433 2114 3496 omnia
2174 3450 2281 3495 suo
2353 3430 2614 3512 benigno
2659 3428 2966 3494 ‘adiutorio
3013 3430 3075 3491 et

366 3516 572 3581 favore
616 3517 902 3597 suplevit,
953 3522 1161 3599 grates
1208 3518 1530 3582 referimus
1583 3520 1976 3583 incessanter.
2029 3520 2168 3584 Ideo
2218 3520 2531 3583 serenitati
2583 3529 2802 3593 vestre,
2851 3518 2912 3580 in
2957 3534 3077 3598 qua

368 3605 705 3670 locavimus
775 3606 964 3669 totius
1035 3608 1252 3670 fiducie
1334 3607 1822 3683 fundamentum,
1874 3609 2313 3690 supplicamils‚
2363 3609 2433 3671 ut
2480 3608 2718 3688 placeat
2766 3625 2874 3670 nos
2922 3606 3070 3668 reti-

374 3712 513 3757 nere
562 3692 956 3757 fidelissimos
1008 3697 1238 3759 vestros
1289 3695 1466 3770 filios,
1515 3696 1961 3778 offerentesque
2012 3716 2118 3760 nos
2168 3696 2497 3759 efficaciter
2544 3694 2620 3758 ad
2666 3698 2906 3769 cuncta,
2960 3712 3075 3774 que

370 3782 677 3864 placitura
723 3784 886 3844 suut.
936 3782 1157 3846 Valete
1204 3784 1265 3845 in
1327 3782 1592 3860 domine,
1663 3784 1837 3847 cuius
1900 3784 2094 3866 pietas
2162 3787 2224 3847 et
2297 3785 2501 3865 gra-tia
2568 3803 2671 3846 vos
2735 3783 3071 3846 conservet.

375 3870 593 3933 Vester
631 3868 933 3950 Georgius
968 3870 1311 3936 Stracimiri
1346 3872 1627 3936 dominus
1662 3871 1852 3935 Sente
1887 3877 2003 3935 etc.
2040 3875 2202 3938 Data
2239 3871 2538 3942 Dulcinei‚
2574 3872 2797 3935 ultima
2854 3869 3081 3932 mensis

376 3959 540 4021 maii.
594 3957 649 4020 A
697 3962 874 4038 tergo
923 3960 1167 4040 quidem
1222 3961 1335 4033 est,
1387 3960 1707 4023 videlicet:
1756 3959 2162 4024 Serenissimo
2208 3980 2279 4025 ac
2328 3958 2758 4023 illustrissimo
2811 3956 3076 4039 principi

371 4048 433 4110 et
476 4046 719 4109 domino
767 4047 1016 4111 domino
1064 4047 1373 4112 Anthonio
1422 4048 1684 4111 Venerio
1733 4047 1825 4111 dei
1863 4049 2068 4130 gratia
2103 4048 2316 4112 inclito
2351 4050 2491 4111 duci
2528 4049 2928 4111 Venetiarum
2962 4048 3078 4107 etc.

460 4152 1027 4214 Commemorialium
1073 4156 1190 4215 IX.
1246 4159 1345 4227 19,
1394 4175 1433 4214 u
1481 4157 1634 4219 mlet.
1686 4158 1923 4216 arkivu.

768 4345 1041 4426 DXX.
1101 4345 1304 4428 (3011.
1362 4346 1586 4428 1396.
1650 4344 1748 4427 22
1800 4345 2115 4448 lipnja‚
2169 4369 2228 4427 u
2285 4345 2676 4429 Mleteih.

578 4470 729 4548 Quia
783 4470 1206 4553 providitores,
1278 4469 1448 4533 missi
1522 4472 1872 4546 Scutarum,
1944 4471 2239 4547 scribunt,
2305 4469 2606 4534 invenisse
2653 4469 2969 4531 civitatem
3018 4470 3081 4530 et

371 4561 637 4621 castrum
718 4558 883 4621 malo
955 4558 1019 4621 in
1081 4558 1290 4621 ordine
1366 4561 1429 4621 et
1502 4560 1633 4623 sine
1709 4560 1890 4622 domo
1968 4558 2205 4621 decenti
2304 4577 2407 4636 pro
2483 4557 2862 4620 habitatione
2952 4571 3079 4616 rec-

372 4645 543 4717 toris,
595 4647 776 4726 capta
821 4665 978 4727 pars,
1026 4647 1181 4727 quod
1233 4645 1566 4710 mittantur
1614 4646 1739 4710 illis
1787 4646 1990 4710 omnia
2040 4644 2334 4726 requisita
2380 4664 2485 4726 per
2546 4644 2730 4725 ipsos,
2784 4646 2846 4705 et
2891 4641 3072 4703 detur

372 4732 460 4794 eis
508 4732 782 4883 l‘rbe=;·tas⁹
832 4734 988 4816 quod
1037 4734 1277 4816 possint
1337 4735 1674 4816 expendere
1723 4736 1976 4798 ducatos
2037 4736 2331 4797 ducentos
2378 4734 2439 4795 in
2502 4732 2811 4815 aptatione
2855 4728 3074 4794 domus

375 4838 482 4901 pro
528 4840 629 4885 rec
663 4840 783 4885 ore.

461 4930 642 4990 Misti
692 4927 952 4991 XLIII.
1001 4933 1146 5003 138,
1191 4951 1235 4992 u
1280 4932 1433 4995 mlet.
1483 4931 1719 4993 ανῆ-ἱνα.
