3620 5282
3029 343 3158 410 133

417 512 640 595 quibus
685 511 972 576 sedandis
1010 512 1249 613 prefato
1297 513 1544 576 domino
1593 514 1802 578 comiti
1847 516 2121 595 potestas
2167 516 2446 580 extiterit
2487 518 2553 579 ut
2601 517 2934 599 predicitur
2968 519 3153 585 attri-

417 601 585 700 buta,
635 600 873 681 possint
920 601 1038 681 ipsi
1086 601 1306 664 Veneti
1355 607 1418 664 et
1465 603 1552 664 eis
1599 600 1787 665 liceat
1835 622 1940 683 per
1986 602 2221 667 dictum
2270 604 2657 667 Gr'ecorum
2645 604 2966 705 imperium
3007 626 3148 672 cum

416 687 690 770 ipsorum
737 688 1152 751 mercimoniis
1198 691 1261 752 et
1307 689 1490 751 rebus
1537 677 1729 754 libere
1778 709 1945 754 more
1989 690 2174 753 solito
2224 690 2544 772 navigare:
2605 695 2667 754 et
2716 693 2766 755 si
2816 693 2971 757 forte
3019 694 3150 758 dic·

417 778 517 840 tus
561 775 848 839 dominus
895 773 1285 840 Andronicus
1331 776 1606 840 eiusdem
1654 776 1850 859 patris
1897 776 1992 840 sui
2041 782 2286 841 servata
2329 778 2528 842 forma
2588 779 2866 860 predicta
2937 800 3147 860 pacem

417 862 617 926 facere
667 864 731 926 et
771 863 1040 944 recipere
1082 866 1393 927 recusaret
1439 863 1536 927 vel
1584 883 1689 944 per
1736 884 1879 927 eum
1913 865 2109 929 staret
2140 867 2467 946 quominus
2501 865 2677 930 fieret
2728 866 2895 931 dicta
2928 867 3144 946 forma,

417 951 566 1014 tunc
607 949 794 1014 etiam
843 951 1027 1014 liceat
1099 950 1284 1014 dictis
1348 951 1598 1015 Venetis
1666 951 1861 1015 libere
1931 970 2038 1033 per
2104 952 2336 1017 dictum
2408 952 2742 1017 Grecorum
2813 955 3144 1038 imperium

417 1057 557 1101 cum
603 1057 813 1102 eorum
861 1041 924 1100 et
970 1038 1302 1102 cuiuslibet
1346 1057 1557 1102 eorum
1606 1039 1801 1116 bonis,
1869 1039 2283 1104 mercimoniis
2346 1043 2411 1103 et
2476 1041 2660 1105 rebus
2724 1060 2890 1104 more
2959 1042 3145 1108 solito

419 1127 726 1207 navigare.
779 1124 940 1190 Acto
986 1128 1195 1190 tamen
1243 1126 1402 1208 quod
1450 1125 1616 1189 facta
1663 1125 1757 1191 vel
1808 1144 1924 1190 non
1971 1126 2136 1189 sacta
2182 1145 2329 1207 pace
2377 1128 2652 1207 predicta
2711 1127 2871 1193 inter
2940 1131 3144 1212 prefa-

418 1216 512 1276 tos
557 1213 833 1277 dominos
883 1214 1318 1295 imperatorem
1366 1212 1791 1292 Chaloianum‚
1844 1213 2266 1278 Andronicum
2312 1232 2383 1277 ac
2427 1214 2771 1279 Januenses
2818 1219 2889 1281 ut
2936 1236 3141 1299 supra,

418 1301 581 1364 dicto
631 1300 1003 1383 imperatore
1050 1300 1387 1365 Chaloiano
1431 1320 1497 1364 se
1543 1302 1608 1365 et
1652 1319 1798 1365 suos
1841 1301 1920 1364 ad
1970 1302 2152 1365 fidem
2201 1302 2571 1365 catholicam
2618 1304 2909 1367 reducere
2971 1324 3149 1369 recu-

420 1390 615 1463 sante,
664 1408 907 1470 semper
952 1388 1097 1452 dicti
1149 1388 1491 1453 Januenses
1524 1390 1589 1452 et
1625 1388 1840 1452 Veneti
1866 1391 2191 1453 teneantur
2223 1393 2286 1452 et
2317 1388 2598 1468 debeant,
2646 1392 3149 1474 quandocumque

422 1493 531 1557 pro
576 1480 754 1557 parte
799 1476 948 1540 dicti
993 1476 1225 1539 domini
1272 1475 1516 1539 comitis
1561 1474 1791 1539 fuerint
1855 1476 2156 1558 requisiti,
2224 1478 2418 1540 eidem
2483 1478 2727 1541 domino
2772 1479 2986 1542 comiti
3035 1478 3147 1544 Sa-

420 1564 643 1628 baudie
705 1566 832 1627 toto
879 1581 1088 1627 eorum
1151 1581 1333 1645 posse
1391 1567 1661 1644 prestare
1720 1564 2042 1640 auxilium,
2105 1563 2430 1628 consilium
2492 1568 2554 1627 et
2598 1565 2868 1630 favorem
2931 1569 3148 1630 contra

419 1651 651 1715 dictum
701 1652 1019 1738 dominum
1091 1652 1526 1733 imperatorem
1595 1650 1999 1715 Chaloianum
2064 1652 2153 1716 sic
2215 1655 2278 1715 et
2342 1651 2576 1729 taliter,
2649 1652 2808 1752 quod
2874 1654 3145 1734 ipsorum

422 1738 655 1802 viribus
704 1742 766 1802 et
801 1728 1091 1821 potentia
1135 1738 1551 1803 mediantibus
1597 1739 1675 1802 ad
1720 1738 1905 1801 fidem
1953 1739 2318 1802 catholicam
2371 1740 2482 1802 deo
2554 1739 2828 1821 propicio
2891 1759 3146 1804 conver-

421 1830 614 1890 tatur.
686 1825 843 1904 Quia
905 1845 1045 1891 vero
1091 1825 1430 1906 supradicti
1477 1826 1734 1908 syndici,
1808 1831 2249 1906 procuratores,
2314 1825 2746 1890 ambaxatores
2807 1828 2872 1890 et
2939 1829 3145 1892 nuncii

421 1914 644 1995 prefati
690 1913 954 1977 illustris
1001 1914 1234 1977 domini
1282 1913 1452 1977 ducis
1515 1916 1578 1976 et
1635 1913 1982 1978 communis
2046 1913 2452 1977 Veneciarum
2506 1913 2788 1978 dubitare
2835 1915 3144 1992 videntur,

423 2021 496 2065 ne
541 2002 770 2066 virtute
817 2003 1117 2083 presentis
1165 2000 1425 2082 capituli
1477 2003 1528 2065 si
1580 2002 1843 2082 treugua
1909 1999 2276 2066 Cathenium
2339 2003 2542 2065 status
2611 2001 2710 2064 vel
2770 2001 3144 2066 abstinentie

419 2089 639 2152 fierent
685 2089 783 2153 vel
831 2088 992 2153 facte
1053 2092 1260 2153 essent
1301 2090 1461 2151 inter
1521 2088 1752 2152 dictum
1815 2089 2138 2152 dominum
2203 2090 2636 2169 imperatorem
2700 2097 2764 2152 et
2823 2108 3147 2154 commune

420 2176 641 2252 Janue‚
692 2177 805 2257 ipsi
856 2177 1079 2240 Veneti
1125 2178 1198 2240 ad
1247 2177 1480 2240 dictum
1508 2180 1572 2239 et
1617 2194 1726 2256 per
1771 2176 2009 2240 dictum
2058 2176 2387 2257 imperium
2423 2177 2708 2257 navigare
2746 2196 2861 2241 non
2895 2180 3150 2259 possent

420 2264 786 2328 durantibus
830 2264 1015 2328 dictis
1057 2264 1337 2345 treuguis
1370 2261 1690 2328 Catheniis
1737 2267 1908 2327 statu
1957 2264 2046 2325 vel
2076 2263 2491 2340 abstinentiis,
2527 2264 2719 2328 donec
2750 2283 2865 2346 pax
2900 2265 3148 2330 firmata

422 2355 607 2430 esset,
659 2353 980 2416 voluerunt
1026 2353 1090 2415 et
1133 2355 1574 2438 consenserunt
1620 2350 1770 2414 dicti
1822 2350 2078 2433 syndici,
2128 2353 2553 2415 ambaxatores
2600 2353 2664 2415 et
2724 2352 2931 2415 nuncii
2978 2370 3145 2416 com-

424 2439 627 2502 munis
672 2440 896 2515 Janue,
945 2439 1103 2520 quod
1151 2441 1425 2520 tempore
1450 2439 1759 2503 dictarum
1807 2439 2187 2503 induciarum
2216 2437 2667 2502 Chataneorum
2718 2440 2941 2516 statua,
2975 2440 3145 2502 tren-

421 2546 676 2608 guarum
726 2528 790 2591 et
833 2526 1346 2591 abstinentiarum
1397 2528 1682 2608 navigare
1732 2526 1969 2607 possint
2029 2527 2094 2589 et
2159 2526 2505 2590 conversari
2566 2525 2713 2589 dicti
2777 2525 2999 2591 Veneti
3065 2527 3141 2589 ad

419 2615 654 2679 dictum
703 2616 1030 2698 imperium
1059 2617 1122 2678 et
1144 2633 1253 2696 per
1299 2614 1453 2678 illud
1499 2633 1639 2678 cum
1685 2613 1960 2695 ipsorum
2010 2613 2306 2697 personis,
2358 2613 2772 2678 mercimoniis
2819 2614 2885 2678 et
2937 2613 3139 2693 rebus,

421 2705 601 2784 prout
647 2705 894 2784 possent
937 2704 1213 2785 tempore
1260 2703 1450 2784 pacis.
1500 2702 1854 2766 Successive
1904 2702 2020 2765 fuit
2065 2704 2269 2765 actum
2319 2701 2482 2765 inter
2530 2702 2728 2766 dictas
2784 2704 2990 2783 partes
3038 2721 3144 2766 no-

425 2790 696 2853 minibus
742 2790 1091 2867 antedictiS,
1140 2790 1296 2871 quod
1344 2791 1551 2853 omnia
1606 2792 1669 2852 et
1716 2789 1957 2871 singula
2006 2792 2229 2867 castra,
2290 2788 2453 2866 ville,
2517 2790 2802 2855 civitates
2860 2790 2925 2854 et
2986 2789 3143 2867 loca,

420 2897 537 2959 que
585 2896 692 2959 per
739 2880 946 2960 partes
996 2879 1299 2959 predictas
1346 2877 1667 2941 hincinde
1712 2881 1898 2958 capta
1946 2877 2174 2940 fuerint
2218 2896 2255 2938 a
2301 2881 2577 2958 tempore
2627 2878 2864 2956 incepte
2920 2895 3144 2960 guerre

420 2965 745 3046 presentiS,
793 2984 908 3046 que
955 2985 1062 3048 per
1107 2965 1274 3047 ipsas
1323 2967 1527 3046 partes
1574 2965 1670 3028 vel
1697 2965 1970 3045 ipsarum
2015 2962 2275 3027 alteram
2303 2966 2678 3042 tenerentur,
2724 2964 2915 3028 libere
2961 2965 3146 3029 resti-

421 3053 674 3116 tuantur
718 3052 862 3117 hinc
909 3052 1069 3116 inde.

631 3176 786 3239 Item
834 3177 994 3257 quod
1042 3194 1159 3239 non
1227 3175 1613 3240 obstantibus
1680 3173 1993 3257 aliquibus
2065 3194 2252 3250 supra
2322 3176 2417 3239 vel
2484 3173 2744 3238 inferius
2814 3173 3145 3239 declaratis

423 3262 631 3326 omnia
677 3265 740 3327 et
781 3262 1029 3345 singula
1075 3264 1216 3326 hinc
1257 3262 1399 3328 inde
1446 3262 1871 3344 singularibus
1922 3261 2191 3343 personis
2238 3261 2448 3325 debita
2495 3280 2605 3343 per
2662 3262 2934 3343 aliquem
2996 3262 3145 3326 sub-

418 3350 622 3413 ditum
672 3351 940 3432 partium
984 3351 1397 3431 predictarum
1449 3351 1543 3415 vel
1591 3351 1851 3415 alterius
1899 3368 2107 3413 earum
2156 3369 2264 3430 per
2311 3350 2633 3413 debentem
2699 3349 2796 3413 vel
2851 3348 3146 3413 debentes

391 3438 824 3518 ‚creditoribus
864 3439 1101 3519 integre
1129 3438 1581 3519 persolvantur,
1631 3439 1902 3520 exceptis
1947 3436 2046 3500 his
2094 3437 2344 3513 debitis,
2388 3438 2493 3519 qui
2539 3435 2880 3518 lengtimis
2926 3437 3145 3519 proba-

423 3525 692 3590 tionibus
742 3525 1120 3605 reperientur
1166 3524 1353 3589 fuisse
1400 3526 1605 3590 levata
1651 3525 1748 3589 vel
1796 3528 2009 3589 exacta
2054 3545 2089 3589 a
2136 3524 2514 3588 debitoribus
2548 3543 2653 3605 per
2683 3523 2992 3588 dominum
3026 3525 3145 3588 im-

422 3616 764 3695 peratorem
797 3613 1217 3677 Andronicum
1253 3612 1347 3677 vel
1381 3633 1487 3694 per
1519 3612 1964 3677 dominationes
1995 3610 2355 3676 alterutrius
2388 3612 2658 3693 partium
2706 3610 3143 3693 predictarum.

631 3701 787 3764 Item
838 3700 959 3763 fuit
1003 3702 1213 3763 actum
1257 3701 1417 3764 inter
1466 3701 1672 3782 partes
1717 3701 2023 3780 predictas
2093 3699 2275 3762 dictis
2336 3700 2710 3775 nominibuS,
2761 3700 2923 3780 quod
2992 3698 3145 3763 dicti

420 3786 763 3852 Januenses
811 3788 1048 3869 possint
1093 3790 1155 3851 et
1202 3788 1446 3851 valeant
1492 3787 1782 3869 navigare
1829 3807 1938 3869 per
1980 3785 2216 3850 culfum
2266 3786 2673 3851 Veneciarum
2722 3786 2921 3867 prout,
2982 3785 3146 3850 sicut

419 3878 482 3937 et
527 3875 1044 3957 quemadmodum
1099 3873 1448 3940 continetur
1497 3875 1556 3939 in
1603 3893 1748 3956 pace
1798 3875 1987 3937 veteri
2036 3876 2195 3937 inter
2243 3874 2443 3938 dictas
2491 3876 2698 3955 partes
2767 3872 2922 3936 alias
2983 3873 3145 3937 cele-

418 3962 596 4026 brata
644 3962 977 4027 millesimo
1019 3964 1452 4026 trecentesimo
1498 3961 2006 4045 quinquagesimo
2054 3962 2292 4044 quinte.

629 4103 786 4167 Item
835 4101 954 4166 fuit
998 4102 1205 4167 actum
1231 4102 1395 4167 inter
1426 4101 1622 4166 dictas
1669 4101 1854 4165 dictis
1898 4101 2268 4176 nominibu8‚
2318 4101 2475 4183 qnod
2509 4117 2691 4180 super
2720 4098 2884 4164 facto
2912 4098 3142 4178 Thaue,

418 4189 492 4252 ad
539 4207 723 4271 quam
772 4189 1114 4254 Januenses
1177 4191 1509 4271 petierunt,
1572 4190 1768 4253 dictos
1833 4191 2098 4254 Venetos
2159 4189 2453 4270 navigare
2499 4204 2617 4250 non
2673 4186 2892 4251 debere
2952 4206 3146 4269 usque

417 4275 494 4337 ad
542 4280 781 4340 certum
828 4279 1073 4360 tempus
1121 4281 1183 4341 et
1225 4277 1561 4342 terminum
1587 4277 2008 4353 statuendum,
2061 4276 2223 4359 quod
2270 4295 2453 4357 super
2499 4275 2614 4338 hoc
2662 4273 2823 4339 idem
2857 4274 3142 4338 dominus

418 4362 720 4428 Sabaudie
767 4382 972 4428 comes
1019 4366 1217 4447 possit
1260 4366 1579 4447 disponere
1624 4366 1689 4428 et
1733 4364 2017 4428 ordinare
2061 4381 2167 4445 pro
2214 4381 2323 4427 sue
2365 4361 2544 4426 libito
2590 4360 2946 4425 voluntatis.
3024 4360 3144 4439 Qui

417 4451 680 4516 illustris
727 4452 1012 4516 domiuus
1054 4471 1260 4517 comes
1325 4451 1726 4517 incontinenti
1774 4453 1837 4515 in
1888 4451 2201 4533 presencia
2247 4451 2552 4514 dictarum
2621 4448 2891 4529 partium
2964 4448 3143 4524 dixit,

418 4537 724 4619 disposuit
770 4541 835 4603 et
879 4540 1205 4617 ordinavit,
1257 4539 1416 4622 quod
1460 4539 1611 4603 dicti
1659 4540 1882 4603 Veneti
1930 4539 2005 4603 ad
2054 4539 2286 4602 dictum
2336 4537 2540 4601 locum
2590 4536 2800 4600 Thane
2862 4536 3147 4600 accedere

419 4626 515 4689 vel
585 4627 874 4707 navigare
941 4646 1057 4691 non
1118 4627 1384 4691 debeant
1448 4645 1559 4690 nec
1628 4628 1868 4708 possint
1913 4646 2020 4709 per
2066 4627 2214 4690 duos
2268 4642 2459 4689 anuos
2505 4624 2827 4688 continuos
2871 4623 3144 4705 proxime

417 4717 760 4793 secuturOS,
805 4733 922 4795 quo
971 4716 1248 4796 tempore
1296 4714 1553 4779 durante
1601 4714 1721 4778 fuit
1766 4715 1975 4777 actum
2029 4714 2189 4777 inter
2235 4713 2432 4777 dictas
2480 4715 2686 4793 partes
2746 4711 2985 4793 aliquos
3035 4707 3145 4772 Ja-

3146 4984 3197 5019 ,f
