3620 5282
2982 388 3105 454 179

374 562 537 628 ditos
586 564 789 646 regios
836 582 913 627 ne
961 563 1110 628 dum
1157 564 1371 629 contra
1416 562 1739 627 iusticiam
1791 581 2169 647 aggravare,
2218 565 2325 627 sed
2385 563 2591 645 potius
2655 562 2886 629 eisdem
2952 564 3108 629 assi-

377 656 540 715 stere
590 650 900 716 favoribus
950 651 1262 733 gratiosis,
1313 652 1650 716 examinari
1701 652 2020 716 mandabit
2070 652 2392 733 negocium
2441 653 2692 734 pignore
2726 651 3098 734 supradicte,

378 740 443 802 et
486 739 664 817 illud,
715 738 879 821 quod
929 742 1211 802 exactum
1258 742 1374 815 est,
1424 741 1486 804 et
1519 740 1573 802 si
1602 739 1969 817 invenietur,
2018 740 2178 822 quod
2204 742 2462 822 pignora
2508 740 2593 804 sit
2627 742 2846 817 soluta,
2896 758 3109 822 super-

379 826 517 891 inde
564 827 985 908 providebitur
1028 827 1155 902 ita,
1207 826 1369 908 quod
1430 827 1788 890 sublimitas
1853 826 2025 909 regia
2079 829 2143 892 et
2205 829 2299 891 sui
2366 826 2580 891 fideles
2632 828 2717 891 de
2763 828 2989 893 Cataro
3039 830 3104 891 et

374 914 621 978 aliunde
669 917 960 996 poterunt
1005 918 1067 978 et
1113 914 1434 978 habebunt
1476 915 1699 978 merito
1746 916 2111 980 contentari.
2161 915 2254 979 De
2302 918 2476 997 parte
2523 933 2755 980 omneS.

462 1005 641 1063 Mista·
690 1004 932 1065 XXVI.
982 1008 1081 1076 16,
1128 1023 1170 1063 u
1214 1005 1554 1064 mletadkom
1589 1006 1821 1064 arkivu.

765 1192 1112 1275 CCLlll.
1186 1193 1393 1275 God.
1450 1193 1680 1277 1350.
1735 1193 1834 1275 18
1888 1194 2264 1295 travnja,
2318 1216 2378 1274 u
2435 1193 2727 1296 Senju.

392 1318 669 1392 Uyarskae’·
694 1318 854 1391 krab'
891 1319 1024 1391 pise
1069 1319 1222 1376 mlet.
1266 1316 1481 1388 duidu,
1529 1320 1681 1379 kako
1714 1322 1782 1393 jc
1829 1320 1943 1378 dao
1989 1321 2165 1393 naloy
2196 1321 2621 1378 ostrovidkomu
2662 1320 3110 1393 zapoviedniku‚

384 1407 535 1466 nelca
579 1408 721 1465 stete
766 1407 1094 1465 mletackim
1132 1407 1546 1479 podloinikom
1609 1409 1881 1479 ucinJ'cnc
1939 1408 2319 1476 nadoknadi,·
2387 1413 2440 1465 tc
2487 1408 2566 1465 da
2610 1425 2671 1467 se
2703 1412 2770 1479 je
2817 1410 2871 1467 iz
2917 1407 3106 1481 SenJ'a

800 1512 841 1551 u
887 1494 1122 1567 Apulju
1166 1495 1494 1567 prebrodio,
1536 1512 1575 1553 a
1620 1496 1700 1553 da
1745 1496 1805 1554 cc
1846 1512 1907 1554 sc
1941 1497 2232 1569 primirja
2277 1499 2434 1554 sueto
2476 1496 2690 1555 driuti.

590 1613 955 1696 Exemplum
994 1612 1352 1677 litterarum
1402 1615 1733 1678 missarum
1780 1615 2024 1679 domino
2089 1615 2226 1679 duci
2292 1633 2400 1697 pro
2449 1617 2621 1696 parte
2668 1612 2900 1679 domini
2949 1616 3114 1699 regis

384 1700 651 1784 Ungarie
702 1706 814 1782 (sc.
863 1700 1186 1785 Ludovici)
1239 1702 1525 1766 datarum
1571 1702 1633 1765 in
1680 1700 1925 1783 Segnia.
1978 1703 2383 1767 serenissime
2433 1704 2751 1785 princeps,
2801 1715 2866 1767 et
2910 1705 3109 1768 amice

383 1791 721 1853 carissime.
771 1789 1134 1853 Nunciastis
1182 1790 1378 1866 nobiS,
1428 1790 1586 1871 quod
1636 1790 2014 1854 castellanus
2060 1792 2134 1853 de
2172 1789 2518 1855 Ostrovicia
2549 1791 3001 1872 pertinentibus
3037 1791 3115 1855 ad

381 1894 491 1941 vos
540 1877 768 1940 damna
820 1876 1157 1951 intulisset,
1204 1877 1300 1940 cui
1349 1896 1457 1959 per
1506 1877 1746 1941 litteras
1794 1883 2037 1941 nostras
2085 1878 2460 1942 firmissimis
2506 1879 2788 1942 dedimus
2831 1879 2894 1941 in
2944 1896 3117 1941 man-

384 1963 570 2043 datis,
617 1968 689 2028 ut
730 1964 805 2028 de
853 1965 1140 2028 omnibus
1187 1964 1430 2028 damnis
1479 1964 1552 2028 ad
1606 1983 1709 2028 vos
1761 1965 2213 2046 pertinentibus
2254 1966 2451 2029 illatis
2499 1964 3110 2046 satisfactioimpen-

384 2052 584 2116 datur.
634 2051 922 2116 Ceterum
972 2053 1262 2115 noveritis
1294 2052 1530 2117 decimo
1556 2057 1769 2116 octavo
1802 2053 1900 2116 die
1929 2054 2142 2134 aprilis
2171 2054 2470 2135 presentis
2515 2052 2573 2115 in
2604 2051 2830 2135 Segnia
2861 2068 3117 2117 ascensa

386 2140 564 2222 galea
610 2158 859 2221 gressus
909 2146 1148 2204 nostros
1211 2140 1288 2203 ad
1337 2159 1595 2221 regnum
1661 2146 1934 2204 nostrum
1999 2142 2224 2223 Apulie
2287 2141 2617 2212 direxisse;
2682 2144 2747 2203 et
2809 2140 3115 2204 credimus

386 2227 655 2305 indubie,
707 2227 866 2310 quod
918 2233 1130 2309 tregue
1181 2228 1347 2291 iuter
1394 2246 1504 2291 nos
1550 2227 1828 2291 ordinate
1877 2247 2069 2310 usque
2126 2234 2371 2309 tempus
2433 2230 2796 2309 deputatum
2861 2246 2968 2308 per
3013 2246 3117 2290 ve-

386 2317 579 2379 stram
626 2314 1058 2379 celsitudinem
1104 2316 1461 2379 inconcusse
1509 2315 1927 2393 observentur,
1978 2334 2087 2380 nec
2134 2316 2340 2399 alique
2390 2316 2713 2393 molestie,
2763 2318 2828 2379 et
2872 2318 3117 2396 pertur-

390 2402 671 2467 bationes
730 2403 904 2485 genti
954 2406 1160 2466 nostre
1208 2405 1282 2466 ad
1330 2402 1678 2485 predictum
1739 2422 1998 2485 regnum
2047 2409 2324 2468 nostrum
2388 2407 2528 2485 post
2589 2421 2697 2467 nos
2766 2401 3119 2486 properanti

391 2490 491 2554 vel
529 2491 601 2554 de
648 2491 857 2554 eodem
907 2491 1219 2566 redeunti,
1286 2509 1392 2572 per
1439 2508 1545 2555 vos
1606 2493 1671 2555 et
1715 2491 1794 2554 ad
1839 2509 1949 2555 vos
2011 2491 2389 2574 pertinentes
2447 2490 2809 2556 inferantur.
2889 2490 3118 2554 Datum

388 2578 506 2656 die,
554 2581 617 2641 et
663 2579 800 2643 loco
850 2578 1313 2660 prenominatis.

478 2668 1049 2729 Commemorialium
1093 2671 1132 2728 1
1145 2670 1206 2728 V.
1259 2671 1405 2740 173,
1451 2687 1493 2729 u
1537 2670 1881 2729 mletackom
1922 2672 2153 2730 arkivu.

755 2858 1062 2942 CCLll.
1126 2857 1334 2941 God.
1390 2858 1621 2942 1350.
1674 2860 1773 2941 19
1828 2860 2204 2962 travnja,
2260 2882 2320 2940 u
2374 2858 2766 2942 Mletcih.

722 2985 997 3044 masam
1042 2985 1199 3044 nude
1247 2983 1611 3044 Mceteanom
1655 2991 1779 3058 svoj
1823 2986 1996 3061 qma,
2045 2987 2131 3045 aar
2151 2990 2156 2995 ·
2171 3004 2252 3061 qa
2297 2988 2392 3046 ovi
2436 2989 2790 3060 mmmm.

368 3179 387 3186 g
606 3106 793 3169 1350.
843 3106 941 3169 die
985 3105 1138 3170 XIX
1185 3105 1421 3188 aprilis,
1470 3107 1688 3188 capta:
1743 3107 1902 3190 quod
1968 3105 2360 3171 universitati
2407 3108 2472 3170 et
2520 3105 2872 3171 hominibus
2920 3106 3122 3174 Dura-

392 3193 535 3272 chii,
582 3193 981 3258 offerentibus
1023 3193 1199 3257 nobis
1247 3194 1585 3257 dominium
1635 3194 1908 3258 civitatis
1955 3195 2182 3276 ipsius,
2232 3196 2666 3277 respondeatur
2727 3213 2868 3259 cum
2917 3197 3120 3261 verbis

390 3282 804 3365 generalibus,
851 3282 1194 3365 elongando
1244 3299 1355 3344 nos
1403 3299 1440 3344 a
1477 3280 1664 3347 facte.
2853 3279 2857 3287 ’

477 3373 658 3432 Misti
706 3372 951 3432 XXVI.
999 3375 1099 3442 17,
1148 3391 1190 3430 u
1236 3374 1452 3431 arkivu
1495 3373 1854 3432 mletackom.

727 3562 1069 3647 ccmv,
1143 3560 1349 3651 eoo.
1405 3546 1634 3650 1350.
1691 3566 1789 3647 19
1841 3564 2213 3665 trama,
2267 3585 2327 3643 u
2380 3561 2784 3645 nummu.

406 3693 739 3766 Hyan-hro.
787 3695 948 3768 krab’
992 3695 1282 3767 Ljudevit
1328 3699 1625 3772 odyovara
1667 3695 1820 3752 mlct.
1867 3692 2184 3764 republici‚
2240 3691 2320 3748 da
2363 3690 2538 3749 §leode
2599 3691 2892 3749 nanesenc
2937 3691 3122 3763 meni·

394 3784 515 3840 nim
549 3782 918 3855 podanikom
962 3783 1037 3842 od
1080 3787 1349 3860 njeqovih
1396 3804 1439 3843 u
1484 3783 1814 3854 Hrvatslcoj
1855 3783 1996 3839 nisu
2040 3781 2310 3851 ucinjene
2356 3780 2423 3835 ni
2453 3781 2752 3850 njeyovom
2795 3778 3006 3851 voljom
3053 3778 3120 3836 ni

397 3887 564 3929 onom
608 3871 785 3929 brata
821 3887 922 3929 mu
967 3869 1259 3945 Stjepana
1304 3876 1329 3931 i
1373 3877 1626 3940 mater-05
1672 3888 1715 3927 u
1761 3869 2008 3928 ostalom
2053 3868 2134 3925 da
2176 3868 2326 3940 §alja
2358 3868 2516 3924 bana
2547 3866 2756 3941 Paula,
2804 3867 2958 3923 nelca
2987 3873 3121 3923 raz-

1114 3962 1239 4019 vidi
1282 3963 1490 4031 stvari,
1536 3961 1559 4017 i
1604 3959 1906 4017 dokazane
1951 3958 2093 4015 §tete
2139 3955 2422 4014 naknadi.

605 4081 977 4163 Exemplum
1041 4080 1394 4144 litterarum
1458 4080 1792 4143 missarum
1856 4077 2104 4140 domino
2169 4076 2309 4141 duci
2358 4095 2466 4158 per
2529 4073 2846 4137 dominum
2912 4091 3126 4155 regem

399 4167 688 4251 Ungarie.
736 4168 1084 4233 Ludovicus
1134 4168 1234 4232 dei
1282 4168 1485 4250 gratia
1531 4186 1636 4232 rex
1682 4165 2022 4248 Hungarie,
2087 4163 2434 4228 Jerusalem
2481 4164 2544 4226 et
2591 4160 2833 4238 Sicilie,
2882 4179 3126 4244 magm-

399 4254 529 4332 ficO,
580 4260 642 4319 et
686 4257 928 4339 potenti
980 4257 1113 4321 viro
1160 4256 1402 4319 Andree
1451 4254 1735 4319 Dandulo
1775 4254 1916 4317 duci
1943 4251 2346 4316 Veneciarum
2395 4251 2590 4316 amico
2638 4266 2747 4313 suo
2775 4249 3120 4325 karissimo,

400 4362 720 4426 prosperos
766 4343 845 4407 ad
894 4346 1037 4409 vota
1084 4360 1423 4407 successus,
1473 4343 1745 4407 Litteras
1781 4346 1981 4406 vestre
2015 4341 2360 4403 nobilitatis
2395 4339 2756 4420 recepimuS,
2790 4355 3124 4422 earumque

400 4433 685 4496 contenta
748 4450 887 4496 cum
935 4432 1257 4496 intellectu
1305 4431 1610 4513 diligenti,
1666 4430 2018 4494 audivimus
2065 4427 2140 4492 ad
2190 4429 2477 4510 plenum,
2527 4427 2603 4488 ad
2649 4443 2907 4505 quarum
2954 4434 3127 4492 teno-

401 4536 549 4598 rem,
600 4520 708 4585 ubi
755 4519 982 4593 dicitis,
1032 4519 1191 4601 quod
1239 4518 1448 4599 plures
1496 4516 1777 4600 querelas
1851 4516 2205 4598 receperitis
2259 4534 2295 4578 a
2343 4514 2581 4578 civibus
2628 4510 3122 4579 Sibenicensibus
3221 4573 3232 4590 ,

402 4609 465 4671 et
508 4609 586 4671 ab
634 4608 777 4672 aliis
824 4607 1103 4689 parcium
1153 4605 1473 4670 Sclavenie
1520 4606 1966 4687 pertinentibus
2032 4604 2108 4667 ad
2156 4622 2260 4667 vos
2303 4603 2377 4664 de
2424 4599 2708 4680 dampnis
2756 4604 2821 4663 et
2864 4600 3124 4665 deroba-

401 4696 690 4771 tionibus,
740 4714 858 4776 que
905 4714 1013 4777 per
1057 4699 1272 4777 gentes
1341 4698 1583 4757 nostras
1632 4694 1704 4757 de
1751 4690 2091 4766 Ostroviza,
2140 4693 2204 4754 et
2246 4689 2321 4752 de
2369 4688 2587 4752 Tinino
2633 4687 2697 4748 in
2742 4686 3117 4751 animalibus

401 4785 460 4847 et
499 4783 677 4849 bonis
725 4802 960 4862 eorum,
1008 4782 1181 4848 nulla
1226 4797 1413 4847 causa
1461 4780 1778 4864 legittima
1810 4778 2199 4862 precedente,
2246 4774 2609 4857 receperint,
2654 4771 2869 4913 taliter
2915 4777 3115 4836 vestre

3197 4593 3224 4632 -l'
