3620 5282
472 348 602 413 276

474 522 1030 605 magnificenciam,
1079 524 1436 600 annuenteS,
1486 540 1746 605 quorum
1772 522 2123 604 legaciones
2156 520 2505 587 audivimus
2554 521 2620 584 et
2659 519 2868 582 atente
2914 514 3198 579 intelexi-

475 628 610 673 mus
658 612 721 673 et
758 609 1039 687 dicimus,
1088 609 1250 691 quod
1298 610 1464 692 ipsas
1499 608 1865 692 legaciones
1904 628 1973 673 ac
2021 610 2164 674 vota
2216 612 2439 682 vestra,
2489 610 2672 690 prout
2702 601 3096 668 desiderastis
3131 603 3195 665 et

473 700 751 762 nostram
800 699 973 761 decet
1022 697 1571 781 magnificenciam,
1620 699 1939 778 gratanter
1986 695 2464 777 acceptavimus»,
2516 711 2744 776 vosque
2789 694 2853 757 et
2914 693 3185 756 vestram

474 784 791 849 civitatem
839 803 911 848 ac
959 803 1172 848 omnes
1224 803 1364 849 cum
1411 785 1694 849 omnibus
1759 782 1888 848 suis
1950 785 2024 848 ad
2090 783 2290 865 ipsam
2351 783 2730 865 pertinentes
2784 778 2861 843 ad
2911 780 3186 843 nostram

471 870 743 954 graciam
793 873 858 934 et
902 871 1086 935 fidem
1135 873 1411 936 nostram
1459 890 1580 936 una
1623 891 1764 936 curn
1817 871 2203 935 nobilissimo
2252 871 2472 934 iuvene
2516 869 2741 933 comite
2788 865 2931 931 Vuk
2978 866 3186 929 nostro

472 957 660 1022 fratre
698 958 1024 1023 karissimo
1073 977 1145 1023 ac
1165 959 1518 1040 plurimum
1565 959 2001 1023 honestissima
2063 957 2315 1022 domina
2377 957 2623 1021 domina
2672 954 2911 1018 Helena
2973 954 3186 1016 nostra

472 1046 771 1128 genitrice
819 1045 1153 1129 predilecta
1216 1046 1599 1129 suscepimus
1657 1052 1719 1109 et
1780 1046 2151 1126 suscipimus
2214 1047 2288 1109 ad
2352 1063 2595 1109 omnem
2659 1043 2940 1125 graciam
3004 1040 3067 1103 et
3113 1037 3188 1102 ad

470 1150 714 1197 omnem
754 1133 1260 1198 consuetudinem
1309 1138 1371 1197 et
1412 1133 1489 1197 ad
1537 1152 1785 1198 omnem
1831 1134 1926 1197 ius
1973 1152 2045 1197 ac
2090 1133 2557 1215 protectionem,
2608 1128 2980 1205 libertatern,
3029 1127 3192 1189 sicut

474 1219 646 1304 prius
690 1220 998 1285 habuistis
1043 1220 1206 1285 clare
1256 1221 1548 1285 memorie
1613 1224 1893 1304 tempore
1950 1219 2396 1303 predecessoris
2444 1221 2507 1282 et
2552 1218 2757 1301 patrui
2807 1214 3001 1279 nostri
3052 1213 3191 1276 Ste-

472 1307 659 1390 phani
703 1306 852 1371 olim
899 1308 1041 1372 bani
1091 1309 1316 1385 Bozne,
1367 1326 1594 1390 vosque
1658 1308 2019 1391 copulantes
2081 1306 2579 1389 inseparabiliter
2636 1306 2841 1369 nostre
2908 1299 3187 1366 amicicie

471 1397 536 1458 et
582 1395 858 1458 omnium
908 1397 1263 1460 nostrorum
1312 1399 1586 1459 nostram
1635 1396 2014 1461 voluntatem
2050 1395 2498 1477 exequentium.
2548 1394 2620 1457 In
2651 1391 2825 1456 cuius
2876 1391 2962 1453 rei
3011 1389 3190 1452 testi-

472 1483 746 1546 monium
798 1501 869 1546 ac
919 1483 1133 1547 literas
1183 1484 1363 1566 sigilo
1409 1481 1707 1565 Stephani
1757 1482 2015 1547 condam
2064 1483 2266 1546 Bozne
2299 1481 2444 1546 bani
2476 1481 2828 1562 assignatas
2861 1474 3186 1559 prelibatis

471 1569 783 1634 nobilibus
831 1571 1270 1635 communitati
1317 1570 1590 1634 eiusdem
1642 1570 2010 1654 Ragusiensi
2057 1569 2360 1633 tradimus
2426 1587 2494 1633 ac
2540 1566 2859 1642 dedimus,
2909 1565 3053 1645 quia
3108 1561 3185 1625 ad

431 1659 719 1740 'presens
764 1660 1047 1720 nostrum
1097 1658 1407 1740 proprium
1457 1657 1708 1740 sigilum
1763 1657 2032 1722 nondum
2081 1657 2436 1721 habeamus,
2492 1656 2657 1719 Data
2705 1657 2768 1717 et
2813 1655 2952 1716 acta
2985 1651 3046 1714 in
3080 1669 3185 1714 no-

468 1745 596 1808 stro
667 1746 866 1808 castro
914 1743 1147 1809 Vizoka
1214 1746 1498 1810 vocatum
1568 1747 1770 1826 prima
1840 1745 1936 1810 die
2010 1744 2239 1808 mensis
2311 1742 2697 1826 septembris,
2749 1758 2907 1804 anno
2952 1735 3188 1802 domini

466 1829 684 1896 Mccc
703 1841 773 1870 ¹¹¹⁰
819 1832 1329 1915 quinquagesimo
1377 1833 1610 1915 quinto,

555 1923 838 1982 Izvornik
882 1940 967 1982 na
1000 1924 1233 1996 papiria
1278 1942 1318 1982 u
1366 1923 1593 1984 beckom
1639 1924 1871 1982 arkivu.

771 2110 1309 2193 ccccxvll.
1366 2111 1571 2192 God.
1626 2111 1849 2195 1355.
1906 2113 1995 2192 17
2049 2112 2339 2213 rujna,
2390 2132 2449 2190 u
2504 2107 2894 2190 Mletcih.

460 2235 811 2309 Puuomocje
855 2253 928 2296 za
961 2237 1288 2309 providum
1333 2237 1596 2297 odlazece
1639 2256 1681 2295 u
1728 2237 2075 2310 Dalmaciju
2095 2281 2109 2307 ,
2164 2238 2244 2294 da
2289 2254 2459 2309 moyn
2518 2235 2757 2307 sklopiti
2792 2232 3063 2306 poyodbu
3108 2246 3181 2289 sa

1088 2325 1353 2383 Jelenom
1399 2326 1733 2399 kneyinjom
1777 2326 2023 2384 kliskom
2065 2326 2089 2382 i
2131 2325 2561 2383 skradinskom.

675 2442 1028 2508 Sindicatus
1075 2445 1460 2526 provisorum
1511 2445 1835 2509 missorum
1885 2446 1961 2508 ad
2009 2447 2213 2526 partes
2265 2443 2605 2510 Sclavou‘ie.
2678 2441 2748 2504 In
2796 2439 3016 2504 christi
3066 2456 3173 2501 no-

459 2531 627 2595 mine
673 2548 875 2609 amen,
925 2549 1083 2595 anno
1132 2531 1480 2597 nativitatis
1528 2532 1802 2597 eiusdem
1855 2532 2186 2596 millesimo
2210 2531 2642 2596 trecentesimo
2668 2525 3176 2611 quinquagesimo

456 2618 693 2702 quinto,
745 2617 1082 2684 indictione
1121 2620 1359 2698 octava,
1408 2619 1506 2685 die
1553 2619 1786 2686 decimo
1835 2621 2098 2705 septimo
2146 2619 2535 2703 septembris.
2601 2614 2896 2681 Excelsus
2938 2615 3004 2677 et
3054 2630 3184 2676 ma-

462 2707 724 2790 gnificus
761 2706 1043 2772 dominus
1091 2708 1373 2773 dominus
1399 2708 1710 2774 Johannes
1755 2709 2095 2774 Gradonico
2142 2707 2239 2771 dei
2283 2708 2487 2791 gratia
2540 2704 2981 2780 veneciarum,
3031 2699 3183 2764 Dal-

452 2794 655 2859 macie
703 2795 885 2876 atque
941 2793 1191 2860 Croatie
1239 2795 1381 2875 dux,
1430 2797 1715 2861 dominus
1762 2798 1982 2879 quarte
2030 2795 2221 2879 partis
2269 2798 2333 2860 et
2376 2793 2630 2858 dimidie
2680 2791 2874 2856 'totius
2937 2786 3179 2869 imperii

463 2881 785 2960 Romanie,
838 2902 960 2946 una
1010 2902 1151 2947 cum
1202 2884 1330 2948 suis
1379 2884 1654 2949 consiliis
1679 2883 1900 2948 minori
1948 2886 2011 2947 et
2056 2883 2436 2965 sapientibus
2478 2882 2557 2946 ad
2604 2877 2997 2959 infrascripta
3040 2892 3181 2957 spe-

461 2969 705 3034 cialiter
753 2970 1066 3051 deputatis
1116 2970 1194 3034 ad
1243 2990 1457 3035 sonum
1507 2990 1801 3054 campane
1845 2974 1908 3035 et
1953 2989 2100 3035 voce
2149 2971 2434 3052 preconia
2482 2987 2651 3033 more
2697 2966 2879 3030 solito
2928 2981 3180 3045 congre·

461 3057 624 3139 gatis
673 3058 738 3121 et
782 3058 915 3138 ipsa
962 3058 1219 3122 consilia
1265 3078 1404 3123 cum
1452 3059 1689 3141 prefato
1752 3058 1998 3123 domino
2060 3058 2212 3122 duce
2274 3057 2650 3122 unanimiter
2694 3056 2759 3118 et
2801 3051 3180 3117 concorditer

461 3143 705 3207 nemine
752 3143 1142 3226 discrepante
1189 3165 1299 3228 pro
1346 3166 1410 3210 se
1459 3148 1523 3211 et
1573 3146 2029 3211 successoribus
2089 3147 2236 3220 suiS,
2285 3164 2357 3210 ac
2420 3144 2667 3209 nomine
2714 3143 2779 3205 et
2824 3140 2955 3204 vice
3004 3156 3173 3203 com-

464 3230 666 3294 munis
715 3230 1122 3296 Veneciarnm
1172 3233 1466 3310 fecerunt,
1513 3234 1973 3298 constituerunt
2033 3234 2097 3296 et
2162 3233 2601 3297 ordinaverunt
2660 3230 2719 3293 in
2770 3246 2913 3291 suos
2979 3233 3176 3290 certos

469 3318 743 3394 nunciOS,
797 3318 1080 3397 sindicos,
1137 3322 1378 3384 actores
1426 3323 1488 3385 et
1533 3325 1955 3401 procuratores
2020 3321 2397 3403 legiptimos,
2447 3322 2511 3384 et
2555 3314 2840 3402 quicquid
2910 3312 3175 3394 amplius

463 3404 586 3467 dici
633 3407 696 3468 et
743 3423 874 3468 esse
921 3408 1125 3487 potest
1173 3407 1406 3473 nobiles
1454 3410 1518 3473 et
1555 3408 1865 3491 sapientes
1911 3410 2073 3472 viros
2120 3408 2424 3473 Jacobum
2470 3404 2730 3479 Delfino,
2779 3401 3173 3465 Dominicum

466 3492 832 3556 Michaelem
878 3495 942 3557 et
987 3493 1264 3559 Mafeum
1303 3493 1664 3574 CentarenO,
1712 3496 1876 3561 cives
1940 3495 2381 3572 Veneciarum,
2445 3494 2788 3576 provisores
2853 3489 3049 3553 ituros
3098 3486 3173 3549 de

465 3579 665 3644 ducali
717 3582 1007 3644 mandato
1055 3581 1129 3646 ad
1173 3584 1382 3664 partes
1432 3583 1750 3648 Sclavonie
1797 3583 2083 3648 absentes
2136 3587 2430 3666 tanquam
2480 3581 2793 3664 presentes
2840 3582 2905 3641 et
2958 3593 3174 3658 quern-

462 3667 618 3730 libet
666 3686 873 3731 eorum
929 3668 991 3732 in
1036 3669 1322 3747 solidum,
1372 3671 1722 3753 specialiter
1765 3671 1842 3734 ad
1889 3670 2404 3747 conveniendum,
2469 3665 2954 3741 conferrendum,
3011 3664 3177 3725 trac-

461 3754 720 3819 tandum
767 3756 831 3818 et
874 3756 1348 3838 pacifiscendum
1395 3777 1534 3822 cum
1598 3759 1848 3841 egregia
1908 3758 2156 3822 domina
2218 3758 2464 3822 domina
2521 3755 2786 3820 Hellena
2849 3750 3068 3816 Clissie
3114 3748 3176 3812 et

463 3841 770 3907 Scardone
796 3842 1170 3908 honorabilis
1196 3846 1528 3923 comitissa,
1578 3849 1641 3910 et
1676 3864 1816 3910 cnm
1852 3846 1982 3910 eius
2015 3844 2143 3909 filio
2187 3847 2252 3910 et
2295 3862 2506 3909 eorum
2555 3841 2863 3926 quolibet,
2915 3841 2978 3902 et
3027 3854 3165 3900 cum

460 3929 773 4012 deputatis
812 3929 908 3993 vel
955 3931 1319 4013 deputandis
1365 3932 1444 3997 ab
1493 3934 1601 4011 eis,
1650 3935 1977 4009 tractatuS,
2027 3932 2464 3998 conventiones
2511 3933 2575 3995 et
2619 3932 2802 4014 pacta
2833 3924 3170 4001 iniendum,

460 4017 806 4082 faciendum
853 4020 916 4082 et
962 4018 1334 4085 firmandum
1380 4040 1519 4085 cum
1571 4021 1796 4102 pactiS,
1847 4019 2063 4096 modis,
2115 4019 2348 4097 formis„
2404 4018 2708 4095 terminis,
2761 4013 3024 4098 punctis,
3073 4027 3173 4073 81·-

464 4103 692 4179 ticulis,
741 4106 1269 4186 promissionibus,
1323 4107 1841 4190 obligationibuS,
1905 4126 2200 4189 penarum
2263 4106 2708 4172 adiectionibus
2756 4106 2821 4169 et
2874 4098 3171 4195 clausulis

461 4192 842 4273 opportuniS,
893 4195 957 4256 et
1001 4213 1118 4275 que
1164 4194 1348 4259 dictis
1396 4195 1523 4258 suis
1571 4195 1824 4260 sindicis
1870 4198 1934 4259 et
1978 4196 2475 4277 procuratoribus
2523 4193 2704 4258 utilia
2734 4192 2799 4255 et
2830 4202 3172 4252 necessaria

459 4278 850 4357 videbuntur,
900 4282 964 4343 et
1003 4282 1080 4344 ad
1129 4282 1525 4366 obligandum
1567 4283 1770 4365 ipsum
1818 4283 2137 4347 dominum
2185 4284 2425 4360 ducem,
2484 4298 2805 4347 commune
2855 4277 2917 4341 et
2963 4274 3173 4356 singu-

458 4365 619 4430 lares
667 4384 958 4449 personas
1007 4368 1404 4434 Venetiarum
1454 4389 1525 4434 ac
1571 4371 1730 4436 bona
1768 4389 1978 4435 eorum
2042 4372 2393 4452 specialiter
2450 4372 2514 4434 et
2580 4385 2863 4451 expresse
2910 4380 3017 4444 pro
3065 4361 3172 4424 ob·

462 4453 808 4518 servatione
856 4473 1087 4532 eorum,
1137 4475 1255 4538 que
1303 4476 1412 4539 per
1458 4475 1560 4522 eos
1608 4459 1912 4542 promissa
1943 4458 2174 4522 fuerint
2217 4478 2322 4523 seu
2348 4459 2686 4537 conventa3
2734 4456 2798 4519 et
2841 4450 2920 4516 ad
2968 4450 3173 4513 iuran-

460 4539 609 4604 dum
656 4541 717 4603 in
763 4542 1000 4605 animas
1061 4544 1334 4625 ipsorum
1382 4546 1446 4609 et
1506 4546 1839 4610 cuiuslibet
1897 4545 2138 4629 generis
2202 4546 2590 4611 sacramenta
2634 4538 3055 4625 prestandum,
3107 4536 3173 4598 et

459 4626 834 4710 generaliter
882 4630 958 4692 ad
1005 4631 1217 4696 omnia
1263 4630 1384 4696 alia
1431 4634 1496 4697 et
1541 4632 1788 4715 singula
1834 4630 2247 4713 tractandum,
2309 4633 2676 4710 faciendum,
2723 4627 3061 4713 gerendum
3107 4624 3172 4687 et

458 4713 914 4798 complendum,
963 4736 1080 4800 que
1125 4717 1187 4782 in
1229 4718 1523 4800 predictis
1572 4722 1635 4785 et
1679 4720 1955 4802 quolibet
1999 4721 2413 4804 predictorum
2463 4725 2527 4787 et
2570 4719 2858 4785 connexis
2906 4715 2969 4780 et
3001 4731 3172 4797 pror-
