3620 5282
2976 358 3095 424 167

398 533 628 597 storem
672 530 1107 597 constituimus
1129 550 1203 597 ac
1225 530 1490 598 facimus
1537 531 1884 615 specialiter
1907 534 1972 599 et
2013 533 2392 599 nominatum
2439 531 2514 597 ad
2548 531 2813 599 dandum
2856 535 2919 600 et
2947 534 3101 601 assi-

394 620 705 704 gnandum
748 621 990 686 nomine
1037 623 1248 686 nostro
1302 622 1616 704 nostrique
1676 621 2017 687 communis
2078 621 2270 686 nobili
2340 624 2405 686 et
2466 620 2729 703 sapienti
2799 621 2927 687 viro
2989 623 3096 688 do·

395 707 561 773 mino
606 707 800 774 Paulo
838 708 909 773 de
955 709 1236 793 Georgiis
1283 711 1356 775 de
1399 709 1594 775 Jadra
1639 710 1847 786 militi,
1891 709 2212 790 recipienti
2282 709 2524 774 nomine
2597 710 2662 774 et
2730 710 2862 775 vice
2930 728 3096 777 sere-

392 794 633 861 nissimi
680 799 743 861 et
786 796 1283 862 excellentissimi
1331 797 1559 864 domini
1606 797 1839 863 domini
1883 798 2174 863 Lodovici
2220 797 2493 880 Ungarie
2538 797 2656 861 etc.
2726 798 2891 881 regis
2956 797 3099 864 illu-

392 884 560 962 stris,
607 887 880 950 castrum
928 885 1135 951 Catari
1176 887 1240 951 et
1281 887 1685 951 munitionem
1733 887 1883 951 dicti
1931 887 2120 951 castri
2165 886 2230 950 in
2277 887 2403 950 toto
2451 884 2550 950 vel
2597 885 2659 949 in
2690 889 2887 968 parte,
2936 887 3100 952 sicut

391 971 520 1054 ipse
562 973 884 1038 dominuus
928 975 1157 1040 Paulus
1202 974 1479 1049 voluerit,
1526 973 1805 1039 faciendo
1849 973 2055 1056 ipsam
2084 973 2510 1048 munitionem,
2551 990 2735 1057 quam
2779 974 3096 1058 receperit,

393 1060 675 1137 extinari,
724 1064 789 1126 et
833 1064 914 1127 ad
961 1062 1375 1144 recipiendum
1422 1081 1458 1127 a
1504 1063 1669 1127 dicto
1717 1064 1963 1127 domino
2010 1062 2203 1127 Paulo
2259 1061 2699 1127 confessionem
2753 1062 2828 1127 de
2891 1082 3099 1146 recep-

393 1149 557 1215 tione
602 1149 753 1214 dicti
799 1150 987 1215 castri
1034 1152 1098 1215 et
1143 1152 1527 1227 munitionis,
1576 1153 1641 1215 et
1669 1151 1855 1215 finem
1886 1152 1950 1214 et
1992 1150 2436 1229 remissionem,
2475 1147 2937 1232 quietationem,
2984 1150 3098 1216 ab·

393 1237 757 1303 solutionem
806 1240 872 1303 et
915 1238 1165 1321 pactum
1212 1241 1286 1303 de
1334 1239 1596 1303 ulterius
1657 1257 1771 1303 non
1834 1237 2112 1320 petend0‚
2176 1240 2242 1304 et
2293 1239 2705 1303 instrumenta
2759 1239 3100 1305 necessaria

392 1324 740 1392 faciendum
787 1330 850 1391 et
894 1326 1309 1410 recipiendum
1354 1346 1497 1392 cum
1544 1325 2068 1410 stipulationibus,
2140 1326 2642 1408 promissionibus
2704 1327 2767 1391 et
2821 1327 3099 1412 obbliga-

397 1414 689 1494 tionibus,
720 1415 976 1480 cautelis
1023 1416 1087 1480 et
1130 1415 1424 1481 clausulis
1472 1415 1849 1498 opportunis,
1898 1412 2262 1498 promittens
2312 1415 2580 1495 firmum,
2628 1416 2829 1479 ratum
2863 1418 2924 1481 et
2957 1434 3098 1499 gra-

394 1503 526 1567 tum
576 1503 817 1586 proprio
863 1502 1088 1569 habere
1131 1507 1194 1568 et
1247 1505 1475 1582 tenere,
1542 1503 1835 1586 quicquid
1896 1501 2137 1568 duxeris
2196 1502 2489 1580 facienda,
2558 1503 2624 1568 et
2678 1519 2797 1567 non
2860 1508 3099 1570 contra·
3160 1507 3165 1512 ’

396 1589 596 1656 facere
644 1591 744 1656 vel
788 1591 994 1658 venire
1039 1593 1153 1658 sub
1199 1591 1574 1676 obligatione
1622 1592 1915 1656 bonorum
1961 1590 2155 1656 nostri
2214 1590 2575 1658 communis.
2638 1590 2709 1655 In
2769 1594 3098 1673 promisso-

393 1699 533 1744 rum
578 1682 787 1746 autem
832 1679 1016 1745 fidem
1064 1685 1126 1744 et
1172 1679 1547 1746 evidentiam
1593 1681 1925 1760 pleniorem
1969 1681 2282 1763 presentes
2343 1681 2586 1744 nostras
2648 1681 2930 1761 patentes
2989 1681 3097 1747 lit·

391 1770 555 1833 teras
602 1786 674 1832 ac
718 1769 1077 1834 mandatum
1123 1769 1253 1834 fieri
1299 1767 1724 1834 mandavimus
1770 1787 1879 1851 per
1929 1770 2208 1833 nostrum
2254 1768 2556 1834 notarium
2610 1765 3091 1852 infrascriptum,

394 1859 459 1921 et
503 1857 739 1922 bullam
785 1863 996 1922 nostra
1038 1857 1327 1940 plumbea
1372 1857 1670 1940 pendente
1716 1856 1960 1921 muniri.
2006 1857 2235 1923 Datum
2283 1856 2349 1920 in
2400 1857 2612 1922 nostro
2658 1855 2864 1922 ducali
2925 1857 3100 1941 pala-

392 1945 480 2010 tio
526 1944 624 2010 die
679 1944 943 2028 septimo
1004 1945 1387 2028 septembris,
1421 1944 1636 2029 quinta
1685 1942 2035 2025 indictione,
2099 1962 2258 2012 anno
2317 1943 2548 2010 domini
2595 1942 3095 2012 MOOCLXXXI.

395 2069 474 2080 --
524 2034 653 2118 Ego
694 2032 1155 2099 Guillielminus
1197 2033 1364 2099 filius
1411 2052 1510 2099 ser
1553 2030 1907 2098 Thomasini
1955 2032 2030 2098 de
2074 2032 2379 2099 Vicenoiis
2449 2032 2732 2116 publicus
2790 2033 3098 2117 imperiali

393 2124 754 2187 auctoritate
799 2123 1074 2187 notarius
1124 2123 1187 2186 et
1233 2123 1487 2187 ducatus
1531 2121 1940 2187 Veneciarum
1986 2121 2207 2224 scriba,
2265 2121 2341 2186 de
2409 2122 2699 2187 mandato
2758 2123 2824 2188 et
2883 2122 3097 2190 volun-

396 2211 523 2275 tate
570 2210 975 2294 suprascripti
1021 2209 1400 2276 serenissimi
1445 2208 1675 2276 domini
1724 2209 1893 2276 ducis
1938 2209 2155 2293 scripsi
2216 2227 2402 2275 manu
2463 2228 2620 2290 mea,
2679 2211 2747 2277 et
2804 2228 2941 2277 meo
2999 2229 3098 2277 so·

393 2297 509 2363 lito
554 2299 729 2376 signo
775 2298 1033 2383 signavi.

600 2386 768 2453 Visis
814 2390 880 2452 et
924 2387 1252 2488 diligenter
1298 2387 1660 2452 examinatis
1730 2384 2016 2452 omnibus
2062 2386 2127 2452 et
2167 2384 2430 2471 singulis
2473 2385 2616 2464 hiis,
2662 2406 2779 2471 que
2825 2386 2890 2452 in
2935 2376 3098 2454 dicte

395 2473 682 2541 mandato
727 2476 793 2542 et
836 2475 1268 2542 commissione
1292 2475 1455 2541 dicte
1501 2473 1739 2540 ducalis
1772 2473 2211 2550 dominacionis
2233 2475 2638 2557 continentur,
2672 2475 2841 2542 dedit
2870 2476 2935 2542 et
2968 2477 3100 2542 tra-

395 2561 552 2627 didit
592 2581 665 2629 ac
709 2562 1008 2647 imposuit
1052 2565 1117 2629 et
1155 2564 1396 2630 induxit
1438 2564 1601 2630 idem
1645 2562 1930 2629 dominus
1975 2562 2247 2631 Jacobus
2308 2562 2386 2629 de
2430 2563 2629 2648 Rippa
2686 2564 2751 2630 in
2814 2565 3097 2632 tenutam

394 2652 457 2717 et
523 2652 897 2734 corporalem
959 2653 1426 2738 possessionem,
1465 2652 1805 2719 dominium
1868 2652 1933 2718 et
1993 2652 2261 2737 bayliam
2325 2651 2476 2719 dicti
2538 2651 2725 2719 castri
2772 2651 2978 2720 Catari
3034 2657 3099 2721 et

393 2742 728 2807 secundum
772 2742 953 2824 pacta
1011 2745 1299 2808 contenta
1357 2741 1422 2807 in
1481 2742 1757 2807 tractatu
1813 2741 1982 2825 pacis
2046 2740 2197 2807 inite
2251 2741 2413 2807 inter
2478 2740 2974 2808 illustrissimum
3035 2744 3100 2809 et

392 2830 855 2896 serenissimum
914 2829 1232 2896 dominum
1292 2848 1501 2914 regem
1562 2830 1937 2913 predictum,
1999 2828 2359 2905 Januenses,
2420 2830 2683 2895 Venetos
2740 2831 2805 2895 et
2861 2832 3095 2896 ceteros

393 2916 732 3001 coaligatos
776 2918 1047 2985 nobilem
1095 2921 1159 2985 et
1218 2920 1533 3003 egregium
1580 2918 1783 2984 virum
1850 2916 2164 2983 dominum
2226 2917 2488 2984 Paulum
2546 2918 2619 2984 de
2673 2916 2959 3003 Georgiis
3020 2918 3096 2984 de

396 3004 591 3072 Jadra
635 3005 900 3073 militem
946 3008 1327 3074 antedictum
1373 3026 1447 3072 ac
1491 3007 1678 3073 etiam
1725 3005 2087 3071 munitionis
2131 3005 2405 3071 eiusdem
2469 3005 2586 3071 loci
2648 3006 2766 3072 sibi
2827 3007 3098 3090 integra-

397 3092 542 3159 liter
590 3093 754 3160 dicto
798 3096 1045 3162 nomine
1090 3096 1446 3180 assignavit,
1494 3095 1925 3178 suscipientem
1973 3095 2233 3159 eundem
2278 3093 2591 3159 dominum
2636 3094 2901 3160 Paulum
2930 3094 3098 3161 dicto

395 3180 641 3247 nomine
688 3184 919 3248 dictum
968 3186 1237 3250 castrum
1284 3186 1350 3249 et
1394 3183 1790 3250 monitionem
1837 3182 2079 3248 nomine
2125 3184 2190 3248 et
2231 3182 2364 3248 vice
2412 3180 2637 3266 prefati
2667 3182 2901 3248 domini
2933 3183 3098 3268 regis

397 3269 684 3353 Ungarie,
733 3270 886 3336 dans
931 3272 995 3336 et
1039 3274 1373 3338 concedens
1418 3271 1582 3338 idem
1629 3270 1913 3337 dominus
1956 3270 2223 3337 Jacobus
2268 3272 2342 3336 de
2378 3271 2538 3355 Ripa
2562 3270 2930 3338 castellanus
2961 3291 3099 3355 pre·

394 3358 597 3424 dictus
654 3359 897 3425 domino
956 3361 1153 3426 Paulo
1221 3360 1409 3426 militi
1466 3359 1786 3443 recipienti
1845 3358 2087 3424 nomine
2127 3361 2190 3424 et
2232 3358 2364 3424 vice
2410 3377 2528 3442 quo
2593 3377 2779 3443 supra
2845 3359 3094 3444 plenam

396 3448 795 3513 autoritatem
856 3449 918 3513 et
975 3448 1267 3532 bayliam,
1330 3466 1439 3531 pro
1499 3449 1572 3513 ut
1628 3448 1694 3514 in
1760 3448 2184 3515 commissione
2240 3447 2449 3513 ducali
2511 3446 2862 3514 continetur
2923 3450 2989 3514 et
3035 3450 3100 3515 in

395 3537 594 3619 pactis
639 3536 811 3620 pacis
856 3537 1212 3620 plenissime
1248 3536 1473 3602 dicitur
1516 3536 1830 3616 contineri,
1878 3534 2385 3619 apprehendendi,
2434 3536 2712 3603 intrandi
2772 3540 2836 3602 et
2893 3536 3099 3623 ingre-

400 3624 606 3689 diendi
645 3623 877 3690 dictum
925 3626 1199 3690 castrum
1244 3643 1384 3690 cum
1430 3624 1769 3690 munitione
1815 3625 2127 3690 antedicta
2187 3626 2250 3690 et
2303 3642 2445 3690 cum
2504 3625 2785 3691 omuibus
2847 3625 2912 3690 et
2972 3625 3099 3691 sin·

397 3712 562 3796 gulis
606 3713 734 3779 suis
781 3712 1037 3792 iuribus,
1085 3713 1444 3790 actionibuS,
1493 3712 1833 3779 rationibus
1880 3715 1943 3778 et
1988 3712 2330 3779 confinibus
2398 3711 2597 3779 eidem
2664 3714 2868 3778 castro
2927 3732 3101 3797 spec-

399 3801 675 3867 tantibus
721 3805 785 3867 et
829 3800 1275 3885 pertinentibus
1321 3800 1762 3883 quoquomodo,
1810 3819 1883 3866 ac
1926 3800 2132 3866 claves
2175 3801 2324 3866 dicti
2370 3802 2556 3866 castri
2602 3800 2667 3866 in
2701 3819 2917 3866 manus
2963 3820 3100 3883 pre·

398 3889 506 3954 fati
555 3889 786 3955 domini
833 3889 1012 3955 Pauli
1055 3888 1257 3973 posuit
1300 3892 1484 3971 atque
1530 3889 1717 3968 dedit,
1765 3890 1829 3954 et
1872 3889 1935 3954 in
1960 3888 2244 3956 omnibus
2285 3892 2349 3954 et
2392 3908 2499 3972 per
2543 3889 2750 3955 omnia
2786 3906 2926 3953 cum
2973 3889 3101 3955 illis

398 3976 894 4060 obligationibuS,
963 3976 1259 4045 clausulis
1326 3979 1390 4042 et
1455 3976 1717 4043 cautelis
1779 3978 2142 4044 necessariis
2211 3978 2276 4043 et
2326 3977 2702 4061 opportunis,
2773 3995 2879 4060 pro
2923 3977 3100 4043 utin

399 4066 666 4131 tractatu
712 4066 874 4131 dicte
924 4068 1091 4150 pacis
1137 4065 1431 4132 seriosius
1476 4064 1702 4131 dicitur
1745 4066 2065 4144 contineri,
2110 4066 2175 4131 et
2217 4065 2330 4130 sub
2377 4084 2531 4147 pena
2589 4066 2653 4130 et
2709 4064 2773 4129 in
2834 4082 2989 4147 pena
3036 4067 3099 4130 in

398 4152 564 4218 dicta
608 4172 756 4237 pace
823 4157 1144 4235 contenta3
1204 4154 1570 4237 promittens
1622 4153 1786 4219 dicto
1853 4154 2095 4219 nomine
2160 4153 2352 4219 michi
2417 4153 2655 4219 notario
2720 4152 3105 4236 infrascripto

398 4241 567 4307 velut
611 4261 862 4324 persone
910 4243 1154 4327 publice
1207 4243 1527 4326 stipulanti
1573 4244 1637 4308 et
1676 4240 1997 4325 recipienti
2041 4243 2287 4307 nomine
2335 4259 2455 4324 quo
2487 4259 2678 4324 supra
2718 4241 2784 4306 et
2826 4242 3101 4307 omnium

400 4330 463 4394 et
505 4329 913 4414 singulorum,
970 4349 1231 4415 quorum
1291 4330 1568 4411 interest,
1632 4329 1918 4396 intererit
1977 4349 2084 4395 seu
2141 4329 2436 4395 interesse
2500 4329 2746 4412 poterit,
2814 4332 3102 4413 perpetuo

400 4417 560 4483 dicto
606 4420 850 4484 nomine
897 4419 1126 4486 habere
1182 4421 1420 4497 ratum,
1480 4420 1727 4503 gratum
1785 4420 1851 4484 et
1908 4417 2156 4484 firmum
2220 4418 2286 4483 et
2338 4418 2402 4482 in
2462 4416 2633 4483 nullo
2693 4415 3105 4484 contrafacere

399 4507 497 4571 vel
540 4508 745 4573 venire
791 4506 1002 4590 aliqua
1045 4508 1284 4573 ratione
1332 4508 1431 4572 vel
1477 4525 1660 4574 causa
1704 4506 1780 4571 de
1824 4509 1953 4572 iure
2001 4506 2099 4572 vel
2145 4505 2221 4572 de
2266 4506 2428 4571 facto
2476 4525 2582 4588 per
2626 4525 2691 4570 se
2751 4505 2849 4571 vel
2908 4506 3104 4572 alium

399 4612 505 4659 seu
550 4595 701 4660 alios
747 4593 842 4661 vel
890 4615 995 4679 per
1040 4596 1468 4680 interpositam
1514 4613 1840 4697 personam
1886 4614 1993 4660 seu
2039 4611 2325 4675 personas
2365 4594 2481 4659 sub
2525 4611 2681 4677 pena
2734 4595 2800 4660 et
2843 4594 2906 4659 in
2952 4612 3107 4677 pena

398 4679 462 4746 in
507 4683 676 4749 dicta
719 4702 866 4766 pace
911 4687 1217 4751 contenta.
1267 4686 1349 4750 Et
1393 4684 1470 4750 ad
1517 4682 1812 4750 maiorem
1860 4682 2168 4749 cautelam
2224 4687 2288 4747 et
2327 4681 2564 4748 roboris
2625 4681 2986 4748 firmitatem
3045 4683 3108 4747 et

398 4770 478 4834 ad
521 4776 876 4856 perpetuam
920 4772 1011 4840 rei
1057 4772 1418 4840 memoriam
1465 4774 1539 4838 de
1584 4771 1879 4855 predictis
1930 4771 2213 4838 omnibus
2273 4771 2338 4837 et
2388 4769 2648 4855 singulis
2712 4770 2845 4855 ipse
2905 4771 3108 4854 partes
