3620 5282
454 360 642 423 70.

450 537 570 602 lias
615 534 796 598 modo
845 533 1051 614 aliquo
1115 533 1541 611 substentare,
1608 534 1672 596 et
1725 532 1887 615 quod
1934 534 2182 617 quidem
2250 552 2460 598 omnes
2522 532 2784 616 predicti
2832 534 2976 597 sunt
3020 534 3177 597 talis

457 619 848 695 condicionis,
898 621 1053 701 quod
1087 622 1138 684 si
1175 620 1433 704 (essent)
1470 622 1531 684 in
1558 619 1768 697 Jadra,
1818 623 1882 685 et
1915 622 2114 685 adhuc
2155 621 2231 685 de
2261 620 2403 684 aliis
2451 621 2686 685 similes
2720 620 2809 684 eis
2856 639 2970 685 non
3012 621 3182 684 esset

456 712 530 775 de
579 708 908 773 existentia
951 726 1061 772 sua
1109 709 1171 771 in
1216 707 1427 783 Jadra,
1476 710 1775 790 quantum
1812 727 1918 790 pro
1964 709 2200 772 civibus
2245 708 2540 790 aliquali.
2576 759 2589 771 .
2627 706 2937 791 .(Re)fert
2967 707 3181 786 etiam,

457 796 623 880 quod
673 793 912 878 quando
959 813 1080 859 non
1122 795 1479 859 habuissent
1525 794 1758 859 dictum
1801 798 2082 859 nostrum
2130 795 2491 859 mandatum
2540 796 2604 859 et
2650 794 2946 859 deberent
2988 794 3179 858 licen-

457 884 660 949 tiasse
707 882 824 945 sibi
872 885 1222 965 suspectOS,
1273 900 1393 946 non
1457 881 1933 946 licentiassent.
1974 934 1987 947 .
2026 933 2040 946 .
2089 901 2192 946 eos
2243 931 2258 946 .
2297 931 2312 946 .
2348 931 2362 946 .
2412 900 2522 947 nec
2583 882 2969 946 destinarent
3017 881 3184 945 ultra

456 971 581 1036 XX
619 969 718 1034 vel
763 967 964 1033 XXV.
1035 969 1287 1035 Occasio
1333 988 1510 1046 vero,
1576 987 1696 1052 qua
1741 970 1899 1034 moti
1961 968 2190 1033 fuimus
2253 971 2329 1033 ad
2376 969 2797 1033 mandandum
2844 971 2936 1034 eis
2963 1018 2978 1047 ,
3027 969 3187 1051 quod

455 1057 857 1122 licentiarent
899 1056 1226 1138 predictoS,
1270 1056 1389 1121 fuit
1422 1105 1435 1118 .
1465 1106 1479 1120 .
1515 1105 1529 1120 .
1569 1105 1583 1120 .
1617 1075 1727 1139 pro
1772 1057 2104 1121 securitate
2154 1058 2352 1121 status
2415 1058 2607 1121 nostri
2671 1056 2891 1121 deinde
2952 1059 3014 1120 et
3074 1074 3185 1138 pro

448 1145 683 1226 ineptis
737 1143 958 1219 verbiS,
1009 1163 1126 1225 que
1176 1143 1542 1226 vulgarizari
1602 1144 2007 1208 dicenbantur
2052 1145 2113 1206 in
2162 1144 2373 1209 Jadra.
2426 1144 2511 1208 Et
2552 1146 2881 1227 propterea
2925 1143 3002 1207 ad
3049 1162 3187 1226 pre-

460 1251 599 1296 sens
633 1280 648 1295 .
684 1283 697 1296 .
734 1280 749 1296 .
786 1279 799 1294 .
848 1229 1142 1295 habentes
1187 1250 1297 1296 nos
1344 1231 1418 1295 de
1464 1230 1767 1295 industria
1829 1234 1892 1295 et
1952 1250 2162 1296 eorum
2222 1232 2544 1315 prudentia
2606 1231 2948 1314 plurimum
2997 1230 3187 1296 confi-

451 1319 694 1395 denteS,
740 1319 1189 1382 committimus
1241 1318 1349 1398 eie,
1393 1322 1695 1401 quatenus
1743 1319 2093 1383 examinare
2143 1323 2206 1384 et
2260 1319 2640 1384 considerare
2695 1319 2957 1384 debeant
2989 1319 3186 1402 (men)

452 1408 579 1470 tem
627 1408 690 1470 et
734 1403 1153 1469 condicionem
1226 1425 1621 1488 personarum
1684 1407 1986 1471 dictorum
2048 1409 2297 1472 centum
2345 1408 2410 1470 et
2454 1409 2689 1471 statum
2738 1407 3028 1471 nostrum
3079 1405 3189 1471 Ja-

453 1495 593 1567 dre3
644 1493 707 1556 et
752 1491 1160 1559 consideratis
1224 1495 1534 1570 omnibus,
1581 1493 1648 1556 in
1694 1493 2076 1559 discretionis
2124 1513 2230 1559 sue
2275 1493 2562 1558 libertate
2617 1494 3001 1558 remittimus
3048 1513 3187 1576 per-

452 1579 742 1644 mittendi
788 1578 985 1644 redire
1033 1581 1096 1644 in
1142 1580 1458 1646 civitatem
1523 1581 1688 1658 illos,
1737 1583 1841 1665 qui
1908 1581 2280 1646 videbuntur
2340 1581 2610 1658 eisdem,
2660 1581 2758 1646 vel
2820 1582 3187 1646 concedendi

454 1667 543 1732 eis
588 1666 686 1731 vel
731 1685 942 1731 eorum
988 1667 1322 1751 aliquibuS,
1372 1669 1532 1751 quod
1582 1669 1866 1751 possint.
1903 1718 1917 1732 .
1958 1717 1973 1732 .
2014 1718 2028 1733 .
2062 1672 2268 1733 starea
2317 1669 2414 1734 vel
2450 1669 2803 1733 dimittendi
2852 1668 3186 1733 secundum

459 1754 730 1838 primum
776 1756 1057 1819 nostrum
1105 1758 1504 1836 mandatum,
1554 1757 1721 1838 ipsos
1785 1775 1995 1821 omnes
2058 1757 2156 1822 vel
2221 1758 2459 1839 partem
2519 1758 2826 1839 ipsorum,
2891 1757 2956 1820 et
3002 1756 3067 1818 in
3114 1772 3185 1820 ea

454 1842 803 1927 quantitate
854 1842 920 1906 et
965 1844 1128 1907 sicut
1172 1862 1285 1926 pro
1333 1846 1565 1909 honore
1610 1846 1821 1909 nostro
1869 1844 2180 1909 videbitur
2226 1845 2566 1922 convenire,
2619 1844 2899 1908 habendo
2946 1861 3190 1924 semper

452 1931 799 2011 respectum
846 1930 921 1994 ad
970 1932 1367 1995 securitatem
1424 1934 1487 1996 et
1530 1933 2060 1996 conservationem
2126 1932 2400 1996 civitatis
2463 1934 2672 1996 nostre
2735 1931 3032 2013 predicte.
3103 1931 3186 1993 Et

455 2016 803 2081 rescribant
846 2018 1041 2096 nobis,
1099 2018 1401 2101 quidquid
1454 2020 1713 2084 fecerint
1757 2020 1820 2082 in
1867 2020 2206 2102 premissis,

671 2102 910 2185 Capta:
960 2106 1035 2169 ad
1082 2105 1313 2169 factum
1363 2124 1675 2170 armorum
1720 2105 2208 2182 Jadratinorum,
2275 2126 2391 2188 que
2454 2107 2673 2188 petunt
2719 2105 3018 2170 destinari
3065 2104 3187 2168 Ve-

458 2191 688 2267 ncciaS,
748 2193 820 2255 ut
862 2191 937 2255 de
1000 2192 1088 2255 eis
1152 2184 1395 2274 pos'sint
1458 2193 1748 2276 consequi
1812 2194 2082 2276 aliquam
2140 2194 2481 2258 utilitatem
2539 2195 2655 2258 etc.
2707 2194 2986 2272 videtur,
3030 2194 3189 2274 quod

459 2277 774 2341 scribatur
819 2278 1032 2341 comiti
1082 2281 1146 2342 et
1190 2280 1557 2344 consiliariis
1602 2279 1810 2358 Jadre,
1861 2282 2164 2362 quatenus
2197 2283 2402 2346 omnia
2433 2283 2499 2346 et
2535 2280 2781 2364 singula
2827 2300 3021 2358 arma,
3068 2300 3187 2362 que

459 2367 612 2427 sunt
662 2362 768 2442 ibi,
818 2367 1065 2447 accepta
1110 2364 1454 2447 Jadratinis
1505 2369 1577 2431 de
1625 2368 1916 2432 mandato
1982 2368 2279 2432 nobilium
2348 2369 2618 2433 virorum
2682 2368 3023 2433 serMarci
3068 2367 3182 2433 Ju-

456 2449 729 2514 stiniano
780 2452 844 2514 et
888 2470 988 2516 ser
1033 2451 1359 2518 Andreasii
1405 2454 1788 2532 Mauroceno‚
1839 2456 1984 2518 tunc
2017 2454 2471 2535 capitaneorum
2507 2458 2874 2534 nostrorum,
2926 2455 3190 2519 debeant

454 2537 741 2602 Veneciis
780 2539 1112 2618 destinare,
1163 2540 1464 2605 mittendo
1500 2591 1512 2605 .
1551 2589 1565 2604 .
1599 2591 1613 2606 .
1652 2593 1663 2604 .
1699 2544 1761 2606 et
1793 2541 2044 2605 modum
2074 2541 2401 2624 ydoneum,
2452 2543 2539 2606 ita
2571 2544 2731 2623 quod
2780 2561 2899 2607 non
2931 2545 3183 2624 possent

455 2625 771 2708 pervenire
820 2627 896 2692 ad
945 2647 1162 2693 manus
1205 2629 1570 2712 piratarum,
1619 2628 1720 2713 qui
1767 2628 2056 2693 dicuntur
2102 2647 2233 2693 esse
2279 2630 2341 2693 in
2389 2630 2669 2712 partibus
2713 2629 2876 2706 illis;
2925 2632 2988 2693 et
3032 2629 3189 2693 scri-

458 2713 657 2778 bant.
702 2764 714 2777 .
754 2764 768 2779 .
800 2714 1263 2797 particulariter
1309 2719 1372 2781 et
1413 2716 1701 2794 distincte
1763 2717 2001 2792 omnia,
2050 2735 2166 2797 que
2226 2718 2542 2791 miserint3
2605 2720 2670 2782 et
2729 2720 2870 2801 quia
2931 2717 3178 2796 dicitur,

459 2801 621 2881 quod
648 2801 847 2865 multa
893 2821 966 2867 ex
1011 2803 1193 2868 dictis
1215 2804 1404 2868 armis
1429 2803 1765 2882 defficiunt,
1816 2804 2182 2868 mandamus
2211 2804 2299 2869 eis
2325 2805 2581 2888 (quoad)
2615 2805 2943 2870 deffectum
2991 2804 3190 2869 dicto-

464 2906 605 2951 rum
651 2906 963 2953 armorum
1006 2909 1249 2955 omnem
1299 2891 1817 2970 informationem,
1855 2911 2038 2973 quam
2085 2892 2262 2956 nobis
2293 2892 2437 2957 dare
2471 2897 2783 2976 poterunt,
2834 2896 2897 2957 et
2942 2912 3187 2957 omnem

461 2975 855 3057 scripturam,
905 2996 1090 3058 quam
1137 2979 1473 3062 reperirent
1519 2980 1582 3043 in
1627 2978 1793 3043 facto
1832 2979 2138 3043 dictorum
2172 2998 2511 3056 armorum,
2559 2981 2738 3046 nobis
2785 2981 3034 3045 mittere
3080 2980 3187 3044 de-

461 3060 689 3142 beant3
737 3065 800 3126 et
845 3064 897 3127 si
948 3065 1169 3147 aliquis
1216 3065 1577 3131 Jadratinus
1621 3067 1911 3132 rehabuit
1951 3067 2026 3131 de
2075 3067 2265 3131 armis
2311 3068 2646 3151 predictis,
2702 3071 3030 3151 postquam
3078 3067 3187 3132 de-

466 3147 669 3230 posita
713 3146 962 3214 fuerunt
1008 3156 1078 3215 ut
1125 3173 1310 3236 supra
1342 3201 1356 3216 .
1394 3203 1408 3217 .
1447 3154 1684 3218 ‚etiam
1732 3155 1906 3218 nobis
1961 3173 2097 3227 eos,
2147 3157 2299 3237 ques
2361 3157 2563 3220 sciunt
2627 3156 2854 3221 habere
2917 3154 3014 3220 vel
3078 3156 3192 3219 ha-

467 3234 677 3299 buisse
722 3235 798 3299 de
844 3236 1027 3302 dictis
1073 3240 1284 3317 armiS,
1333 3243 1397 3305 et
1442 3260 1512 3305 ex
1561 3260 1718 3305 nunc
1764 3240 2003 3305 factum
2058 3242 2228 3305 istud
2276 3242 2362 3307 sit
2407 3243 2808 3307 commissum
2857 3242 3191 3306 advocato-

457 3320 639 3384 ribus
691 3326 1033 3388 communis
1078 3328 1374 3409 tanquam
1410 3379 1423 3391 .
1461 3377 1475 3391 .
1514 3379 1527 3392 .
1561 3332 1625 3392 et
1670 3328 1887 3393 habita
1931 3328 2370 3394 informacione
2417 3329 2711 3412 predicta,
2786 3329 3032 3411 plenam
3080 3327 3192 3390 ha·

458 3408 649 3472 beant
693 3407 1049 3476 libertatem
1107 3415 1491 3479 examinandi
1536 3420 1599 3479 et
1643 3415 1994 3498 inquirendi
2058 3436 2242 3498 super
2286 3416 2449 3481 facto
2513 3434 2828 3480 armorum
2879 3414 3189 3478 defficien-

457 3494 636 3574 tium,
686 3498 750 3560 et
791 3497 1169 3564 habentibus
1205 3550 1434 3565 .....
1484 3502 1830 3567 invenerint
1877 3503 1975 3566 vel
2020 3503 2435 3586 cognoverint,
2485 3503 2720 3584 aliquos
2777 3501 3068 3565 habuisse
3113 3500 3187 3564 de

458 3582 566 3660 eis,
615 3580 791 3647 illam
838 3586 1100 3666 partem,
1162 3607 1344 3669 quam
1408 3589 1640 3654 habent
1686 3593 1757 3653 de
1823 3589 1961 3654 aliis
2011 3608 2121 3654 suo
2193 3589 2392 3653 officio
2455 3588 2820 3665 commissiS,
2888 3587 3184 3670 possendo

456 3688 497 3751 p
529 3717 546 3732 .
583 3718 597 3733 .
634 3719 648 3733 .
686 3720 700 3734 .
747 3670 948 3737 facere
993 3676 1234 3739 cridam
1282 3675 1385 3741 vel
1433 3677 1651 3748 cridas,
1700 3678 1950 3742 mittere
1999 3677 2251 3740 litteras
2284 3677 2346 3739 in
2377 3694 2621 3741 omnem
2653 3679 2915 3759 partem,
2965 3693 3189 3757 ponere

457 3775 751 3840 personas
796 3758 870 3822 ad
920 3764 1400 3842 sacramentum,
1451 3765 1766 3847 imponere
1813 3782 2034 3846 penam
2107 3765 2171 3827 et
2215 3781 2404 3846 penas
2457 3811 2472 3827 .
2505 3815 2518 3828 .
2555 3813 2569 3828 .
2606 3813 2620 3827 .
2673 3764 2859 3828 debet
2903 3781 3012 3846 pro
3059 3781 3190 3827 ese·

458 3845 702 3909 cutione
748 3846 917 3912 facti.
959 3848 1064 3915 55.

678 3933 850 4014 Vult,
896 3935 1054 4018 quod
1103 3937 1333 4001 factum
1367 3937 1672 4003 dictorum
1706 3956 2019 4002 armorum
2044 3936 2477 4002 committatur
2503 3937 3003 4002 extraordinariis
3050 3956 3191 4001 cum

459 4018 830 4098 condicione,
877 4022 1037 4104 quod
1084 4023 1338 4089 audiant
1374 4044 1591 4100 omnes
1640 4025 1800 4103 illos,
1852 4026 1957 4108 qui
2003 4024 2174 4090 dicta
2234 4043 2408 4089 arma
2460 4026 2811 4108 capitaneis
2860 4025 3190 4090 antedictis

565 4153 580 4168 .
617 4154 632 4170 .
665 4110 729 4171 et
774 4125 846 4171 ea
892 4109 1170 4176 ordinate
1214 4110 1446 4177 faciant
1493 4113 1682 4178 scribi
1730 4114 1794 4178 et
1843 4113 2156 4191 annotari,
2213 4113 2386 4196 prius
2437 4114 2599 4195 ipsis
2645 4114 3011 4196 petentibus
3052 4132 3191 4196 pre-

464 4191 613 4255 stito
659 4198 1064 4276 sacramento,
1110 4201 1174 4262 et
1218 4198 1293 4263 de
1334 4199 1475 4264 inde
1517 4218 1626 4282 per
1670 4199 1810 4264 illos
1845 4248 1859 4264 .
1897 4249 1911 4264 .
1948 4251 1961 4263 .
1999 4251 2013 4264 .
2049 4200 2153 4282 qui
2184 4200 2366 4265 dictis
2402 4200 2772 4265 officialibus
2796 4219 2908 4284 pro
2956 4201 3185 4265 honore

467 4280 683 4378 nostro
727 4282 791 4344 et
841 4282 1292 4368 indempnitate
1353 4288 1658 4351 dictorum
1724 4286 2191 4352 Jadratinorum
2256 4288 2601 4365 videbitur,
2664 4289 2776 4352 aut
2840 4306 2950 4370 per
3022 4287 3187 4353 viam

464 4366 932 4432 test1ficacionis
968 4420 982 4434 .
1019 4421 1034 4436 .
1069 4419 1084 4434 .
1122 4423 1134 4435 .
1186 4372 1347 4437 sicut
1385 4375 1473 4438 eis
1517 4373 1847 4452 videbitur,
1896 4374 2168 4439 scribent
2232 4393 2406 4438 arma
2468 4374 2796 4439 cuiuslibet
2849 4394 2960 4456 per
3007 4393 3072 4438 se
3121 4377 3184 4438 et

458 4451 535 4515 de
581 4451 1105 4552 indesecundum
1154 4460 1586 4525 tanxacionem
1632 4479 1740 4543 per
1786 4461 1952 4543 ipsos
1987 4511 2000 4524 .
2039 4511 2052 4524 .
2089 4509 2103 4525 .
2137 4460 2524 4544 condignam.
2571 4462 2655 4526 Et
2693 4462 2961 4526 habeant
2994 4461 3183 4525 liber-

461 4538 660 4603 tatem
696 4540 845 4605 dicti
874 4541 1167 4609 officiales
1200 4546 1503 4611 scribendi
1536 4548 1749 4612 comiti
1781 4550 1847 4612 et
1876 4548 2244 4613 consiliariis
2264 4547 2454 4613 Jadre
2500 4549 2564 4613 et
2608 4548 2903 4614 mittandi
2931 4566 3101 4628 acep.
3124 4596 3138 4610 .
3166 4595 3180 4610 .

463 4673 480 4688 .
515 4673 529 4687 .
565 4673 580 4688 .
616 4627 681 4690 et
724 4627 1156 4696 nichilominus
1203 4632 1441 4697 factum
1487 4635 1689 4715 ipsum
1719 4636 2123 4700 commissum
2155 4636 2238 4699 sit
2268 4635 2739 4700 advocatoribus
2776 4639 2845 4700 ut
2880 4652 3086 4717 supra.
3116 4633 3179 4696 5.

549 4713 708 4775 δεον.
748 4734 905 4777 cons.
949 4724 1135 4794 royat.
1175 4721 1252 4780 B.
1300 4725 1357 4792 1,
1404 4741 1446 4782 u
1485 4725 1702 4782 arkivu
1736 4725 2098 4784 mletackom.
