3620 5282
540 389 672 456 300

753 568 978 632 Omnes
1026 570 1357 651 sapientes,
1409 567 1636 651 Capta:
1701 588 1845 634 cum
1890 568 2190 633 habeatur
2251 586 2357 650 per
2418 567 2667 631 licteras
2730 566 2951 631 missas
3000 585 3108 648 per
3154 584 3256 631 εοε-

544 655 761 719 mitem
828 657 1109 720 nostrum
1157 656 1442 740 Tragurii
1510 657 1930 740 provisoribus
1994 655 2222 720 nostris
2285 655 2359 719 de
2420 653 2909 737 proclamacione
2973 653 3141 718 facta
3201 653 3266 717 in

541 743 813 808 exercitu
856 743 1311 826 Hungarorum,
1355 744 1654 808 existente
1699 745 1762 808 in
1812 743 2054 819 Clissia,
2103 743 2177 807 de
2224 743 2448 807 damno
2500 745 2564 807 et
2627 742 3031 806 derobacione
3077 740 3270 805 infer-

542 829 747 894 rendis
810 831 994 895 terris
1057 833 1284 897 nostris
1347 830 1669 897 Sclavenie
1730 834 2055 913 exceptata
2118 834 2282 896 terra
2348 829 2582 912 Spaleti
2630 832 2771 904 etc.,
2837 848 2952 911 que
3017 828 3264 910 quidem

548 918 959 998 proclamacio
1007 920 1229 984 nedum
1279 938 1388 1002 per
1434 920 1765 1001 Hungaros
1815 920 1920 983 sed
1969 919 2161 984 etiam
2212 937 2317 1001 per
2365 918 2653 982 comitem
2699 917 3047 982 ‚Iohannem
3093 916 3265 979 facta

542 1004 731 1068 fuisse
775 1006 1021 1071 videtur
1064 1011 1221 1072 etc.:
1287 1007 1459 1072 vadit
1517 1026 1692 1090 parS,
1742 1009 1900 1089 quod
1962 1007 2270 1071 scribatur
2317 1006 2525 1069 comiti
2573 1006 2638 1068 et
2707 1004 2946 1068 civitati
2995 1002 3254 1086 Spaleti,

543 1093 846 1175 quomodo
891 1094 1313 1159 intelleximus
1358 1095 1431 1158 de
1479 1095 1972 1177 proclamacione
2019 1094 2293 1176 predicta
2355 1092 2522 1158 facta
2569 1092 2632 1156 in
2678 1092 2949 1156 exercitu
2997 1089 3261 1174 Hunga-

544 1198 773 1258 rorum,
823 1182 885 1246 in
928 1200 1047 1265 qua
1095 1185 1263 1248 terra
1310 1182 1545 1265 Spaleti
1593 1184 1914 1265 exceptata
1961 1182 2097 1246 suit.
2170 1181 2253 1245 Et
2312 1184 2639 1264 propterea
2700 1198 2911 1244 eorum
2971 1178 3259 1243 fidelitati

541 1268 824 1333 districte
870 1269 1247 1354 precipimus
1297 1274 1361 1334 et
1404 1270 1791 1347 mandamus,
1843 1272 2144 1352 quatenus
2191 1270 2565 1352 precaveant
2614 1269 2688 1333 de
2737 1267 2937 1330 dando
2977 1285 3086 1330 seu
3117 1265 3266 1330 mit-

539 1357 725 1421 tendo
775 1358 979 1438 palam
1029 1359 1127 1423 vel
1173 1358 1414 1423 occulte
1461 1357 1731 1440 aliquam
1781 1358 2251 1422 subvencionem
2302 1356 2594 1421 exercitui
2643 1354 2920 1439 predicto
2962 1373 3073 1418 uec
3129 1352 3257 1417 illis

544 1445 617 1507 de
665 1444 931 1510 Almisio
978 1447 1109 1511 tam
1157 1446 1231 1511 de
1281 1446 1650 1510 victualibus
1695 1465 1881 1527 quam
1932 1445 2118 1509 etiam
2168 1445 2243 1508 de
2292 1446 2454 1520 aliis,
2503 1463 2612 1509 nec
2659 1443 3047 1526 permittant,
3097 1442 3256 1524 quod

544 1531 767 1613 aliquis
815 1533 889 1597 de
936 1533 1184 1617 Spaleto
1222 1533 1456 1616 aliquid
1503 1534 1932 1597 subvencionis
1998 1532 2286 1615 predictis
2336 1533 2568 1609 mittat,
2617 1536 2687 1596 ut
2729 1549 2937 1595 eorum
2985 1530 3254 1593 fidelitas

545 1619 608 1684 in
655 1620 766 1684 hoc
815 1621 887 1686 de
935 1622 1289 1687 obediencia
1329 1619 1490 1704 apud
1537 1638 1646 1686 nos
1693 1620 1893 1703 possit
1940 1620 2161 1684 merito
2210 1620 2647 1684 commendari.
2695 1618 2779 1683 Et
2827 1617 3260 1681 nichilominus

551 1707 869 1789 capitaneo
918 1712 1127 1775 nostro
1172 1709 1552 1793 paysenatici
1599 1709 2045 1784 committatur,
2096 1707 2256 1790 quod
2321 1707 2619 1771 existente
2684 1706 2813 1788 ipso
2878 1708 2936 1768 in
2982 1704 3263 1786 partibus

546 1794 690 1871 illis,
742 1796 1072 1880 diligenter
1119 1801 1391 1862 mentem
1440 1798 1504 1860 et
1549 1796 1880 1861 cautellam
1928 1797 2193 1878 apponat
2240 1798 2304 1858 et
2363 1797 2585 1878 apponi
2651 1793 2873 1868 faciat,
2947 1792 3109 1874 quod
3157 1811 3263 1874 per

543 1882 739 1947 dictos
787 1882 1140 1966 Spalatinos
1189 1905 1304 1950 non
1356 1884 1646 1948 mittatur
1692 1885 1897 1967 aliqua
1946 1881 2276 1948 subvencio
2325 1883 2615 1947 exercitui
2652 1883 2795 1946 ante
2829 1881 3011 1957 dicte,
3052 1897 3260 1961 neque
3367 1904 3372 1923 ·

537 1971 830 2052 predictis
878 1975 950 2037 de
998 1973 1326 2038 Dalmisio.

749 2057 982 2124 Omnes
1030 2062 1357 2144 sapientes
1407 2059 1637 2143 Capta:
1708 2061 1920 2125 comiti
1982 2078 2123 2124 vero
2183 2057 2454 2124 Johanni
2526 2057 2876 2123 notificetur
2939 2074 3047 2138 pro
3091 2055 3266 2138 parte

539 2148 769 2224 nostra,
818 2149 1085 2229 qualiter
1133 2148 1569 2226 intelleximuS,
1613 2149 1774 2232 quod
1839 2149 1971 2231 ipse
2016 2148 2146 2212 toto
2210 2165 2384 2230 posse
2451 2146 2702 2211 molitur
2748 2147 2808 2209 et
2858 2143 3124 2208 intendit
3155 2142 3261 2206 -ad

543 2235 876 2317 dampnum
929 2238 1207 2301 nostrum
1259 2238 1322 2301 et
1367 2240 1674 2301 terrarum
1722 2255 1793 2300 ac
1843 2235 2117 2300 fidelium
2153 2237 2520 2311 nostrorum,
2570 2236 2642 2298 de
2676 2251 2794 2315 quo
2836 2230 3265 2313 multipliciter

543 2322 925 2388 admiramur
971 2323 1205 2406 pariter
1251 2328 1315 2388 et
1358 2342 1711 2407 gravamur,
1784 2326 1847 2388 et
1894 2324 2193 2399 maxime,
2244 2322 2388 2406 quia
2450 2322 2765 2402 hucusque
2812 2338 2951 2384 eum
3009 2320 3261 2400 reputa-

542 2410 743 2474 vimus
785 2413 850 2473 et
893 2412 1334 2494 reputabamus
1385 2430 1490 2491 pro
1552 2412 1872 2476 carissimo
1929 2411 2128 2475 amico
2192 2413 2435 2485 nostre,
2509 2411 2614 2474 sed
2671 2411 2922 2491 propter
2968 2424 3152 2489 opera
3199 2406 3264 2469 et

540 2499 738 2573 actuS,
789 2517 905 2579 que
952 2502 1014 2563 et
1061 2518 1211 2581 quos
1258 2500 1547 2582 operatur
1589 2502 1802 2564 contra
1851 2502 2128 2564 nostrum
2178 2498 2466 2563 honorem
2509 2499 2573 2562 et
2619 2497 2848 2561 bonum
2916 2497 2981 2558 et
3053 2495 3265 2558 contra

548 2583 757 2650 fideles
794 2588 1057 2665 nostrOS,
1106 2589 1178 2652 ut
1221 2588 1454 2653 dictum
1495 2588 1608 2663 est,
1652 2588 1969 2653 hostendit
2008 2606 2073 2652 se
2104 2604 2223 2652 non
2256 2604 2391 2651 esse
2424 2584 2693 2650 amicum
2741 2584 3038 2659 nostrum,
3075 2581 3263 2664 prout

544 2673 931 2753 tenebamuS,
982 2677 1051 2740 ut
1097 2674 1331 2741 dictum
1382 2679 1495 2741 est.
1546 2675 1722 2741 Unde
1770 2695 1909 2740 eum
1944 2675 2263 2741 hortamur
2293 2676 2358 2739 et
2389 2691 2679 2756 rogamus
2727 2672 3055 2748 instanter,
3111 2688 3259 2752 qua-

543 2763 723 2826 tenns
768 2766 968 2827 cesset
1015 2765 1078 2828 et
1123 2783 1187 2829 se
1235 2764 1544 2829 abstinere
1608 2763 1760 2832 velit
1801 2764 1877 2828 de
1928 2762 2223 2840 faciendo,
2272 2761 2594 2828 tractando
2656 2760 2755 2825 vel
2800 2758 3103 2841 operando
3149 2756 3265 2822 ali-

541 2849 685 2932 quid
731 2854 942 2916 contra
988 2852 1278 2916 honorem
1328 2855 1608 2917 nostrum
1657 2853 1721 2917 et
1778 2856 1991 2917 contra
2051 2851 2281 2915 statum
2342 2852 2644 2914 terrarum
2706 2850 2770 2911 et
2834 2845 3109 2910 fidelium
3160 2862 3269 2908 no·
3391 2845 3397 2851 ’

540 2940 808 3001 strorum
858 2940 922 3002 et
967 2940 1359 3016 devotorum(
1402 2943 1470 3005 ut
1518 2941 1825 3023 possimus
1872 2959 2010 3018 eum
2060 2938 2286 3002 habere
2343 2943 2407 3002 et
2468 2939 2672 3000 tenere
2736 2952 2845 3017 pro
2912 2932 3112 2997 amico
3159 2951 3266 3018 no·

541 3025 688 3102 stro,
738 3026 901 3090 sicut
947 3026 1225 3105 fecimus,
1278 3030 1348 3093 ut
1396 3027 1749 3111 predicitur,
1802 3046 1989 3109 usque
2036 3044 2227 3098 nunc3
2297 3024 2454 3107 quod
2504 3024 2553 3088 si
2597 3024 2795 3088 facere
2843 3021 3101 3093 curabit,
3149 3020 3264 3084 hoc

539 3111 903 3177 habebimus
952 3115 1128 3179 valde
1174 3117 1458 3199 gratum;
1534 3114 1806 3197 alioquin
1854 3134 1994 3178 eum
2045 3131 2184 3178 cum
2233 3112 2410 3178 bonis
2457 3116 2519 3177 et
2561 3110 2849 3193 gentibus
2900 3109 3028 3173 suis
3074 3107 3262 3171 habe·

540 3198 746 3262 bimus
795 3203 858 3263 et
906 3203 1310 3267 tractabimus
1336 3203 1501 3268 sicut
1537 3202 1899 3267 conveniens
1925 3202 2042 3266 erit
2068 3218 2173 3284 pro
2218 3201 2394 3265 hoste
2440 3200 2667 3276 nostr0,
2717 3200 2782 3261 et
2812 3198 3026 3261 contra
3057 3194 3260 3277 ipsum

542 3287 604 3349 et
650 3287 809 3351 bona
857 3307 969 3352 sua
1014 3288 1473 3371 providebimus
1535 3292 1597 3354 et
1659 3289 2088 3371 disponemus,
2157 3287 2319 3353 sicut
2368 3289 2520 3353 bene
2582 3286 2784 3350 facere
2832 3286 2897 3349 et
2943 3283 3264 3365 disponere

547 3391 893 3454 possumuS,
945 3377 1015 3440 ut
1059 3378 1212 3441 bene
1261 3378 1447 3454 novit,
1498 3378 1557 3441 in
1599 3382 1897 3459 quantum
1942 3375 2152 3440 honori
2185 3377 2393 3440 nostro
2441 3379 2502 3438 et
2547 3371 2983 3455 indempnitati
3024 3372 3267 3434 nostro·

542 3479 679 3524 rum
728 3461 1004 3527 fidelium
1054 3464 1397 3530 videbimus
1444 3465 1786 3530 convenire.
1838 3464 1976 3528 Non
2024 3465 2244 3528 sinceri
2292 3463 2352 3539 2,
2400 3463 2475 3526 de
2523 3481 2644 3526 non
2691 3462 2750 3537 2,
2799 3459 2906 3523 alii
2953 3458 3029 3522 de
3062 3459 3257 3541 parte.

752 3562 984 3646 Capta:
1033 3567 1192 3650 quod
1242 3569 1603 3633 comittatur
1635 3568 1954 3651 capitaneo
1986 3569 2195 3632 nostro
2229 3567 2608 3651 payseuatici
2631 3567 2812 3643 iture,
2860 3565 3019 3646 quod
3066 3562 3266 3646 appli-

442 3701 445 3710 .
547 3650 684 3715 cato
734 3650 865 3734 ipso
911 3653 987 3717 ad
1035 3657 1243 3736 partes
1282 3655 1622 3731 Sclavonie,
1674 3660 1735 3719 et
1782 3659 2036 3738 accepta
2067 3655 2247 3738 plena
2294 3654 2733 3719 informacione
2781 3670 2818 3716 a
2854 3650 3265 3734 provisoribus

546 3739 772 3803 nostris
822 3740 896 3804 de
944 3743 1213 3825 negociis
1263 3746 1325 3808 et
1371 3745 1743 3819 condicione,
1792 3743 2011 3808 deinde
2058 3743 2173 3824 ipsi
2221 3743 2564 3825 provisores
2612 3740 2807 3805 nostri
2844 3738 3143 3803 Venecias
3170 3756 3270 3802 re-

544 3828 879 3904 vertantur,
932 3831 995 3893 et
1037 3832 1430 3913 postmodum
1480 3831 1611 3913 ipse
1659 3830 2018 3913 capitaneus
2088 3833 2297 3894 noster
2358 3830 2443 3895 sit
2487 3848 2630 3894 cum
2690 3827 3011 3910 capitaneo
3060 3828 3269 3890 nostro

544 3916 819 3995 generali
866 3917 1059 3982 maris
1100 3921 1163 3981 et
1209 3918 1573 3983 consiliariis
1615 3919 1760 3993 suis,
1812 3920 1875 3981 et
1915 3919 2224 3983 conferrat
2270 3936 2409 3982 cum
2456 3917 2562 3992 εἰς,
2614 3917 2678 3980 et
2721 3916 2921 3998 siper
2969 3913 3269 3978 maiorem

542 4005 781 4082 partem
831 4003 1103 4087 ipsorum
1168 4006 1487 4089 cognitum
1553 4007 1617 4069 et
1677 4006 2081 4069 terminatum
2140 4005 2362 4081 fuerit,
2412 4004 2571 4087 quod
2620 4020 2793 4067 mora
2859 4001 3053 4084 ipsius
3101 4001 3271 4083 capi-

545 4091 711 4154 tanei
760 4093 953 4156 nostri
1006 4111 1145 4158 cum
1196 4094 1393 4176 galeis
1440 4093 1668 4157 nostris
1716 4093 1787 4155 de
1836 4092 2239 4156 neccessitate
2282 4089 2399 4156 non
2461 4092 2812 4174 requiratur
2878 4089 2942 4153 in
2990 4087 3270 4172 partibus

544 4174 675 4240 illis
721 4179 1033 4260 predictis,
1084 4181 1442 4263 capitaneus
1490 4182 1698 4245 noster
1742 4181 1932 4244 maris
1978 4198 2120 4244 cum
2180 4181 2471 4262 predictis
2534 4178 2727 4261 galeis
2793 4177 3013 4241 deinde
3066 4192 3266 4240 recce-

544 4261 669 4339 dat,
717 4266 781 4329 et
823 4267 1121 4332 Venecias
1168 4269 1397 4334 redeat.
1447 4267 1697 4333 Omnes.

756 4350 987 4435 Capta:
1032 4357 1189 4437 quod
1234 4356 1547 4439 eligantur
1594 4358 1719 4419 tres
1766 4374 1874 4437 per
1918 4355 2259 4432 dominum,
2322 4354 2707 4419 consiliarios
2753 4354 2818 4418 et
2860 4350 3102 4433 capita,
3166 4349 3274 4433 qui

438 4507 459 4532 χ
549 4434 857 4517 accipiant
907 4443 1124 4524 gentes
1171 4445 1484 4524 pedestres
1533 4445 1596 4507 et
1632 4445 1965 4525 equestreS,
2016 4460 2132 4523 que
2182 4442 2461 4507 ordinate
2525 4445 2671 4507 sunt
2717 4443 2781 4505 et
2825 4439 3273 4504 ordinabuntur

548 4520 719 4621 mitti
766 4524 829 4590 in
874 4527 1284 4610 sclavoniam,
1335 4534 1397 4595 et
1443 4530 1569 4594 alia
1614 4530 1864 4606 faciant,
1921 4548 2040 4611 que
2106 4530 2336 4595 fuerint
2392 4530 2512 4594 sibi
2571 4548 2681 4613 per
2727 4528 3064 4593 dominium
3108 4544 3270 4590 com-

545 4625 758 4685 missa,
802 4615 866 4676 et
912 4615 1040 4679 sint
1083 4634 1192 4698 per
1236 4620 1436 4683 totum
1484 4636 1760 4683 mensem
1808 4617 2106 4694 futurum,
2162 4617 2518 4700 accipiendo
2565 4613 3038 4683 comnestabiles
3085 4631 3268 4695 eque-

547 4695 707 4760 stres
753 4715 893 4763 cum
941 4703 1263 4768 voluntate
1315 4704 1593 4770 dominii.
1632 4705 1873 4770 Electi:
1917 4721 2016 4767 ser
2065 4702 2366 4769 Fantinus
2412 4704 2487 4770 de
2536 4705 2785 4782 Pesaro,
2833 4720 2935 4766 ser
2965 4701 3272 4766 Henricus

547 4781 757 4862 Ferro,
805 4787 870 4851 et
906 4804 1006 4851 ser
1045 4788 1267 4853 Petrus
1314 4790 1659 4856 Gradenico
1705 4789 1905 4856 sancti
1952 4788 2260 4856 canciani.

634 4872 814 4934 Misti
866 4875 1147 4937 XXVII.
1197 4880 1297 4949 52,
1343 4898 1387 4939 α
1430 4879 1769 4940 ηιῐειαόΙεοηι
1815 4881 2047 4939 arkivu.
