3620 5282
3030 336 3160 426 313

433 541 545 606 illa
589 538 963 619 commissio,
1013 558 1129 621 que
1174 537 1620 604 huic'consilio
1684 538 1911 604 melior
1956 541 2019 603 et
2064 537 2277 603 utilior
2340 537 2679 621 apparebit.
2744 536 2848 616 39,
2901 536 3005 617 39,
3053 538 3159 614 41,

431 630 551 708 Μ’-
588 628 1078 780 {effigiamus
1121 713 1439 779 Grimani:
1487 712 1647 796 quod
1694 714 1851 777 fiant
1895 715 1960 778 et
2008 714 2341 779 mittantur
2386 712 2506 778 duo
2556 712 2984 777 ambaxatores
3018 670 3174 776 cum·

432 822 552 869 uno
604 803 800 869 iudice
848 822 956 885 per
1002 802 1255 867 modurn
1303 804 1366 866 et
1412 820 1553 866 cum
1602 801 2056 880 commissione,
2105 820 2291 884 quam
2341 801 2695 865 habuerunt
2759 799 3020 883 predicti
3062 818 3161 863 ser

432 892 714 957 Marinus
776 890 1038 955 Faledro
1099 890 1162 954 et
1218 908 1317 953 ser
1362 888 1613 954 Marcus
1676 888 2000 963 Cornari03
2070 908 2284 955 verum
2339 888 2702 953 detrahatur
2748 886 2839 952 eis
2880 887 3160 965 libertae,
3249 934 3252 937 ¹

433 981 595 1063 quod
640 997 763 1043 non
808 978 1048 1061 possint
1092 977 1455 1061 promittere
1506 977 1639 1059 regi
1685 995 1998 1041 summam
2048 976 2095 1041 C
2148 976 2321 1041 mille
2368 977 2766 1051 ducatorum,
2830 976 3012 1057 prout
3053 994 3161 1056 po-

434 1068 690 1132 tuerunt
733 1065 1012 1149 predicti,
1062 1065 1168 1131 sed
1212 1066 1455 1130 tantum
1506 1066 1769 1147 possunt
1817 1064 2015 1128 facere
2062 1064 2538 1147 promissionem
2582 1064 2640 1128 V
2685 1063 2858 1127 mille
2905 1064 3159 1127 ducato-

434 1174 575 1219 rum
622 1154 939 1218 annuatim
991 1155 1055 1217 et
1101 1152 1239 1236 equi
1266 1152 1579 1234 cohoperti
1622 1152 1697 1216 de
1745 1152 2028 1230 scarleto,
2073 1153 2135 1216 et
2182 1170 2367 1235 super
2398 1152 2535 1235 ipsa
2567 1151 2838 1215 tractare
2870 1152 2935 1215 et
2965 1151 3157 1215 etiam

434 1261 617 1326 super
660 1241 826 1306 facto
874 1239 1096 1306 Clissie
1144 1244 1208 1306 et
1254 1241 1590 1366 Dalmesie,
1638 1243 1825 1322 prout
1869 1242 1956 1365 eis
1989 1260 2097 1323 per
2135 1240 2302 1341 istud
2339 1239 2666 1342 consilium
2704 1238 3159 1388 committetug.

433 1328 704 1480 2331ssss
743 1325 1941 1489 {551332433'‘ighggmnorndissstloae
1997 1346 2118 1393 non
2183 1347 2407 1393 slnceri
2452 1326 2514 1407 9,
2546 1326 2607 1406 5,
2650 1329 2747 1405 15,
2790 1325 2886 1405 13,
2928 1325 3085 1403 12,1
3145 1374 3160 1389 .

690 1607 1256 1692 ccchXIV.
1312 1606 1520 1689 Gon.
1574 1607 1799 1692 1356.
1857 1608 1961 1691 26
2016 1609 2363 1711 02113113,
2413 1631 2473 1690 u
2525 1607 2918 1691 Mleteih.

438 1735 779 1809 Zadarskoj
822 1735 1016 1795 obe-ini
1062 1734 1361 1805 naloiem,
1408 1735 1489 1794 da
1522 1735 1708 1807 pmii
1766 1735 1958 1809 njesto
2003 1736 2221 1809 orudja
2279 1736 2520 1809 ninskoj
2580 1751 2655 1795 za
2694 1735 3012 1808 izkapam‘e
3056 1753 3161 1794 on·

434 1824 661 1898 diesny'e
705 1823 1007 1893 ηιοόυανες
1070 1840 1108 1881 α
1167 1824 1283 1882 isto
1330 1824 1470 1882 calco
1515 1822 1780 1896 pozivlju
1840 1839 1902 1882 sc
1961 1823 2161 1883 obcine
2218 1823 2521 1884 zadarsha
2543 1867 2557 1893 ,
2607 1821 2812 1896 paika
2854 1824 2880 1880 i
2923 1824 3161 1893 rabska,

551 1913 707 1971 nelca
747 1911 989 1985 posab‘u
1033 1911 1058 1969 i
1102 1911 1260 1984 svojc
1305 1910 1469 1984 ljude
1509 1928 1553 1969 u
1598 1911 1743 1980 Nin,
1790 1911 1872 1969 da
1901 1913 2301 1987 pripomoynu
2345 1929 2466 1971 omo
2509 1911 2736 1983 radm'u
2780 1909 3045 1970 dovrsiti.

654 2029 840 2095 1356.
890 2030 987 2095 die
1034 2029 1243 2096 XXVI
1291 2029 1545 2109 marcii,
1607 2032 1826 2112 capta:
1893 2032 2055 2113 quod
2116 2031 2422 2097 scribatur
2484 2029 2698 2095 comiti
2767 2032 2831 2096 et
2894 2030 3154 2095 consilio

436 2118 644 2197 Jadre,
691 2119 849 2201 quod
895 2118 1103 2202 aliqua
1148 2119 1564 2183 instrumenta
1625 2120 2005 2183 neccessarie.
2065 2122 2273 2184 nostro
2319 2119 2531 2184 comiti
2578 2118 2754 2182 None
2816 2136 2925 2200 pro
2989 2136 3158 2197 cava,

436 2225 618 2288 quam
664 2204 795 2271 fieri
843 2206 1012 2284 facit,
1062 2205 1181 2270 sibi
1241 2205 1507 2270 debeant
1553 2206 1803 2271 mittere
1852 2225 2038 2289 quam
2071 2207 2260 2272 cicius
2308 2226 2443 2272 esse
2491 2208 2715 2289 potest.
2785 2207 2865 2270 Et
2911 2205 3163 2288 insuper

437 2293 743 2358 scribatur
788 2295 878 2359 eis
925 2297 988 2358 et
1033 2293 1365 2358 comitibus
1413 2295 1476 2357 et
1520 2293 1833 2359 communi
1866 2293 2022 2359 Arbi
2075 2298 2137 2359 et
2185 2295 2361 2377 Pagi,
2410 2293 2570 2378 quod
2596 2294 2673 2358 ad
2699 2293 3163 2377 requisitionem

434 2380 588 2446 dicti
635 2381 884 2446 comitis
926 2380 1102 2447 None
1140 2381 1400 2445 mittant
1444 2381 1596 2446 illuc
1643 2381 1718 2445 de
1767 2383 2058 2466 gentibus
2107 2385 2171 2447 et
2216 2382 2574 2448 hominibus
2602 2380 2731 2447 suis
2780 2399 2886 2463 pro
2933 2381 3161 2445 auxilio

435 2468 586 2533 dicti
633 2468 944 2547 laborerii,
993 2468 1315 2533 scribendo
1358 2468 1572 2533 comiti
1616 2470 1814 2549 None,
1865 2470 2026 2553 quod
2073 2470 2161 2536 eis
2217 2470 2538 2553 provideat
2599 2487 2709 2553 pro
2771 2469 2981 2534 labore
3027 2487 3159 2549 su0,

438 2556 597 2620 sicut
642 2557 863 2621 viderit
910 2557 1252 2623 convenire.

518 2649 701 2707 Misti
749 2648 1031 2709 XXVII.
1079 2651 1181 2719 65,
1226 2666 1269 2708 u
1314 2649 1532 2708 arkivu
1575 2649 1936 2710 mlctackom.

725 2833 1236 2918 occhxv.
1293 2837 1501 2920 eon.
1537 2837 1766 2922 1356.
1823 2838 1927 2921 26
1983 2837 2325 2940 ozujka,
2378 2858 2438 2918 u
2494 2835 2888 2920 Mletcin.

1166 2962 1404 3038 Stavzja
1448 2981 1509 3024 se
1549 2968 1749 3023 namet
1795 2982 1881 3023 na
1924 2964 2064 3023 vino
2108 2982 2152 3022 u
2198 2962 2426 3022 Zadru.

641 3081 1028 3146 Examinatis
1094 3082 1330 3148 lictoris
1394 3084 1640 3150 comitis
1708 3087 1771 3149 et
1833 3085 2323 3150 consiliariorum
2386 3084 2615 3162 Jadre,
2682 3085 3054 3166 respondent
3097 3087 3164 3150 et

439 3170 767 3234 consulunt
813 3169 931 3233 viri
977 3169 1217 3234 nobiles
1263 3189 1363 3235 ser
1411 3171 1812 3237 Justinianus
1858 3173 2212 3239 Justiniano
2259 3175 2322 3237 et
2368 3190 2467 3236 ser
2514 3172 2736 3236 Petrus
2779 3172 2960 3251 Zane,
3011 3173 3162 3238 olim

441 3257 698 3321 comites
744 3258 809 3321 et
850 3256 1155 3340 capitanei
1203 3258 1429 3337 Jadre,
1478 3261 1639 3342 quod
1700 3279 1812 3344 pro
1875 3260 2250 3327 aleviacione
2312 3278 2754 3344 expensarum,
2820 3279 2973 3344 quas
3026 3261 3161 3326 fieri

444 3346 727 3425 opportet
771 3362 879 3427 pro
927 3345 1122 3411 Jadra
1162 3345 1315 3412 fiant
1357 3346 1735 3430 provisiones
1773 3347 2189 3433 infrascripto.

642 3430 875 3514 Capta:
924 3433 1147 3515 primo,
1197 3435 1357 3518 q'uod
1399 3433 1474 3499 de
1521 3437 1652 3500 toto
1697 3436 1859 3514 vino,
1905 3436 2063 3519 quod
2101 3437 2374 3502 nascitur
2418 3435 2483 3500 in
2530 3435 2815 3503 districtu
2846 3438 3052 3517 Jadre,
3087 3437 3162 3503 de

434 3537 550 3601 quo
599 3520 786 3584 nichil
833 3520 1093 3586 solvitur
1137 3523 1214 3586 ad
1260 3541 1547 3605 presens,
1593 3542 1630 3587 a
1677 3524 1859 3589 modo
1926 3525 2204 3590 solvatur
2280 3527 2304 3588 1
2360 3542 2647 3607 grossum
2693 3524 2770 3590 de
2824 3525 3002 3590 dacio
3049 3544 3161 3609 pro

432 3607 707 3689 quolibet
774 3607 1014 3686 modio,
1083 3611 1240 3693 quod
1288 3610 1573 3675 deveniat
1641 3610 1705 3675 in
1773 3630 2131 3688 commune;
2195 3632 2407 3679 verum
2462 3610 2709 3677 videtur
2756 3612 2845 3678 eis
2892 3613 3148 3688 iustum,

432 3694 591 3776 quod
638 3696 717 3760 ab
766 3696 887 3760 ista
930 3697 1236 3763 solucione
1283 3697 1445 3763 dacii
1492 3701 1847 3781 exemptum
1896 3699 1979 3764 sit
2026 3700 2258 3777 vinnm,
2310 3700 2469 3783 quod
2520 3700 2870 3783 percipiunt
2909 3700 2984 3764 (19
3028 3700 3153 3765 suis

431 3782 773 3847 redditibus
821 3785 1121 3849 moniales
1170 3787 1687 3851 monasteriorum
1726 3789 1940 3852 sancte
1976 3786 2171 3852 Marie
2218 3791 2282 3852 et
2327 3788 2525 3852 sancti
2567 3786 2811 3852 Nicolai
2844 3788 2908 3852 et
2953 3786 3159 3851 Dimi-

433 3869 556 3948 trii,
605 3870 813 3936 silicet
858 3869 1015 3937 illud
1064 3872 1293 3951 vinum,
1343 3873 1507 3957 quod
1553 3876 1649 3938 est
1695 3875 2150 3940 neccessarium
2216 3874 2367 3958 ipsis
2413 3874 2782 3940 dominabus
2848 3873 3156 3956 religiosis

432 3975 538 4039 pro
584 3977 698 4022 usu
746 3977 855 4023 suo
895 3961 1139 4024 tantum
1188 3962 1426 4026 attenta
1460 3963 1821 4044 paupertate
1875 3981 2107 4028 eorum.

638 4045 868 4128 Capta:
916 4048 1076 4130 quod
1124 4048 1321 4112 eciam
1369 4049 1599 4128 vinum,
1635 4049 1792 4133 qnod
1843 4050 2129 4115 venditur
2174 4050 2252 4115 ad
2301 4050 2542 4135 spinam
2591 4049 2653 4113 in
2699 4047 2927 4127 Jadra,
2996 4048 3160 4113 sicut

430 4132 614 4196 solvit
656 4135 730 4198 de
778 4134 1043 4218 quinque
1105 4135 1372 4200 denariis
1434 4155 1626 4201 unum
1650 4185 1666 4215 ,
1730 4138 1822 4202 ita
1882 4139 2162 4204 decetero
2224 4139 2426 4204 solvat
2486 4138 2561 4203 de
2639 4136 2843 4203 tribus
2887 4136 3153 4201 denariis

428 4236 635 4298 unum,
684 4239 831 4286 nam
876 4241 946 4287 ex
993 4223 1109 4289 hoc
1151 4226 1468 4307 propterea
1513 4243 1632 4289 non
1665 4225 1948 4291 sencient
1981 4225 2385 4310 gravitatem,
2432 4225 2551 4291 nisi
2583 4243 2839 4310 persone
2870 4224 3153 4289 bibentes

376 4365 379 4366 γ
427 4307 636 4373 vinum
686 4310 750 4374 in
798 4309 1097 4375 tabernis.

510 4399 691 4459 Misti
733 4400 1015 4460 XXVII.
1069 4402 1170 4472 66,
1218 4419 1258 4460 u
1305 4401 1523 4460 arkivu
1567 4402 1930 4463 mletackom.
