3620 5282
602 354 738 421 260

605 528 878 596 civitatis
923 529 1004 592 ad
1048 527 1338 592 honorem
1389 527 1530 592 fidei
1598 525 1956 604 christiana,
2023 526 2215 592 etiam
2277 525 2477 591 dando
2522 525 2822 609 predictis
2866 525 3199 590 baronibus
3247 523 3313 588 et

609 619 768 691 allis,
815 636 932 699 que
981 615 1351 694 viderentur,
1398 613 1673 696 amplam
1721 633 1915 698 spem,
1985 615 2142 697 quod
2207 619 2388 679 erunt
2461 632 2706 697 semper
2772 616 2834 678 in
2876 614 3074 696 gratia
3117 611 3313 677 nostri

605 705 878 783 dominii,
928 721 1078 786 quos
1139 702 1506 767 habebimus
1565 721 1775 767 omnes
1823 702 2247 767 favorabiliter
2311 702 2794 767 commendatos.
2863 701 3308 766 Verumtamen

606 799 676 858 ut
720 813 837 859 non
885 794 1085 856 cesset
1129 794 1374 855 tantum
1414 792 1661 873 bonum,
1710 792 1854 872 quia
1896 790 2013 870 illi,
2053 792 2156 873 qni
2188 791 2403 855 tenent
2445 790 2792 871 fortilicias,
2825 789 3138 856 attendere
3170 806 3313 872 pos-

606 887 746 948 sent
788 882 866 946 ad
909 880 1181 964 aliquam
1229 879 1570 944 utilitatem
1617 880 1746 943 sive
1797 880 2220 961 provisionem,
2270 882 2417 943 tunc
2477 879 2544 943 in
2601 897 2750 944 casu
2795 898 2912 962 quo
2958 879 3313 960 capitaneus

606 971 813 1035 noster
859 975 921 1032 et
965 968 1367 1049 supracomiti
1411 966 1673 1050 predicti
1720 967 2015 1045 viderent,
2048 967 2206 1050 quod
2252 968 2317 1030 in
2354 967 2469 1032 hoc
2515 969 2679 1033 esset
2718 966 3076 1046 difficultas,
3124 965 3314 1031 relin-

605 1059 849 1142 quimus
894 1056 956 1121 in
1008 1056 1294 1120 libertate
1338 1074 1451 1119 sua
1495 1056 1592 1119 vel
1639 1054 1889 1121 maioris
1934 1057 2126 1138 partis
2183 1056 2583 1137 promittendi
2646 1055 2776 1121 illis
2822 1058 3106 1138 quatuor,
3155 1072 3312 1137 quos

604 1147 882 1212 nominat
925 1163 1023 1209 ser
1055 1144 1365 1209 Johannes
1400 1142 1667 1226 Capello,
1703 1162 1810 1208 seu
1844 1143 1993 1221 illis,
2028 1143 2132 1226 qui
2172 1143 2391 1208 darent
2421 1143 2766 1221 fortilicias,
2801 1162 2992 1226 usque
3025 1142 3103 1207 ad
3138 1161 3315 1207 sum-

605 1254 772 1300 mam
818 1234 1179 1298 ducatorum
1227 1232 1303 1296 V.
1350 1241 1600 1298 centum
1648 1232 1743 1296 vel
1799 1232 1964 1297 circa
2009 1232 2170 1296 inter
2234 1251 2446 1296 omnes
2492 1232 2804 1314 predictos
2849 1248 2960 1315 pro
3009 1250 3122 1295 sua
3166 1248 3313 1314 pro-

605 1324 837 1387 visione
882 1321 1144 1402 singulis
1190 1321 1367 1385 annis
1411 1321 1475 1385 in
1520 1321 1651 1385 vita
1697 1338 1827 1386 sua.
1884 1320 1969 1384 Et
2025 1321 2078 1384 si
2123 1320 2395 1402 predicte
2441 1320 2733 1386 fortilicie
2780 1320 3309 1403 consignabuntur

607 1412 670 1475 in
716 1409 1002 1475 manibus
1050 1408 1353 1492 capitanei
1398 1407 1589 1473 nostri
1638 1407 1978 1473 secundum
2022 1410 2299 1473 ordinem
2346 1410 2850 1491 suprascriptum,
2899 1411 3049 1472 tunc
3095 1406 3306 1490 provi-

605 1501 748 1563 deat
788 1498 1142 1580 capitaneus
1188 1498 1253 1562 in
1301 1497 1460 1561 bona
1505 1496 1709 1579 gratia
1754 1497 1831 1560 de
1886 1497 2163 1561 custodia
2207 1498 2270 1561 et
2314 1498 2776 1562 conservatione
2822 1497 3130 1561 dictarum
3184 1494 3313 1560 for-

605 1588 963 1655 tiliciarum.
1011 1586 1175 1650 sicut
1218 1585 1519 1669 sapientie
1566 1603 1674 1649 sue
1723 1585 2029 1650 videbitur
2074 1591 2504 1667 opportunum.

813 1674 880 1740 Si
917 1692 1059 1738 vero
1097 1674 1454 1756 capitaneus
1487 1676 1697 1736 noster
1736 1682 1801 1737 et
1845 1674 2240 1756 supracomiti
2284 1674 2687 1757 suprascripti
2735 1672 3034 1737 haberent
3073 1674 3139 1737 et
3170 1690 3312 1737 sen·

609 1763 820 1838 tirent,
871 1763 1030 1844 quod
1078 1762 1359 1826 dominus
1396 1761 1687 1827 Durachii
1719 1760 1880 1825 foret
1926 1763 1987 1825 in
2028 1761 2538 1839 convalescentia,
2573 1765 2638 1826 et
2667 1762 3018 1828 attenderet
3062 1763 3140 1825 ad
3174 1778 3316 1825 con-

607 1853 1014 1917 servationem
1059 1868 1234 1915 suam
1280 1854 1343 1914 et
1388 1851 1590 1913 status
1637 1849 1753 1928 sui,
1800 1851 1952 1913 tunc
1998 1854 2061 1914 et
2106 1867 2174 1914 eo
2222 1868 2370 1914 casu
2439 1869 2554 1914 non
2601 1849 2866 1915 debeant
2911 1867 3157 1913 movere
3202 1848 3316 1913 ali·

607 1941 754 2023 quid
805 1939 1059 2005 verbum
1107 1940 1178 2001 de
1246 1937 1571 2020 predictis,
1618 1938 1723 2002 sed
1771 1939 1981 2001 teneat
2043 1940 2294 2003 modum
2344 1938 2698 2021 capitaneus
2745 1938 3054 2020 predictus
3103 1937 3180 2001 de
3221 1936 3314 2002 lo-

613 2028 848 2110 quendo
893 2026 1184 2109 predictis
1222 2026 1572 2106 baronibuS,
1622 2030 1685 2089 et
1731 2045 1873 2090 cum
1920 2026 2047 2090 illis
2094 2026 2473 2109 sapientibus
2534 2033 2597 2090 et
2644 2025 2873 2091 dextris
2922 2025 3149 2104 verbiS,
3198 2044 3314 2108 que

611 2117 727 2181 sibi
777 2115 1169 2190 videbuntur,
1232 2112 1471 2179 hortari
1518 2113 1682 2196 ipsos
1731 2115 1810 2178 ad
1857 2115 2327 2179 substinendum
2377 2134 2443 2179 se
2494 2113 2773 2192 viriliter,
2823 2132 2929 2196 pro
2974 2131 3097 2178 non
3147 2115 3316 2179 veni-

607 2204 760 2270 endo
793 2204 866 2268 ad
912 2207 1042 2267 tam
1090 2202 1504 2267 miserabilem
1556 2201 1990 2277 conditionem,
2032 2204 2192 2267 sicut
2236 2208 2460 2281 essent,
2509 2202 2563 2266 si
2603 2202 2992 2266 subiacerent
3022 2202 3314 2267 manibus

605 2296 669 2358 et
712 2295 1015 2375 potestate
1054 2290 1467 2366 Turchorum3
1500 2290 1797 2366 addendo,
1847 2290 2005 2374 quod
2048 2291 2102 2355 si
2144 2291 2206 2356 in
2253 2290 2534 2356 futurum
2584 2292 2862 2355 viderent
2894 2290 3169 2372 aliquem
3216 2309 3317 2355 ca-

605 2400 740 2445 sum
774 2381 1092 2445 sinistrum
1140 2380 1211 2442 de
1254 2380 1500 2443 domino
1532 2378 1682 2442 dicti
1730 2379 1870 2456 loci,
1897 2380 1995 2444 vel
2040 2381 2196 2461 quod
2230 2380 2582 2458 moriretur,
2632 2379 2726 2444 vel
2759 2381 2921 2462 quod
2955 2398 3078 2444 non
3111 2381 3315 2462 posset

608 2487 672 2534 se
721 2471 881 2533 tueri
929 2467 1007 2532 ab
1055 2467 1392 2532 insultibus
1443 2466 1820 2543 Turcornm,
1884 2469 1975 2532 ita
2020 2468 2177 2549 quod
2225 2472 2434 2532 essent
2494 2468 2841 2548 perventuri
2912 2468 2971 2530 in
3018 2468 3314 2534 manibus

604 2558 974 2633 Turcorum,
1035 2556 1196 2637 quod
1257 2555 1378 2637 ipsi
1446 2557 1736 2639 tanquam
1803 2558 2061 2620 barones
2122 2556 2490 2638 principales
2535 2555 2867 2639 vigilantes
2914 2555 2991 2620 ad
3041 2557 3314 2621 salutem

605 2650 668 2711 et
714 2646 1234 2710 conservationem
1292 2663 1467 2708 suam
1515 2645 1823 2727 accipiant
1868 2647 1933 2709 et
1979 2648 2233 2710 teneant
2276 2644 2598 2710 fortilicias
2645 2645 2707 2710 in
2748 2644 3033 2710 custodia
3079 2646 3159 2711 ad
3207 2646 3312 2710 ho-

603 2754 810 2800 norem
860 2733 1051 2798 nostri
1092 2732 1369 2810 dominii,
1417 2735 1481 2797 et
1520 2735 1694 2797 nobis
1740 2733 2057 2798 notificent
2102 2734 2175 2797 de
2222 2734 2511 2816 presenti,
2546 2733 2691 2816 quia
2723 2733 2930 2797 subito
2977 2733 3310 2799 mittemus

604 2841 981 2897 succursum,
1031 2825 1095 2885 et
1141 2821 1596 2903 providebimus
1646 2821 1858 2885 taliter
1904 2821 2250 2901 superinde,
2299 2822 2458 2905 quod
2505 2824 2624 2885 erit
2673 2822 2845 2886 salus
2896 2825 2960 2885 et
3007 2826 3309 2905 perpetua

607 2911 989 2976 conservatio
1048 2910 1319 2991 ipsorum
1365 2913 1429 2974 et
1488 2909 1763 2973 omnium
1809 2910 2075 2974 aliorum
2149 2911 2209 2973 in
2272 2911 2549 2992 predicta
2594 2909 2850 2974 civitate
2902 2909 3313 2993 degentium;

606 3001 829 3064 utendo
872 2997 994 3062 hiis
1042 3004 1106 3060 et
1150 2999 1291 3061 aliis
1325 2997 1529 3062 verbis
1571 2999 1917 3062 caritativis
1972 3002 2036 3061 et
2084 2998 2383 3079 benignis,
2428 3004 2612 3080 prout
2643 2998 2950 3062 videbitur
2981 3001 3312 3082 capitaneo

606 3090 816 3151 nostro
860 3086 1154 3168 predicto,
1198 3085 1398 3150 dando
1444 3086 1532 3150 eis
1580 3086 1641 3149 in
1690 3086 1858 3151 omni
1906 3104 2053 3151 casu
2099 3087 2373 3169 amplam
2422 3105 2598 3168 spem
2641 3087 2715 3150 de
2760 3085 2964 3150 favore
3012 3089 3080 3151 et
3112 3085 3314 3170 gratia

604 3176 800 3241 nostri
846 3173 1121 3238 dominii.

814 3263 910 3328 Ad
958 3260 1452 3326 informationem
1501 3266 1773 3342 nostram
1821 3264 2200 3341 denotamuS,
2249 3264 2407 3345 quod
2455 3265 2704 3346 captum
2740 3265 2838 3327 est
2883 3263 2958 3328 de
3006 3262 3314 3328 mittendo

607 3371 791 3416 unam
843 3351 1132 3415 barcham
1205 3352 1356 3413 bene
1412 3354 1692 3432 paratam
1741 3350 1817 3415 ad
1888 3370 1990 3414 vos
2050 3370 2191 3415 curn
2239 3352 2428 3415 simili
2475 3350 2784 3422 mandato,
2834 3352 2898 3415 et
2943 3371 3055 3434 per
3104 3353 3312 3435 ipsum

609 3440 861 3503 mittere
908 3443 1162 3502 ducatos
1225 3438 1399 3502 mille
1468 3441 1601 3504 auri
1671 3458 1777 3521 pro
1823 3439 2184 3503 fulcimento
2231 3443 2293 3502 et
2362 3441 2701 3505 munitione
2765 3438 3205 3504 fortiliciorum
3253 3439 3313 3502 in

607 3545 754 3591 casu
800 3545 916 3609 quo
962 3528 1373 3603 obtineantur,
1424 3529 1488 3591 et
1532 3533 1856 3610 propterea
1903 3545 2023 3591 non
2070 3527 2386 3591 desistatis
2433 3527 2666 3592 intrare
2714 3527 2791 3591 ad
2839 3546 2969 3592 rem
3003 3532 3069 3592 et
3107 3527 3312 3592 facere

612 3635 905 3699 expensas
955 3616 1327 3695 necessarias
1375 3617 1446 3679 de
1493 3616 1783 3691 denariiS,
1829 3616 1883 3680 si
1929 3634 2083 3698 quos
2126 3614 2438 3679 habebitis
2484 3634 2672 3698 penes
2721 3634 2847 3680 vos

819 3702 1140 3786 Sapientes
1184 3704 1486 3768 ordinum.
1531 3703 1759 3786 Capta:
1825 3703 1987 3786 quod
2033 3721 2141 3786 pro
2188 3703 2383 3769 dando
2430 3703 2885 3786 expeditionem
2935 3702 3079 3768 istis
3128 3721 3322 3787 nego-

609 3792 721 3857 ciis
768 3792 1075 3856 scribatur
1120 3792 1326 3856 subito
1374 3792 1530 3856 hanc
1597 3797 1871 3857 nostram
1932 3790 2343 3856 intencionem
2390 3793 2710 3873 capitaneo
2757 3796 2967 3857 nostro
3013 3791 3164 3857 culfi
3211 3810 3319 3874 per

607 3900 795 3945 unam
863 3880 1116 3943 barcam
1180 3880 1440 3945 celerem
1504 3885 1569 3944 et
1636 3881 2000 3962 expeditam,
2051 3899 2194 3943 cum
2251 3898 2371 3962 qua
2432 3882 2765 3946 mittantur
2825 3881 2946 3963 ipsi
2993 3882 3317 3962 capitaneo

608 3970 814 4036 ducati
863 3968 1034 4033 mille
1077 3969 1227 4042 auri,
1271 3973 1343 4033 ut
1391 3970 1451 4032 in
1498 3986 1663 4046 casu,
1698 3986 1816 4050 quo
1862 3968 2116 4032 haberet
2161 3968 2485 4032 fortilicias
2511 3986 2638 4050 ,per
2671 3969 2920 4032 modum
2953 3972 3317 4033 enarratum

609 4059 907 4140 superiuS,
942 4057 1139 4139 possit
1184 4059 1346 4138 ipsas
1392 4055 1608 4121 fulcire
1655 4056 2014 4132 balistariiS,
2059 4055 2402 4120 munitione
2448 4059 2510 4119 et
2556 4056 2696 4122 aliis
2733 4058 3116 4139 opportunis.
3153 4057 3319 4123 Scri·

612 4147 793 4211 batur
840 4146 1025 4210 etiam
1078 4145 1394 4227 capitaneo
1442 4144 1607 4221 culfi,
1656 4145 1813 4226 quod
1861 4144 1912 4207 si
1960 4144 2119 4210 foret
2165 4146 2572 4227 opportunum
2610 4144 2746 4209 fieri
2791 4145 3054 4209 maiores
3097 4163 3319 4227 expen-

609 4252 728 4312 sas,
777 4235 842 4298 et
902 4235 1032 4316 ipse
1081 4234 1339 4298 haberet
1404 4232 1683 4297 denarios
1728 4234 1891 4315 apud
1955 4252 2019 4297 se
2080 4234 2209 4297 tam
2271 4233 2345 4297 de
2393 4231 2553 4308 illis,
2626 4252 2777 4315 quos
2839 4233 2956 4297 sibi
3002 4233 3313 4309 misimus,

608 4340 794 4403 quam
840 4320 914 4385 de
961 4321 1123 4398 illis,
1189 4340 1338 4405 quos
1400 4322 1617 4385 habuit
1666 4320 1731 4384 in
1788 4320 2067 4402 partibus
2117 4320 2361 4400 Sicilie,
2433 4319 2621 4386 faciat
2681 4340 2787 4403 pro
2847 4321 3003 4386 bono
3050 4320 3311 4385 istorum

609 4409 1004 4492 agendorum,
1055 4411 1217 4474 sicut
1261 4409 1449 4474 fuerit
1492 4411 1928 4491 opportunum.

697 4515 876 4576 Misti
922 4517 1065 4577 XL.
1112 4517 1259 4598 140,
1307 4537 1348 4577 u
1387 4518 1544 4579 mlet.
1591 4520 1826 4577 arkivu.
