<?xml version="1.0" encoding="UTF-8"?>
<!DOCTYPE html PUBLIC "-//W3C//DTD XHTML 1.0 Transitional//EN"
    "http://www.w3.org/TR/xhtml1/DTD/xhtml1-transitional.dtd">
<html xmlns="http://www.w3.org/1999/xhtml" xml:lang="en" lang="en">
 <head>
  <title>
</title>
<meta http-equiv="Content-Type" content="text/html;charset=utf-8" />
  <meta name='ocr-system' content='tesseract 3.04.00' />
  <meta name='ocr-capabilities' content='ocr_page ocr_carea ocr_par ocr_line ocrx_word'/>
</head>
<body>
  <div class='ocr_page' id='page_1' title='image "./monumentaspecta02umjegoog_0749.png"; bbox 0 0 3620 5282; ppageno 0'>
   <div class='ocr_carea' id='block_1_1' title="bbox 3045 339 3169 408">
    <p class='ocr_par' dir='ltr' id='par_1_1' title="bbox 3045 339 3169 408">
     <span class='ocr_line' id='line_1_1' title="bbox 3045 339 3169 408; baseline 0.008 -1"><span class='ocrx_word' id='word_1_1' title='bbox 3045 339 3169 408; x_wconf 79' lang='lat'>197</span> 
     </span>
    </p>
   </div>
   <div class='ocr_carea' id='block_1_2' title="bbox 427 515 3173 778">
    <p class='ocr_par' dir='ltr' id='par_1_2' title="bbox 427 515 3173 778">
     <span class='ocr_line' id='line_1_2' title="bbox 427 515 3173 602; baseline -0 -18"><span class='ocrx_word' id='word_1_2' title='bbox 427 517 800 585; x_wconf 81' lang='lat' dir='ltr'>Mauroceno</span> <span class='ocrx_word' id='word_1_3' title='bbox 846 521 911 587; x_wconf 83' lang='lat' dir='ltr'>et</span> <span class='ocrx_word' id='word_1_4' title='bbox 956 536 1053 583; x_wconf 83' lang='lat' dir='ltr'>ser</span> <span class='ocrx_word' id='word_1_5' title='bbox 1095 519 1316 584; x_wconf 87' lang='lat' dir='ltr'>Petrus</span> <span class='ocrx_word' id='word_1_6' title='bbox 1364 516 1713 602; x_wconf 84' lang='lat' dir='ltr'>Bragadino</span> <span class='ocrx_word' id='word_1_7' title='bbox 1758 515 1910 582; x_wconf 90' lang='lat' dir='ltr'>olim</span> <span class='ocrx_word' id='word_1_8' title='bbox 1958 516 2385 583; x_wconf 84' lang='lat' dir='ltr'>ambaxatores</span> <span class='ocrx_word' id='word_1_9' title='bbox 2429 515 2509 579; x_wconf 89' lang='lat' dir='ltr'>ad</span> <span class='ocrx_word' id='word_1_10' title='bbox 2557 516 2753 580; x_wconf 89' lang='lat' dir='ltr'>dictas</span> <span class='ocrx_word' id='word_1_11' title='bbox 2801 516 3028 598; x_wconf 86' lang='lat' dir='ltr'>partes,</span> <span class='ocrx_word' id='word_1_12' title='bbox 3072 536 3173 583; x_wconf 90' lang='lat' dir='ltr'>re-</span> 
     </span>
     <span class='ocr_line' id='line_1_3' title="bbox 431 603 3173 690; baseline -0.001 -18"><span class='ocrx_word' id='word_1_13' title='bbox 431 609 720 672; x_wconf 77' lang='lat' dir='ltr'><strong>manente</strong></span> <span class='ocrx_word' id='word_1_14' title='bbox 766 626 926 690; x_wconf 86' lang='lat' dir='ltr'>pena</span> <span class='ocrx_word' id='word_1_15' title='bbox 957 607 1285 672; x_wconf 81' lang='lat' dir='ltr'>reffutandi</span> <span class='ocrx_word' id='word_1_16' title='bbox 1325 608 1391 671; x_wconf 95' lang='lat' dir='ltr'>et</span> <span class='ocrx_word' id='word_1_17' title='bbox 1418 607 1560 671; x_wconf 89' lang='lat' dir='ltr'>aliis</span> <span class='ocrx_word' id='word_1_18' title='bbox 1593 605 2056 672; x_wconf 83' lang='lat' dir='ltr'>condicionibus</span> <span class='ocrx_word' id='word_1_19' title='bbox 2089 604 2244 668; x_wconf 88' lang='lat' dir='ltr'>alias</span> <span class='ocrx_word' id='word_1_20' title='bbox 2277 603 2472 686; x_wconf 85' lang='lat' dir='ltr'>captis</span> <span class='ocrx_word' id='word_1_21' title='bbox 2505 621 2612 686; x_wconf 88' lang='lat' dir='ltr'>pro</span> <span class='ocrx_word' id='word_1_22' title='bbox 2644 603 2810 668; x_wconf 84' lang='lat' dir='ltr'>dicta</span> <span class='ocrx_word' id='word_1_23' title='bbox 2841 608 3173 671; x_wconf 83' lang='lat' dir='ltr'>ambaxata</span> 
     </span>
     <span class='ocr_line' id='line_1_4' title="bbox 431 691 3167 778; baseline -0 -20"><span class='ocrx_word' id='word_1_24' title='bbox 431 697 491 759; x_wconf 90' lang='lat' dir='ltr'>in</span> <span class='ocrx_word' id='word_1_25' title='bbox 526 712 639 759; x_wconf 89' lang='lat' dir='ltr'>sua</span> <span class='ocrx_word' id='word_1_26' title='bbox 687 696 1004 760; x_wconf 87' lang='lat' dir='ltr'>firmitate.</span> <span class='ocrx_word' id='word_1_27' title='bbox 1039 694 1143 771; x_wconf 84' lang='lat'>44,</span> <span class='ocrx_word' id='word_1_28' title='bbox 1177 696 1286 772; x_wconf 86' lang='lat'>43,</span> <span class='ocrx_word' id='word_1_29' title='bbox 1335 695 1464 773; x_wconf 90' lang='grc'>41.,</span> <span class='ocrx_word' id='word_1_30' title='bbox 1512 697 1694 778; x_wconf 89' lang='lat' dir='ltr'>capta</span> <span class='ocrx_word' id='word_1_31' title='bbox 1733 695 1805 757; x_wconf 92' lang='lat' dir='ltr'>de</span> <span class='ocrx_word' id='word_1_32' title='bbox 1855 712 1973 758; x_wconf 90' lang='lat' dir='ltr'>non</span> <span class='ocrx_word' id='word_1_33' title='bbox 2017 691 2122 772; x_wconf 88' lang='lat'>38,</span> <span class='ocrx_word' id='word_1_34' title='bbox 2171 692 2278 771; x_wconf 88' lang='grc'>41,</span> <span class='ocrx_word' id='word_1_35' title='bbox 2327 692 2431 770; x_wconf 89' lang='grc'>44,</span> <span class='ocrx_word' id='word_1_36' title='bbox 2481 710 2599 756; x_wconf 90' lang='lat' dir='ltr'>non</span> <span class='ocrx_word' id='word_1_37' title='bbox 2634 691 2854 756; x_wconf 83' lang='lat' dir='ltr'>sinceri</span> <span class='ocrx_word' id='word_1_38' title='bbox 2904 691 2964 773; x_wconf 83' lang='lat'>7,</span> <span class='ocrx_word' id='word_1_39' title='bbox 2996 693 3058 772; x_wconf 83' lang='lat'>5,</span> <span class='ocrx_word' id='word_1_40' title='bbox 3106 693 3167 757; x_wconf 89' lang='grc'>3.</span> 
     </span>
    </p>
   </div>
   <div class='ocr_carea' id='block_1_3' title="bbox 520 799 1877 872">
    <p class='ocr_par' dir='ltr' id='par_1_3' title="bbox 520 799 1877 872">
     <span class='ocr_line' id='line_1_5' title="bbox 520 799 1877 872; baseline -0.001 -9"><span class='ocrx_word' id='word_1_41' title='bbox 520 802 703 863; x_wconf 77' lang='lat' dir='ltr'>Misti</span> <span class='ocrx_word' id='word_1_42' title='bbox 757 799 1148 865; x_wconf 83' lang='lat' dir='ltr'><strong><em>XXXVIII.</em></strong></span> <span class='ocrx_word' id='word_1_43' title='bbox 1199 804 1301 872; x_wconf 78' lang='lat'>45,</span> <span class='ocrx_word' id='word_1_44' title='bbox 1347 821 1391 862; x_wconf 78' lang='lat' dir='ltr'>u</span> <span class='ocrx_word' id='word_1_45' title='bbox 1439 803 1592 863; x_wconf 80' lang='lat' dir='ltr'>mlet.</span> <span class='ocrx_word' id='word_1_46' title='bbox 1640 803 1877 872; x_wconf 76' lang='lat' dir='ltr'>urkivu,</span> 
     </span>
    </p>
   </div>
   <div class='ocr_carea' id='block_1_4' title="bbox 720 988 2883 1094">
    <p class='ocr_par' dir='ltr' id='par_1_4' title="bbox 720 988 2883 1094">
     <span class='ocr_line' id='line_1_6' title="bbox 720 988 2883 1094; baseline -0.005 -19"><span class='ocrx_word' id='word_1_47' title='bbox 720 990 1250 1075; x_wconf 73' lang='lat' dir='ltr'>cchxxxl.</span> <span class='ocrx_word' id='word_1_48' title='bbox 1314 991 1522 1075; x_wconf 73' lang='lat' dir='ltr'>Gon.</span> <span class='ocrx_word' id='word_1_49' title='bbox 1576 993 1801 1075; x_wconf 74' lang='lat'><strong>1383.</strong></span> <span class='ocrx_word' id='word_1_50' title='bbox 1859 994 1956 1074; x_wconf 79' lang='lat'>19</span> <span class='ocrx_word' id='word_1_51' title='bbox 2012 991 2324 1094; x_wconf 75' lang='lat' dir='ltr'>lipnja,</span> <span class='ocrx_word' id='word_1_52' title='bbox 2376 1012 2437 1073; x_wconf 89' lang='lat' dir='ltr'>u</span> <span class='ocrx_word' id='word_1_53' title='bbox 2490 988 2883 1073; x_wconf 81' lang='lat' dir='ltr'>Mletcih.</span> 
     </span>
    </p>
   </div>
   <div class='ocr_carea' id='block_1_5' title="bbox 436 1127 3167 1299">
    <p class='ocr_par' dir='ltr' id='par_1_5' title="bbox 436 1127 3167 1299">
     <span class='ocr_line' id='line_1_7' title="bbox 436 1127 3167 1211; baseline -0.002 -13"><span class='ocrx_word' id='word_1_54' title='bbox 436 1135 584 1210; x_wconf 78' lang='lat' dir='ltr'>Opet</span> <span class='ocrx_word' id='word_1_55' title='bbox 633 1136 1003 1211; x_wconf 64' lang='lat' dir='ltr'>predloieno,</span> <span class='ocrx_word' id='word_1_56' title='bbox 1051 1137 1134 1196; x_wconf 85' lang='lat' dir='ltr'>da</span> <span class='ocrx_word' id='word_1_57' title='bbox 1181 1154 1244 1196; x_wconf 82' lang='lat' dir='ltr'>se</span> <span class='ocrx_word' id='word_1_58' title='bbox 1288 1137 1405 1196; x_wconf 75' lang='grc' dir='ltr'>ἀνα</span> <span class='ocrx_word' id='word_1_59' title='bbox 1458 1136 1783 1211; x_wconf 75' lang='lat' dir='ltr'>poslanika</span> <span class='ocrx_word' id='word_1_60' title='bbox 1838 1138 2096 1211; x_wconf 79' lang='lat' dir='ltr'>adprave</span> <span class='ocrx_word' id='word_1_61' title='bbox 2141 1154 2184 1196; x_wconf 76' lang='lat' dir='ltr'>u</span> <span class='ocrx_word' id='word_1_62' title='bbox 2241 1127 2519 1211; x_wconf 64' lang='lat' dir='ltr'>Uyarskic</span> <span class='ocrx_word' id='word_1_63' title='bbox 2563 1135 2703 1195; x_wconf 80' lang='lat' dir='ltr'>radi</span> <span class='ocrx_word' id='word_1_64' title='bbox 2747 1134 3018 1196; x_wconf 68' lang='lat' dir='ltr'>vainosti</span> <span class='ocrx_word' id='word_1_65' title='bbox 3056 1152 3167 1209; x_wconf 76' lang='lat' dir='ltr'>po-</span> 
     </span>
     <span class='ocr_line' id='line_1_8' title="bbox 1085 1224 2507 1299; baseline -0.002 -15"><span class='ocrx_word' id='word_1_66' title='bbox 1085 1225 1239 1298; x_wconf 82' lang='lat' dir='ltr'>sala,</span> <span class='ocrx_word' id='word_1_67' title='bbox 1286 1226 1416 1299; x_wconf 81' lang='lat' dir='ltr'>koje</span> <span class='ocrx_word' id='word_1_68' title='bbox 1462 1243 1536 1285; x_wconf 84' lang='lat' dir='ltr'>su</span> <span class='ocrx_word' id='word_1_69' title='bbox 1581 1224 1808 1285; x_wconf 79' lang='lat' dir='ltr'>obaviti</span> <span class='ocrx_word' id='word_1_70' title='bbox 1852 1226 2040 1296; x_wconf 77' lang='lat' dir='ltr'>imali,</span> <span class='ocrx_word' id='word_1_71' title='bbox 2087 1225 2172 1284; x_wconf 85' lang='lat' dir='ltr'>ali</span> <span class='ocrx_word' id='word_1_72' title='bbox 2218 1226 2507 1299; x_wconf 81' lang='lat' dir='ltr'>odbijeno.</span> 
     </span>
    </p>
   </div>
   <div class='ocr_carea' id='block_1_6' title="bbox 434 1343 3287 1518">
    <p class='ocr_par' dir='ltr' id='par_1_6' title="bbox 434 1343 3287 1518">
     <span class='ocr_line' id='line_1_9' title="bbox 655 1343 3287 1424; baseline 0 -17"><span class='ocrx_word' id='word_1_73' title='bbox 655 1343 840 1408; x_wconf 85' lang='lat'><strong>1383.</strong></span> <span class='ocrx_word' id='word_1_74' title='bbox 892 1343 992 1408; x_wconf 88' lang='lat' dir='ltr'>die</span> <span class='ocrx_word' id='word_1_75' title='bbox 1037 1344 1281 1409; x_wconf 85' lang='lat' dir='ltr'>decimo</span> <span class='ocrx_word' id='word_1_76' title='bbox 1341 1363 1499 1410; x_wconf 91' lang='lat' dir='ltr'>nono</span> <span class='ocrx_word' id='word_1_77' title='bbox 1559 1345 1794 1410; x_wconf 82' lang='lat' dir='ltr'>mensis</span> <span class='ocrx_word' id='word_1_78' title='bbox 1865 1345 2039 1424; x_wconf 91' lang='lat' dir='ltr'>iunii,</span> <span class='ocrx_word' id='word_1_79' title='bbox 2085 1345 2419 1410; x_wconf 80' lang='lat' dir='ltr'>indictione</span> <span class='ocrx_word' id='word_1_80' title='bbox 2463 1344 2571 1409; x_wconf 87' lang='lat' dir='ltr'>VI.</span> <span class='ocrx_word' id='word_1_81' title='bbox 2617 1343 3020 1409; x_wconf 80' lang='lat' dir='ltr'>consiliarius</span> <span class='ocrx_word' id='word_1_82' title='bbox 3068 1360 3171 1407; x_wconf 88' lang='lat' dir='ltr'>ser</span> <span class='ocrx_word' id='word_1_83' title='bbox 3282 1377 3287 1380; x_wconf 91' lang='lat'><em>·</em></span> 
     </span>
     <span class='ocr_line' id='line_1_10' title="bbox 434 1430 3285 1518; baseline -0 -21"><span class='ocrx_word' id='word_1_84' title='bbox 434 1431 749 1497; x_wconf 77' lang='lat' dir='ltr'>Jehannes</span> <span class='ocrx_word' id='word_1_85' title='bbox 815 1431 1106 1498; x_wconf 86' lang='lat' dir='ltr'>Storlato.</span> <span class='ocrx_word' id='word_1_86' title='bbox 1156 1430 1334 1511; x_wconf 87' lang='lat' dir='ltr'>Quod</span> <span class='ocrx_word' id='word_1_87' title='bbox 1392 1432 1790 1507; x_wconf 84' lang='lat' dir='ltr'>considerato,</span> <span class='ocrx_word' id='word_1_88' title='bbox 1853 1435 2153 1518; x_wconf 86' lang='lat' dir='ltr'>quantum</span> <span class='ocrx_word' id='word_1_89' title='bbox 2213 1433 2481 1516; x_wconf 87' lang='lat' dir='ltr'>negotia,</span> <span class='ocrx_word' id='word_1_90' title='bbox 2548 1450 2656 1515; x_wconf 90' lang='lat' dir='ltr'>pro</span> <span class='ocrx_word' id='word_1_91' title='bbox 2718 1431 2941 1514; x_wconf 91' lang='lat' dir='ltr'>quibus</span> <span class='ocrx_word' id='word_1_92' title='bbox 2988 1431 3170 1496; x_wconf 90' lang='lat' dir='ltr'>debet</span> <span class='ocrx_word' id='word_1_93' title='bbox 3270 1467 3285 1478; x_wconf 68' lang='lat'>,</span> 
     </span>
    </p>
   </div>
   <div class='ocr_carea' id='block_1_7' title="bbox 425 1518 3249 2307">
    <p class='ocr_par' dir='ltr' id='par_1_7' title="bbox 425 1518 3249 2307">
     <span class='ocr_line' id='line_1_11' title="bbox 432 1518 3169 1605; baseline 0 -22"><span class='ocrx_word' id='word_1_94' title='bbox 432 1521 602 1585; x_wconf 90' lang='lat' dir='ltr'>mitti</span> <span class='ocrx_word' id='word_1_95' title='bbox 648 1519 978 1585; x_wconf 87' lang='lat' dir='ltr'>ambaxata</span> <span class='ocrx_word' id='word_1_96' title='bbox 1023 1522 1101 1586; x_wconf 88' lang='lat' dir='ltr'>ad</span> <span class='ocrx_word' id='word_1_97' title='bbox 1155 1523 1363 1603; x_wconf 85' lang='lat' dir='ltr'>partes</span> <span class='ocrx_word' id='word_1_98' title='bbox 1424 1520 1761 1604; x_wconf 88' lang='lat' dir='ltr'>Hungarie,</span> <span class='ocrx_word' id='word_1_99' title='bbox 1810 1524 1960 1587; x_wconf 89' lang='lat' dir='ltr'>suut</span> <span class='ocrx_word' id='word_1_100' title='bbox 2005 1540 2231 1605; x_wconf 89' lang='lat' dir='ltr'>magna</span> <span class='ocrx_word' id='word_1_101' title='bbox 2274 1523 2341 1585; x_wconf 91' lang='lat' dir='ltr'>et</span> <span class='ocrx_word' id='word_1_102' title='bbox 2386 1520 2600 1596; x_wconf 85' lang='lat' dir='ltr'>ardua,</span> <span class='ocrx_word' id='word_1_103' title='bbox 2648 1518 2712 1582; x_wconf 89' lang='lat' dir='ltr'>iu</span> <span class='ocrx_word' id='word_1_104' title='bbox 2762 1519 2921 1583; x_wconf 89' lang='lat' dir='ltr'>bona</span> <span class='ocrx_word' id='word_1_105' title='bbox 2964 1520 3169 1601; x_wconf 88' lang='lat' dir='ltr'>gratia</span> 
     </span>
     <span class='ocr_line' id='line_1_12' title="bbox 434 1606 3169 1693; baseline -0 -21"><span class='ocrx_word' id='word_1_106' title='bbox 434 1607 566 1672; x_wconf 88' lang='lat' dir='ltr'>fieri</span> <span class='ocrx_word' id='word_1_107' title='bbox 634 1606 899 1673; x_wconf 88' lang='lat' dir='ltr'>debeant</span> <span class='ocrx_word' id='word_1_108' title='bbox 966 1607 1088 1674; x_wconf 91' lang='lat' dir='ltr'>duo</span> <span class='ocrx_word' id='word_1_109' title='bbox 1149 1608 1573 1674; x_wconf 86' lang='lat' dir='ltr'>ambaxatores</span> <span class='ocrx_word' id='word_1_110' title='bbox 1637 1629 1742 1692; x_wconf 91' lang='lat' dir='ltr'>per</span> <span class='ocrx_word' id='word_1_111' title='bbox 1788 1610 2202 1693; x_wconf 84' lang='lat' dir='ltr'>scruptinium</span> <span class='ocrx_word' id='word_1_112' title='bbox 2249 1609 2311 1674; x_wconf 93' lang='lat' dir='ltr'>in</span> <span class='ocrx_word' id='word_1_113' title='bbox 2356 1610 2472 1673; x_wconf 91' lang='lat' dir='ltr'>hoc</span> <span class='ocrx_word' id='word_1_114' title='bbox 2518 1606 2797 1683; x_wconf 90' lang='lat' dir='ltr'>consilio,</span> <span class='ocrx_word' id='word_1_115' title='bbox 2826 1607 2990 1670; x_wconf 90' lang='lat' dir='ltr'>sicut</span> <span class='ocrx_word' id='word_1_116' title='bbox 3035 1608 3169 1671; x_wconf 86' lang='lat' dir='ltr'>erat</span> 
     </span>
     <span class='ocr_line' id='line_1_13' title="bbox 433 1693 3166 1780; baseline -0 -20"><span class='ocrx_word' id='word_1_117' title='bbox 433 1702 684 1778; x_wconf 84' lang='lat' dir='ltr'>captum</span> <span class='ocrx_word' id='word_1_118' title='bbox 750 1696 825 1760; x_wconf 86' lang='lat' dir='ltr'>de</span> <span class='ocrx_word' id='word_1_119' title='bbox 872 1714 1015 1773; x_wconf 89' lang='lat' dir='ltr'>uno,</span> <span class='ocrx_word' id='word_1_120' title='bbox 1064 1697 1167 1780; x_wconf 91' lang='lat' dir='ltr'>qui</span> <span class='ocrx_word' id='word_1_121' title='bbox 1216 1697 1334 1760; x_wconf 90' lang='lat' dir='ltr'>duo</span> <span class='ocrx_word' id='word_1_122' title='bbox 1381 1696 1649 1762; x_wconf 76' lang='lat' dir='ltr'>habeant</span> <span class='ocrx_word' id='word_1_123' title='bbox 1689 1701 1819 1763; x_wconf 89' lang='lat' dir='ltr'>tres</span> <span class='ocrx_word' id='word_1_124' title='bbox 1886 1696 2242 1763; x_wconf 87' lang='lat' dir='ltr'>domicellos</span> <span class='ocrx_word' id='word_1_125' title='bbox 2304 1715 2412 1780; x_wconf 88' lang='lat' dir='ltr'>pro</span> <span class='ocrx_word' id='word_1_126' title='bbox 2477 1694 2774 1778; x_wconf 90' lang='lat' dir='ltr'>quolibet,</span> <span class='ocrx_word' id='word_1_127' title='bbox 2839 1693 3004 1758; x_wconf 88' lang='lat' dir='ltr'>sicut</span> <span class='ocrx_word' id='word_1_128' title='bbox 3046 1693 3166 1759; x_wconf 84' lang='lat' dir='ltr'>fuit</span> 
     </span>
     <span class='ocr_line' id='line_1_14' title="bbox 432 1780 3164 1868; baseline -0.001 -21"><span class='ocrx_word' id='word_1_129' title='bbox 432 1785 683 1866; x_wconf 90' lang='lat' dir='ltr'>captum</span> <span class='ocrx_word' id='word_1_130' title='bbox 730 1782 888 1848; x_wconf 91' lang='lat' dir='ltr'>alias</span> <span class='ocrx_word' id='word_1_131' title='bbox 934 1784 1010 1849; x_wconf 88' lang='lat' dir='ltr'>de</span> <span class='ocrx_word' id='word_1_132' title='bbox 1068 1789 1352 1868; x_wconf 89' lang='lat' dir='ltr'>quatuor,</span> <span class='ocrx_word' id='word_1_133' title='bbox 1425 1804 1568 1850; x_wconf 89' lang='lat' dir='ltr'>cum</span> <span class='ocrx_word' id='word_1_134' title='bbox 1629 1785 1918 1851; x_wconf 89' lang='lat' dir='ltr'>omnibus</span> <span class='ocrx_word' id='word_1_135' title='bbox 1963 1785 2105 1850; x_wconf 89' lang='lat' dir='ltr'>aliis</span> <span class='ocrx_word' id='word_1_136' title='bbox 2136 1784 2605 1850; x_wconf 64' lang='lat' dir='ltr'>‘conditionibus</span> <span class='ocrx_word' id='word_1_137' title='bbox 2652 1783 2809 1846; x_wconf 89' lang='lat' dir='ltr'>alias</span> <span class='ocrx_word' id='word_1_138' title='bbox 2853 1781 3055 1863; x_wconf 89' lang='lat' dir='ltr'>captis</span> <span class='ocrx_word' id='word_1_139' title='bbox 3102 1780 3164 1845; x_wconf 92' lang='lat' dir='ltr'>in</span> 
     </span>
     <span class='ocr_line' id='line_1_15' title="bbox 430 1869 3249 1954; baseline -0.001 -19"><span class='ocrx_word' id='word_1_140' title='bbox 430 1870 543 1935; x_wconf 89' lang='lat' dir='ltr'>boc</span> <span class='ocrx_word' id='word_1_141' title='bbox 590 1870 862 1936; x_wconf 87' lang='lat' dir='ltr'>consilio.</span> <span class='ocrx_word' id='word_1_142' title='bbox 932 1872 1163 1936; x_wconf 90' lang='lat' dir='ltr'>Verum</span> <span class='ocrx_word' id='word_1_143' title='bbox 1226 1891 1334 1953; x_wconf 89' lang='lat' dir='ltr'>pro</span> <span class='ocrx_word' id='word_1_144' title='bbox 1392 1872 1621 1954; x_wconf 79' lang='lat' dir='ltr'>honore</span> <span class='ocrx_word' id='word_1_145' title='bbox 1676 1875 1872 1938; x_wconf 78' lang='lat' dir='ltr'>nostri</span> <span class='ocrx_word' id='word_1_146' title='bbox 1938 1874 2197 1939; x_wconf 90' lang='lat' dir='ltr'>dominii</span> <span class='ocrx_word' id='word_1_147' title='bbox 2244 1875 2310 1938; x_wconf 93' lang='lat' dir='ltr'>et</span> <span class='ocrx_word' id='word_1_148' title='bbox 2355 1876 2425 1938; x_wconf 90' lang='lat' dir='ltr'>ut</span> <span class='ocrx_word' id='word_1_149' title='bbox 2471 1875 2637 1937; x_wconf 87' lang='lat' dir='ltr'>terra</span> <span class='ocrx_word' id='word_1_150' title='bbox 2706 1869 2934 1935; x_wconf 89' lang='lat' dir='ltr'>habeat</span> <span class='ocrx_word' id='word_1_151' title='bbox 2980 1887 3162 1934; x_wconf 90' lang='lat' dir='ltr'>suum</span> <span class='ocrx_word' id='word_1_152' title='bbox 3240 1905 3249 1924; x_wconf 65' lang='grc' dir='ltr'><strong>ι</strong></span> 
     </span>
     <span class='ocr_line' id='line_1_16' title="bbox 428 1958 3167 2043; baseline -0.001 -20"><span class='ocrx_word' id='word_1_153' title='bbox 428 1959 697 2024; x_wconf 86' lang='lat' dir='ltr'>drictum</span> <span class='ocrx_word' id='word_1_154' title='bbox 737 1960 812 2023; x_wconf 92' lang='lat' dir='ltr'>de</span> <span class='ocrx_word' id='word_1_155' title='bbox 863 1959 1199 2025; x_wconf 82' lang='lat' dir='ltr'>sufficienti</span> <span class='ocrx_word' id='word_1_156' title='bbox 1248 1979 1527 2043; x_wconf 86' lang='lat' dir='ltr'>persona,</span> <span class='ocrx_word' id='word_1_157' title='bbox 1577 1961 1837 2026; x_wconf 88' lang='lat' dir='ltr'>debeant</span> <span class='ocrx_word' id='word_1_158' title='bbox 1881 1961 2033 2026; x_wconf 91' lang='lat' dir='ltr'>dicti</span> <span class='ocrx_word' id='word_1_159' title='bbox 2080 1962 2199 2027; x_wconf 91' lang='lat' dir='ltr'>duo</span> <span class='ocrx_word' id='word_1_160' title='bbox 2244 1961 2670 2026; x_wconf 84' lang='lat' dir='ltr'>ambaxatores</span> <span class='ocrx_word' id='word_1_161' title='bbox 2715 1958 2942 2023; x_wconf 88' lang='lat' dir='ltr'>habere</span> <span class='ocrx_word' id='word_1_162' title='bbox 2988 1975 3025 2022; x_wconf 89' lang='lat' dir='ltr'>a</span> <span class='ocrx_word' id='word_1_163' title='bbox 3056 1973 3167 2020; x_wconf 90' lang='lat' dir='ltr'>no-</span> 
     </span>
     <span class='ocr_line' id='line_1_17' title="bbox 430 2044 3163 2133; baseline -0.001 -22"><span class='ocrx_word' id='word_1_164' title='bbox 430 2048 561 2111; x_wconf 89' lang='lat' dir='ltr'>stro</span> <span class='ocrx_word' id='word_1_165' title='bbox 606 2048 920 2112; x_wconf 86' lang='lat' dir='ltr'>communi</span> <span class='ocrx_word' id='word_1_166' title='bbox 976 2046 1231 2113; x_wconf 78' lang='lat' dir='ltr'>ducatos</span> <span class='ocrx_word' id='word_1_167' title='bbox 1294 2050 1544 2113; x_wconf 90' lang='lat' dir='ltr'>centum</span> <span class='ocrx_word' id='word_1_168' title='bbox 1604 2068 1712 2132; x_wconf 88' lang='lat' dir='ltr'>pro</span> <span class='ocrx_word' id='word_1_169' title='bbox 1758 2050 2034 2132; x_wconf 89' lang='lat' dir='ltr'>quolibet</span> <span class='ocrx_word' id='word_1_170' title='bbox 2079 2068 2189 2133; x_wconf 90' lang='lat' dir='ltr'>pro</span> <span class='ocrx_word' id='word_1_171' title='bbox 2237 2052 2369 2114; x_wconf 90' lang='lat' dir='ltr'>toto</span> <span class='ocrx_word' id='word_1_172' title='bbox 2415 2047 2583 2112; x_wconf 87' lang='lat' dir='ltr'>dicto</span> <span class='ocrx_word' id='word_1_173' title='bbox 2636 2046 2837 2128; x_wconf 84' lang='lat' dir='ltr'>viagio</span> <span class='ocrx_word' id='word_1_174' title='bbox 2884 2063 2996 2128; x_wconf 91' lang='lat' dir='ltr'>pro</span> <span class='ocrx_word' id='word_1_175' title='bbox 3066 2044 3163 2107; x_wconf 89' lang='lat' dir='ltr'>in-</span> 
     </span>
     <span class='ocr_line' id='line_1_18' title="bbox 428 2133 3166 2221; baseline -0 -24"><span class='ocrx_word' id='word_1_176' title='bbox 428 2133 669 2200; x_wconf 89' lang='lat' dir='ltr'>duendo</span> <span class='ocrx_word' id='word_1_177' title='bbox 715 2154 800 2214; x_wconf 90' lang='lat' dir='ltr'>se,</span> <span class='ocrx_word' id='word_1_178' title='bbox 849 2138 914 2200; x_wconf 87' lang='lat' dir='ltr'>et</span> <span class='ocrx_word' id='word_1_179' title='bbox 959 2135 1193 2218; x_wconf 86' lang='lat' dir='ltr'>possint</span> <span class='ocrx_word' id='word_1_180' title='bbox 1240 2137 1573 2217; x_wconf 87' lang='lat' dir='ltr'>expendere</span> <span class='ocrx_word' id='word_1_181' title='bbox 1618 2139 1883 2202; x_wconf 80' lang='lat' dir='ltr'>&#39;ducatos</span> <span class='ocrx_word' id='word_1_182' title='bbox 1930 2139 2199 2221; x_wconf 90' lang='lat' dir='ltr'>quinque</span> <span class='ocrx_word' id='word_1_183' title='bbox 2246 2136 2311 2202; x_wconf 90' lang='lat' dir='ltr'>in</span> <span class='ocrx_word' id='word_1_184' title='bbox 2352 2136 2451 2202; x_wconf 89' lang='lat' dir='ltr'>die</span> <span class='ocrx_word' id='word_1_185' title='bbox 2498 2153 2605 2218; x_wconf 91' lang='lat' dir='ltr'>pro</span> <span class='ocrx_word' id='word_1_186' title='bbox 2649 2134 2947 2217; x_wconf 90' lang='lat' dir='ltr'>quolibet,</span> <span class='ocrx_word' id='word_1_187' title='bbox 2997 2133 3166 2197; x_wconf 86' lang='lat' dir='ltr'>sicut</span> 
     </span>
     <span class='ocr_line' id='line_1_19' title="bbox 425 2223 1676 2307; baseline 0.002 -21"><span class='ocrx_word' id='word_1_188' title='bbox 425 2223 620 2305; x_wconf 86' lang='lat' dir='ltr'>pridie</span> <span class='ocrx_word' id='word_1_189' title='bbox 667 2224 922 2307; x_wconf 86' lang='lat' dir='ltr'>captum</span> <span class='ocrx_word' id='word_1_190' title='bbox 966 2223 1089 2288; x_wconf 90' lang='lat' dir='ltr'>fuit</span> <span class='ocrx_word' id='word_1_191' title='bbox 1125 2223 1220 2288; x_wconf 79' lang='lat' dir='ltr'>de·</span> <span class='ocrx_word' id='word_1_192' title='bbox 1247 2243 1371 2288; x_wconf 85' lang='lat' dir='ltr'>sex.</span> <span class='ocrx_word' id='word_1_193' title='bbox 1418 2223 1522 2302; x_wconf 85' lang='lat'>29,</span> <span class='ocrx_word' id='word_1_194' title='bbox 1572 2225 1676 2288; x_wconf 89' lang='grc'>33.</span> 
     </span>
    </p>
   </div>
   <div class='ocr_carea' id='block_1_8' title="bbox 424 2326 3164 2764">
    <p class='ocr_par' dir='ltr' id='par_1_8' title="bbox 424 2326 3164 2764">
     <span class='ocr_line' id='line_1_20' title="bbox 640 2326 3164 2414; baseline -0.001 -21"><span class='ocrx_word' id='word_1_195' title='bbox 640 2327 895 2411; x_wconf 89' lang='lat' dir='ltr'>Sapiens</span> <span class='ocrx_word' id='word_1_196' title='bbox 933 2346 1033 2394; x_wconf 88' lang='lat' dir='ltr'>ser</span> <span class='ocrx_word' id='word_1_197' title='bbox 1103 2328 1381 2394; x_wconf 88' lang='lat' dir='ltr'>Donatus</span> <span class='ocrx_word' id='word_1_198' title='bbox 1448 2329 1699 2395; x_wconf 78' lang='lat' dir='ltr'>Trumo.</span> <span class='ocrx_word' id='word_1_199' title='bbox 1765 2329 1994 2414; x_wconf 87' lang='lat' dir='ltr'>Capta:</span> <span class='ocrx_word' id='word_1_200' title='bbox 2044 2331 2203 2413; x_wconf 90' lang='lat' dir='ltr'>quod</span> <span class='ocrx_word' id='word_1_201' title='bbox 2271 2331 2333 2395; x_wconf 91' lang='lat' dir='ltr'>in</span> <span class='ocrx_word' id='word_1_202' title='bbox 2380 2330 2541 2395; x_wconf 89' lang='lat' dir='ltr'>bona</span> <span class='ocrx_word' id='word_1_203' title='bbox 2599 2327 2804 2412; x_wconf 88' lang='lat' dir='ltr'>gratia</span> <span class='ocrx_word' id='word_1_204' title='bbox 2850 2326 2962 2392; x_wconf 85' lang='lat' dir='ltr'>flat</span> <span class='ocrx_word' id='word_1_205' title='bbox 3008 2344 3164 2391; x_wconf 90' lang='lat' dir='ltr'>unus</span> 
     </span>
     <span class='ocr_line' id='line_1_21' title="bbox 430 2414 3161 2501; baseline 0 -23"><span class='ocrx_word' id='word_1_206' title='bbox 430 2414 783 2480; x_wconf 86' lang='lat' dir='ltr'>amb‘axator</span> <span class='ocrx_word' id='word_1_207' title='bbox 825 2416 899 2480; x_wconf 89' lang='lat' dir='ltr'>ad</span> <span class='ocrx_word' id='word_1_208' title='bbox 947 2418 1154 2498; x_wconf 88' lang='lat' dir='ltr'>partes</span> <span class='ocrx_word' id='word_1_209' title='bbox 1200 2417 1524 2501; x_wconf 88' lang='lat' dir='ltr'>Hungarie</span> <span class='ocrx_word' id='word_1_210' title='bbox 1570 2437 1679 2500; x_wconf 89' lang='lat' dir='ltr'>per</span> <span class='ocrx_word' id='word_1_211' title='bbox 1724 2424 1986 2501; x_wconf 87' lang='lat' dir='ltr'>quatuor</span> <span class='ocrx_word' id='word_1_212' title='bbox 2056 2437 2274 2483; x_wconf 83' lang='lat' dir='ltr'>manus</span> <span class='ocrx_word' id='word_1_213' title='bbox 2321 2419 2696 2484; x_wconf 85' lang='lat' dir='ltr'>electionum</span> <span class='ocrx_word' id='word_1_214' title='bbox 2740 2417 2804 2481; x_wconf 91' lang='lat' dir='ltr'>in</span> <span class='ocrx_word' id='word_1_215' title='bbox 2852 2415 2971 2480; x_wconf 90' lang='lat' dir='ltr'>isto</span> <span class='ocrx_word' id='word_1_216' title='bbox 3017 2431 3161 2478; x_wconf 87' lang='lat' dir='ltr'>con-</span> 
     </span>
     <span class='ocr_line' id='line_1_22' title="bbox 426 2500 3160 2589; baseline 0 -23"><span class='ocrx_word' id='word_1_217' title='bbox 426 2500 582 2576; x_wconf 90' lang='lat' dir='ltr'>silio,</span> <span class='ocrx_word' id='word_1_218' title='bbox 607 2504 712 2586; x_wconf 90' lang='lat' dir='ltr'>qui</span> <span class='ocrx_word' id='word_1_219' title='bbox 738 2503 967 2568; x_wconf 85' lang='lat' dir='ltr'>habeat</span> <span class='ocrx_word' id='word_1_220' title='bbox 990 2503 1065 2569; x_wconf 84' lang='lat' dir='ltr'>de</span> <span class='ocrx_word' id='word_1_221' title='bbox 1101 2504 1326 2570; x_wconf 87' lang='lat' dir='ltr'>salario</span> <span class='ocrx_word' id='word_1_222' title='bbox 1373 2505 1472 2570; x_wconf 87' lang='lat' dir='ltr'>vel</span> <span class='ocrx_word' id='word_1_223' title='bbox 1512 2507 1860 2589; x_wconf 86' lang='lat' dir='ltr'>provisione</span> <span class='ocrx_word' id='word_1_224' title='bbox 1905 2508 2160 2572; x_wconf 84' lang='lat' dir='ltr'>ducatos</span> <span class='ocrx_word' id='word_1_225' title='bbox 2208 2508 2457 2572; x_wconf 89' lang='lat' dir='ltr'>centum</span> <span class='ocrx_word' id='word_1_226' title='bbox 2520 2505 2654 2571; x_wconf 91' lang='lat' dir='ltr'>auri</span> <span class='ocrx_word' id='word_1_227' title='bbox 2698 2523 2807 2588; x_wconf 90' lang='lat' dir='ltr'>pro</span> <span class='ocrx_word' id='word_1_228' title='bbox 2853 2500 3160 2567; x_wconf 88' lang='lat' dir='ltr'>induendo</span> 
     </span>
     <span class='ocr_line' id='line_1_23' title="bbox 424 2590 3157 2674; baseline 0 -20"><span class='ocrx_word' id='word_1_229' title='bbox 424 2607 490 2655; x_wconf 90' lang='lat' dir='ltr'>se</span> <span class='ocrx_word' id='word_1_230' title='bbox 535 2609 644 2674; x_wconf 91' lang='lat' dir='ltr'>pro</span> <span class='ocrx_word' id='word_1_231' title='bbox 691 2592 918 2658; x_wconf 89' lang='lat' dir='ltr'>honore</span> <span class='ocrx_word' id='word_1_232' title='bbox 975 2593 1170 2659; x_wconf 86' lang='lat' dir='ltr'>nostri</span> <span class='ocrx_word' id='word_1_233' title='bbox 1231 2593 1507 2670; x_wconf 88' lang='lat' dir='ltr'>dominii,</span> <span class='ocrx_word' id='word_1_234' title='bbox 1574 2612 1715 2661; x_wconf 90' lang='lat' dir='ltr'>cum</span> <span class='ocrx_word' id='word_1_235' title='bbox 1784 2595 2072 2661; x_wconf 90' lang='lat' dir='ltr'>omnibus</span> <span class='ocrx_word' id='word_1_236' title='bbox 2137 2594 2598 2661; x_wconf 89' lang='lat' dir='ltr'>conditionibus</span> <span class='ocrx_word' id='word_1_237' title='bbox 2645 2595 2710 2659; x_wconf 90' lang='lat' dir='ltr'>et</span> <span class='ocrx_word' id='word_1_238' title='bbox 2756 2591 2955 2658; x_wconf 84' lang='lat' dir='ltr'>modis</span> <span class='ocrx_word' id='word_1_239' title='bbox 3001 2590 3157 2658; x_wconf 91' lang='lat' dir='ltr'>alias</span> 
     </span>
     <span class='ocr_line' id='line_1_24' title="bbox 427 2679 2625 2764; baseline 0.001 -20"><span class='ocrx_word' id='word_1_240' title='bbox 427 2679 626 2763; x_wconf 86' lang='lat' dir='ltr'>captis</span> <span class='ocrx_word' id='word_1_241' title='bbox 673 2681 737 2745; x_wconf 92' lang='lat' dir='ltr'>in</span> <span class='ocrx_word' id='word_1_242' title='bbox 783 2682 896 2746; x_wconf 91' lang='lat' dir='ltr'>hoc</span> <span class='ocrx_word' id='word_1_243' title='bbox 943 2681 1219 2747; x_wconf 88' lang='lat' dir='ltr'>consilio.</span> <span class='ocrx_word' id='word_1_244' title='bbox 1267 2683 1374 2760; x_wconf 89' lang='grc'>43,</span> <span class='ocrx_word' id='word_1_245' title='bbox 1423 2683 1527 2763; x_wconf 86' lang='grc'>47,</span> <span class='ocrx_word' id='word_1_246' title='bbox 1576 2683 1654 2749; x_wconf 88' lang='lat' dir='ltr'>de</span> <span class='ocrx_word' id='word_1_247' title='bbox 1701 2701 1823 2747; x_wconf 90' lang='lat' dir='ltr'>non</span> <span class='ocrx_word' id='word_1_248' title='bbox 1877 2684 1975 2764; x_wconf 78' lang='lat'>12,</span> <span class='ocrx_word' id='word_1_249' title='bbox 2022 2702 2142 2751; x_wconf 91' lang='lat' dir='ltr'>non</span> <span class='ocrx_word' id='word_1_250' title='bbox 2189 2685 2412 2749; x_wconf 90' lang='lat' dir='ltr'>sinceri</span> <span class='ocrx_word' id='word_1_251' title='bbox 2455 2685 2516 2763; x_wconf 80' lang='lat'>2,</span> <span class='ocrx_word' id='word_1_252' title='bbox 2564 2684 2625 2748; x_wconf 93' lang='grc'>6.</span> 
     </span>
    </p>
   </div>
   <div class='ocr_carea' id='block_1_9' title="bbox 514 2788 1856 2863">
    <p class='ocr_par' dir='ltr' id='par_1_9' title="bbox 514 2788 1856 2863">
     <span class='ocr_line' id='line_1_25' title="bbox 514 2788 1856 2863; baseline 0.006 -16"><span class='ocrx_word' id='word_1_253' title='bbox 514 2788 693 2850; x_wconf 79' lang='lat' dir='ltr'>Misti</span> <span class='ocrx_word' id='word_1_254' title='bbox 742 2788 1134 2852; x_wconf 85' lang='lat' dir='ltr'><strong><em>XXXVIII.</em></strong></span> <span class='ocrx_word' id='word_1_255' title='bbox 1184 2794 1285 2863; x_wconf 79' lang='lat'>46,</span> <span class='ocrx_word' id='word_1_256' title='bbox 1331 2810 1374 2852; x_wconf 75' lang='lat' dir='ltr'><em>u</em></span> <span class='ocrx_word' id='word_1_257' title='bbox 1417 2792 1571 2854; x_wconf 70' lang='lat' dir='ltr'>mlet.</span> <span class='ocrx_word' id='word_1_258' title='bbox 1618 2793 1856 2855; x_wconf 78' lang='lat' dir='ltr'>arkivu.</span> 
     </span>
    </p>
   </div>
   <div class='ocr_carea' id='block_1_10' title="bbox 701 2976 2882 3204">
    <p class='ocr_par' dir='ltr' id='par_1_10' title="bbox 701 2976 2882 3204">
     <span class='ocr_line' id='line_1_26' title="bbox 701 2976 2882 3085; baseline 0.001 -25"><span class='ocrx_word' id='word_1_259' title='bbox 701 2976 1284 3062; x_wconf 86' lang='lat' dir='ltr'><strong><em>CCLXXXII.</em></strong></span> <span class='ocrx_word' id='word_1_260' title='bbox 1338 2980 1548 3066; x_wconf 65' lang='grc' dir='ltr'>θοὰ.</span> <span class='ocrx_word' id='word_1_261' title='bbox 1602 2980 1828 3066; x_wconf 82' lang='grc'><strong>1383.</strong></span> <span class='ocrx_word' id='word_1_262' title='bbox 1883 2984 1936 3066; x_wconf 82' lang='grc'><strong>6</strong></span> <span class='ocrx_word' id='word_1_263' title='bbox 1989 2984 2317 3085; x_wconf 68' lang='lat' dir='ltr'>arpina,</span> <span class='ocrx_word' id='word_1_264' title='bbox 2371 3005 2432 3066; x_wconf 89' lang='lat' dir='ltr'>n</span> <span class='ocrx_word' id='word_1_265' title='bbox 2484 2979 2882 3065; x_wconf 78' lang='lat' dir='ltr'>Mletcih.</span> 
     </span>
     <span class='ocr_line' id='line_1_27' title="bbox 1061 3125 2530 3204; baseline 0.003 -20"><span class='ocrx_word' id='word_1_266' title='bbox 1061 3125 1353 3199; x_wconf 67' lang='lat' dir='ltr'>Napatak</span> <span class='ocrx_word' id='word_1_267' title='bbox 1396 3143 1471 3187; x_wconf 64' lang='lat' dir='ltr'>aa</span> <span class='ocrx_word' id='word_1_268' title='bbox 1512 3128 1837 3200; x_wconf 79' lang='lat' dir='ltr'>poslanika</span> <span class='ocrx_word' id='word_1_269' title='bbox 1882 3128 2089 3204; x_wconf 61' lang='lat' dir='ltr'>sancey</span> <span class='ocrx_word' id='word_1_270' title='bbox 2135 3146 2175 3187; x_wconf 76' lang='lat' dir='ltr'><em>u</em></span> <span class='ocrx_word' id='word_1_271' title='bbox 2234 3126 2530 3203; x_wconf 75' lang='lat' dir='ltr'>Uqarsku.</span> 
     </span>
    </p>
   </div>
   <div class='ocr_carea' id='block_1_11' title="bbox 423 3240 3164 4830">
    <p class='ocr_par' dir='ltr' id='par_1_11' title="bbox 423 3240 3164 4643">
     <span class='ocr_line' id='line_1_28' title="bbox 649 3240 3161 3330; baseline 0.001 -27"><span class='ocrx_word' id='word_1_272' title='bbox 649 3240 833 3305; x_wconf 87' lang='grc'><strong>1383.</strong></span> <span class='ocrx_word' id='word_1_273' title='bbox 881 3242 978 3307; x_wconf 92' lang='lat' dir='ltr'>die</span> <span class='ocrx_word' id='word_1_274' title='bbox 1026 3247 1199 3309; x_wconf 84' lang='lat' dir='ltr'>sexto</span> <span class='ocrx_word' id='word_1_275' title='bbox 1246 3248 1474 3312; x_wconf 89' lang='lat' dir='ltr'>mensis</span> <span class='ocrx_word' id='word_1_276' title='bbox 1522 3247 1678 3313; x_wconf 92' lang='lat' dir='ltr'>iulii.</span> <span class='ocrx_word' id='word_1_277' title='bbox 1730 3246 1843 3313; x_wconf 87' lang='lat' dir='ltr'>Ser</span> <span class='ocrx_word' id='word_1_278' title='bbox 1881 3248 2193 3315; x_wconf 86' lang='lat' dir='ltr'>Jobannes</span> <span class='ocrx_word' id='word_1_279' title='bbox 2240 3246 2585 3314; x_wconf 86' lang='lat' dir='ltr'>Gradonico</span> <span class='ocrx_word' id='word_1_280' title='bbox 2629 3246 3014 3330; x_wconf 86' lang='lat' dir='ltr'>procurator,</span> <span class='ocrx_word' id='word_1_281' title='bbox 3062 3261 3161 3307; x_wconf 90' lang='lat' dir='ltr'>ser</span> 
     </span>
     <span class='ocr_line' id='line_1_29' title="bbox 424 3328 3160 3415; baseline 0 -21"><span class='ocrx_word' id='word_1_282' title='bbox 424 3328 764 3394; x_wconf 82' lang='lat' dir='ltr'>Lodovicus</span> <span class='ocrx_word' id='word_1_283' title='bbox 808 3329 1165 3397; x_wconf 88' lang='lat' dir='ltr'>Lauredauo</span> <span class='ocrx_word' id='word_1_284' title='bbox 1212 3337 1587 3415; x_wconf 84' lang='lat' dir='ltr'>procurator,</span> <span class='ocrx_word' id='word_1_285' title='bbox 1638 3355 1738 3401; x_wconf 90' lang='lat' dir='ltr'>ser</span> <span class='ocrx_word' id='word_1_286' title='bbox 1787 3337 2149 3403; x_wconf 89' lang='lat' dir='ltr'>Dominicus</span> <span class='ocrx_word' id='word_1_287' title='bbox 2194 3336 2486 3413; x_wconf 90' lang='lat' dir='ltr'>Michael,</span> <span class='ocrx_word' id='word_1_288' title='bbox 2533 3354 2633 3401; x_wconf 92' lang='lat' dir='ltr'>ser</span> <span class='ocrx_word' id='word_1_289' title='bbox 2677 3333 2943 3399; x_wconf 87' lang='lat' dir='ltr'>Karolus</span> <span class='ocrx_word' id='word_1_290' title='bbox 2989 3330 3160 3397; x_wconf 85' lang='lat' dir='ltr'>Geno</span> 
     </span>
     <span class='ocr_line' id='line_1_30' title="bbox 429 3418 3161 3504; baseline 0.001 -24"><span class='ocrx_word' id='word_1_291' title='bbox 429 3418 745 3500; x_wconf 86' lang='lat' dir='ltr'>sapientes</span> <span class='ocrx_word' id='word_1_292' title='bbox 790 3419 1067 3495; x_wconf 86' lang='lat' dir='ltr'>consilii;</span> <span class='ocrx_word' id='word_1_293' title='bbox 1116 3440 1214 3485; x_wconf 90' lang='lat' dir='ltr'>ser</span> <span class='ocrx_word' id='word_1_294' title='bbox 1260 3422 1482 3488; x_wconf 88' lang='lat' dir='ltr'>Petrus</span> <span class='ocrx_word' id='word_1_295' title='bbox 1527 3421 1804 3504; x_wconf 86' lang='lat' dir='ltr'>Quirino,</span> <span class='ocrx_word' id='word_1_296' title='bbox 1856 3445 1957 3491; x_wconf 87' lang='lat' dir='ltr'>ser</span> <span class='ocrx_word' id='word_1_297' title='bbox 1979 3425 2276 3491; x_wconf 87' lang='lat' dir='ltr'>Nicolaus</span> <span class='ocrx_word' id='word_1_298' title='bbox 2321 3427 2598 3500; x_wconf 86' lang='lat' dir='ltr'>Fuscari,</span> <span class='ocrx_word' id='word_1_299' title='bbox 2651 3443 2748 3487; x_wconf 88' lang='lat' dir='ltr'>ser</span> <span class='ocrx_word' id='word_1_300' title='bbox 2787 3419 3161 3486; x_wconf 87' lang='lat' dir='ltr'>Laurencius</span> 
     </span>
     <span class='ocr_line' id='line_1_31' title="bbox 429 3504 3163 3597; baseline 0.001 -28"><span class='ocrx_word' id='word_1_301' title='bbox 429 3504 825 3583; x_wconf 86' lang='lat' dir='ltr'>Mauroceno‚</span> <span class='ocrx_word' id='word_1_302' title='bbox 875 3527 973 3571; x_wconf 87' lang='lat' dir='ltr'>ser</span> <span class='ocrx_word' id='word_1_303' title='bbox 1019 3509 1265 3573; x_wconf 88' lang='lat' dir='ltr'>Marcus</span> <span class='ocrx_word' id='word_1_304' title='bbox 1335 3510 1729 3596; x_wconf 88' lang='lat' dir='ltr'>Pasqualigo,</span> <span class='ocrx_word' id='word_1_305' title='bbox 1798 3516 2107 3597; x_wconf 90' lang='lat' dir='ltr'>sapientes</span> <span class='ocrx_word' id='word_1_306' title='bbox 2172 3514 2473 3579; x_wconf 86' lang='lat' dir='ltr'>ordinum.</span> <span class='ocrx_word' id='word_1_307' title='bbox 2544 3513 2779 3596; x_wconf 84' lang='lat' dir='ltr'>Capta:</span> <span class='ocrx_word' id='word_1_308' title='bbox 2845 3508 3007 3591; x_wconf 91' lang='lat' dir='ltr'>quod</span> <span class='ocrx_word' id='word_1_309' title='bbox 3049 3508 3163 3572; x_wconf 86' lang='lat' dir='ltr'>fiat</span> 
     </span>
     <span class='ocr_line' id='line_1_32' title="bbox 426 3595 3164 3677; baseline 0 -20"><span class='ocrx_word' id='word_1_310' title='bbox 426 3595 712 3659; x_wconf 89' lang='lat' dir='ltr'>comissio</span> <span class='ocrx_word' id='word_1_311' title='bbox 759 3595 948 3659; x_wconf 89' lang='lat' dir='ltr'>nobili</span> <span class='ocrx_word' id='word_1_312' title='bbox 997 3596 1129 3661; x_wconf 86' lang='lat' dir='ltr'>viro</span> <span class='ocrx_word' id='word_1_313' title='bbox 1175 3615 1275 3661; x_wconf 88' lang='lat' dir='ltr'>ser</span> <span class='ocrx_word' id='word_1_314' title='bbox 1322 3597 1624 3666; x_wconf 86' lang='lat' dir='ltr'>Saraceno</span> <span class='ocrx_word' id='word_1_315' title='bbox 1676 3602 1960 3667; x_wconf 89' lang='lat' dir='ltr'>Dandulo</span> <span class='ocrx_word' id='word_1_316' title='bbox 2007 3602 2386 3667; x_wconf 80' lang='lat' dir='ltr'>ambaxatori</span> <span class='ocrx_word' id='word_1_317' title='bbox 2434 3605 2639 3667; x_wconf 89' lang='lat' dir='ltr'>nostro</span> <span class='ocrx_word' id='word_1_318' title='bbox 2686 3601 2849 3664; x_wconf 90' lang='lat' dir='ltr'>ituro</span> <span class='ocrx_word' id='word_1_319' title='bbox 2895 3597 2971 3662; x_wconf 91' lang='lat' dir='ltr'>ad</span> <span class='ocrx_word' id='word_1_320' title='bbox 3018 3613 3164 3677; x_wconf 90' lang='lat' dir='ltr'>par-</span> 
     </span>
     <span class='ocr_line' id='line_1_33' title="bbox 429 3681 3159 3772; baseline -0.001 -25"><span class='ocrx_word' id='word_1_321' title='bbox 429 3683 525 3747; x_wconf 87' lang='lat' dir='ltr'>tes</span> <span class='ocrx_word' id='word_1_322' title='bbox 571 3681 913 3765; x_wconf 77' lang='lat' dir='ltr'>Hungarie.</span> <span class='ocrx_word' id='word_1_323' title='bbox 941 3683 1002 3746; x_wconf 91' lang='lat' dir='ltr'>in</span> <span class='ocrx_word' id='word_1_324' title='bbox 1051 3685 1164 3749; x_wconf 90' lang='lat' dir='ltr'>hac</span> <span class='ocrx_word' id='word_1_325' title='bbox 1209 3683 1430 3765; x_wconf 85' lang='lat' dir='ltr'>forma,</span> <span class='ocrx_word' id='word_1_326' title='bbox 1493 3687 1812 3753; x_wconf 88' lang='lat' dir='ltr'>videlicet:</span> <span class='ocrx_word' id='word_1_327' title='bbox 1861 3691 2019 3772; x_wconf 89' lang='lat' dir='ltr'>quod</span> <span class='ocrx_word' id='word_1_328' title='bbox 2068 3709 2208 3753; x_wconf 89' lang='lat' dir='ltr'>cum</span> <span class='ocrx_word' id='word_1_329' title='bbox 2259 3690 2455 3754; x_wconf 90' lang='lat' dir='ltr'>literis</span> <span class='ocrx_word' id='word_1_330' title='bbox 2502 3688 2727 3756; x_wconf 89' lang='lat' dir='ltr'>nostris</span> <span class='ocrx_word' id='word_1_331' title='bbox 2772 3683 3159 3750; x_wconf 89' lang='lat' dir='ltr'>credulitatis</span> 
     </span>
     <span class='ocr_line' id='line_1_34' title="bbox 427 3771 3161 3859; baseline 0 -25"><span class='ocrx_word' id='word_1_332' title='bbox 427 3787 783 3853; x_wconf 84' lang='lat' dir='ltr'>comparere</span> <span class='ocrx_word' id='word_1_333' title='bbox 852 3772 1075 3836; x_wconf 87' lang='lat' dir='ltr'>debeat</span> <span class='ocrx_word' id='word_1_334' title='bbox 1139 3790 1343 3838; x_wconf 80' lang='lat' dir='ltr'>coram</span> <span class='ocrx_word' id='word_1_335' title='bbox 1415 3777 1805 3841; x_wconf 87' lang='lat' dir='ltr'>serenissima</span> <span class='ocrx_word' id='word_1_336' title='bbox 1850 3782 1912 3842; x_wconf 91' lang='lat' dir='ltr'>et</span> <span class='ocrx_word' id='word_1_337' title='bbox 1955 3777 2474 3843; x_wconf 86' lang='lat' dir='ltr'>excellentissima</span> <span class='ocrx_word' id='word_1_338' title='bbox 2528 3773 2789 3859; x_wconf 84' lang='lat' dir='ltr'>reginali</span> <span class='ocrx_word' id='word_1_339' title='bbox 2840 3771 3161 3836; x_wconf 82' lang='lat' dir='ltr'>maiestate</span> 
     </span>
     <span class='ocr_line' id='line_1_35' title="bbox 428 3855 3158 3948; baseline 0 -28"><span class='ocrx_word' id='word_1_340' title='bbox 428 3855 768 3941; x_wconf 80' lang='lat' dir='ltr'>Hungarie,</span> <span class='ocrx_word' id='word_1_341' title='bbox 832 3859 932 3924; x_wconf 89' lang='lat' dir='ltr'>cui</span> <span class='ocrx_word' id='word_1_342' title='bbox 996 3858 1158 3924; x_wconf 87' lang='lat' dir='ltr'>facta</span> <span class='ocrx_word' id='word_1_343' title='bbox 1220 3863 1566 3933; x_wconf 61' lang='lat' dir='ltr'>rbverentia</span> <span class='ocrx_word' id='word_1_344' title='bbox 1612 3867 1676 3927; x_wconf 91' lang='lat' dir='ltr'>et</span> <span class='ocrx_word' id='word_1_345' title='bbox 1722 3865 2100 3931; x_wconf 86' lang='lat' dir='ltr'>salutatione</span> <span class='ocrx_word' id='word_1_346' title='bbox 2146 3885 2217 3930; x_wconf 86' lang='lat' dir='ltr'>ex</span> <span class='ocrx_word' id='word_1_347' title='bbox 2263 3868 2438 3948; x_wconf 87' lang='lat' dir='ltr'>parte</span> <span class='ocrx_word' id='word_1_348' title='bbox 2479 3864 2673 3930; x_wconf 88' lang='lat' dir='ltr'>nostri</span> <span class='ocrx_word' id='word_1_349' title='bbox 2715 3860 2970 3925; x_wconf 89' lang='lat' dir='ltr'>dominii</span> <span class='ocrx_word' id='word_1_350' title='bbox 3017 3867 3158 3922; x_wconf 77' lang='lat' dir='ltr'>cum</span> 
     </span>
     <span class='ocr_line' id='line_1_36' title="bbox 430 3946 3161 4033; baseline 0 -25"><span class='ocrx_word' id='word_1_351' title='bbox 430 3946 632 4010; x_wconf 83' lang='lat' dir='ltr'>verbis</span> <span class='ocrx_word' id='word_1_352' title='bbox 680 3947 911 4012; x_wconf 88' lang='lat' dir='ltr'>amoris</span> <span class='ocrx_word' id='word_1_353' title='bbox 959 3951 1023 4012; x_wconf 89' lang='lat' dir='ltr'>et</span> <span class='ocrx_word' id='word_1_354' title='bbox 1068 3948 1441 4033; x_wconf 82' lang='lat' dir='ltr'>dilectionis,</span> <span class='ocrx_word' id='word_1_355' title='bbox 1489 3951 1794 4017; x_wconf 86' lang='lat' dir='ltr'>offerendo</span> <span class='ocrx_word' id='word_1_356' title='bbox 1853 3973 1962 4020; x_wconf 90' lang='lat' dir='ltr'>nos</span> <span class='ocrx_word' id='word_1_357' title='bbox 2008 3957 2073 4018; x_wconf 89' lang='lat' dir='ltr'>et</span> <span class='ocrx_word' id='word_1_358' title='bbox 2140 3972 2466 4019; x_wconf 89' lang='lat' dir='ltr'>commune</span> <span class='ocrx_word' id='word_1_359' title='bbox 2522 3954 2804 4018; x_wconf 89' lang='lat' dir='ltr'>nostrum</span> <span class='ocrx_word' id='word_1_360' title='bbox 2852 3948 2927 4012; x_wconf 87' lang='lat' dir='ltr'>ad</span> <span class='ocrx_word' id='word_1_361' title='bbox 2975 3948 3161 4012; x_wconf 89' lang='lat' dir='ltr'>bene-</span> 
     </span>
     <span class='ocr_line' id='line_1_37' title="bbox 427 4032 3157 4126; baseline -0 -29"><span class='ocrx_word' id='word_1_362' title='bbox 427 4032 658 4114; x_wconf 90' lang='lat' dir='ltr'>placita</span> <span class='ocrx_word' id='word_1_363' title='bbox 700 4038 765 4099; x_wconf 91' lang='lat' dir='ltr'>et</span> <span class='ocrx_word' id='word_1_364' title='bbox 811 4035 1071 4100; x_wconf 87' lang='lat' dir='ltr'>honores</span> <span class='ocrx_word' id='word_1_365' title='bbox 1120 4055 1227 4101; x_wconf 90' lang='lat' dir='ltr'>sue</span> <span class='ocrx_word' id='word_1_366' title='bbox 1276 4039 1565 4121; x_wconf 87' lang='lat' dir='ltr'>reginalis</span> <span class='ocrx_word' id='word_1_367' title='bbox 1613 4042 1993 4118; x_wconf 86' lang='lat' dir='ltr'>maiestatis;</span> <span class='ocrx_word' id='word_1_368' title='bbox 2048 4060 2377 4126; x_wconf 87' lang='lat' dir='ltr'>procurare</span> <span class='ocrx_word' id='word_1_369' title='bbox 2424 4043 2644 4107; x_wconf 88' lang='lat' dir='ltr'>debeat</span> <span class='ocrx_word' id='word_1_370' title='bbox 2683 4039 2757 4102; x_wconf 90' lang='lat' dir='ltr'>de</span> <span class='ocrx_word' id='word_1_371' title='bbox 2804 4033 3157 4117; x_wconf 84' lang='lat' dir='ltr'>accipiendo</span> 
     </span>
     <span class='ocr_line' id='line_1_38' title="bbox 426 4123 3157 4213; baseline 0.001 -30"><span class='ocrx_word' id='word_1_372' title='bbox 426 4124 878 4187; x_wconf 87' lang='lat' dir='ltr'>sacramentum</span> <span class='ocrx_word' id='word_1_373' title='bbox 930 4124 1005 4188; x_wconf 94' lang='lat' dir='ltr'>ab</span> <span class='ocrx_word' id='word_1_374' title='bbox 1056 4123 1194 4207; x_wconf 91' lang='lat' dir='ltr'>ipsa</span> <span class='ocrx_word' id='word_1_375' title='bbox 1238 4125 1500 4210; x_wconf 87' lang='lat' dir='ltr'>reginali</span> <span class='ocrx_word' id='word_1_376' title='bbox 1545 4127 1897 4207; x_wconf 87' lang='lat' dir='ltr'>maiestate,</span> <span class='ocrx_word' id='word_1_377' title='bbox 1945 4129 2108 4195; x_wconf 89' lang='lat' dir='ltr'>sicut</span> <span class='ocrx_word' id='word_1_378' title='bbox 2138 4131 2273 4196; x_wconf 90' lang='lat' dir='ltr'>fieri</span> <span class='ocrx_word' id='word_1_379' title='bbox 2305 4129 2489 4195; x_wconf 87' lang='lat' dir='ltr'>debet</span> <span class='ocrx_word' id='word_1_380' title='bbox 2518 4148 2628 4213; x_wconf 90' lang='lat' dir='ltr'>per</span> <span class='ocrx_word' id='word_1_381' title='bbox 2655 4128 2919 4191; x_wconf 84' lang='lat' dir='ltr'>formam</span> <span class='ocrx_word' id='word_1_382' title='bbox 2965 4123 3157 4207; x_wconf 80' lang='lat' dir='ltr'>pacis,</span> 
     </span>
     <span class='ocr_line' id='line_1_39' title="bbox 428 4208 3160 4308; baseline 0.001 -37"><span class='ocrx_word' id='word_1_383' title='bbox 428 4208 627 4308; x_wconf 79' lang='lat' dir='ltr'>dando</span> <span class='ocrx_word' id='word_1_384' title='bbox 676 4208 737 4274; x_wconf 90' lang='lat' dir='ltr'>in</span> <span class='ocrx_word' id='word_1_385' title='bbox 788 4210 1040 4294; x_wconf 88' lang='lat' dir='ltr'>scriptis</span> <span class='ocrx_word' id='word_1_386' title='bbox 1108 4213 1275 4278; x_wconf 87' lang='lat' dir='ltr'>dicto</span> <span class='ocrx_word' id='word_1_387' title='bbox 1322 4218 1532 4281; x_wconf 86' lang='lat' dir='ltr'>nostro</span> <span class='ocrx_word' id='word_1_388' title='bbox 1599 4217 1989 4284; x_wconf 86' lang='lat' dir='ltr'>ambaxatori</span> <span class='ocrx_word' id='word_1_389' title='bbox 2053 4219 2293 4302; x_wconf 86' lang='lat' dir='ltr'>copiam</span> <span class='ocrx_word' id='word_1_390' title='bbox 2341 4219 2509 4301; x_wconf 88' lang='lat' dir='ltr'>pacis</span> <span class='ocrx_word' id='word_1_391' title='bbox 2555 4215 2851 4299; x_wconf 88' lang='lat' dir='ltr'>predicte,</span> <span class='ocrx_word' id='word_1_392' title='bbox 2900 4229 3019 4295; x_wconf 88' lang='lat' dir='ltr'>que</span> <span class='ocrx_word' id='word_1_393' title='bbox 3066 4210 3160 4274; x_wconf 92' lang='lat' dir='ltr'>lo-</span> 
     </span>
     <span class='ocr_line' id='line_1_40' title="bbox 425 4297 3161 4384; baseline 0.001 -24"><span class='ocrx_word' id='word_1_394' title='bbox 425 4297 634 4378; x_wconf 78' lang='lat' dir='ltr'>quitur</span> <span class='ocrx_word' id='word_1_395' title='bbox 680 4315 864 4380; x_wconf 89' lang='lat' dir='ltr'>super</span> <span class='ocrx_word' id='word_1_396' title='bbox 911 4299 1074 4364; x_wconf 84' lang='lat' dir='ltr'>facto</span> <span class='ocrx_word' id='word_1_397' title='bbox 1124 4303 1418 4381; x_wconf 85' lang='lat' dir='ltr'>predicto,</span> <span class='ocrx_word' id='word_1_398' title='bbox 1467 4305 1532 4368; x_wconf 89' lang='lat' dir='ltr'>et</span> <span class='ocrx_word' id='word_1_399' title='bbox 1577 4302 1839 4370; x_wconf 84' lang='lat' dir='ltr'>formam</span> <span class='ocrx_word' id='word_1_400' title='bbox 1909 4306 2311 4371; x_wconf 88' lang='lat' dir='ltr'>instrumenti</span> <span class='ocrx_word' id='word_1_401' title='bbox 2374 4306 2540 4372; x_wconf 91' lang='lat' dir='ltr'>soliti</span> <span class='ocrx_word' id='word_1_402' title='bbox 2590 4304 2721 4370; x_wconf 90' lang='lat' dir='ltr'>fieri</span> <span class='ocrx_word' id='word_1_403' title='bbox 2762 4303 2836 4366; x_wconf 89' lang='lat' dir='ltr'>de</span> <span class='ocrx_word' id='word_1_404' title='bbox 2882 4301 3016 4384; x_wconf 92' lang='lat' dir='ltr'>ipso</span> <span class='ocrx_word' id='word_1_405' title='bbox 3062 4316 3161 4363; x_wconf 89' lang='lat' dir='ltr'>sa-</span> 
     </span>
     <span class='ocr_line' id='line_1_41' title="bbox 427 4388 3157 4475; baseline 0.003 -28"><span class='ocrx_word' id='word_1_406' title='bbox 427 4388 747 4450; x_wconf 84' lang='lat' dir='ltr'>cramento</span> <span class='ocrx_word' id='word_1_407' title='bbox 797 4388 997 4452; x_wconf 84' lang='lat' dir='ltr'>fiendo</span> <span class='ocrx_word' id='word_1_408' title='bbox 1025 4408 1133 4471; x_wconf 90' lang='lat' dir='ltr'>per</span> <span class='ocrx_word' id='word_1_409' title='bbox 1158 4390 1465 4471; x_wconf 84' lang='lat' dir='ltr'>prefatam</span> <span class='ocrx_word' id='word_1_410' title='bbox 1491 4393 1833 4475; x_wconf 86' lang='lat' dir='ltr'>reginalem</span> <span class='ocrx_word' id='word_1_411' title='bbox 1882 4395 2279 4460; x_wconf 88' lang='lat' dir='ltr'>maiestatem</span> <span class='ocrx_word' id='word_1_412' title='bbox 2319 4413 2459 4459; x_wconf 90' lang='lat' dir='ltr'>cum</span> <span class='ocrx_word' id='word_1_413' title='bbox 2494 4391 2780 4458; x_wconf 91' lang='lat' dir='ltr'>omnibus</span> <span class='ocrx_word' id='word_1_414' title='bbox 2830 4389 3157 4473; x_wconf 86' lang='lat' dir='ltr'>scripturis</span> 
     </span>
     <span class='ocr_line' id='line_1_42' title="bbox 427 4472 3157 4626; baseline 0.002 -87"><span class='ocrx_word' id='word_1_415' title='bbox 427 4476 489 4536; x_wconf 80' lang='lat' dir='ltr'>et</span> <span class='ocrx_word' id='word_1_416' title='bbox 534 4472 1075 4626; x_wconf 53' lang='grc' dir='ltr'>ὲᾳῐῖἑωαιίοῃίὴηε</span> <span class='ocrx_word' id='word_1_417' title='bbox 1145 4481 1527 4561; x_wconf 90' lang='lat' dir='ltr'>opportunis,</span> <span class='ocrx_word' id='word_1_418' title='bbox 1600 4481 1690 4545; x_wconf 79' lang='lat' dir='ltr'>ita</span> <span class='ocrx_word' id='word_1_419' title='bbox 1757 4480 1922 4565; x_wconf 91' lang='lat' dir='ltr'>quod</span> <span class='ocrx_word' id='word_1_420' title='bbox 1983 4483 2177 4548; x_wconf 88' lang='lat' dir='ltr'>nichil</span> <span class='ocrx_word' id='word_1_421' title='bbox 2240 4481 2489 4547; x_wconf 87' lang='lat' dir='ltr'>deficiat</span> <span class='ocrx_word' id='word_1_422' title='bbox 2520 4485 2731 4547; x_wconf 89' lang='lat' dir='ltr'>nostro</span> <span class='ocrx_word' id='word_1_423' title='bbox 2772 4479 3157 4545; x_wconf 86' lang='lat' dir='ltr'>ambaxatori</span> 
     </span>
     <span class='ocr_line' id='line_1_43' title="bbox 423 4577 718 4643; baseline 0.003 -20"><span class='ocrx_word' id='word_1_424' title='bbox 423 4578 531 4643; x_wconf 90' lang='lat' dir='ltr'>pre</span> <span class='ocrx_word' id='word_1_425' title='bbox 576 4577 634 4624; x_wconf 91' lang='lat' dir='ltr'>1c</span> <span class='ocrx_word' id='word_1_426' title='bbox 705 4610 718 4624; x_wconf 92' lang='lat'><strong>.</strong></span> 
     </span>
    </p>

    <p class='ocr_par' dir='ltr' id='par_1_12' title="bbox 423 4648 3164 4830">
     <span class='ocr_line' id='line_1_44' title="bbox 455 4648 3164 4746; baseline 0.004 -33"><span class='ocrx_word' id='word_1_427' title='bbox 455 4731 467 4746; x_wconf 42' lang='lat'><strong>·</strong></span> <span class='ocrx_word' id='word_1_428' title='bbox 633 4648 889 4732; x_wconf 87' lang='lat' dir='ltr'>Insuper</span> <span class='ocrx_word' id='word_1_429' title='bbox 936 4670 1077 4716; x_wconf 87' lang='lat' dir='ltr'>cum</span> <span class='ocrx_word' id='word_1_430' title='bbox 1127 4672 1234 4735; x_wconf 90' lang='lat' dir='ltr'>per</span> <span class='ocrx_word' id='word_1_431' title='bbox 1279 4653 1509 4719; x_wconf 88' lang='lat' dir='ltr'>multos</span> <span class='ocrx_word' id='word_1_432' title='bbox 1555 4655 1632 4721; x_wconf 89' lang='lat' dir='ltr'>de</span> <span class='ocrx_word' id='word_1_433' title='bbox 1681 4656 2013 4723; x_wconf 87' lang='lat' dir='ltr'>baronibus</span> <span class='ocrx_word' id='word_1_434' title='bbox 2065 4662 2130 4723; x_wconf 90' lang='lat' dir='ltr'>et</span> <span class='ocrx_word' id='word_1_435' title='bbox 2175 4659 2434 4741; x_wconf 89' lang='lat' dir='ltr'>prelatis</span> <span class='ocrx_word' id='word_1_436' title='bbox 2481 4656 2870 4723; x_wconf 88' lang='lat' dir='ltr'>serenissime</span> <span class='ocrx_word' id='word_1_437' title='bbox 2915 4657 3164 4742; x_wconf 83' lang='lat' dir='ltr'>regina-</span> 
     </span>
     <span class='ocr_line' id='line_1_45' title="bbox 423 4731 3164 4830; baseline 0.005 -34"><span class='ocrx_word' id='word_1_438' title='bbox 423 4731 505 4797; x_wconf 86' lang='lat' dir='ltr'>hs</span> <span class='ocrx_word' id='word_1_439' title='bbox 551 4735 901 4803; x_wconf 88' lang='lat' dir='ltr'>maiestatis</span> <span class='ocrx_word' id='word_1_440' title='bbox 948 4739 1269 4824; x_wconf 82' lang='lat' dir='ltr'>Hungarie</span> <span class='ocrx_word' id='word_1_441' title='bbox 1315 4741 1504 4808; x_wconf 81' lang='lat' dir='ltr'>fuerit</span> <span class='ocrx_word' id='word_1_442' title='bbox 1534 4743 1699 4809; x_wconf 76' lang='lat' dir='ltr'>facta</span> <span class='ocrx_word' id='word_1_443' title='bbox 1730 4744 1963 4822; x_wconf 81' lang='lat' dir='ltr'>mentio</span> <span class='ocrx_word' id='word_1_444' title='bbox 2004 4748 2235 4812; x_wconf 88' lang='lat' dir='ltr'>nostris</span> <span class='ocrx_word' id='word_1_445' title='bbox 2277 4745 2802 4825; x_wconf 77' lang='lat' dir='ltr'>ambaxatoribus,</span> <span class='ocrx_word' id='word_1_446' title='bbox 2829 4744 2935 4830; x_wconf 84' lang='lat' dir='ltr'>qui</span> <span class='ocrx_word' id='word_1_447' title='bbox 2965 4746 3164 4829; x_wconf 86' lang='lat' dir='ltr'>pridie</span> 
     </span>
    </p>
   </div>
  </div>
 </body>
</html>
