3620 5282
3014 374 3130 438 131

398 541 630 621 pariter
677 543 742 605 et
787 547 1082 605 convento
1129 544 1291 605 inter
1339 542 1610 622 prefatos
1657 541 1938 605 dominos
1986 543 2294 606 Sabandie
2343 544 2635 607 comitem
2704 546 2769 608 et
2816 548 3135 613 ambaxia-

405 631 568 692 tores
614 628 1021 692 Januensinm
1072 632 1252 693 etde
1312 649 1608 693 consensu
1673 633 1735 692 et
1796 632 2176 694 conscientia
2237 633 2541 695 dictorum
2611 632 3000 713 syndicorum
3073 639 3138 700 et

400 717 890 780 ambaxiatorum
920 719 1317 793 Venetorum,
1345 717 1502 798 quod
1530 718 1736 780 omnia
1781 719 2009 792 castra,
2054 720 2313 794 edificia,
2366 721 2610 800 burgos,
2658 720 2872 784 domos
2917 728 2980 785 et
3026 722 3137 786 ha—

406 804 738 866 bitationes
788 823 1204 886 quascumque
1252 806 1413 869 dicte
1464 805 1661 867 insule
1709 805 2213 887 quandocumque
2278 807 2580 886 placuerit
2640 806 2824 871 dictis
2887 810 3135 873 domino

405 892 541 953 duci
585 894 648 956 et
696 893 1120 956 communitati
1171 892 1372 956 Janue
1421 893 1553 972 ipse
1599 892 1885 955 dominus
1935 891 2241 957 Sabaudie
2288 912 2494 956 comes
2543 894 2700 956 dirui
2749 913 2820 959 ac
2852 897 3136 960 demoliri

402 997 438 1040 a
487 997 731 1042 summo
779 998 971 1061 usque
1034 982 1110 1042 ad
1173 979 1460 1042 deorsum
1526 979 1808 1042 totaliter
1876 979 2075 1042 facero
2142 983 2443 1058 teneatur,
2516 981 2866 1061 sumptibus
2930 986 3137 1048 tamen

409 1067 555 1128 dicti
606 1069 949 1130 communis
991 1067 1208 1144 Janue,
1260 1068 1350 1129 sic
1397 1067 1583 1129 etiam
1632 1068 1695 1130 et
1742 1066 1967 1143 taliter,
2018 1070 2172 1147 quod
2223 1088 2532 1151 nunquam
2583 1068 2960 1134 rehedificari
3028 1091 3138 1134 nec

407 1153 673 1216 habitari
723 1155 925 1218 valeat
974 1156 1100 1234 ipse
1147 1156 1334 1218 locus.
1384 1154 1584 1232 Quam
1628 1154 1874 1235 quidem
1928 1155 2358 1218 relaxationem
2394 1159 2457 1217 et
2487 1155 2936 1236 expeditionem
2977 1159 3138 1222 dicte

406 1240 605 1303 insule
652 1239 881 1304 Tenedi
932 1244 995 1305 et
1041 1242 1313 1305 omnium
1367 1243 1778 1323 predictorum
1845 1260 1949 1321 per
2020 1242 2321 1321 prefatum
2396 1242 2710 1305 dominum
2784 1244 3005 1308 ducem
3076 1248 3140 1308 et

404 1346 731 1391 commune
780 1329 1181 1392 veneciarum
1232 1329 1430 1391 eidem
1481 1331 1722 1393 domino
1769 1329 1986 1392 comiti
2035 1329 2223 1392 libere
2271 1333 2336 1392 et
2370 1330 2619 1394 realiter
2652 1333 2722 1393 ut
2753 1333 3139 1411 premittitur

407 1414 605 1479 facere
653 1416 814 1479 infra
859 1419 1102 1497 tempus
1151 1419 1491 1496 predictum
1543 1417 1941 1495 solempniter
1986 1416 2364 1497 promittunt
2410 1418 2559 1479 dicti
2608 1417 2830 1481 sindici
2889 1423 2952 1483 et
2998 1439 3140 1501 pro·

404 1505 718 1566 curatores
770 1507 983 1583 prefati
1033 1504 1266 1566 domini
1315 1504 1486 1566 ducis
1533 1505 1597 1566 et
1643 1505 1987 1566 communis
2055 1504 2452 1566 veneciarum
2519 1504 2845 1568 sindicario
2893 1509 3138 1571 nomine

411 1591 678 1670 ipsorum
730 1591 983 1654 sindicis
1030 1593 1095 1654 et
1143 1593 1638 1672 procuratoribus
1709 1590 2077 1669 supradictis
2139 1591 2371 1654 ‹lomini
2432 1591 2605 1653 ducis
2668 1597 2731 1654 et
2791 1595 3139 1658 communis

408 1678 611 1740 elanne
654 1679 981 1743 sindicario
1026 1681 1269 1741 nomine
1318 1679 1584 1758 ipsorum
1635 1678 2094 1758 recipientibuS,
2144 1680 2208 1740 et
2257 1679 2456 1741 facere
2526 1681 2590 1742 et
2635 1680 2961 1743 observare
3024 1683 3137 1745 sub

411 1784 563 1845 pena
605 1765 971 1829 florenorum
1014 1769 1258 1829 centum
1290 1766 1737 1847 quinquaginta
1766 1766 2008 1827 milium
2040 1766 2180 1829 boni
2206 1768 2335 1828 auri
2386 1769 2451 1828 et
2482 1765 2630 1828 iusti
2668 1766 2965 1847 ponderis.
3013 1770 3137 1836 Pro

409 1871 530 1932 qua
594 1873 753 1933 pena
813 1854 970 1917 iufra
1031 1854 1162 1915 dies
1224 1854 1664 1934 quinquaginta
1729 1852 2004 1932 proxime
2068 1855 2357 1916 venturos
2423 1854 2794 1932 promittuut
2842 1856 3136 1935 deponere

413 1959 591 2019 penes
659 1961 838 2003 unam
903 1961 971 2004 ex
1035 1941 1586 2004 communitatibus
1651 1942 1941 2015 Bononie,
2008 1940 2336 2016 Florentie,
2413 1941 2695 2003 Pisarum
2765 1942 2828 2004 et
2889 1942 3137 2006 Aucoue

412 2026 505 2088 vel
550 2047 734 2107 penes
781 2030 932 2092 duas
979 2029 1250 2109 ipsarum
1300 2028 1815 2090 communitatum
1867 2030 1962 2090 tot
2000 2028 2248 2107 jocalia,
2318 2047 2437 2109 qne
2498 2030 2964 2092 extimabantur
3032 2050 3138 2093 va-

408 2114 553 2177 loris
613 2115 917 2178 dictorum
979 2117 1346 2178 florenorum
1396 2117 1642 2177 centum
1693 2115 2145 2198 quinquaginta
2195 2115 2458 2178 milium.
2538 2113 2667 2192 Que
2738 2116 2981 2196 quidem
3040 2119 3139 2198 jo-

409 2202 566 2265 calia
626 2223 810 2283 penes
874 2222 1055 2266 unam
1106 2203 1199 2265 vel
1247 2203 1400 2265 duas
1448 2222 1518 2263 ex
1569 2204 1749 2264 dictis
1798 2203 2351 2266 communitatibus
2412 2204 2575 2265 stare
2624 2202 2887 2266 debeant
2945 2224 3139 2286 usque

409 2291 484 2351 ad
532 2291 763 2352 dictum
801 2293 1066 2372 tempus,
1116 2309 1235 2370 quo
1286 2292 1444 2352 dicta
1497 2288 1813 2353 restitutio
1859 2289 2085 2352 Tenedi
2136 2289 2372 2371 prefato
2416 2290 2664 2352 domino
2700 2290 3005 2353 Sabaudie
3038 2311 3138 2355 co-

412 2378 547 2438 miti
612 2378 740 2439 fieri
791 2379 971 2441 debet
1013 2381 1080 2440 ut
1129 2396 1333 2457 supra.
1406 2377 1488 2440 Et
1535 2379 1584 2438 si
1650 2378 1818 2439 dicta
1882 2377 2188 2439 restitutio
2252 2377 2412 2439 infra
2474 2377 2709 2440 dictum
2775 2379 3017 2458 tempus
3076 2383 3139 2441 et

411 2465 746 2527 terminum
794 2466 980 2528 suerit
1025 2464 1206 2539 sacta,
1256 2465 1523 2527 debeant
1569 2465 1735 2528 dicta
1769 2464 2000 2545 jocalia
2046 2463 2302 2544 prefatis
2348 2464 2596 2528 domino
2653 2465 2792 2527 duci
2855 2469 2921 2527 et
2975 2485 3139 2529 com-

412 2552 577 2614 muni
629 2553 1026 2616 venetiarum
1099 2553 1193 2615 vel
1240 2571 1449 2614 eorum
1501 2553 1689 2614 certis
1739 2551 1969 2614 nuntiis
2019 2552 2210 2616 libere
2258 2554 2322 2614 et
2368 2552 2606 2635 integre
2665 2553 2908 2615 restitui
2958 2557 3140 2634 atque

413 2641 596 2702 reddi.
656 2639 718 2702 Si
770 2660 911 2703 vero
959 2639 1118 2704 infra
1163 2640 1396 2702 dictum
1451 2643 1695 2720 tempus
1743 2643 1807 2703 et
1859 2639 2188 2703 terminum
2256 2639 2423 2703 dicta
2484 2639 2782 2703 relaxatio
2843 2644 2906 2703 et
2966 2661 3141 2722 expe-

408 2726 559 2813 ditio
597 2729 1011 2808 predictorum
1065 2727 1261 2791 insule
1309 2730 1372 2790 et
1415 2728 1684 2790 locorum
1737 2729 1895 2791 sacta
1946 2747 2062 2790 non
2114 2726 2317 2805 fuerit,
2375 2732 2446 2789 ut
2493 2727 2811 2806 prefertur,
2862 2747 2930 2791 eo
2993 2748 3135 2792 casu

409 2814 576 2876 dicta
624 2814 840 2878 iocalia
888 2815 1178 2894 predictis
1226 2816 1470 2877 domino
1518 2814 1656 2876 duci
1707 2820 1770 2876 et
1839 2816 2149 2877 communi
2213 2815 2412 2878 Janue
2478 2814 2669 2877 libere
2735 2835 2840 2895 per
2901 2816 3136 2879 dictum

410 2902 503 2964 vel
552 2904 749 2965 dictos
799 2905 1205 2983 depositarios
1251 2905 1513 2966 debeant
1558 2902 1824 2982 expediri
1876 2906 1937 2963 et
1988 2902 2146 2964 tradi
2195 2908 2257 2964 et
2304 2921 2454 2981 pene
2503 2904 2771 2981 predicte
2818 2902 3030 2966 cedere
3076 2905 3138 2966 in

408 2991 700 3052 solutum.
774 2988 904 3066 Que
949 2992 1196 3070 quidem
1267 2994 1680 3052 communitas
1727 2994 1789 3051 et
1836 2989 2334 3063 communitates,
2381 3008 2565 3068 penes
2612 3007 2797 3070 quam
2848 2990 2943 3052 vel
2989 3009 3140 3070 quas

408 3077 575 3138 dicta
620 3077 920 3155 depositio
971 3080 1093 3151 fiet,
1140 3078 1359 3158 debeat
1399 3077 1495 3139 vel
1545 3077 1810 3138 debeant
1858 3078 1931 3139 ad
1984 3076 2257 3154 predicta
2319 3095 2382 3137 se
2443 3077 2804 3139 solemniter
2868 3078 3139 3158 obligare

408 3181 548 3225 cum
601 3165 1105 3243 promissionibus
1153 3170 1216 3225 et
1264 3166 1644 3241 iuramentis,
1696 3165 1857 3243 quod
1907 3165 2180 3244 predicta
2205 3164 2432 3225 sacient
2462 3166 2524 3226 et
2556 3164 2973 3243 complebunt,
3023 3184 3138 3228 non

410 3252 799 3313 obstantibus
825 3253 1204 3332 quibuslibet
1240 3252 1607 3332 represaliiS,
1643 3251 2264 3331 compensationibus,
2302 3251 2741 3332 questionibuS,
2767 3253 3030 3331 querelis
3079 3256 3144 3316 et

408 3339 628 3400 ceteris
690 3340 1210 3419 quibuscumque,
1285 3340 1489 3418 vigore
1551 3358 1810 3419 quorum
1876 3339 2185 3401 restitutio
2248 3338 2659 3419 predictorum
2714 3339 3005 3419 jocalium
3074 3343 3142 3403 ut

409 3426 795 3506 premittitur
837 3426 1145 3488 communi
1187 3425 1481 3489 Januensi
1539 3425 1815 3489 facienda
1865 3437 2070 3506 posset
2117 3426 2475 3506 aliqualiter
2522 3426 2828 3506 impediri.
2886 3428 2966 3489 Et
3014 3427 3141 3489 tra-

408 3516 533 3575 dita
578 3513 774 3575 eidem
824 3514 1069 3575 domino
1118 3513 1332 3577 comiti
1397 3517 1507 3575 aut
1552 3516 1683 3575 eius
1745 3515 1931 3577 certis
1992 3514 2229 3576 nunciis
2302 3513 2396 3575 vel
2468 3513 2691 3575 nuncio
2763 3515 3141 3593 possessione

407 3602 565 3663 dicte
613 3600 812 3663 insule
859 3601 933 3663 de
980 3601 1281 3678 Tenedon,
1331 3605 1693 3675 castrorum,
1745 3603 2076 3682 burgorum
2152 3605 2215 3661 et
2285 3601 2789 3679 pertinentiorum
2864 3619 3135 3677 suorum,

410 3689 571 3750 dicte
619 3691 827 3768 partes
877 3690 1201 3751 teneantur
1248 3692 1310 3747 ct
1355 3690 1614 3749 debeant
1680 3707 1886 3750 earum
1949 3688 2313 3766 expensibus
2371 3690 2804 3750 communibus
2869 3690 2941 3751 de
3010 3691 3142 3752 tota

409 3774 681 3853 ipsarum
734 3776 1001 3853 partium
1056 3776 1329 3856 potentia
1377 3779 1693 3856 protegere
1743 3780 1806 3837 et
1852 3774 2169 3838 defensare
2217 3775 2447 3837 dictum
2498 3775 2814 3837 dominum
2849 3776 3137 3838 comitem

409 3868 473 3923 et
526 3862 681 3925 alios
730 3862 956 3927 ibidem
1009 3862 1142 3925 eius
1186 3865 1425 3925 nomine
1474 3864 1851 3942 deputandos
1894 3862 1971 3924 ab
2020 3861 2306 3924 omuibus
2355 3863 2419 3924 et
2464 3867 2679 3923 contra
2739 3880 2971 3938 omneS,
3035 3864 3138 3943 qni

410 3949 633 4012 dictam
687 3950 973 4027 insulam,
1024 3954 1318 4024 castrum,
1385 3951 1609 4030 burgos
1659 3949 1751 4010 vel
1821 3949 2220 4030 pertinentias
2267 3952 2376 4011 aut
2422 3949 2648 4011 ibidem
2722 3967 2831 4029 pro
2895 3951 3141 4011 domino

412 4039 636 4099 comite
683 4038 1036 4100 habitantes
1087 4039 1443 4100 invaderent
1491 4056 1593 4097 seu
1645 4037 1798 4098 alias
1860 4037 2159 4106 offendere
2224 4046 2601 4115 presumeret
2663 4035 2874 4116 quovis
2937 4037 3134 4098 modo.

620 4125 777 4188 Item
829 4145 967 4189 cum
1017 4124 1281 4187 illustris
1330 4128 1392 4185 et
1452 4125 1888 4186 serenissimus
1948 4126 2228 4203 princeps
2291 4129 2352 4184 et
2409 4125 2690 4185 dominus
2756 4122 2979 4185 Petrus
3041 4125 3139 4185 dei

408 4212 608 4289 gratia
653 4231 753 4274 rex
800 4211 1151 4277 Jerusalem
1200 4217 1261 4273 et
1310 4211 1490 4292 Cypri
1546 4228 1659 4272 non
1719 4211 1956 4273 venerit
2018 4230 2127 4274 nec
2187 4211 2605 4273 transmiserit
2666 4210 2932 4290 aliquem
3000 4230 3138 4290 pro-

405 4302 747 4361 curatorem
798 4319 911 4381 pro
960 4301 1092 4379 ipso
1139 4318 1276 4361 cum
1322 4299 1561 4381 ydoneo
1607 4302 1669 4359 et
1716 4297 2045 4361 sufficienti
2099 4298 2391 4360 mandato
2439 4297 2513 4357 ad
2565 4299 2903 4359 tractatum
2974 4300 3140 4377 pacis

405 4386 706 4465 presentis
753 4403 896 4450 curn
947 4386 1363 4451 Januensibus
1412 4384 1716 4461 faciende,
1788 4385 1951 4464 quod
1998 4385 2149 4447 dicti
2198 4385 2418 4447 Veneti
2467 4403 2572 4446 seu
2644 4402 2970 4445 commune
3021 4385 3140 4447 Ve-

404 4474 710 4537 neciarum
761 4492 988 4553 guerra
1033 4474 1290 4537 durante
1337 4473 1608 4554 presenti
1658 4472 1821 4534 inter
1891 4473 2125 4535 dictum
2190 4471 2508 4534 dominum
2578 4490 2780 4551 regem
2847 4472 2909 4533 et
2970 4490 3142 4533 com-

403 4578 584 4623 mune
628 4560 834 4624 Janue
887 4560 962 4622 de
1007 4561 1142 4642 ipso
1189 4561 1435 4623 domino
1486 4577 1624 4635 rege
1672 4562 1736 4621 et
1781 4561 1909 4621 suis
1957 4578 2020 4621 se
2069 4557 2435 4621 nulactenus
2462 4557 2886 4620 intromittent
2910 4557 3142 4619 directe

403 4645 495 4707 vel
543 4647 842 4711 indirecte
895 4649 1140 4726 publice
1191 4649 1285 4713 vel
1350 4647 1621 4709 occulte:
1688 4646 2004 4725 eidemque
2067 4646 2201 4726 ipsa
2266 4645 2533 4725 presenti
2597 4663 2816 4724 guerra
2878 4643 3142 4707 durante

397 4750 517 4797 non
563 4734 866 4815 prebeant
916 4734 1132 4814 quovis
1197 4736 1373 4800 modo
1419 4733 1739 4812 auxilium,
1803 4732 2130 4797 consilium
2197 4734 2292 4796 vel
2355 4730 2652 4795 favorem,
2720 4731 2806 4792 Eo
2867 4731 3137 4808 excepte,

2678 4832 2716 4874 ιιι

3084 4918 3147 4963 ..r-‘⁴1
