<?xml version="1.0" encoding="UTF-8"?>
<!DOCTYPE html PUBLIC "-//W3C//DTD XHTML 1.0 Transitional//EN"
    "http://www.w3.org/TR/xhtml1/DTD/xhtml1-transitional.dtd">
<html xmlns="http://www.w3.org/1999/xhtml" xml:lang="en" lang="en">
 <head>
  <title>
</title>
<meta http-equiv="Content-Type" content="text/html;charset=utf-8" />
  <meta name='ocr-system' content='tesseract 3.04.00' />
  <meta name='ocr-capabilities' content='ocr_page ocr_carea ocr_par ocr_line ocrx_word'/>
</head>
<body>
  <div class='ocr_page' id='page_1' title='image "./monumentaspecta02umjegoog_0230.png"; bbox 0 0 3620 5282; ppageno 0'>
   <div class='ocr_carea' id='block_1_1' title="bbox 506 346 630 411">
    <p class='ocr_par' dir='ltr' id='par_1_1' title="bbox 506 346 630 411">
     <span class='ocr_line' id='line_1_1' title="bbox 506 346 630 411; baseline 0.008 -1"><span class='ocrx_word' id='word_1_1' title='bbox 506 346 630 411; x_wconf 82' lang='lat'>176</span> 
     </span>
    </p>
   </div>
   <div class='ocr_carea' id='block_1_2' title="bbox 480 519 3240 4109">
    <p class='ocr_par' dir='ltr' id='par_1_2' title="bbox 500 519 3240 1131">
     <span class='ocr_line' id='line_1_2' title="bbox 502 519 3240 604; baseline -0.001 -17"><span class='ocrx_word' id='word_1_2' title='bbox 502 523 673 587; x_wconf 89' lang='lat' dir='ltr'>tinne</span> <span class='ocrx_word' id='word_1_3' title='bbox 721 521 1113 604; x_wconf 88' lang='lat' dir='ltr'>depredatur.</span> <span class='ocrx_word' id='word_1_4' title='bbox 1162 522 1243 585; x_wconf 90' lang='lat' dir='ltr'>Et</span> <span class='ocrx_word' id='word_1_5' title='bbox 1287 521 1421 604; x_wconf 90' lang='lat' dir='ltr'>ipse</span> <span class='ocrx_word' id='word_1_6' title='bbox 1468 519 1753 586; x_wconf 90' lang='lat' dir='ltr'>dominus</span> <span class='ocrx_word' id='word_1_7' title='bbox 1817 520 2154 603; x_wconf 87' lang='lat' dir='ltr'>imperator</span> <span class='ocrx_word' id='word_1_8' title='bbox 2203 520 2280 585; x_wconf 96' lang='lat' dir='ltr'>ob</span> <span class='ocrx_word' id='word_1_9' title='bbox 2336 538 2612 585; x_wconf 89' lang='lat' dir='ltr'>amorem</span> <span class='ocrx_word' id='word_1_10' title='bbox 2660 520 2898 586; x_wconf 89' lang='lat' dir='ltr'>ducalis</span> <span class='ocrx_word' id='word_1_11' title='bbox 2961 520 3240 585; x_wconf 89' lang='lat' dir='ltr'>domina·</span> 
     </span>
     <span class='ocr_line' id='line_1_3' title="bbox 506 608 3232 692; baseline 0 -19"><span class='ocrx_word' id='word_1_12' title='bbox 506 610 699 674; x_wconf 92' lang='lat' dir='ltr'>tionis</span> <span class='ocrx_word' id='word_1_13' title='bbox 748 628 891 692; x_wconf 88' lang='lat' dir='ltr'>erga</span> <span class='ocrx_word' id='word_1_14' title='bbox 939 610 1142 692; x_wconf 90' lang='lat' dir='ltr'>ipsum</span> <span class='ocrx_word' id='word_1_15' title='bbox 1191 628 1504 692; x_wconf 85' lang='lat' dir='ltr'>nunquam</span> <span class='ocrx_word' id='word_1_16' title='bbox 1552 610 1751 673; x_wconf 90' lang='lat' dir='ltr'>voluit</span> <span class='ocrx_word' id='word_1_17' title='bbox 1797 609 2010 689; x_wconf 41' lang='lat' dir='ltr'>facere,</span> <span class='ocrx_word' id='word_1_18' title='bbox 2040 609 2376 674; x_wconf 85' lang='lat' dir='ltr'>novitatem</span> <span class='ocrx_word' id='word_1_19' title='bbox 2407 628 2514 673; x_wconf 87' lang='lat' dir='ltr'>uec</span> <span class='ocrx_word' id='word_1_20' title='bbox 2556 628 2620 673; x_wconf 91' lang='lat' dir='ltr'>se</span> <span class='ocrx_word' id='word_1_21' title='bbox 2659 625 2924 675; x_wconf 89' lang='lat' dir='ltr'>movere.</span> <span class='ocrx_word' id='word_1_22' title='bbox 2972 610 3052 673; x_wconf 89' lang='lat' dir='ltr'>Et</span> <span class='ocrx_word' id='word_1_23' title='bbox 3095 608 3232 674; x_wconf 91' lang='lat' dir='ltr'>ideo</span> 
     </span>
     <span class='ocr_line' id='line_1_4' title="bbox 505 696 3235 780; baseline 0 -20"><span class='ocrx_word' id='word_1_24' title='bbox 505 697 785 780; x_wconf 86' lang='lat' dir='ltr'>predicta</span> <span class='ocrx_word' id='word_1_25' title='bbox 830 697 981 761; x_wconf 85' lang='lat' dir='ltr'>facit</span> <span class='ocrx_word' id='word_1_26' title='bbox 1028 697 1321 779; x_wconf 84' lang='lat' dir='ltr'>explicari</span> <span class='ocrx_word' id='word_1_27' title='bbox 1371 696 1573 761; x_wconf 87' lang='lat' dir='ltr'>ducali</span> <span class='ocrx_word' id='word_1_28' title='bbox 1620 696 2046 775; x_wconf 80' lang='lat' dir='ltr'>dominationi,</span> <span class='ocrx_word' id='word_1_29' title='bbox 2099 699 2168 761; x_wconf 90' lang='lat' dir='ltr'>ut</span> <span class='ocrx_word' id='word_1_30' title='bbox 2213 697 2327 761; x_wconf 88' lang='lat' dir='ltr'>hec</span> <span class='ocrx_word' id='word_1_31' title='bbox 2378 696 2541 762; x_wconf 86' lang='lat' dir='ltr'>sciat</span> <span class='ocrx_word' id='word_1_32' title='bbox 2584 699 2648 762; x_wconf 88' lang='lat' dir='ltr'>et</span> <span class='ocrx_word' id='word_1_33' title='bbox 2693 699 3042 779; x_wconf 86' lang='lat' dir='ltr'>eognoscat,</span> <span class='ocrx_word' id='word_1_34' title='bbox 3092 697 3235 778; x_wconf 90' lang='lat' dir='ltr'>quia</span> 
     </span>
     <span class='ocr_line' id='line_1_5' title="bbox 504 784 3237 868; baseline -0.001 -19"><span class='ocrx_word' id='word_1_35' title='bbox 504 789 692 849; x_wconf 88' lang='lat' dir='ltr'>donec</span> <span class='ocrx_word' id='word_1_36' title='bbox 740 785 815 849; x_wconf 89' lang='lat' dir='ltr'>de</span> <span class='ocrx_word' id='word_1_37' title='bbox 863 785 1183 849; x_wconf 89' lang='lat' dir='ltr'>voluntate</span> <span class='ocrx_word' id='word_1_38' title='bbox 1228 785 1465 849; x_wconf 85' lang='lat' dir='ltr'>ducalis</span> <span class='ocrx_word' id='word_1_39' title='bbox 1516 784 1955 849; x_wconf 85' lang='lat' dir='ltr'>dominationis</span> <span class='ocrx_word' id='word_1_40' title='bbox 2004 804 2119 849; x_wconf 92' lang='lat' dir='ltr'>non</span> <span class='ocrx_word' id='word_1_41' title='bbox 2168 786 2501 867; x_wconf 84' lang='lat' dir='ltr'>prooessit,</span> <span class='ocrx_word' id='word_1_42' title='bbox 2569 788 2633 848; x_wconf 92' lang='lat' dir='ltr'>et</span> <span class='ocrx_word' id='word_1_43' title='bbox 2679 804 2744 849; x_wconf 93' lang='lat' dir='ltr'>se</span> <span class='ocrx_word' id='word_1_44' title='bbox 2791 802 2913 849; x_wconf 91' lang='lat' dir='ltr'>non</span> <span class='ocrx_word' id='word_1_45' title='bbox 2973 785 3237 868; x_wconf 91' lang='lat' dir='ltr'>impedi-</span> 
     </span>
     <span class='ocr_line' id='line_1_6' title="bbox 503 871 3237 955; baseline 0 -19"><span class='ocrx_word' id='word_1_46' title='bbox 503 874 679 951; x_wconf 80' lang='lat' dir='ltr'>verit,</span> <span class='ocrx_word' id='word_1_47' title='bbox 737 872 1008 937; x_wconf 76' lang='lat' dir='ltr'>intendit</span> <span class='ocrx_word' id='word_1_48' title='bbox 1054 873 1126 936; x_wconf 87' lang='lat' dir='ltr'>de</span> <span class='ocrx_word' id='word_1_49' title='bbox 1174 874 1307 955; x_wconf 90' lang='lat' dir='ltr'>ipso</span> <span class='ocrx_word' id='word_1_50' title='bbox 1354 873 1555 936; x_wconf 89' lang='lat' dir='ltr'>banno</span> <span class='ocrx_word' id='word_1_51' title='bbox 1602 892 1668 935; x_wconf 87' lang='lat' dir='ltr'>se</span> <span class='ocrx_word' id='word_1_52' title='bbox 1714 874 2000 955; x_wconf 87' lang='lat' dir='ltr'>protinus</span> <span class='ocrx_word' id='word_1_53' title='bbox 2049 871 2387 950; x_wconf 84' lang='lat' dir='ltr'>vendicare,</span> <span class='ocrx_word' id='word_1_54' title='bbox 2436 875 2501 937; x_wconf 92' lang='lat' dir='ltr'>et</span> <span class='ocrx_word' id='word_1_55' title='bbox 2546 873 2718 951; x_wconf 90' lang='lat' dir='ltr'>ide0,</span> <span class='ocrx_word' id='word_1_56' title='bbox 2768 873 2928 955; x_wconf 90' lang='lat' dir='ltr'>quod</span> <span class='ocrx_word' id='word_1_57' title='bbox 2992 872 3237 955; x_wconf 87' lang='lat' dir='ltr'>placeat</span> 
     </span>
     <span class='ocr_line' id='line_1_7' title="bbox 500 960 3232 1043; baseline 0 -20"><span class='ocrx_word' id='word_1_58' title='bbox 500 961 703 1025; x_wconf 91' lang='lat' dir='ltr'>ducali</span> <span class='ocrx_word' id='word_1_59' title='bbox 747 960 1151 1025; x_wconf 85' lang='lat' dir='ltr'>dominationi</span> <span class='ocrx_word' id='word_1_60' title='bbox 1199 980 1307 1043; x_wconf 90' lang='lat' dir='ltr'>per</span> <span class='ocrx_word' id='word_1_61' title='bbox 1353 978 1499 1024; x_wconf 87' lang='lat' dir='ltr'>suas</span> <span class='ocrx_word' id='word_1_62' title='bbox 1530 960 1769 1024; x_wconf 75' lang='lat' dir='ltr'>litteras</span> <span class='ocrx_word' id='word_1_63' title='bbox 1798 961 2065 1024; x_wconf 86' lang='lat' dir='ltr'>scribere</span> <span class='ocrx_word' id='word_1_64' title='bbox 2112 960 2210 1024; x_wconf 85' lang='lat' dir='ltr'>vel</span> <span class='ocrx_word' id='word_1_65' title='bbox 2258 962 2508 1025; x_wconf 87' lang='lat' dir='ltr'>mittere</span> <span class='ocrx_word' id='word_1_66' title='bbox 2548 960 2795 1026; x_wconf 91' lang='lat' dir='ltr'>domino</span> <span class='ocrx_word' id='word_1_67' title='bbox 2821 962 3039 1038; x_wconf 89' lang='lat' dir='ltr'>banno,</span> <span class='ocrx_word' id='word_1_68' title='bbox 3076 961 3232 1042; x_wconf 91' lang='lat' dir='ltr'>quod</span> 
     </span>
     <span class='ocr_line' id='line_1_8' title="bbox 500 1047 3231 1131; baseline 0 -20"><span class='ocrx_word' id='word_1_69' title='bbox 500 1049 689 1113; x_wconf 88' lang='lat' dir='ltr'>faciat</span> <span class='ocrx_word' id='word_1_70' title='bbox 735 1049 980 1113; x_wconf 88' lang='lat' dir='ltr'>restitui</span> <span class='ocrx_word' id='word_1_71' title='bbox 1026 1048 1266 1125; x_wconf 88' lang='lat' dir='ltr'>damna,</span> <span class='ocrx_word' id='word_1_72' title='bbox 1316 1049 1381 1112; x_wconf 92' lang='lat' dir='ltr'>et</span> <span class='ocrx_word' id='word_1_73' title='bbox 1424 1050 1676 1129; x_wconf 82' lang='lat' dir='ltr'>accepta</span> <span class='ocrx_word' id='word_1_74' title='bbox 1720 1048 2020 1125; x_wconf 87' lang='lat' dir='ltr'>dimittat,</span> <span class='ocrx_word' id='word_1_75' title='bbox 2070 1048 2252 1112; x_wconf 88' lang='lat' dir='ltr'>aliter</span> <span class='ocrx_word' id='word_1_76' title='bbox 2299 1068 2364 1113; x_wconf 91' lang='lat' dir='ltr'>se</span> <span class='ocrx_word' id='word_1_77' title='bbox 2409 1067 2530 1112; x_wconf 92' lang='lat' dir='ltr'>non</span> <span class='ocrx_word' id='word_1_78' title='bbox 2586 1047 2820 1131; x_wconf 86' lang='lat' dir='ltr'>poterit</span> <span class='ocrx_word' id='word_1_79' title='bbox 2865 1048 3231 1112; x_wconf 84' lang='lat' dir='ltr'>substinere.</span> 
     </span>
    </p>

    <p class='ocr_par' dir='ltr' id='par_1_3' title="bbox 480 1135 3236 3151">
     <span class='ocr_line' id='line_1_9' title="bbox 718 1135 3236 1219; baseline 0.001 -21"><span class='ocrx_word' id='word_1_80' title='bbox 718 1137 814 1200; x_wconf 86' lang='lat'>10.</span> <span class='ocrx_word' id='word_1_81' title='bbox 862 1137 1022 1200; x_wconf 85' lang='lat' dir='ltr'>Item</span> <span class='ocrx_word' id='word_1_82' title='bbox 1068 1135 1305 1200; x_wconf 86' lang='lat' dir='ltr'>ducalis</span> <span class='ocrx_word' id='word_1_83' title='bbox 1352 1136 1687 1199; x_wconf 86' lang='lat' dir='ltr'>dominatio</span> <span class='ocrx_word' id='word_1_84' title='bbox 1736 1135 1912 1199; x_wconf 91' lang='lat' dir='ltr'>misit</span> <span class='ocrx_word' id='word_1_85' title='bbox 1959 1136 2073 1199; x_wconf 91' lang='lat' dir='ltr'>boc</span> <span class='ocrx_word' id='word_1_86' title='bbox 2135 1154 2294 1201; x_wconf 89' lang='lat' dir='ltr'>anno</span> <span class='ocrx_word' id='word_1_87' title='bbox 2341 1155 2524 1201; x_wconf 90' lang='lat' dir='ltr'>suum</span> <span class='ocrx_word' id='word_1_88' title='bbox 2586 1136 2966 1219; x_wconf 87' lang='lat' dir='ltr'>solempnem</span> <span class='ocrx_word' id='word_1_89' title='bbox 3022 1136 3236 1200; x_wconf 87' lang='lat' dir='ltr'>amba-</span> 
     </span>
     <span class='ocr_line' id='line_1_10' title="bbox 501 1223 3227 1306; baseline 0 -19"><span class='ocrx_word' id='word_1_90' title='bbox 501 1227 774 1288; x_wconf 84' lang='lat' dir='ltr'>xatorem</span> <span class='ocrx_word' id='word_1_91' title='bbox 825 1224 1139 1287; x_wconf 90' lang='lat' dir='ltr'>dominum</span> <span class='ocrx_word' id='word_1_92' title='bbox 1206 1223 1620 1288; x_wconf 81' lang='lat' dir='ltr'>marchionem</span> <span class='ocrx_word' id='word_1_93' title='bbox 1682 1223 2102 1300; x_wconf 79' lang='lat' dir='ltr'>Bondenecie,</span> <span class='ocrx_word' id='word_1_94' title='bbox 2161 1225 2225 1287; x_wconf 91' lang='lat' dir='ltr'>et</span> <span class='ocrx_word' id='word_1_95' title='bbox 2287 1225 2448 1288; x_wconf 89' lang='lat' dir='ltr'>inter</span> <span class='ocrx_word' id='word_1_96' title='bbox 2509 1228 2712 1288; x_wconf 87' lang='lat' dir='ltr'>cetera</span> <span class='ocrx_word' id='word_1_97' title='bbox 2776 1224 3103 1306; x_wconf 89' lang='lat' dir='ltr'>requisivit</span> <span class='ocrx_word' id='word_1_98' title='bbox 3152 1223 3227 1287; x_wconf 91' lang='lat' dir='ltr'>de</span> 
     </span>
     <span class='ocr_line' id='line_1_11' title="bbox 501 1311 3231 1393; baseline -0.001 -17"><span class='ocrx_word' id='word_1_99' title='bbox 501 1313 669 1376; x_wconf 89' lang='lat' dir='ltr'>certo</span> <span class='ocrx_word' id='word_1_100' title='bbox 716 1312 940 1375; x_wconf 92' lang='lat' dir='ltr'>damno</span> <span class='ocrx_word' id='word_1_101' title='bbox 1000 1311 1147 1375; x_wconf 91' lang='lat' dir='ltr'>dato</span> <span class='ocrx_word' id='word_1_102' title='bbox 1216 1311 1277 1374; x_wconf 91' lang='lat' dir='ltr'>in</span> <span class='ocrx_word' id='word_1_103' title='bbox 1338 1311 1599 1393; x_wconf 84' lang='lat' dir='ltr'>quadam</span> <span class='ocrx_word' id='word_1_104' title='bbox 1666 1313 1809 1375; x_wconf 89' lang='lat' dir='ltr'>navi</span> <span class='ocrx_word' id='word_1_105' title='bbox 1872 1312 1996 1375; x_wconf 92' lang='lat' dir='ltr'>viro</span> <span class='ocrx_word' id='word_1_106' title='bbox 2060 1314 2278 1376; x_wconf 90' lang='lat' dir='ltr'>veneto</span> <span class='ocrx_word' id='word_1_107' title='bbox 2342 1311 2406 1374; x_wconf 93' lang='lat' dir='ltr'>in</span> <span class='ocrx_word' id='word_1_108' title='bbox 2472 1312 2753 1393; x_wconf 89' lang='lat' dir='ltr'>partibus</span> <span class='ocrx_word' id='word_1_109' title='bbox 2801 1311 3076 1376; x_wconf 89' lang='lat' dir='ltr'>Avalone</span> <span class='ocrx_word' id='word_1_110' title='bbox 3123 1330 3231 1393; x_wconf 92' lang='lat' dir='ltr'>per</span> 
     </span>
     <span class='ocr_line' id='line_1_12' title="bbox 504 1398 3230 1483; baseline -0.001 -19"><span class='ocrx_word' id='word_1_111' title='bbox 504 1401 835 1483; x_wconf 84' lang='lat' dir='ltr'>cognatum</span> <span class='ocrx_word' id='word_1_112' title='bbox 901 1398 1133 1463; x_wconf 87' lang='lat' dir='ltr'>domini</span> <span class='ocrx_word' id='word_1_113' title='bbox 1198 1400 1609 1480; x_wconf 79' lang='lat' dir='ltr'>imperatoris,</span> <span class='ocrx_word' id='word_1_114' title='bbox 1682 1399 1765 1462; x_wconf 85' lang='lat' dir='ltr'>Et</span> <span class='ocrx_word' id='word_1_115' title='bbox 1813 1398 2098 1463; x_wconf 89' lang='lat' dir='ltr'>dominus</span> <span class='ocrx_word' id='word_1_116' title='bbox 2160 1399 2495 1481; x_wconf 90' lang='lat' dir='ltr'>imperator</span> <span class='ocrx_word' id='word_1_117' title='bbox 2559 1399 2735 1463; x_wconf 88' lang='lat' dir='ltr'>misit</span> <span class='ocrx_word' id='word_1_118' title='bbox 2797 1399 3075 1481; x_wconf 90' lang='lat' dir='ltr'>predicto</span> <span class='ocrx_word' id='word_1_119' title='bbox 3123 1416 3230 1462; x_wconf 89' lang='lat' dir='ltr'>suo</span> 
     </span>
     <span class='ocr_line' id='line_1_13' title="bbox 506 1486 3233 1569; baseline -0 -17"><span class='ocrx_word' id='word_1_120' title='bbox 506 1489 785 1569; x_wconf 89' lang='lat' dir='ltr'>cognato,</span> <span class='ocrx_word' id='word_1_121' title='bbox 828 1489 892 1551; x_wconf 88' lang='lat' dir='ltr'>et</span> <span class='ocrx_word' id='word_1_122' title='bbox 934 1488 1220 1569; x_wconf 85' lang='lat' dir='ltr'>gravavit</span> <span class='ocrx_word' id='word_1_123' title='bbox 1258 1506 1323 1549; x_wconf 90' lang='lat' dir='ltr'>se</span> <span class='ocrx_word' id='word_1_124' title='bbox 1369 1486 1444 1550; x_wconf 91' lang='lat' dir='ltr'>de</span> <span class='ocrx_word' id='word_1_125' title='bbox 1493 1487 1694 1562; x_wconf 77' lang='lat' dir='ltr'>fact03</span> <span class='ocrx_word' id='word_1_126' title='bbox 1756 1488 1862 1569; x_wconf 91' lang='lat' dir='ltr'>qui</span> <span class='ocrx_word' id='word_1_127' title='bbox 1909 1487 2100 1563; x_wconf 83' lang='lat' dir='ltr'>dixit,</span> <span class='ocrx_word' id='word_1_128' title='bbox 2150 1489 2310 1569; x_wconf 91' lang='lat' dir='ltr'>quod</span> <span class='ocrx_word' id='word_1_129' title='bbox 2361 1490 2614 1569; x_wconf 88' lang='lat' dir='ltr'>accepta</span> <span class='ocrx_word' id='word_1_130' title='bbox 2660 1505 2779 1551; x_wconf 91' lang='lat' dir='ltr'>non</span> <span class='ocrx_word' id='word_1_131' title='bbox 2841 1486 3085 1551; x_wconf 84' lang='lat' dir='ltr'>fuerant</span> <span class='ocrx_word' id='word_1_132' title='bbox 3130 1505 3233 1551; x_wconf 91' lang='lat' dir='ltr'>ve-</span> 
     </span>
     <span class='ocr_line' id='line_1_14' title="bbox 504 1573 3231 1658; baseline -0.001 -19"><span class='ocrx_word' id='word_1_133' title='bbox 504 1576 654 1653; x_wconf 91' lang='lat' dir='ltr'>neti,</span> <span class='ocrx_word' id='word_1_134' title='bbox 705 1575 810 1640; x_wconf 86' lang='lat' dir='ltr'>sed</span> <span class='ocrx_word' id='word_1_135' title='bbox 857 1573 1114 1640; x_wconf 89' lang='lat' dir='ltr'>alterius</span> <span class='ocrx_word' id='word_1_136' title='bbox 1161 1593 1435 1657; x_wconf 87' lang='lat' dir='ltr'>persone.</span> <span class='ocrx_word' id='word_1_137' title='bbox 1480 1575 1562 1642; x_wconf 84' lang='lat' dir='ltr'>Et</span> <span class='ocrx_word' id='word_1_138' title='bbox 1608 1578 1754 1639; x_wconf 89' lang='lat' dir='ltr'>tunc</span> <span class='ocrx_word' id='word_1_139' title='bbox 1802 1575 2085 1639; x_wconf 92' lang='lat' dir='ltr'>dominus</span> <span class='ocrx_word' id='word_1_140' title='bbox 2133 1575 2473 1658; x_wconf 88' lang='lat' dir='ltr'>imperator</span> <span class='ocrx_word' id='word_1_141' title='bbox 2514 1575 2682 1639; x_wconf 87' lang='lat' dir='ltr'>aliud</span> <span class='ocrx_word' id='word_1_142' title='bbox 2733 1591 2852 1638; x_wconf 91' lang='lat' dir='ltr'>non</span> <span class='ocrx_word' id='word_1_143' title='bbox 2895 1574 3072 1652; x_wconf 87' lang='lat' dir='ltr'>dixit,</span> <span class='ocrx_word' id='word_1_144' title='bbox 3123 1573 3231 1638; x_wconf 86' lang='lat' dir='ltr'>sed</span> 
     </span>
     <span class='ocr_line' id='line_1_15' title="bbox 480 1662 3230 1745; baseline -0 -18"><span class='ocrx_word' id='word_1_145' title='bbox 480 1664 756 1744; x_wconf 56' lang='lat' dir='ltr'>⁴tandem</span> <span class='ocrx_word' id='word_1_146' title='bbox 806 1663 934 1744; x_wconf 90' lang='lat' dir='ltr'>ipse</span> <span class='ocrx_word' id='word_1_147' title='bbox 982 1666 1281 1744; x_wconf 88' lang='lat' dir='ltr'>cognatus</span> <span class='ocrx_word' id='word_1_148' title='bbox 1328 1662 1558 1726; x_wconf 88' lang='lat' dir='ltr'>domini</span> <span class='ocrx_word' id='word_1_149' title='bbox 1606 1662 1996 1745; x_wconf 88' lang='lat' dir='ltr'>imperatoris</span> <span class='ocrx_word' id='word_1_150' title='bbox 2044 1662 2203 1727; x_wconf 83' lang='lat' dir='ltr'>dixit</span> <span class='ocrx_word' id='word_1_151' title='bbox 2248 1664 2313 1727; x_wconf 92' lang='lat' dir='ltr'>et</span> <span class='ocrx_word' id='word_1_152' title='bbox 2356 1662 2587 1727; x_wconf 89' lang='lat' dir='ltr'>obtulit</span> <span class='ocrx_word' id='word_1_153' title='bbox 2642 1663 2889 1727; x_wconf 88' lang='lat' dir='ltr'>mittere</span> <span class='ocrx_word' id='word_1_154' title='bbox 2937 1663 3230 1727; x_wconf 82' lang='lat' dir='ltr'>Venetiae</span> 
     </span>
     <span class='ocr_line' id='line_1_16' title="bbox 495 1750 3226 1833; baseline -0 -19"><span class='ocrx_word' id='word_1_155' title='bbox 495 1753 572 1814; x_wconf 87' lang='lat' dir='ltr'>ad</span> <span class='ocrx_word' id='word_1_156' title='bbox 612 1750 898 1816; x_wconf 83' lang='lat' dir='ltr'>ducalem</span> <span class='ocrx_word' id='word_1_157' title='bbox 944 1750 1465 1828; x_wconf 85' lang='lat' dir='ltr'>dominationem,</span> <span class='ocrx_word' id='word_1_158' title='bbox 1524 1751 1590 1813; x_wconf 90' lang='lat' dir='ltr'>et</span> <span class='ocrx_word' id='word_1_159' title='bbox 1650 1752 1703 1814; x_wconf 89' lang='lat' dir='ltr'>si</span> <span class='ocrx_word' id='word_1_160' title='bbox 1770 1751 2143 1833; x_wconf 76' lang='lat' dir='ltr'>reperiretur</span> <span class='ocrx_word' id='word_1_161' title='bbox 2194 1751 2483 1815; x_wconf 88' lang='lat' dir='ltr'>venetum</span> <span class='ocrx_word' id='word_1_162' title='bbox 2547 1770 2679 1815; x_wconf 91' lang='lat' dir='ltr'>esse</span> <span class='ocrx_word' id='word_1_163' title='bbox 2741 1750 3226 1829; x_wconf 85' lang='lat' dir='ltr'>damnificatum,</span> 
     </span>
     <span class='ocr_line' id='line_1_17' title="bbox 494 1837 3228 1921; baseline -0 -20"><span class='ocrx_word' id='word_1_164' title='bbox 494 1839 727 1903; x_wconf 86' lang='lat' dir='ltr'>faceret</span> <span class='ocrx_word' id='word_1_165' title='bbox 772 1838 981 1902; x_wconf 88' lang='lat' dir='ltr'>omnia</span> <span class='ocrx_word' id='word_1_166' title='bbox 1025 1838 1415 1921; x_wconf 87' lang='lat' dir='ltr'>integraliter</span> <span class='ocrx_word' id='word_1_167' title='bbox 1460 1837 1794 1902; x_wconf 85' lang='lat' dir='ltr'>emendari.</span> <span class='ocrx_word' id='word_1_168' title='bbox 1846 1839 1984 1920; x_wconf 91' lang='lat' dir='ltr'>Ipse</span> <span class='ocrx_word' id='word_1_169' title='bbox 2028 1857 2170 1903; x_wconf 90' lang='lat' dir='ltr'>vero</span> <span class='ocrx_word' id='word_1_170' title='bbox 2217 1842 2516 1921; x_wconf 88' lang='lat' dir='ltr'>cognatus</span> <span class='ocrx_word' id='word_1_171' title='bbox 2563 1838 2794 1904; x_wconf 88' lang='lat' dir='ltr'>domini</span> <span class='ocrx_word' id='word_1_172' title='bbox 2843 1838 3228 1920; x_wconf 89' lang='lat' dir='ltr'>imperatoris</span> 
     </span>
     <span class='ocr_line' id='line_1_18' title="bbox 493 1924 3228 2009; baseline -0 -19"><span class='ocrx_word' id='word_1_173' title='bbox 493 1944 614 1990; x_wconf 91' lang='lat' dir='ltr'>non</span> <span class='ocrx_word' id='word_1_174' title='bbox 660 1924 889 2002; x_wconf 88' lang='lat' dir='ltr'>missit,</span> <span class='ocrx_word' id='word_1_175' title='bbox 936 1925 1011 1989; x_wconf 91' lang='lat' dir='ltr'>de</span> <span class='ocrx_word' id='word_1_176' title='bbox 1059 1944 1176 2008; x_wconf 92' lang='lat' dir='ltr'>quo</span> <span class='ocrx_word' id='word_1_177' title='bbox 1224 1926 1508 1989; x_wconf 89' lang='lat' dir='ltr'>dominus</span> <span class='ocrx_word' id='word_1_178' title='bbox 1559 1927 1897 2007; x_wconf 89' lang='lat' dir='ltr'>imperator</span> <span class='ocrx_word' id='word_1_179' title='bbox 1944 1926 2278 1990; x_wconf 90' lang='lat' dir='ltr'>molestum</span> <span class='ocrx_word' id='word_1_180' title='bbox 2308 1926 2549 2002; x_wconf 88' lang='lat' dir='ltr'>babuit,</span> <span class='ocrx_word' id='word_1_181' title='bbox 2603 1926 2710 1990; x_wconf 87' lang='lat' dir='ltr'>sed</span> <span class='ocrx_word' id='word_1_182' title='bbox 2760 1928 3013 2009; x_wconf 86' lang='lat' dir='ltr'>propter</span> <span class='ocrx_word' id='word_1_183' title='bbox 3057 1942 3228 1990; x_wconf 88' lang='lat' dir='ltr'>amo-</span> 
     </span>
     <span class='ocr_line' id='line_1_19' title="bbox 492 2012 3226 2097; baseline -0.001 -18"><span class='ocrx_word' id='word_1_184' title='bbox 492 2032 625 2079; x_wconf 90' lang='lat' dir='ltr'>rem</span> <span class='ocrx_word' id='word_1_185' title='bbox 671 2013 916 2078; x_wconf 89' lang='lat' dir='ltr'>domine</span> <span class='ocrx_word' id='word_1_186' title='bbox 964 2014 1376 2095; x_wconf 86' lang='lat' dir='ltr'>imperatricis</span> <span class='ocrx_word' id='word_1_187' title='bbox 1414 2012 1580 2078; x_wconf 88' lang='lat' dir='ltr'>aliud</span> <span class='ocrx_word' id='word_1_188' title='bbox 1625 2013 1831 2078; x_wconf 87' lang='lat' dir='ltr'>dicere</span> <span class='ocrx_word' id='word_1_189' title='bbox 1878 2032 1996 2077; x_wconf 91' lang='lat' dir='ltr'>non</span> <span class='ocrx_word' id='word_1_190' title='bbox 2043 2016 2268 2097; x_wconf 88' lang='lat' dir='ltr'>potest.</span> <span class='ocrx_word' id='word_1_191' title='bbox 2312 2014 2543 2078; x_wconf 89' lang='lat' dir='ltr'>Verum</span> <span class='ocrx_word' id='word_1_192' title='bbox 2592 2014 2747 2079; x_wconf 89' lang='lat' dir='ltr'>dicit</span> <span class='ocrx_word' id='word_1_193' title='bbox 2774 2014 3059 2078; x_wconf 90' lang='lat' dir='ltr'>dominus</span> <span class='ocrx_word' id='word_1_194' title='bbox 3108 2014 3226 2076; x_wconf 90' lang='lat' dir='ltr'>im-</span> 
     </span>
     <span class='ocr_line' id='line_1_20' title="bbox 492 2100 3227 2184; baseline -0.001 -18"><span class='ocrx_word' id='word_1_195' title='bbox 492 2105 758 2184; x_wconf 90' lang='lat' dir='ltr'>perator,</span> <span class='ocrx_word' id='word_1_196' title='bbox 792 2101 951 2184; x_wconf 89' lang='lat' dir='ltr'>quod</span> <span class='ocrx_word' id='word_1_197' title='bbox 986 2119 1170 2182; x_wconf 90' lang='lat' dir='ltr'>supra</span> <span class='ocrx_word' id='word_1_198' title='bbox 1203 2103 1435 2165; x_wconf 88' lang='lat' dir='ltr'>dictum</span> <span class='ocrx_word' id='word_1_199' title='bbox 1474 2104 1588 2176; x_wconf 88' lang='lat' dir='ltr'>est,</span> <span class='ocrx_word' id='word_1_200' title='bbox 1638 2102 1796 2183; x_wconf 87' lang='lat' dir='ltr'>quod</span> <span class='ocrx_word' id='word_1_201' title='bbox 1827 2105 2077 2183; x_wconf 85' lang='lat' dir='ltr'>accepta</span> <span class='ocrx_word' id='word_1_202' title='bbox 2112 2121 2230 2167; x_wconf 92' lang='lat' dir='ltr'>non</span> <span class='ocrx_word' id='word_1_203' title='bbox 2263 2100 2506 2166; x_wconf 86' lang='lat' dir='ltr'>fuerant</span> <span class='ocrx_word' id='word_1_204' title='bbox 2546 2104 2766 2179; x_wconf 89' lang='lat' dir='ltr'>veneti,</span> <span class='ocrx_word' id='word_1_205' title='bbox 2812 2103 2915 2166; x_wconf 89' lang='lat' dir='ltr'>sed</span> <span class='ocrx_word' id='word_1_206' title='bbox 2941 2100 3095 2165; x_wconf 87' lang='lat' dir='ltr'>dicit</span> <span class='ocrx_word' id='word_1_207' title='bbox 3118 2100 3227 2164; x_wconf 89' lang='lat' dir='ltr'>do·</span> 
     </span>
     <span class='ocr_line' id='line_1_21' title="bbox 493 2188 3223 2272; baseline -0.001 -19"><span class='ocrx_word' id='word_1_208' title='bbox 493 2189 696 2254; x_wconf 90' lang='lat' dir='ltr'>minus</span> <span class='ocrx_word' id='word_1_209' title='bbox 728 2190 1081 2272; x_wconf 90' lang='lat' dir='ltr'>imperator,</span> <span class='ocrx_word' id='word_1_210' title='bbox 1131 2189 1291 2271; x_wconf 92' lang='lat' dir='ltr'>quod</span> <span class='ocrx_word' id='word_1_211' title='bbox 1317 2207 1423 2253; x_wconf 89' lang='lat' dir='ltr'>vos</span> <span class='ocrx_word' id='word_1_212' title='bbox 1448 2188 1694 2253; x_wconf 89' lang='lat' dir='ltr'>domine</span> <span class='ocrx_word' id='word_1_213' title='bbox 1720 2189 1843 2253; x_wconf 80' lang='lat' dir='ltr'>dux</span> <span class='ocrx_word' id='word_1_214' title='bbox 1868 2190 1919 2253; x_wconf 91' lang='lat' dir='ltr'>si</span> <span class='ocrx_word' id='word_1_215' title='bbox 1946 2190 2245 2268; x_wconf 78' lang='lat' dir='ltr'>dixeritiS,</span> <span class='ocrx_word' id='word_1_216' title='bbox 2273 2192 2431 2272; x_wconf 91' lang='lat' dir='ltr'>quod</span> <span class='ocrx_word' id='word_1_217' title='bbox 2464 2193 2716 2272; x_wconf 87' lang='lat' dir='ltr'>accepta</span> <span class='ocrx_word' id='word_1_218' title='bbox 2740 2189 2969 2254; x_wconf 88' lang='lat' dir='ltr'>fuerint</span> <span class='ocrx_word' id='word_1_219' title='bbox 3002 2188 3223 2267; x_wconf 86' lang='lat' dir='ltr'>veneti,</span> 
     </span>
     <span class='ocr_line' id='line_1_22' title="bbox 493 2276 3225 2360; baseline -0.001 -19"><span class='ocrx_word' id='word_1_220' title='bbox 493 2278 640 2342; x_wconf 89' lang='lat' dir='ltr'>tunc</span> <span class='ocrx_word' id='word_1_221' title='bbox 690 2277 907 2341; x_wconf 87' lang='lat' dir='ltr'>mittat</span> <span class='ocrx_word' id='word_1_222' title='bbox 950 2277 1047 2341; x_wconf 89' lang='lat' dir='ltr'>vel</span> <span class='ocrx_word' id='word_1_223' title='bbox 1099 2276 1288 2341; x_wconf 88' lang='lat' dir='ltr'>vadat</span> <span class='ocrx_word' id='word_1_224' title='bbox 1334 2279 1653 2353; x_wconf 88' lang='lat' dir='ltr'>mercator,</span> <span class='ocrx_word' id='word_1_225' title='bbox 1706 2281 1768 2342; x_wconf 90' lang='lat' dir='ltr'>et</span> <span class='ocrx_word' id='word_1_226' title='bbox 1820 2279 1985 2342; x_wconf 83' lang='lat' dir='ltr'>dicat</span> <span class='ocrx_word' id='word_1_227' title='bbox 2031 2280 2094 2341; x_wconf 90' lang='lat' dir='ltr'>et</span> <span class='ocrx_word' id='word_1_228' title='bbox 2138 2280 2403 2360; x_wconf 87' lang='lat' dir='ltr'>exponat</span> <span class='ocrx_word' id='word_1_229' title='bbox 2444 2279 2518 2342; x_wconf 90' lang='lat' dir='ltr'>de</span> <span class='ocrx_word' id='word_1_230' title='bbox 2559 2278 2802 2356; x_wconf 87' lang='lat' dir='ltr'>damno,</span> <span class='ocrx_word' id='word_1_231' title='bbox 2852 2279 2917 2341; x_wconf 91' lang='lat' dir='ltr'>et</span> <span class='ocrx_word' id='word_1_232' title='bbox 2959 2276 3225 2358; x_wconf 86' lang='lat' dir='ltr'>accipiat</span> 
     </span>
     <span class='ocr_line' id='line_1_23' title="bbox 493 2363 3225 2448; baseline 0 -20"><span class='ocrx_word' id='word_1_233' title='bbox 493 2365 575 2441; x_wconf 91' lang='lat' dir='ltr'>id,</span> <span class='ocrx_word' id='word_1_234' title='bbox 624 2368 784 2447; x_wconf 88' lang='lat' dir='ltr'>quod</span> <span class='ocrx_word' id='word_1_235' title='bbox 831 2368 947 2442; x_wconf 90' lang='lat' dir='ltr'>est,</span> <span class='ocrx_word' id='word_1_236' title='bbox 998 2367 1062 2428; x_wconf 92' lang='lat' dir='ltr'>et</span> <span class='ocrx_word' id='word_1_237' title='bbox 1110 2366 1183 2427; x_wconf 92' lang='lat' dir='ltr'>de</span> <span class='ocrx_word' id='word_1_238' title='bbox 1228 2383 1317 2442; x_wconf 91' lang='lat' dir='ltr'>eo,</span> <span class='ocrx_word' id='word_1_239' title='bbox 1367 2365 1523 2446; x_wconf 88' lang='lat' dir='ltr'>quod</span> <span class='ocrx_word' id='word_1_240' title='bbox 1588 2366 1866 2442; x_wconf 87' lang='lat' dir='ltr'>restabit,</span> <span class='ocrx_word' id='word_1_241' title='bbox 1915 2365 2200 2429; x_wconf 85' lang='lat' dir='ltr'>dominus</span> <span class='ocrx_word' id='word_1_242' title='bbox 2262 2366 2600 2448; x_wconf 87' lang='lat' dir='ltr'>imperator</span> <span class='ocrx_word' id='word_1_243' title='bbox 2660 2364 2839 2430; x_wconf 88' lang='lat' dir='ltr'>offert</span> <span class='ocrx_word' id='word_1_244' title='bbox 2900 2384 2965 2429; x_wconf 90' lang='lat' dir='ltr'>se</span> <span class='ocrx_word' id='word_1_245' title='bbox 3026 2363 3225 2429; x_wconf 88' lang='lat' dir='ltr'>facere</span> 
     </span>
     <span class='ocr_line' id='line_1_24' title="bbox 500 2452 3224 2534; baseline 0 -18"><span class='ocrx_word' id='word_1_246' title='bbox 500 2452 789 2534; x_wconf 88' lang='lat' dir='ltr'>quiequid</span> <span class='ocrx_word' id='word_1_247' title='bbox 837 2452 1083 2533; x_wconf 87' lang='lat' dir='ltr'>poterit,</span> <span class='ocrx_word' id='word_1_248' title='bbox 1133 2452 1275 2533; x_wconf 89' lang='lat' dir='ltr'>quia</span> <span class='ocrx_word' id='word_1_249' title='bbox 1320 2471 1434 2516; x_wconf 93' lang='lat' dir='ltr'>non</span> <span class='ocrx_word' id='word_1_250' title='bbox 1484 2452 1752 2525; x_wconf 79' lang='lat' dir='ltr'>intendit</span> <span class='ocrx_word' id='word_1_251' title='bbox 1798 2473 1940 2518; x_wconf 87' lang='lat' dir='ltr'>cum</span> <span class='ocrx_word' id='word_1_252' title='bbox 2005 2452 2211 2518; x_wconf 88' lang='lat' dir='ltr'>ducali</span> <span class='ocrx_word' id='word_1_253' title='bbox 2274 2453 2695 2518; x_wconf 89' lang='lat' dir='ltr'>dominatione</span> <span class='ocrx_word' id='word_1_254' title='bbox 2762 2454 2826 2519; x_wconf 86' lang='lat' dir='ltr'>et</span> <span class='ocrx_word' id='word_1_255' title='bbox 2870 2452 3224 2517; x_wconf 89' lang='lat' dir='ltr'>hominibus</span> 
     </span>
     <span class='ocr_line' id='line_1_25' title="bbox 497 2540 3225 2623; baseline 0 -19"><span class='ocrx_word' id='word_1_256' title='bbox 497 2540 896 2604; x_wconf 87' lang='lat' dir='ltr'>Venetiarum</span> <span class='ocrx_word' id='word_1_257' title='bbox 946 2542 1166 2617; x_wconf 89' lang='lat' dir='ltr'>vivere,</span> <span class='ocrx_word' id='word_1_258' title='bbox 1212 2541 1331 2604; x_wconf 91' lang='lat' dir='ltr'>nisi</span> <span class='ocrx_word' id='word_1_259' title='bbox 1381 2543 1678 2622; x_wconf 89' lang='lat' dir='ltr'>tanquam</span> <span class='ocrx_word' id='word_1_260' title='bbox 1720 2540 1916 2604; x_wconf 87' lang='lat' dir='ltr'>fidelis</span> <span class='ocrx_word' id='word_1_261' title='bbox 1964 2540 2114 2604; x_wconf 86' lang='lat' dir='ltr'>civis</span> <span class='ocrx_word' id='word_1_262' title='bbox 2141 2540 2539 2605; x_wconf 86' lang='lat' dir='ltr'>Venetiarnm</span> <span class='ocrx_word' id='word_1_263' title='bbox 2588 2542 2651 2604; x_wconf 90' lang='lat' dir='ltr'>et</span> <span class='ocrx_word' id='word_1_264' title='bbox 2695 2544 2992 2623; x_wconf 88' lang='lat' dir='ltr'>tanquam</span> <span class='ocrx_word' id='word_1_265' title='bbox 3035 2540 3225 2604; x_wconf 89' lang='lat' dir='ltr'>frater</span> 
     </span>
     <span class='ocr_line' id='line_1_26' title="bbox 490 2627 3225 2712; baseline 0 -20"><span class='ocrx_word' id='word_1_266' title='bbox 490 2627 727 2693; x_wconf 86' lang='lat' dir='ltr'>ducalis</span> <span class='ocrx_word' id='word_1_267' title='bbox 774 2627 1250 2703; x_wconf 85' lang='lat' dir='ltr'>dominationis;</span> <span class='ocrx_word' id='word_1_268' title='bbox 1300 2633 1363 2693; x_wconf 91' lang='lat' dir='ltr'>et</span> <span class='ocrx_word' id='word_1_269' title='bbox 1409 2628 1561 2692; x_wconf 89' lang='lat' dir='ltr'>dicit</span> <span class='ocrx_word' id='word_1_270' title='bbox 1598 2628 1886 2694; x_wconf 89' lang='lat' dir='ltr'>dominus</span> <span class='ocrx_word' id='word_1_271' title='bbox 1910 2629 2264 2711; x_wconf 86' lang='lat' dir='ltr'>imperator,</span> <span class='ocrx_word' id='word_1_272' title='bbox 2309 2628 2469 2712; x_wconf 88' lang='lat' dir='ltr'>quod</span> <span class='ocrx_word' id='word_1_273' title='bbox 2516 2630 2662 2694; x_wconf 91' lang='lat' dir='ltr'>tunc</span> <span class='ocrx_word' id='word_1_274' title='bbox 2706 2627 3088 2693; x_wconf 85' lang='lat' dir='ltr'>ambaxatori</span> <span class='ocrx_word' id='word_1_275' title='bbox 3121 2647 3225 2693; x_wconf 87' lang='lat' dir='ltr'>ve-</span> 
     </span>
     <span class='ocr_line' id='line_1_27' title="bbox 490 2716 3224 2800; baseline -0.001 -18"><span class='ocrx_word' id='word_1_276' title='bbox 490 2719 619 2782; x_wconf 86' lang='lat' dir='ltr'>stro</span> <span class='ocrx_word' id='word_1_277' title='bbox 662 2717 893 2782; x_wconf 86' lang='lat' dir='ltr'>obtulit</span> <span class='ocrx_word' id='word_1_278' title='bbox 938 2717 1187 2782; x_wconf 88' lang='lat' dir='ltr'>mittere</span> <span class='ocrx_word' id='word_1_279' title='bbox 1236 2736 1342 2799; x_wconf 90' lang='lat' dir='ltr'>per</span> <span class='ocrx_word' id='word_1_280' title='bbox 1388 2736 1485 2780; x_wconf 91' lang='lat' dir='ltr'>me</span> <span class='ocrx_word' id='word_1_281' title='bbox 1532 2716 1907 2781; x_wconf 86' lang='lat' dir='ltr'>Michaelem</span> <span class='ocrx_word' id='word_1_282' title='bbox 1964 2717 2424 2782; x_wconf 81' lang='lat' dir='ltr'>ambaxatorem</span> <span class='ocrx_word' id='word_1_283' title='bbox 2490 2717 2813 2800; x_wconf 89' lang='lat' dir='ltr'>ipperpera</span> <span class='ocrx_word' id='word_1_284' title='bbox 2858 2716 3034 2780; x_wconf 92' lang='lat' dir='ltr'>mille</span> <span class='ocrx_word' id='word_1_285' title='bbox 3081 2734 3224 2780; x_wconf 88' lang='lat' dir='ltr'>cen-</span> 
     </span>
     <span class='ocr_line' id='line_1_28' title="bbox 493 2804 3222 2889; baseline -0 -20"><span class='ocrx_word' id='word_1_286' title='bbox 493 2808 627 2869; x_wconf 93' lang='lat' dir='ltr'>tum</span> <span class='ocrx_word' id='word_1_287' title='bbox 676 2804 898 2889; x_wconf 89' lang='lat' dir='ltr'>viginti</span> <span class='ocrx_word' id='word_1_288' title='bbox 948 2806 1008 2867; x_wconf 91' lang='lat' dir='ltr'>in</span> <span class='ocrx_word' id='word_1_289' title='bbox 1057 2807 1293 2869; x_wconf 89' lang='lat' dir='ltr'>ratione</span> <span class='ocrx_word' id='word_1_290' title='bbox 1334 2823 1813 2888; x_wconf 83' lang='lat' dir='ltr'>ypperperorum</span> <span class='ocrx_word' id='word_1_291' title='bbox 1863 2804 2169 2868; x_wconf 83' lang='lat' dir='ltr'>sexdecim</span> <span class='ocrx_word' id='word_1_292' title='bbox 2230 2824 2340 2888; x_wconf 91' lang='lat' dir='ltr'>pro</span> <span class='ocrx_word' id='word_1_293' title='bbox 2403 2804 2603 2884; x_wconf 87' lang='lat' dir='ltr'>libra,</span> <span class='ocrx_word' id='word_1_294' title='bbox 2666 2804 2770 2887; x_wconf 90' lang='lat' dir='ltr'>qui</span> <span class='ocrx_word' id='word_1_295' title='bbox 2826 2806 2972 2869; x_wconf 90' lang='lat' dir='ltr'>sunt</span> <span class='ocrx_word' id='word_1_296' title='bbox 3033 2822 3222 2888; x_wconf 87' lang='lat' dir='ltr'>penes</span> 
     </span>
     <span class='ocr_line' id='line_1_29' title="bbox 489 2892 3219 2976; baseline -0 -19"><span class='ocrx_word' id='word_1_297' title='bbox 489 2912 588 2957; x_wconf 93' lang='lat' dir='ltr'>me</span> <span class='ocrx_word' id='word_1_298' title='bbox 635 2893 1133 2967; x_wconf 79' lang='lat' dir='ltr'>ambaxatorem3</span> <span class='ocrx_word' id='word_1_299' title='bbox 1192 2892 1299 2957; x_wconf 88' lang='lat' dir='ltr'>sed</span> <span class='ocrx_word' id='word_1_300' title='bbox 1346 2894 1521 2957; x_wconf 88' lang='lat' dir='ltr'>tanto</span> <span class='ocrx_word' id='word_1_301' title='bbox 1569 2893 1803 2973; x_wconf 71' lang='lat' dir='ltr'>minus,</span> <span class='ocrx_word' id='word_1_302' title='bbox 1842 2895 2142 2975; x_wconf 89' lang='lat' dir='ltr'>quantum</span> <span class='ocrx_word' id='word_1_303' title='bbox 2189 2911 2350 2957; x_wconf 88' lang='lat' dir='ltr'>nunc</span> <span class='ocrx_word' id='word_1_304' title='bbox 2397 2893 2604 2957; x_wconf 91' lang='lat' dir='ltr'>minus</span> <span class='ocrx_word' id='word_1_305' title='bbox 2666 2893 2833 2959; x_wconf 89' lang='lat' dir='ltr'>valet</span> <span class='ocrx_word' id='word_1_306' title='bbox 2895 2895 3219 2976; x_wconf 88' lang='lat' dir='ltr'>argentum</span> 
     </span>
     <span class='ocr_line' id='line_1_30' title="bbox 489 2980 3221 3064; baseline -0 -20"><span class='ocrx_word' id='word_1_307' title='bbox 489 2981 694 3059; x_wconf 84' lang='lat' dir='ltr'>solite,</span> <span class='ocrx_word' id='word_1_308' title='bbox 740 2980 816 3045; x_wconf 90' lang='lat' dir='ltr'>de</span> <span class='ocrx_word' id='word_1_309' title='bbox 863 2980 1086 3063; x_wconf 88' lang='lat' dir='ltr'>quibus</span> <span class='ocrx_word' id='word_1_310' title='bbox 1133 2980 1401 3045; x_wconf 89' lang='lat' dir='ltr'>denariis</span> <span class='ocrx_word' id='word_1_311' title='bbox 1450 2983 1654 3044; x_wconf 83' lang='lat' dir='ltr'>vestra</span> <span class='ocrx_word' id='word_1_312' title='bbox 1699 2981 1934 3045; x_wconf 87' lang='lat' dir='ltr'>ducalis</span> <span class='ocrx_word' id='word_1_313' title='bbox 1982 2980 2324 3046; x_wconf 86' lang='lat' dir='ltr'>dominatio</span> <span class='ocrx_word' id='word_1_314' title='bbox 2391 2981 2680 3064; x_wconf 88' lang='lat' dir='ltr'>disponat</span> <span class='ocrx_word' id='word_1_315' title='bbox 2725 2983 2790 3046; x_wconf 91' lang='lat' dir='ltr'>et</span> <span class='ocrx_word' id='word_1_316' title='bbox 2834 2981 3093 3060; x_wconf 88' lang='lat' dir='ltr'>ordinet,</span> <span class='ocrx_word' id='word_1_317' title='bbox 3135 2980 3221 3045; x_wconf 91' lang='lat' dir='ltr'>si-</span> 
     </span>
     <span class='ocr_line' id='line_1_31' title="bbox 488 3067 860 3151; baseline 0 -19"><span class='ocrx_word' id='word_1_318' title='bbox 488 3069 596 3132; x_wconf 86' lang='lat' dir='ltr'>out</span> <span class='ocrx_word' id='word_1_319' title='bbox 638 3067 860 3151; x_wconf 83' lang='lat' dir='ltr'>placet.</span> 
     </span>
    </p>

    <p class='ocr_par' dir='ltr' id='par_1_4' title="bbox 483 3154 3218 4030">
     <span class='ocr_line' id='line_1_32' title="bbox 700 3154 3218 3240; baseline -0 -22"><span class='ocrx_word' id='word_1_320' title='bbox 700 3155 862 3220; x_wconf 92' lang='lat' dir='ltr'>Item</span> <span class='ocrx_word' id='word_1_321' title='bbox 908 3157 1154 3237; x_wconf 83' lang='lat' dir='ltr'>exponit</span> <span class='ocrx_word' id='word_1_322' title='bbox 1198 3156 1400 3220; x_wconf 86' lang='lat' dir='ltr'>dictus</span> <span class='ocrx_word' id='word_1_323' title='bbox 1447 3157 1729 3220; x_wconf 91' lang='lat' dir='ltr'>dominus</span> <span class='ocrx_word' id='word_1_324' title='bbox 1785 3158 2149 3222; x_wconf 81' lang='lat' dir='ltr'>ambaxator</span> <span class='ocrx_word' id='word_1_325' title='bbox 2210 3175 2319 3238; x_wconf 91' lang='lat' dir='ltr'>pro</span> <span class='ocrx_word' id='word_1_326' title='bbox 2388 3158 2564 3240; x_wconf 87' lang='lat' dir='ltr'>parte</span> <span class='ocrx_word' id='word_1_327' title='bbox 2618 3155 2958 3221; x_wconf 86' lang='lat' dir='ltr'>communis</span> <span class='ocrx_word' id='word_1_328' title='bbox 3004 3156 3068 3218; x_wconf 89' lang='lat' dir='ltr'>et</span> <span class='ocrx_word' id='word_1_329' title='bbox 3112 3154 3218 3218; x_wconf 91' lang='lat' dir='ltr'>ho-</span> 
     </span>
     <span class='ocr_line' id='line_1_33' title="bbox 491 3240 3215 3327; baseline -0.001 -20"><span class='ocrx_word' id='word_1_330' title='bbox 491 3243 731 3308; x_wconf 89' lang='lat' dir='ltr'>minum</span> <span class='ocrx_word' id='word_1_331' title='bbox 776 3244 850 3307; x_wconf 91' lang='lat' dir='ltr'>de</span> <span class='ocrx_word' id='word_1_332' title='bbox 898 3242 1152 3308; x_wconf 89' lang='lat' dir='ltr'>Cattaro</span> <span class='ocrx_word' id='word_1_333' title='bbox 1201 3244 1473 3308; x_wconf 90' lang='lat' dir='ltr'>fidelium</span> <span class='ocrx_word' id='word_1_334' title='bbox 1517 3243 1669 3308; x_wconf 87' lang='lat' dir='ltr'>dicti</span> <span class='ocrx_word' id='word_1_335' title='bbox 1703 3246 1935 3309; x_wconf 88' lang='lat' dir='ltr'>domini</span> <span class='ocrx_word' id='word_1_336' title='bbox 1963 3245 2372 3327; x_wconf 89' lang='lat' dir='ltr'>imperatoris,</span> <span class='ocrx_word' id='word_1_337' title='bbox 2421 3264 2560 3309; x_wconf 89' lang='lat' dir='ltr'>cum</span> <span class='ocrx_word' id='word_1_338' title='bbox 2594 3245 2746 3309; x_wconf 87' lang='lat' dir='ltr'>alias</span> <span class='ocrx_word' id='word_1_339' title='bbox 2792 3245 2938 3308; x_wconf 88' lang='lat' dir='ltr'>data</span> <span class='ocrx_word' id='word_1_340' title='bbox 2983 3240 3215 3306; x_wconf 89' lang='lat' dir='ltr'>fuerint</span> 
     </span>
     <span class='ocr_line' id='line_1_34' title="bbox 488 3328 3214 3415; baseline -0.001 -21"><span class='ocrx_word' id='word_1_341' title='bbox 488 3333 750 3414; x_wconf 88' lang='lat' dir='ltr'>pignora</span> <span class='ocrx_word' id='word_1_342' title='bbox 796 3333 1005 3396; x_wconf 86' lang='lat' dir='ltr'>contra</span> <span class='ocrx_word' id='word_1_343' title='bbox 1045 3332 1362 3396; x_wconf 91' lang='lat' dir='ltr'>dominum</span> <span class='ocrx_word' id='word_1_344' title='bbox 1410 3351 1618 3415; x_wconf 92' lang='lat' dir='ltr'>regem</span> <span class='ocrx_word' id='word_1_345' title='bbox 1668 3332 1862 3397; x_wconf 81' lang='lat' dir='ltr'>Raxie</span> <span class='ocrx_word' id='word_1_346' title='bbox 1907 3336 1971 3396; x_wconf 89' lang='lat' dir='ltr'>et</span> <span class='ocrx_word' id='word_1_347' title='bbox 2016 3333 2146 3397; x_wconf 89' lang='lat' dir='ltr'>eius</span> <span class='ocrx_word' id='word_1_348' title='bbox 2195 3332 2477 3397; x_wconf 89' lang='lat' dir='ltr'>subditos</span> <span class='ocrx_word' id='word_1_349' title='bbox 2524 3334 2588 3396; x_wconf 88' lang='lat' dir='ltr'>et</span> <span class='ocrx_word' id='word_1_350' title='bbox 2636 3332 2847 3396; x_wconf 90' lang='lat' dir='ltr'>fideles</span> <span class='ocrx_word' id='word_1_351' title='bbox 2896 3328 3214 3393; x_wconf 87' lang='lat' dir='ltr'>Sclavenie</span> 
     </span>
     <span class='ocr_line' id='line_1_35' title="bbox 491 3415 3214 3504; baseline -0.001 -22"><span class='ocrx_word' id='word_1_352' title='bbox 491 3420 800 3500; x_wconf 89' lang='lat' dir='ltr'>quondam</span> <span class='ocrx_word' id='word_1_353' title='bbox 844 3420 1090 3484; x_wconf 91' lang='lat' dir='ltr'>domino</span> <span class='ocrx_word' id='word_1_354' title='bbox 1138 3420 1370 3486; x_wconf 87' lang='lat' dir='ltr'>Jacobo</span> <span class='ocrx_word' id='word_1_355' title='bbox 1416 3419 1680 3496; x_wconf 89' lang='lat' dir='ltr'>Bollani,</span> <span class='ocrx_word' id='word_1_356' title='bbox 1725 3420 1801 3483; x_wconf 92' lang='lat' dir='ltr'>de</span> <span class='ocrx_word' id='word_1_357' title='bbox 1847 3439 1969 3503; x_wconf 88' lang='lat' dir='ltr'>qua</span> <span class='ocrx_word' id='word_1_358' title='bbox 2014 3421 2267 3504; x_wconf 88' lang='lat' dir='ltr'>pignora</span> <span class='ocrx_word' id='word_1_359' title='bbox 2316 3439 2540 3503; x_wconf 87' lang='lat' dir='ltr'>magna</span> <span class='ocrx_word' id='word_1_360' title='bbox 2600 3419 2912 3502; x_wconf 88' lang='lat' dir='ltr'>quantitas</span> <span class='ocrx_word' id='word_1_361' title='bbox 2959 3415 3214 3500; x_wconf 87' lang='lat' dir='ltr'>pecunie</span> 
     </span>
     <span class='ocr_line' id='line_1_36' title="bbox 489 3503 3214 3592; baseline -0.001 -22"><span class='ocrx_word' id='word_1_362' title='bbox 489 3511 587 3570; x_wconf 92' lang='lat' dir='ltr'>est</span> <span class='ocrx_word' id='word_1_363' title='bbox 635 3507 856 3586; x_wconf 86' lang='lat' dir='ltr'>soluta,</span> <span class='ocrx_word' id='word_1_364' title='bbox 907 3511 972 3571; x_wconf 91' lang='lat' dir='ltr'>et</span> <span class='ocrx_word' id='word_1_365' title='bbox 1016 3508 1332 3592; x_wconf 87' lang='lat' dir='ltr'>ignoretur</span> <span class='ocrx_word' id='word_1_366' title='bbox 1369 3507 1445 3571; x_wconf 88' lang='lat' dir='ltr'>de</span> <span class='ocrx_word' id='word_1_367' title='bbox 1483 3507 1869 3572; x_wconf 86' lang='lat' dir='ltr'>condictione</span> <span class='ocrx_word' id='word_1_368' title='bbox 1918 3509 2078 3573; x_wconf 89' lang='lat' dir='ltr'>dicte</span> <span class='ocrx_word' id='word_1_369' title='bbox 2135 3509 2430 3592; x_wconf 81' lang='lat' dir='ltr'>pignore3</span> <span class='ocrx_word' id='word_1_370' title='bbox 2493 3509 2648 3589; x_wconf 89' lang='lat' dir='ltr'>quod</span> <span class='ocrx_word' id='word_1_371' title='bbox 2710 3507 2954 3590; x_wconf 85' lang='lat' dir='ltr'>placeat</span> <span class='ocrx_word' id='word_1_372' title='bbox 3010 3503 3214 3568; x_wconf 88' lang='lat' dir='ltr'>ducali</span> 
     </span>
     <span class='ocr_line' id='line_1_37' title="bbox 487 3592 3214 3679; baseline -0.001 -21"><span class='ocrx_word' id='word_1_373' title='bbox 487 3595 894 3660; x_wconf 90' lang='lat' dir='ltr'>dominationi</span> <span class='ocrx_word' id='word_1_374' title='bbox 940 3598 1237 3676; x_wconf 87' lang='lat' dir='ltr'>ordinare,</span> <span class='ocrx_word' id='word_1_375' title='bbox 1286 3595 1443 3677; x_wconf 90' lang='lat' dir='ltr'>quod</span> <span class='ocrx_word' id='word_1_376' title='bbox 1484 3595 1642 3660; x_wconf 87' lang='lat' dir='ltr'>ratio</span> <span class='ocrx_word' id='word_1_377' title='bbox 1690 3596 1853 3660; x_wconf 87' lang='lat' dir='ltr'>dicte</span> <span class='ocrx_word' id='word_1_378' title='bbox 1900 3597 2154 3679; x_wconf 90' lang='lat' dir='ltr'>pignore</span> <span class='ocrx_word' id='word_1_379' title='bbox 2202 3597 2497 3676; x_wconf 90' lang='lat' dir='ltr'>videatur,</span> <span class='ocrx_word' id='word_1_380' title='bbox 2547 3597 2610 3660; x_wconf 91' lang='lat' dir='ltr'>et</span> <span class='ocrx_word' id='word_1_381' title='bbox 2656 3596 2904 3672; x_wconf 86' lang='lat' dir='ltr'>sciatur,</span> <span class='ocrx_word' id='word_1_382' title='bbox 2961 3592 3104 3675; x_wconf 91' lang='lat' dir='ltr'>quid</span> <span class='ocrx_word' id='word_1_383' title='bbox 3151 3593 3214 3656; x_wconf 90' lang='lat' dir='ltr'>et</span> 
     </span>
     <span class='ocr_line' id='line_1_38' title="bbox 489 3681 3214 3765; baseline -0.001 -18"><span class='ocrx_word' id='word_1_384' title='bbox 489 3687 786 3765; x_wconf 88' lang='lat' dir='ltr'>quantum</span> <span class='ocrx_word' id='word_1_385' title='bbox 837 3684 1106 3748; x_wconf 89' lang='lat' dir='ltr'>solutum</span> <span class='ocrx_word' id='word_1_386' title='bbox 1160 3687 1288 3759; x_wconf 89' lang='lat' dir='ltr'>est;</span> <span class='ocrx_word' id='word_1_387' title='bbox 1338 3685 1401 3748; x_wconf 90' lang='lat' dir='ltr'>et</span> <span class='ocrx_word' id='word_1_388' title='bbox 1447 3684 1498 3747; x_wconf 93' lang='lat' dir='ltr'>si</span> <span class='ocrx_word' id='word_1_389' title='bbox 1547 3685 1931 3748; x_wconf 86' lang='lat' dir='ltr'>satisfactum</span> <span class='ocrx_word' id='word_1_390' title='bbox 1981 3687 2077 3749; x_wconf 90' lang='lat' dir='ltr'>est</span> <span class='ocrx_word' id='word_1_391' title='bbox 2125 3684 2185 3748; x_wconf 93' lang='lat' dir='ltr'>in</span> <span class='ocrx_word' id='word_1_392' title='bbox 2230 3685 2467 3761; x_wconf 86' lang='lat' dir='ltr'>totum,</span> <span class='ocrx_word' id='word_1_393' title='bbox 2532 3683 2690 3764; x_wconf 90' lang='lat' dir='ltr'>quod</span> <span class='ocrx_word' id='word_1_394' title='bbox 2738 3682 2908 3746; x_wconf 90' lang='lat' dir='ltr'>dicta</span> <span class='ocrx_word' id='word_1_395' title='bbox 2954 3681 3214 3764; x_wconf 90' lang='lat' dir='ltr'>pignora</span> 
     </span>
     <span class='ocr_line' id='line_1_39' title="bbox 486 3769 3213 3854; baseline -0.001 -19"><span class='ocrx_word' id='word_1_396' title='bbox 486 3772 749 3836; x_wconf 86' lang='lat' dir='ltr'>tollatur</span> <span class='ocrx_word' id='word_1_397' title='bbox 795 3776 858 3835; x_wconf 92' lang='lat' dir='ltr'>et</span> <span class='ocrx_word' id='word_1_398' title='bbox 907 3771 1320 3836; x_wconf 87' lang='lat' dir='ltr'>anichilletur.</span> <span class='ocrx_word' id='word_1_399' title='bbox 1394 3771 1474 3835; x_wconf 86' lang='lat' dir='ltr'>Et</span> <span class='ocrx_word' id='word_1_400' title='bbox 1519 3771 1571 3835; x_wconf 93' lang='lat' dir='ltr'>si</span> <span class='ocrx_word' id='word_1_401' title='bbox 1619 3771 1854 3854; x_wconf 90' lang='lat' dir='ltr'>aliquid</span> <span class='ocrx_word' id='word_1_402' title='bbox 1901 3774 2166 3837; x_wconf 88' lang='lat' dir='ltr'>restaret</span> <span class='ocrx_word' id='word_1_403' title='bbox 2211 3774 2287 3836; x_wconf 88' lang='lat' dir='ltr'>ad</span> <span class='ocrx_word' id='word_1_404' title='bbox 2330 3770 2711 3851; x_wconf 87' lang='lat' dir='ltr'>solvendum,</span> <span class='ocrx_word' id='word_1_405' title='bbox 2785 3771 3104 3834; x_wconf 84' lang='lat' dir='ltr'>remaneat</span> <span class='ocrx_word' id='word_1_406' title='bbox 3150 3769 3213 3832; x_wconf 92' lang='lat' dir='ltr'>in</span> 
     </span>
     <span class='ocr_line' id='line_1_40' title="bbox 483 3858 3212 3943; baseline -0.001 -20"><span class='ocrx_word' id='word_1_407' title='bbox 483 3859 742 3925; x_wconf 90' lang='lat' dir='ltr'>arbitrio</span> <span class='ocrx_word' id='word_1_408' title='bbox 788 3859 1025 3923; x_wconf 88' lang='lat' dir='ltr'>ducalis</span> <span class='ocrx_word' id='word_1_409' title='bbox 1066 3858 1505 3923; x_wconf 90' lang='lat' dir='ltr'>dominationis</span> <span class='ocrx_word' id='word_1_410' title='bbox 1552 3859 1627 3923; x_wconf 91' lang='lat' dir='ltr'>de</span> <span class='ocrx_word' id='word_1_411' title='bbox 1675 3860 1844 3924; x_wconf 88' lang='lat' dir='ltr'>dicta</span> <span class='ocrx_word' id='word_1_412' title='bbox 1906 3860 2163 3943; x_wconf 87' lang='lat' dir='ltr'>pignora</span> <span class='ocrx_word' id='word_1_413' title='bbox 2209 3859 2530 3941; x_wconf 85' lang='lat' dir='ltr'>disponere</span> <span class='ocrx_word' id='word_1_414' title='bbox 2574 3862 2640 3924; x_wconf 82' lang='lat' dir='ltr'>et</span> <span class='ocrx_word' id='word_1_415' title='bbox 2683 3858 3000 3938; x_wconf 88' lang='lat' dir='ltr'>ordinare,</span> <span class='ocrx_word' id='word_1_416' title='bbox 3051 3858 3212 3921; x_wconf 90' lang='lat' dir='ltr'>sicut</span> 
     </span>
     <span class='ocr_line' id='line_1_41' title="bbox 483 3947 1339 4030; baseline 0.001 -19"><span class='ocrx_word' id='word_1_417' title='bbox 483 3947 541 4011; x_wconf 90' lang='lat' dir='ltr'>ei</span> <span class='ocrx_word' id='word_1_418' title='bbox 588 3947 896 4012; x_wconf 88' lang='lat' dir='ltr'>videbitur</span> <span class='ocrx_word' id='word_1_419' title='bbox 941 3950 1005 4012; x_wconf 90' lang='lat' dir='ltr'>et</span> <span class='ocrx_word' id='word_1_420' title='bbox 1049 3947 1339 4030; x_wconf 87' lang='lat' dir='ltr'>placebit.</span> 
     </span>
    </p>

    <p class='ocr_par' dir='ltr' id='par_1_5' title="bbox 578 4036 2255 4109">
     <span class='ocr_line' id='line_1_42' title="bbox 578 4036 2255 4109; baseline 0.001 -12"><span class='ocrx_word' id='word_1_421' title='bbox 578 4036 1147 4099; x_wconf 81' lang='lat' dir='ltr'>Commemorialium</span> <span class='ocrx_word' id='word_1_422' title='bbox 1193 4039 1232 4097; x_wconf 93' lang='lat'><em>1</em></span> <span class='ocrx_word' id='word_1_423' title='bbox 1245 4039 1307 4098; x_wconf 88' lang='lat' dir='ltr'>V.</span> <span class='ocrx_word' id='word_1_424' title='bbox 1357 4041 1502 4109; x_wconf 81' lang='lat'>172,</span> <span class='ocrx_word' id='word_1_425' title='bbox 1547 4056 1590 4098; x_wconf 79' lang='lat' dir='ltr'><em>u</em></span> <span class='ocrx_word' id='word_1_426' title='bbox 1633 4040 1976 4100; x_wconf 61' lang='lat' dir='ltr'>metaekom</span> <span class='ocrx_word' id='word_1_427' title='bbox 2021 4041 2255 4101; x_wconf 78' lang='lat' dir='ltr'>arkivu.</span> 
     </span>
    </p>
   </div>
   <div class='ocr_carea' id='block_1_3' title="bbox 880 4225 2846 4330">
    <p class='ocr_par' dir='ltr' id='par_1_6' title="bbox 880 4225 2846 4330">
     <span class='ocr_line' id='line_1_43' title="bbox 880 4225 2846 4330; baseline -0.002 -20"><span class='ocrx_word' id='word_1_428' title='bbox 880 4225 1144 4310; x_wconf 83' lang='lat' dir='ltr'>CCLl.</span> <span class='ocrx_word' id='word_1_429' title='bbox 1218 4228 1425 4311; x_wconf 74' lang='lat' dir='ltr'>Gon.</span> <span class='ocrx_word' id='word_1_430' title='bbox 1480 4228 1709 4313; x_wconf 78' lang='lat'>1350.</span> <span class='ocrx_word' id='word_1_431' title='bbox 1763 4228 1858 4311; x_wconf 84' lang='lat'>13</span> <span class='ocrx_word' id='word_1_432' title='bbox 1909 4229 2286 4330; x_wconf 76' lang='lat' dir='ltr'>travnja,</span> <span class='ocrx_word' id='word_1_433' title='bbox 2338 4250 2398 4308; x_wconf 91' lang='lat' dir='ltr'>u</span> <span class='ocrx_word' id='word_1_434' title='bbox 2453 4226 2846 4309; x_wconf 73' lang='lat' dir='ltr'>Mleteih.</span> 
     </span>
    </p>
   </div>
   <div class='ocr_carea' id='block_1_4' title="bbox 661 4350 3033 4429">
    <p class='ocr_par' dir='ltr' id='par_1_7' title="bbox 661 4350 3033 4429">
     <span class='ocr_line' id='line_1_44' title="bbox 661 4350 3033 4429; baseline 0.001 -18"><span class='ocrx_word' id='word_1_435' title='bbox 661 4350 927 4427; x_wconf 78' lang='lat' dir='ltr'>Odyovor</span> <span class='ocrx_word' id='word_1_436' title='bbox 969 4374 1053 4414; x_wconf 75' lang='grc' dir='ltr'>πα</span> <span class='ocrx_word' id='word_1_437' title='bbox 1086 4357 1337 4429; x_wconf 75' lang='lat' dir='ltr'>pitanja</span> <span class='ocrx_word' id='word_1_438' title='bbox 1380 4356 1719 4429; x_wconf 65' lang='lat' dir='ltr'>podnesena</span> <span class='ocrx_word' id='word_1_439' title='bbox 1766 4357 1843 4415; x_wconf 84' lang='lat' dir='ltr'>od</span> <span class='ocrx_word' id='word_1_440' title='bbox 1859 4356 2186 4428; x_wconf 79' lang='lat' dir='ltr'>poslanika</span> <span class='ocrx_word' id='word_1_441' title='bbox 2231 4372 2378 4414; x_wconf 82' lang='lat' dir='ltr'>cara</span> <span class='ocrx_word' id='word_1_442' title='bbox 2421 4356 2446 4412; x_wconf 81' lang='lat' dir='ltr'>i</span> <span class='ocrx_word' id='word_1_443' title='bbox 2485 4354 2687 4427; x_wconf 77' lang='lat' dir='ltr'>kralja</span> <span class='ocrx_word' id='word_1_444' title='bbox 2731 4352 3033 4426; x_wconf 73' lang='lat' dir='ltr'>srbskoqa.</span> 
     </span>
    </p>
   </div>
   <div class='ocr_carea' id='block_1_5' title="bbox 479 4469 3209 4819">
    <p class='ocr_par' dir='ltr' id='par_1_8' title="bbox 481 4469 3209 4643">
     <span class='ocr_line' id='line_1_45' title="bbox 698 4469 3209 4558; baseline -0.001 -22"><span class='ocrx_word' id='word_1_445' title='bbox 698 4472 886 4536; x_wconf 86' lang='lat'>1350.</span> <span class='ocrx_word' id='word_1_446' title='bbox 934 4474 1031 4538; x_wconf 91' lang='lat' dir='ltr'>die</span> <span class='ocrx_word' id='word_1_447' title='bbox 1080 4475 1154 4536; x_wconf 89' lang='lat'>13</span> <span class='ocrx_word' id='word_1_448' title='bbox 1195 4474 1429 4557; x_wconf 80' lang='lat' dir='ltr'>aprilis,</span> <span class='ocrx_word' id='word_1_449' title='bbox 1494 4474 1722 4558; x_wconf 84' lang='lat' dir='ltr'>Capta:</span> <span class='ocrx_word' id='word_1_450' title='bbox 1797 4474 1960 4556; x_wconf 88' lang='lat' dir='ltr'>quod</span> <span class='ocrx_word' id='word_1_451' title='bbox 2024 4474 2466 4556; x_wconf 87' lang='lat' dir='ltr'>respondeatur</span> <span class='ocrx_word' id='word_1_452' title='bbox 2528 4472 2914 4538; x_wconf 87' lang='lat' dir='ltr'>ambaxatori</span> <span class='ocrx_word' id='word_1_453' title='bbox 2975 4469 3209 4536; x_wconf 88' lang='lat' dir='ltr'>domini</span> 
     </span>
     <span class='ocr_line' id='line_1_46' title="bbox 481 4558 2456 4643; baseline 0.002 -21"><span class='ocrx_word' id='word_1_454' title='bbox 481 4558 870 4640; x_wconf 90' lang='lat' dir='ltr'>imperatoris</span> <span class='ocrx_word' id='word_1_455' title='bbox 916 4568 979 4625; x_wconf 89' lang='lat' dir='ltr'>et</span> <span class='ocrx_word' id='word_1_456' title='bbox 1023 4563 1185 4643; x_wconf 86' lang='lat' dir='ltr'>regis</span> <span class='ocrx_word' id='word_1_457' title='bbox 1233 4563 1426 4627; x_wconf 86' lang='lat' dir='ltr'>Raxie</span> <span class='ocrx_word' id='word_1_458' title='bbox 1469 4563 1530 4627; x_wconf 93' lang='lat' dir='ltr'>in</span> <span class='ocrx_word' id='word_1_459' title='bbox 1580 4563 1779 4627; x_wconf 88' lang='lat' dir='ltr'>forma</span> <span class='ocrx_word' id='word_1_460' title='bbox 1826 4562 2080 4627; x_wconf 87' lang='lat' dir='ltr'>inferius</span> <span class='ocrx_word' id='word_1_461' title='bbox 2127 4564 2456 4627; x_wconf 86' lang='lat' dir='ltr'>annotata:</span> 
     </span>
    </p>

    <p class='ocr_par' dir='ltr' id='par_1_9' title="bbox 479 4645 3206 4819">
     <span class='ocr_line' id='line_1_47' title="bbox 690 4645 3206 4733; baseline -0.001 -21"><span class='ocrx_word' id='word_1_462' title='bbox 690 4648 790 4712; x_wconf 88' lang='lat' dir='ltr'>Ad</span> <span class='ocrx_word' id='word_1_463' title='bbox 837 4650 1257 4713; x_wconf 86' lang='lat' dir='ltr'>ambassatam</span> <span class='ocrx_word' id='word_1_464' title='bbox 1305 4651 1618 4732; x_wconf 90' lang='lat' dir='ltr'>sapienter</span> <span class='ocrx_word' id='word_1_465' title='bbox 1664 4651 2006 4733; x_wconf 85' lang='lat' dir='ltr'>expositam</span> <span class='ocrx_word' id='word_1_466' title='bbox 2053 4669 2161 4733; x_wconf 88' lang='lat' dir='ltr'>per</span> <span class='ocrx_word' id='word_1_467' title='bbox 2209 4650 2410 4714; x_wconf 87' lang='lat' dir='ltr'>virum</span> <span class='ocrx_word' id='word_1_468' title='bbox 2445 4649 2711 4713; x_wconf 90' lang='lat' dir='ltr'>nobilem</span> <span class='ocrx_word' id='word_1_469' title='bbox 2738 4649 3056 4714; x_wconf 90' lang='lat' dir='ltr'>dominum</span> <span class='ocrx_word' id='word_1_470' title='bbox 3083 4645 3206 4711; x_wconf 89' lang='lat' dir='ltr'>Mi-</span> 
     </span>
     <span class='ocr_line' id='line_1_48' title="bbox 479 4735 3205 4819; baseline -0 -19"><span class='ocrx_word' id='word_1_471' title='bbox 479 4736 758 4801; x_wconf 87' lang='lat' dir='ltr'>chaelem</span> <span class='ocrx_word' id='word_1_472' title='bbox 804 4735 881 4800; x_wconf 87' lang='lat' dir='ltr'>de</span> <span class='ocrx_word' id='word_1_473' title='bbox 927 4737 1180 4818; x_wconf 88' lang='lat' dir='ltr'>Buchia,</span> <span class='ocrx_word' id='word_1_474' title='bbox 1229 4737 1694 4803; x_wconf 84' lang='lat' dir='ltr'>ambaxatorem</span> <span class='ocrx_word' id='word_1_475' title='bbox 1742 4738 2123 4804; x_wconf 88' lang='lat' dir='ltr'>serenissimi</span> <span class='ocrx_word' id='word_1_476' title='bbox 2167 4736 2398 4801; x_wconf 87' lang='lat' dir='ltr'>domini</span> <span class='ocrx_word' id='word_1_477' title='bbox 2442 4735 2837 4819; x_wconf 86' lang='lat' dir='ltr'>imperatoris</span> <span class='ocrx_word' id='word_1_478' title='bbox 2869 4736 3205 4802; x_wconf 84' lang='lat' dir='ltr'>Grecorum</span> 
     </span>
    </p>
   </div>
  </div>
 </body>
</html>
