3620 5282
495 331 626 396 414

500 525 704 571 comes
752 507 817 569 et
862 504 1240 587 capitaneae,
1287 504 1388 588 qui
1436 506 1520 567 sit
1566 522 1826 585 persona
1870 502 2169 568 notabilis
2221 503 2285 566 et
2329 501 2501 566 utilis
2535 521 2646 584 pro
2679 502 2890 567 nostro
2921 500 3260 565 communi

512 597 576 659 et
624 611 733 676 pro
780 594 1287 673 augmentatione
1334 592 1490 667 loci;
1541 593 1711 655 vadit
1753 610 1910 672 pare,
1960 592 2118 672 quod
2167 591 2330 654 dicto
2377 590 2591 654 comiti
2640 592 2704 653 et
2767 590 3091 672 capitaneo
3136 590 3258 652 ad-

510 681 739 746 dantur
785 680 980 744 adhuc
1044 681 1250 743 ducati
1317 683 1566 742 eentum
1633 678 1708 741 de
1776 679 2000 742 salario
2048 678 2112 742 in
2169 696 2330 742 anno
2378 680 2442 741 et
2489 680 2722 741 ratione
2768 676 2942 752 anni,
2994 678 3103 739 sed
3153 679 3260 740 te—

513 771 731 833 neatur
771 768 1133 848 respondere
1182 766 1344 830 infra
1393 767 1653 831 terciam
1698 767 1883 842 diem,
1920 771 1982 828 et
2015 766 2295 829 recedere
2331 765 2491 829 infra
2522 765 2870 846 quindecim
2907 766 3254 846 postquam

508 856 940 937 acceptaverit,
990 874 1109 935 que
1156 856 1283 918 tam
1334 854 1409 917 de
1456 853 1772 917 additione
1819 854 2029 917 salarii
2079 872 2265 934 quam
2318 852 2393 917 de
2441 871 2686 916 recessu
2735 851 2934 915 locum
2972 851 3260 915 habeant

504 962 612 1026 pro
659 944 780 1006 ista
831 942 957 1005 vice
999 945 1264 1007 tantum.
1312 942 1404 1004 De
1451 946 1627 1022 parte
1671 941 1777 1018 63,
1829 960 1945 1005 non
1990 940 2094 1017 34,
2148 958 2267 1004 non
2315 940 2540 1004 sinceri
2591 941 2647 1003 3.
2701 939 2860 1004 Sunt
2923 942 2984 1003 in
3035 941 3250 1003 totum

505 1031 710 1094 ducati
758 1029 850 1093 IX
897 1031 1146 1093 centum
1186 1031 1260 1094 de
1307 1029 1554 1092 salario.

597 1138 778 1196 Misti
826 1136 1065 1197 XLIV.
1117 1139 1219 1206 59,
1265 1153 1308 1194 u
1353 1136 1509 1194 mlet.
1558 1136 1793 1194 arkivu.

874 1324 1257 1406 DLXVI.
1312 1324 1518 1407 God.
1575 1323 1802 1406 1398.
1859 1323 1955 1406 27
2012 1324 2295 1425 rujna,
2351 1344 2410 1403 u
2469 1323 2857 1405 Mletcih.

720 1463 1091 1529 Concessum
1143 1464 1458 1529 nobilibus
1508 1464 1884 1547 Duchayuis‚
1939 1464 2043 1548 qui
2092 1464 2394 1528 dederunt
2438 1467 2715 1528 castrum
2764 1463 2968 1528 Alexii
3001 1463 3065 1527 in
3112 1482 3256 1528 ma·

513 1555 701 1618 nibus
747 1553 1124 1635 reipublicae
1175 1571 1316 1618 cum
1368 1557 1572 1634 pacto,
1623 1551 1788 1633 quod
1839 1552 2109 1615 habeant
2154 1553 2377 1615 tractis
2421 1554 2707 1634 expensis
2763 1551 3023 1614 tercium
3072 1553 3254 1616 utili-

512 1642 662 1705 tatis
739 1641 888 1704 dicti
969 1641 1106 1718 loci,
1183 1642 1342 1722 quod
1423 1640 1664 1721 possint
1742 1657 1966 1721 ponere
2016 1639 2240 1703 ibidem
2292 1658 2480 1702 unum
2530 1640 2842 1703 hominem
2889 1658 3094 1716 suum,
3145 1640 3256 1721 qui

516 1728 757 1793 scribat
799 1747 918 1791 una
962 1747 1093 1792 cum
1143 1726 1389 1790 officiali
1440 1729 1659 1792 veneto
1724 1727 2036 1810 introytus
2097 1730 2160 1789 et
2220 1727 2443 1801 eritne,
2514 1732 2585 1790 ut
2647 1727 2873 1791 melius
2923 1726 3258 1791 videantur

514 1817 790 1880 rationes
839 1815 904 1878 et
950 1833 1068 1878 non
1119 1815 1273 1878 fiant
1320 1814 1758 1878 contrabauna.
1842 1815 2001 1878 Item
2082 1813 2392 1878 scribatur
2433 1814 2662 1878 rectori
2711 1812 2938 1892 Alerni,
2987 1817 3059 1878 ut
3104 1814 3253 1877 dili-

520 1907 740 1987 genter
786 1904 1098 1967 examinet
1146 1905 1415 1966 montem
1470 1920 1694 1983 „supra
1739 1902 1941 1983 ripam
2002 1899 2282 1965 fluminis
2363 1920 2577 1965 versus
2638 1903 2991 1982 ponentem,
3058 1920 3251 1984 super

516 2009 633 2074 quo
683 1989 806 2055 fuit
853 1990 1196 2071 antiquitus
1264 1988 1359 2053 vel
1408 1989 1629 2053 civitas
1670 1988 1766 2053 vel
1820 1990 2118 2068 castrum,
2160 1991 2224 2050 et
2269 1989 2473 2052 adhuc
2521 1994 2666 2052 sunt
2696 1988 2860 2052 muri
2895 1989 3028 2067 alti,
3064 2007 3255 2070 super

522 2078 749 2160 quibus
798 2079 1016 2143 dicunt
1061 2077 1283 2142 leviter
1327 2094 1507 2158 posse
1557 2077 1832 2140 construi
1870 2095 2063 2140 unum
2113 2077 2447 2155 castrum‚“
2504 2080 2568 2139 et
2613 2076 2851 2140 scribat
2895 2076 3108 2140 omnia
3152 2095 3258 2141 or·

515 2167 745 2229 dinate.
1178 2168 1181 2171 ’

599 2273 781 2333 Missi
830 2270 1069 2331 XLIV.
1124 2273 1224 2343 64,
1268 2289 1309 2329 u
1356 2272 1512 2333 mlet.
1560 2272 1795 2330 arkivu.

876 2459 1303 2541 DLXVII.
1360 2459 1566 2542 (ἰού.
1623 2459 1852 2541 1398.
1910 2458 2006 2541 27
2060 2460 2345 2559 mna,
2395 2481 2454 2540 u
2512 2459 2900 2542 Mletcih.

516 2605 736 2667 Buduc
777 2622 840 2666 se
875 2621 1099 2678 prosuo
1140 2603 1290 2679 plns,
1341 2602 1422 2661 da
1465 2603 1648 2677 yalije
1695 2603 1900 2677 krah‘a
1945 2603 2343 2678 napuljskoqa
2389 2603 2727 2663 Ladislava
2790 2604 2996 2664 delate
3060 2621 3100 2663 u
3146 2605 3261 2678 ja·

518 2695 779 2754 dransko
827 2710 999 2761 more,
1048 2692 1361 2765 republika
1428 2692 1564 2764 daje
1634 2692 2078 2851 ηρεἷῖοάἒιὲξὲε
2145 2708 2219 2750 za
2253 2692 2542 2765 pohranu
2609 2709 2787 2768 svoya
2858 2694 3258 2767 tryovackoqa

740 2898 924 2962 1398.
974 2897 1072 2961 die
1120 2895 1363 2961 XXVII
1416 2897 1650 2960 mensis
1697 2898 2095 2979 septembris.
2148 2897 2262 2962 Ser
2312 2897 2685 2962 Benedictus
2719 2895 3110 2981 Superantio‚
3161 2918 3268 2963 ser

522 2988 873 3058 Ludovicus
924 2985 1313 3060 Mauroceno‚
1364 3004 1462 3047 ser
1515 2983 1787 3048 Karolus
1835 2985 2026 3056 Geno,
2075 3004 2173 3048 ser
2221 2985 2598 3050 Rambertus
2641 2982 2917 3061 Quirina,
2952 2987 3267 3067 sapientes

530 3075 809 3149 consilii;
890 3091 987 3136 ser
1064 3073 1364 3136 Fautinus
1442 3069 1720 3150 Quirine,
1799 3091 1900 3136 ser
1967 3070 2200 3136 Paulus
2248 3073 2553 3148 Dandum,
2602 3074 2911 3152 sapientes
2960 3073 3268 3136 ordinum.

529 3160 766 3243 Capta:
817 3179 955 3223 curn
1008 3162 1254 3241 propter
1297 3178 1470 3235 nova,
1520 3177 1636 3240 que
1684 3159 1902 3224 habita
1948 3161 2097 3222 sunt
2143 3161 2214 3222 de
2261 3160 2458 3242 galeis
2518 3162 2657 3224 octo
2721 3161 2985 3225 armatis
3031 3162 3107 3224 ad
3156 3180 3268 3242 pe-

526 3251 818 3313 ticionem
885 3247 1118 3311 domini
1185 3246 1345 3328 regis
1409 3245 1680 3309 Ladislai
1745 3247 1808 3309 in
1873 3247 2151 3326 partibus
2197 3246 2455 3331 Gayete‚
2504 3266 2643 3311 cum
2696 3247 2919 3328 quibus
2970 3251 3271 3311 venturus

526 3338 641 3410 est,
690 3336 762 3398 ut
808 3333 1055 3408 dicitur,
1106 3335 1267 3397 intra
1314 3334 1613 3414 culphum
1662 3337 1966 3409 nostrum,
2015 3335 2101 3397 sit
2146 3337 2393 3399 omnine
2442 3334 2885 3418 providendum
2951 3337 3265 3418 quantum

522 3422 659 3487 fieri
736 3425 938 3503 potest
1014 3423 1087 3485 de
1168 3421 1502 3484 securitate
1578 3421 1894 3502 galearum
1971 3423 2321 3485 nostrarum
2385 3440 2422 3485 a
2486 3427 2793 3497 mercato;
2859 3423 3028 3486 vadit
3095 3441 3268 3504 pars,

525 3509 686 3591 quod
750 3527 861 3590 per
908 3508 1146 3589 galeam
1196 3509 1620 3585 disarrnatam‚
1670 3528 1787 3590 que
1832 3510 1998 3572 itura
2043 3511 2141 3571 est
2186 3508 2487 3585 Mothoni‚
2554 3509 2861 3573 scribatur
2898 3509 3266 3573 castellanis

528 3596 759 3659 nostris
821 3594 1039 3660 Coroni
1088 3596 1152 3658 et
1199 3594 1473 3658 Mothoni
1523 3597 1730 3658 omnia
1780 3596 1913 3676 ipsa
1959 3614 2116 3659 nova
2161 3596 2221 3660 in
2270 3596 2487 3673 forma,
2550 3614 2670 3678 qua
2730 3597 2842 3660 illa
2898 3596 3275 3667 habeamus,

529 3686 593 3747 et
646 3681 935 3746 similiter
982 3684 1299 3761 capitaneo
1341 3682 1658 3761 galearum
1706 3684 2122 3764 predictarum
2186 3700 2224 3746 a
2284 3685 2573 3760 mercato,
2640 3684 2986 3747 mandando
3032 3683 3274 3747 eisdem

531 3770 904 3835 auctoritate
954 3770 1133 3834 istius
1180 3769 1441 3840 consilii,
1490 3770 1647 3849 quod
1719 3788 1858 3833 cum
1924 3788 2043 3833 una
2113 3771 2380 3850 ipsarum
2446 3774 2823 3834 armatarum
2892 3770 3278 3852 applicuerit

530 3857 919 3933 Mothonum‚
972 3858 1193 3922 debeat
1240 3859 1559 3936 expectare
1597 3856 1902 3939 reliquam
1954 3859 2014 3919 in
2065 3858 2251 3921 dictis
2298 3857 2602 3939 partibuS‚
2634 3856 2830 3920 donec
2861 3856 3276 3939 applicuerit,

532 3951 601 4008 ut
647 3943 982 4009 secundum
1033 3944 1309 4008 ordinem
1359 3947 1637 4007 nostrum
1682 3945 1921 4025 possint
1966 3961 2075 4025 pro
2125 3963 2236 4008 sua
2283 3945 2618 4008 securitate
2663 3944 2852 4007 simul
2896 3947 3106 4009 venire
3140 3946 3271 4010 Ve-

532 4032 904 4183 {gtiasteffi
943 4032 1234 4202 §Armata
1274 4029 1542 4094 Ladislai
1593 4048 1733 4095 cum
1782 4032 1915 4113 ipso
1961 4050 2104 4114 rege
2152 4030 2465 4096 dedinavit
2532 4030 2607 4095 ad
2657 4036 2862 4111 partes
2912 4031 3115 4095 Rome
3165 4033 3272 4097 die

664 4136 736 4183 oc
770 4138 808 4181 u
856 4138 941 4182 ris
977 4167 990 4181 .

620 4223 801 4285 Misti
850 4221 1010 4283 XLI
1021 4225 1082 4284 Vi
1131 4228 1230 4292 66,
1276 4241 1319 4281 u
1364 4223 1517 4284 mlet.
1558 4225 1795 4286 arkivu.
