3620 5282
2993 325 3111 391 181

388 498 593 564 dimus
639 500 767 564 tam
819 498 1242 564 occasionibus
1288 498 1676 583 supradictis,
1727 519 1913 584 quam
1948 518 2058 584 pro
2104 499 2324 565 maiori
2356 500 2685 565 securitate
2732 501 2797 564 et
2841 500 3124 566 custodia

387 587 591 669 culphi
640 588 855 665 nostri,
904 588 1065 670 quod
1111 607 1218 670 per
1263 587 1430 670 ipsos
1492 590 1769 654 armetur
1830 589 1908 653 ad
1975 606 2271 672 expensas
2336 588 2531 652 nostri
2590 588 2934 652 communis
2997 605 3122 652 una

386 675 562 758 galea
607 676 680 738 de
723 677 907 757 gente
954 675 1190 754 deinde,
1240 677 1412 740 cuius
1457 675 1634 759 galee
1682 677 2035 742 hominibus
2080 676 2313 740 faciant
2373 675 2747 740 solucionem
2814 693 2922 757 pro
2969 675 3121 740 duo-

391 764 501 827 bus
550 762 864 828 mensibus
910 781 1053 828 cum
1099 763 1207 827 illo
1255 764 1447 842 sold0,
1495 782 1635 828 cum
1685 783 1803 847 quo
1839 764 2060 829 melius
2091 763 2290 828 facere
2322 764 2633 846 poterunt,
2683 772 2929 845 propter
2959 763 3119 846 quod

390 849 622 915 eisdem
671 850 1057 929 mandamuS,
1107 868 1319 917 eorum
1366 850 1734 917 fidelitatem
1788 853 2143 930 hortanteS,
2191 856 2492 934 quatenus
2553 850 2814 933 receptis
2876 870 3124 934 presen-

388 937 554 1002 tibus
599 938 831 1002 litteris
878 940 1108 1003 nostris
1145 937 1414 1003 debeant
1459 939 1699 1005 solicite
1745 942 1810 1004 et
1857 940 2094 1004 attente
2119 957 2444 1023 preparare
2491 939 2554 1002 et
2600 957 2840 1003 armare
2887 940 3122 1004 dictam

388 1025 649 1109 galeam,
696 1028 760 1090 et
798 1026 1029 1090 furnire
1077 1027 1149 1091 de
1192 1026 1478 1091 omnibus
1525 1028 1906 1111 opportuniS,
1955 1029 2026 1091 ut
2070 1027 2133 1090 in
2176 1027 2342 1091 omni
2389 1044 2557 1106 casu,
2601 1043 2718 1108 quo
2764 1026 2964 1108 ipsam
3005 1026 3125 1091 du·

389 1114 656 1179 xerimus
703 1113 1157 1196 requirendum,
1206 1114 1421 1179 haberi
1457 1115 1679 1193 valeat,
1734 1119 1797 1179 et
1844 1117 1916 1179 ut
1975 1114 2243 1179 fidelitas
2305 1132 2453 1192 sua,
2518 1132 2703 1196 quam
2766 1115 2843 1177 ad
2911 1117 3123 1179 nostra

391 1201 682 1266 mandata
744 1220 985 1283 semper
1049 1204 1401 1285 promptam
1465 1201 1812 1268 invenimus
1874 1203 1940 1267 et
2000 1203 2315 1285 paratam,
2382 1220 2489 1284 pro
2535 1201 2892 1266 execucione
2938 1201 3123 1266 huius

392 1289 584 1353 nostri
631 1289 908 1354 mandati
945 1291 1219 1353 nostram
1264 1290 1747 1356 benivolenciam
1796 1292 1860 1354 et
1907 1290 2176 1373 gratiam
2224 1289 2431 1354 valeat
2460 1288 2708 1353 uberius
2757 1289 3119 1371 promereri.

393 1377 474 1440 Et
518 1395 590 1440 ex
636 1396 795 1442 nunc
842 1378 927 1441 sit
971 1380 1244 1460 captum,
1292 1377 1454 1459 quod
1500 1380 1775 1442 armetur
1814 1377 1983 1442 dicta
2028 1377 2207 1460 galea
2270 1375 2332 1441 in
2379 1377 2650 1460 Ragusio
2711 1395 2820 1459 per
2869 1376 3124 1441 modum

397 1466 460 1530 et
505 1482 647 1530 cum
688 1464 1154 1529 condicionibus
1202 1465 1607 1548 supradictis;
1656 1469 1720 1530 et
1765 1465 2107 1548 accipiatur
2151 1466 2409 1548 pecunia
2456 1465 2836 1530 neccessaria
2877 1482 2986 1547 pro
3021 1483 3121 1529 ex-

393 1552 601 1635 pensis
647 1551 843 1636 ipsius
890 1555 964 1617 de
1010 1551 1278 1617 denariis
1303 1553 1496 1617 nostri
1535 1555 1898 1630 communiS,
1948 1572 2065 1636 que
2113 1552 2358 1636 quidem
2386 1553 2646 1635 pecunia
2670 1554 2883 1635 postea
2914 1554 3126 1617 trans-

402 1640 690 1704 mittetur
737 1640 950 1706 comiti
997 1647 1209 1705 nostro
1252 1640 1413 1704 sicut
1456 1643 1521 1705 et
1564 1640 1805 1723 quando
1860 1640 2262 1705 dominationi
2324 1640 2668 1715 videbitur;
2731 1640 2829 1705 cui
2876 1641 3126 1723 quidem

400 1729 612 1793 comiti
659 1729 871 1793 nostro
922 1730 1196 1811 predicto
1245 1728 1359 1793 soli
1404 1729 1714 1794 scribatur
1754 1730 1820 1792 et
1865 1726 2251 1811 significetur
2310 1727 2543 1806 divise,
2607 1729 2790 1811 prout
2850 1726 3128 1792 domina-

397 1814 556 1880 cioni
605 1815 916 1880 videbitur
962 1834 1163 1892 causa,
1212 1818 1461 1899 propter
1508 1834 1693 1898 quam
1742 1817 1973 1880 armari
2021 1815 2439 1881 ordinavimus
2485 1814 2794 1898 prefatam
2855 1815 3123 1898 galeam,

395 1904 687 1968 videlicet
732 1904 1050 1969 occasione
1098 1905 1399 1969 transitus
1424 1905 1654 1968 domini
1703 1903 1868 1987 regis
1892 1903 2212 1988 Hungarie
2257 1902 2321 1967 in
2344 1902 2651 1986 Apuleam
2701 1901 2767 1967 in
2812 1921 2884 1967 ea
2908 1903 3124 1982 forma,

397 2010 515 2074 que
560 1992 971 2056 dominacioni
1016 1991 1327 2056 videbitur
1373 2010 1507 2056 esse
1553 1992 1792 2057 decens,

607 2079 818 2144 Nota:
868 2079 1029 2161 quod
1083 2098 1297 2145 omnes
1359 2083 1568 2163 partes
1630 2078 2049 2163 suprascripte
2108 2078 2457 2162 sapientum
2520 2077 2767 2142 iverunt
2826 2075 3020 2141 simul
3066 2078 3130 2142 et

398 2166 607 2245 semel,
662 2170 725 2231 et
771 2166 1021 2231 fuerunt
1066 2184 1278 2231 omnes
1324 2167 1399 2231 de
1446 2169 1639 2249 parte.

482 2256 660 2316 Misti
710 2257 841 2317 XX
850 2257 952 2317 VI.
996 2260 1102 2338 22,
1155 2276 1197 2318 u
1242 2259 1459 2317 arkivu
1502 2258 1861 2317 mletackom.

769 2471 1143 2555 CCLVII.
1198 2474 1405 2560 God.
1460 2472 1689 2557 1350.
1744 2473 1794 2555 3
1855 2473 2228 2574 svibnja‚
2282 2495 2342 2553 u
2394 2469 2787 2553 Mletcih.

406 2597 717 2675 Odqovara
761 2618 825 2661 se
859 2602 1187 2675 poscaniku
1233 2601 1515 2676 srbskoqa
1558 2600 1775 2674 kraha,
1833 2600 1913 2659 da
1950 2617 2031 2675 qa
2077 2599 2387 2673 republika
2419 2600 2588 2673 proti
2628 2598 2956 2659 iztocnomu
3000 2614 3130 2658 car-

1416 2694 1550 2748 stvu
1583 2688 1820 2762 pomocz·
1863 2687 2116 2749 nemoie.

622 2827 808 2892 1350.
857 2828 954 2891 die
1002 2828 1042 2891 3
1087 2827 1255 2905 maii,
1303 2829 1518 2910 capta:
1584 2826 1743 2908 quod
1791 2826 1870 2891 ad
1914 2827 2306 2890 ambasatam
2368 2822 2604 2887 domini
2663 2823 2830 2906 regis
2886 2822 3122 2902 Rassie,

405 2914 672 2998 petentis
719 2915 1025 2979 auxilium
1071 2917 1352 2981 nostrum
1416 2916 1632 2979 contra
1703 2914 2034 2996 imperium
2091 2912 2423 2985 Romame,
2489 2911 2931 2994 respondeatur
2990 2929 3134 2976 cum

405 3003 628 3080 verbis,
678 3003 900 3085 quibus
949 3003 1143 3086 pridie
1191 3021 1552 3086 responsum
1596 3001 1716 3066 fuit
1759 3002 1943 3066 alteri
1990 2999 2419 3079 ambassatori,
2473 3000 2537 3063 et
2581 3017 2724 3063 cum
2787 2998 2967 3079 aliis,
3014 3017 3133 3081 que

412 3091 683 3155 dominio
732 3091 1120 3168 videbuntur,
1169 3090 1510 3155 excusando
1558 3107 1665 3153 nos
1708 3107 1744 3152 a
1791 3088 1961 3153 dicta
2006 3087 2408 3170 requisitione
2455 3104 2582 3150 sua.

500 3182 678 3240 Misti
732 3180 864 3240 XX
872 3181 974 3241 VI.
1021 3183 1126 3251 22,
1172 3199 1213 3241 u
1259 3181 1599 3240 mletackom
1645 3181 1877 3239 arkivu.

726 3397 1149 3480 CCLVIII.
1204 3396 1411 3479 God.
1467 3395 1696 3481 1350.
1752 3395 1848 3477 13
1903 3395 2273 3497 svibnja‚
2320 3416 2381 3474 u
2432 3391 2821 3476 Mletclh.

412 3524 632 3586 Odbori
671 3525 827 3584 nelca
870 3522 1045 3593 kain,
1090 3523 1179 3582 ἔιο
1220 3524 1278 3582 bi
1317 3540 1379 3583 sc
1423 3523 1602 3581 imalo
1645 3522 1837 3581 raditi
1877 3523 2189 3597 priyodom
2247 3522 2495 3594 prolaza
2548 3521 2882 3593 aqam-law.
2935 3519 3138 3592 kraha

405 3617 466 3674 iz
509 3614 774 3689 Uqarske
818 3630 861 3671 u
906 3610 1181 3684 Apuliju.
1233 3609 1565 3685 Odredjeno
1610 3611 1912 3684 odpraviti
1964 3612 2002 3668 k
2041 3611 2256 3668 istomu
2297 3609 2501 3680 kralju
2561 3605 2899 3684 driavnoya
2943 3605 3138 3680 bibeb-

402 3703 569 3770 nika,
615 3701 769 3760 nelca
810 3717 894 3757 na
911 3700 1100 3773 javno
1147 3700 1258 3758 ime
1293 3698 1675 3772 prosvjedua'e
1728 3699 1869 3756 radi
1922 3697 2108 3757 §Roda
2153 3697 2455 3769 ucim'em'h
2509 3696 2838 3756 mletackim
2875 3695 3135 3769 pedam·-

404 3791 541 3848 kom
587 3789 664 3847 od
703 3787 971 3862 m‘eyovih
1019 3804 1061 3846 u
1105 3787 1439 3860 Hrvatskoj
1482 3787 1578 3843 iu
1623 3784 1883 3859 Apuliji.
1932 3785 2160 3845 Nalaic
2205 3801 2267 3844 se
2312 3784 2681 3843 nacelm'kom
2725 3802 2767 3842 u
2818 3784 3010 3852 Kreti,
3057 3782 3139 3840 da

408 3879 415 3880 ⁷
488 3878 597 3936 &im
635 3878 801 3949 pria'c
846 3876 1097 3948 oruinju
1138 3874 1339 3950 yalije,
1387 3892 1426 3932 α
1470 3875 1882 3946 pomorskomu
1928 3874 2248 3946 kapetanu,
2296 3873 2376 3931 da
2420 3888 2481 3931 se
2527 3869 2657 3931 arii
2702 3889 2785 3930 na
2833 3886 3065 3943 oprezu.

622 4016 811 4081 1350.
861 4015 957 4080 die
1001 4014 1160 4078 XIII
1206 4012 1374 4092 maii,
1424 4013 1644 4094 capta:
1693 4012 1841 4095 quia
1885 4028 1996 4094 pro
2042 4011 2314 4075 transitu
2347 4009 2512 4092 regis
2538 4008 2855 4090 Hungarie
2880 4007 2943 4071 in
2966 4005 3143 4089 Apu-

402 4105 570 4169 leam
616 4103 816 4168 multa
861 4122 1015 4168 nova
1061 4102 1461 4167 occurrerunt
1507 4102 1571 4164 et
1608 4101 1860 4182 possent
1899 4099 1965 4161 in
2009 4097 2286 4163 futurum
2331 4113 2631 4173 occurere,
2684 4115 2802 4177 que
2838 4093 3136 4177 provisio-

404 4211 547 4257 nem
595 4192 927 4275 requirent,
978 4191 1042 4254 et
1091 4189 1216 4253 ista
1264 4187 1512 4270 negotia
1559 4189 1819 4252 comiter
1889 4188 2146 4269 tangere
2190 4186 2450 4268 possunt
2495 4186 2559 4248 et
2604 4186 2881 4267 spectare
2924 4182 3002 4245 ad
3050 4200 3144 4247 se·

405 4280 741 4345 curitatem
792 4279 1182 4360 navigiorum
1229 4278 1293 4340 et
1339 4275 1765 4357 navigantium
1815 4276 1879 4339 et
1923 4274 1999 4338 ad
2030 4274 2430 4338 securitatem
2456 4274 2760 4336 terrarum
2788 4269 3144 4335 Sclavenie:
3199 4283 3222 4342 J

405 4368 579 4432 vadit
628 4387 791 4449 pam,
842 4367 1001 4448 quod
1039 4366 1102 4428 in
1151 4363 1327 4428 novis
1375 4363 1439 4427 et
1483 4363 1686 4440 factis,
1735 4382 1853 4445 que
1920 4364 2285 4426 occurerunt
2331 4362 2396 4424 et
2441 4361 2766 4423 occurrent
2825 4357 3142 4423 occasione

405 4454 708 4520 transitus
756 4454 909 4518 dicti
958 4451 1118 4536 regis
1167 4451 1479 4534 sapientes
1518 4450 1798 4514 ordinum
1852 4452 1916 4514 et
1961 4448 2270 4531 sapientes
2305 4447 2642 4525 Sclavouie,
2684 4446 2961 4529 quelibet
3002 4464 3138 4509 ma·
3199 4477 3230 4508 κ.

404 4562 521 4607 nus
565 4562 676 4626 per
727 4561 813 4621 se,
856 4539 1228 4618 examinent,
1278 4541 1341 4603 et
1386 4538 1535 4603 dent
1583 4537 1759 4602 nobis
1807 4555 1987 4602 suum
2034 4536 2362 4601 consilium
2409 4536 2471 4598 in
2519 4534 2786 4616 scriptis,
2831 4551 2975 4597 cum
3024 4550 3144 4614 quo

406 4631 641 4695 erimus
687 4630 810 4707 hic,
860 4630 925 4694 et
970 4628 1095 4705 fiet,
1149 4628 1314 4692 sicut
1360 4626 1685 4690 videbitur.
1737 4625 1824 4689 Et
1870 4625 2132 4706 quilibet
2189 4623 2390 4706 possit
2449 4640 2678 4705 ponere
2739 4622 3018 4704 partem;
3082 4620 3147 4682 et

407 4718 588 4783 duret
632 4719 745 4783 hec
790 4718 1051 4782 libertas
1092 4733 1201 4797 per
1247 4716 1453 4779 totum
1512 4731 1785 4778 mensem
1832 4712 1987 4776 iunii
2036 4713 2333 4776 futurum.
