3620 5282
555 337 685 403 370

556 514 793 577 nostros
840 512 970 573 tam
1017 510 1253 575 nobiles
1299 529 1480 593 quam
1529 509 1831 592 ignobiles
1869 510 2143 573 tractent
2187 507 2451 572 dulciter
2496 510 2560 572 et
2608 509 2868 590 benigne
2897 556 2913 585 ,
2989 508 3265 572 remissis

556 599 841 664 omnibus
914 597 1157 660 iniuriis
1205 602 1270 663 et
1313 598 1594 674 offensiS,
1658 600 1721 661 et
1782 597 1945 660 sicut
2012 596 2318 660 faciebant
2385 597 2526 659 ante
2595 597 2902 660 novitates
2968 596 3270 677 presentis

555 705 793 770 guerre,
843 687 906 748 et
953 685 1116 748 sicut
1162 688 1215 749 si
1260 686 1439 749 nobis
1484 702 1798 766 nunquam
1844 683 2247 748 adhesissent.
2301 683 2437 747 Ete
2468 700 2758 747 converso
2807 702 2916 746 nos
2965 683 3275 764 promitti-

557 792 697 836 mus
741 771 942 835 facere
989 774 1053 835 et
1098 791 1342 837 servare
1389 774 1466 835 de
1513 772 1796 836 omnibus
1846 771 2084 853 amiciS,
2128 769 2567 834 adherentibus
2616 774 2680 834 et
2728 771 3089 852 sequacibus
3140 771 3266 834 suis

557 863 687 924 tam
736 858 1044 922 nobilibus
1088 878 1271 942 quam
1313 859 1711 942 ignobilibus
1761 860 1921 922 Item
1972 860 2132 940 quod
2180 858 2411 937 captivi
2460 876 2530 920 ex
2578 861 2841 938 utraque
2866 860 3039 938 parte
3077 856 3270 921 libere

556 947 925 1010 relaxentur.
976 946 1134 1009 Item
1184 947 1347 1028 quod
1394 966 1468 1010 ex
1514 949 1777 1027 utraque
1843 947 2018 1026 parte
2080 945 2478 1009 remittantur
2540 950 2603 1007 et
2664 964 2735 1008 ex
2784 963 2948 1008 nunc
3009 945 3269 1008 remisse

560 1032 990 1114 intelligantur
1036 1049 1248 1097 omnes
1294 1034 1554 1109 offense,
1620 1032 1842 1097 iniurie
1889 1036 1953 1096 et
1997 1032 2224 1095 damna
2288 1029 2617 1113 preterita,
2688 1050 2806 1095 non
2861 1031 3269 1113 intelligendo

560 1120 771 1184 debita
815 1120 1037 1202 quibus
1084 1121 1201 1184 sibi
1251 1121 1513 1185 invicem
1561 1121 1917 1184 tenerentur
1961 1118 2259 1200 speciales
2307 1136 2579 1200 persone,
2629 1119 2702 1182 de
2748 1118 2972 1201 quibus
3018 1119 3133 1182 fiat
3178 1119 3270 1182 iu-

561 1207 743 1272 sticia
787 1206 930 1270 hinc
975 1206 1132 1270 inde.
1181 1209 1339 1271 Item
1385 1207 1544 1289 quod
1584 1208 1742 1272 bona
1806 1206 1925 1269 fide
1988 1206 2450 1288 prohibebimus
2512 1209 2576 1269 et
2636 1206 3055 1270 ordinabimus
3125 1223 3269 1270 cum

561 1293 801 1371 effectu,
850 1293 1010 1376 quod
1058 1295 1117 1357 in
1161 1294 1372 1377 aliqua
1418 1296 1719 1358 terrarum
1776 1312 1885 1357 seu
1948 1292 2287 1357 insularum
2349 1296 2456 1357 aut
2502 1292 2796 1368 locorum,
2845 1312 2959 1375 que
3008 1311 3264 1374 perven-

561 1383 697 1446 ture
744 1384 889 1444 sunt
934 1381 1011 1444 ad
1053 1383 1330 1445 nostrum
1379 1382 1741 1456 dominium,
1792 1382 1856 1443 et
1900 1399 2017 1461 que
2079 1381 2202 1444 iam
2251 1382 2688 1462 pervenerunt,
2756 1398 2872 1443 non
2919 1380 3267 1443 armabitur

559 1469 621 1532 in
671 1485 939 1545 cursum,
990 1487 1181 1550 neque
1228 1469 1609 1532 exercebitur
1655 1468 1919 1550 piratica
1965 1487 2072 1530 seu
2118 1466 2415 1530 damnum
2462 1468 2574 1530 aut
2618 1465 2910 1531 violentia
2956 1467 3269 1548 aliquibus

563 1554 1021 1636 navigantibus,
1070 1575 1179 1620 nec
1226 1558 1701 1637 receptabuntur
1745 1555 1807 1618 in
1854 1573 2060 1618 eorum
2110 1554 2406 1635 portubus
2453 1554 2710 1617 cursarii
2738 1558 2803 1618 et
2836 1553 3127 1627 malefici,
3164 1554 3268 1618 sed

561 1641 770 1724 pocius
816 1641 1233 1706 turbabuntur
1279 1646 1343 1706 et
1386 1643 1793 1718 arcebuntur,
1862 1641 2023 1705 sicut
2079 1642 2252 1705 decet
2313 1642 2546 1723 regiam
2613 1641 2925 1705 iusticiam
2968 1645 3032 1706 et
3078 1641 3271 1705 hono-

559 1748 726 1802 rem;
770 1731 834 1792 et
878 1747 911 1792 e
959 1748 1244 1794 converso
1294 1730 1354 1792 in
1391 1748 1601 1793 eorum
1648 1729 1831 1793 terris
1878 1731 1941 1792 et
1987 1728 2209 1793 insulis
2254 1728 2371 1810 ipsi
2421 1727 2835 1809 promiserunt
2881 1747 2945 1792 se
2993 1728 3269 1792 facturos

559 1816 712 1880 illud
760 1815 945 1879 idem.
995 1816 1284 1882 Preterea
1329 1816 1750 1897 promittimus
1793 1816 1979 1880 verbo
2044 1819 2247 1881 nostro
2297 1816 2464 1898 regio
2516 1815 2831 1879 universos
2879 1817 2943 1880 et
2989 1816 3269 1899 singulos

556 1904 739 1981 civeS,
788 1902 1066 1967 subditos
1114 1907 1177 1966 et
1216 1902 1424 1967 fideles
1471 1904 1665 1985 ipsius
1712 1902 1943 1966 domini
1988 1901 2160 1966 ducis
2208 1909 2270 1966 et
2315 1903 2659 1967 communis
2707 1903 3117 1967 Veneciarum
3167 1923 3270 1966 ve-

558 1991 797 2054 nientes
855 1989 932 2054 ad
976 1992 1189 2068 terras,
1241 1992 1451 2070 portus
1498 1993 1561 2053 et
1607 1991 1840 2053 insulas
1895 1992 1959 2053 et
2004 1989 2135 2053 loca
2193 2008 2429 2072 queque
2494 1990 2745 2053 subdita
2807 1990 3270 2073 presentialiter

558 2079 622 2142 et
667 2079 729 2141 in
774 2076 1053 2141 futurum
1105 2077 1415 2141 maiestati
1463 2078 1687 2154 nostre,
1739 2077 1966 2141 habere
2013 2080 2076 2141 et
2122 2076 2336 2141 haberi
2395 2076 2593 2141 facere
2655 2078 2858 2141 salvos
2914 2080 3268 2145 etrsecuros

559 2183 700 2229 cum
749 2164 1045 2246 personia,
1096 2164 1271 2228 bonis
1332 2165 1396 2227 et
1453 2164 1718 2246 navigiis
1780 2169 1968 2246 atque
2038 2164 2222 2228 rebus
2291 2166 2654 2240 eorundem;
2703 2167 2862 2245 quod
2937 2184 3156 2229 secure
3202 2168 3266 2229 et

558 2253 764 2334 quiete
811 2253 1070 2333 possunt
1113 2252 1224 2327 ire,
1272 2253 1439 2315 stare
1489 2253 1552 2315 et
1596 2252 1793 2315 redire
1841 2270 1910 2315 ac
1954 2252 2217 2316 transire
2262 2271 2371 2333 per
2416 2251 2614 2316 dictos
2661 2257 2895 2333 portuS,
2953 2255 3154 2334 terras
3201 2254 3264 2316 et

555 2338 689 2404 loca
734 2357 876 2403 cum
921 2339 1200 2421 navigiiS,
1248 2340 1525 2420 personis
1573 2341 1633 2402 et
1679 2339 2094 2402 mercimoniis
2135 2340 2297 2414 suis;
2344 2358 2487 2422 ymo
2537 2341 2700 2421 ipsos
2751 2341 3160 2404 tractabimus
3205 2343 3269 2404 et

487 2452 497 2460 ·
559 2424 815 2490 tractari
878 2424 1158 2489 volumus
1220 2426 1485 2489 dulciter
1543 2428 1606 2489 et
1669 2426 1928 2509 benigne
1987 2426 2099 2489 sub
2163 2425 2370 2489 favore
2415 2430 2479 2490 et
2529 2427 2728 2509 gratia
2790 2430 3040 2505 nostra,
3105 2429 3174 2492 et
3236 2445 3268 2490 e

557 2513 768 2577 contra
811 2511 975 2576 idem
1020 2512 1305 2576 dominus
1351 2512 1472 2576 dux
1519 2515 1583 2577 et
1628 2531 1948 2577 commune
1995 2513 2294 2577 tractabit
2340 2517 2573 2577 nostros
2623 2513 2734 2578 tali
2781 2514 3022 2579 vinculo
3068 2514 3265 2579 inter-

556 2600 715 2664 iecto
763 2600 824 2664 in
873 2598 1161 2681 predictis
1207 2599 1487 2665 omnibus
1536 2603 1598 2663 et
1644 2600 1926 2682 singulis,
1974 2597 2145 2678 Quod
2208 2601 2260 2665 si
2308 2602 2583 2682 parcium
2644 2600 2850 2683 aliqua
2909 2601 3054 2667 huic
3101 2602 3266 2667 ordi-

558 2687 790 2752 nationi
837 2688 901 2750 et
940 2687 1348 2769 dispositioni,
1414 2688 1731 2752 concordie
1792 2692 1976 2770 atque
2038 2690 2206 2770 paci,
2277 2689 2577 2753 niteretur
2622 2691 2945 2767 contraire,
3012 2693 3076 2754 et
3124 2709 3264 2754 eam

558 2774 891 2857 infringere
939 2774 1037 2838 vel
1084 2775 1310 2840 violare
1356 2779 1699 2852 conaretur,
1749 2775 1985 2858 aliquas
2032 2779 2247 2853 terraS,
2312 2778 2533 2851 castra,
2592 2776 2824 2840 insulas
2886 2781 2996 2840 aut
3043 2779 3259 2859 portus

557 2861 633 2925 de
675 2861 812 2939 hiis,
860 2881 979 2944 que
1026 2864 1382 2927 renunciata
1427 2866 1589 2940 sunt,
1637 2862 1984 2943 occupando
2031 2862 2128 2926 vel
2171 2862 2354 2927 aliter
2396 2864 2530 2944 paci
2578 2863 3109 2942 contrafaciend0‚
3160 2883 3263 2929 ex-

557 2954 703 3014 tunc
748 2967 886 3029 pars
930 2949 1125 3015 altera
1169 2950 1232 3014 id
1282 2950 1413 3015 sedi
1461 2950 1787 3031 apostolice
1834 2949 2121 3013 intimare
2187 2949 2443 3025 debeat,
2508 2951 2572 3014 et
2616 2949 2899 3014 dominus
2952 2970 3115 3033 papa
3164 2952 3258 3015 vi-

555 3053 701 3117 gore
748 3036 1216 3117 omologationis
1264 3040 1327 3100 et
1367 3037 1696 3119 potestatis
1742 3037 1884 3101 date
1934 3056 2038 3116 per
2091 3054 2197 3100 nos
2244 3038 2309 3100 et
2354 3056 2461 3119 per
2509 3037 2675 3119 ipsos
2737 3041 2946 3102 tenore
3005 3056 3258 3120 presen-

555 3121 713 3185 tium
763 3121 1112 3186 litterarum
1160 3126 1446 3187 teneatur
1492 3127 1555 3187 et
1604 3124 1751 3187 velit
1793 3122 1953 3187 infra
2013 3124 2288 3203 spacium
2353 3125 2532 3187 unius
2594 3125 2825 3189 mensis
2888 3124 3259 3207 simpliciter

556 3207 622 3271 et
652 3207 726 3270 de
761 3206 940 3289 plano
985 3208 1218 3291 absque
1250 3210 1512 3291 strepitu
1544 3214 1606 3273 et
1638 3212 1839 3293 figura
1880 3209 2108 3287 iudicii,
2163 3209 2363 3274 solum
2409 3212 2655 3293 recepta
2686 3211 2802 3278 fide
2849 3214 2913 3276 et
2956 3212 3257 3277 certifica·

553 3293 716 3357 tione
751 3294 1097 3358 violationis
1144 3299 1207 3359 et
1256 3295 1637 3361 infractionis
1664 3297 1990 3374 antedicte,
2043 3299 2103 3361 in
2137 3316 2421 3380 personas
2448 3297 2542 3362 vel
2569 3300 3075 3364 communitatem
3111 3317 3255 3363 con-

559 3380 986 3444 trafacientem
1027 3383 1365 3446 sententias
1412 3383 1699 3448 videlicet
1747 3384 2054 3449 interdicti
2102 3391 2165 3448 et
2211 3386 2794 3450 excomunicationis
2839 3385 3252 3468 proferrendO,

554 3484 592 3530 a
638 3485 758 3550 qua
806 3468 1156 3532 nullatenus
1203 3471 1616 3548 absolvantur,
1667 3473 1855 3536 donec
1916 3491 2025 3553 per
2092 3474 2327 3553 partem
2391 3472 2730 3553 predictam
2794 3473 3250 3556 infrangentem

555 3554 653 3619 vel
700 3554 1046 3638 infrangere
1092 3560 1521 3638 procurantem
1570 3558 1730 3639 parti
1777 3559 1959 3623 alteri
2006 3559 2355 3623 observanti
2402 3559 2703 3637 satisfiat,
2769 3562 2950 3643 prout
2995 3562 3115 3625 erit
3165 3563 3256 3624 iu-

552 3644 743 3721 stum,
793 3642 974 3706 illum
1021 3642 1121 3707 vel
1182 3643 1318 3708 illos
1376 3645 1809 3710 nichilominus
1855 3645 2276 3710 denunciando
2337 3645 2663 3728 fidefragos
2709 3649 2774 3711 et
2819 3648 3115 3730 periuros
3188 3645 3254 3711 Si

552 3732 759 3795 autem
808 3730 1015 3811 aliqua
1062 3731 1286 3796 damna
1324 3732 1418 3796 vel
1465 3733 1688 3796 iniurie
1721 3736 1832 3796 aut
1864 3732 2220 3797 offensiones
2245 3734 2775 3799 committerentur
2820 3754 2929 3817 per
2976 3733 3254 3798 subditos

552 3819 946 3900 utrorumque
993 3817 1298 3896 alterutri,
1347 3839 1418 3883 ex
1464 3820 1609 3883 tunc
1654 3839 1763 3902 per
1807 3839 1915 3884 nos
1966 3820 2061 3883 vel
2106 3822 2346 3884 nostros
2402 3821 2692 3886 officiales
2751 3822 3024 3887 locorum
3088 3821 3248 3903 ipso·

548 3923 689 3969 rum
735 3907 799 3969 et
842 3909 1108 3970 rectores
1154 3906 1602 3987 pertinentibus
1648 3906 1724 3970 ad
1771 3908 2035 3985 eosdem,
2076 3909 2148 3971 ‘et
2192 3927 2302 3989 per
2339 3907 2506 3990 ipsos
2554 3908 2650 3973 vel
2713 3928 2922 3974 eorum
2984 3909 3249 3974 rectores

552 3995 615 4057 et
659 3992 971 4071 officialeS,
1020 3993 1471 4075 pertinentibus
1518 3994 1594 4057 ad
1643 4013 1770 4070 nos,
1820 3993 1977 4057 infra
2023 3995 2297 4075 spacium
2360 3994 2542 4059 unius
2600 3996 2831 4061 mensis
2896 4015 2933 4061 a
2979 3999 3249 4077 tempore

550 4078 827 4161 deposite
873 4080 1116 4161 querele
1162 4080 1435 4161 plenaria
1480 4081 1822 4145 satisfactio
1870 4081 2294 4163 impendatur,
2365 4101 2476 4146 nec
2524 4101 2629 4164 per
2663 4082 2787 4147 hoc
2845 4083 3141 4147 ordinatio
3188 4086 3251 4147 et

552 4167 888 4247 dispositio,
937 4167 1258 4232 concordia
1304 4170 1367 4232 et
1413 4185 1528 4249 pax
1576 4169 2007 4251 intelligantur
2057 4169 2312 4245 violate,
2379 4169 2486 4233 sed
2532 4169 2597 4233 in
2643 4189 2752 4234 sua
2798 4169 3096 4234 firmitate
3144 4169 3251 4234 de·

551 4252 736 4316 beant
779 4273 1160 4335 permanere,
1228 4254 1305 4318 ad
1353 4274 1468 4337 que
1515 4274 1621 4319 nos
1665 4258 1729 4320 et
1773 4255 1893 4338 ipsi
1939 4259 2274 4337 spontanea
2335 4274 2443 4321 nos
2505 4257 2854 4340 obligamus
2915 4258 3248 4322 voluntate.

549 4337 862 4404 Premissa
908 4343 1117 4405 autem
1165 4341 1370 4405 omnia
1417 4343 1480 4406 et
1526 4342 1773 4425 singula
1835 4361 1974 4406 cum
2035 4341 2454 4424 infrascriptis
2514 4344 2740 4408 nostris
2802 4344 3139 4408 baronibus
3186 4344 3249 4408 et

548 4426 896 4504 proceribus
943 4429 1115 4510 regni
1165 4429 1354 4492 nostri
1400 4428 1740 4493 iuravimus
1785 4431 1862 4494 ad
1910 4431 2262 4493 sacrosanta
2305 4429 2402 4493 dei
2446 4431 2765 4509 evangelia
2811 4431 3001 4495 tactis
3051 4431 3244 4512 scrip·

551 4511 706 4573 turis
752 4530 856 4591 per
902 4531 1009 4576 nos
1055 4517 1119 4577 et
1162 4533 1537 4579 successores
1584 4519 1823 4580 nostros
1884 4520 1948 4580 et
2009 4534 2217 4580 omnes
2280 4516 2662 4598 pertinantes
2708 4518 2786 4581 ad
2837 4537 2942 4583 nos
2991 4519 3248 4583 inviola-

549 4596 759 4660 biliter
801 4602 865 4662 et
909 4599 1311 4681 integraliter,
1363 4602 1685 4668 observare
1732 4607 1795 4668 et
1838 4622 1953 4667 non
1999 4603 2414 4668 contrafacere
2452 4604 2551 4669 vel
2594 4605 2798 4670 venire
2841 4625 2950 4688 per
2994 4624 3111 4669 nos
3157 4603 3252 4670 vel

550 4683 705 4750 alios
749 4683 825 4749 de
869 4685 1004 4749 iure
1045 4687 1141 4750 vel
1188 4686 1263 4751 de
1308 4688 1490 4768 facto,
1538 4691 1769 4755 directe
1818 4690 1912 4755 vel
1960 4691 2271 4768 indirecte,
2312 4690 2521 4772 palam
2571 4692 2668 4758 vel
2722 4694 2996 4772 occulte,
3030 4690 3245 4775 quovis
