<?xml version="1.0" encoding="UTF-8"?>
<!DOCTYPE html PUBLIC "-//W3C//DTD XHTML 1.0 Transitional//EN"
    "http://www.w3.org/TR/xhtml1/DTD/xhtml1-transitional.dtd">
<html xmlns="http://www.w3.org/1999/xhtml" xml:lang="en" lang="en">
 <head>
  <title>
</title>
<meta http-equiv="Content-Type" content="text/html;charset=utf-8" />
  <meta name='ocr-system' content='tesseract 3.04.00' />
  <meta name='ocr-capabilities' content='ocr_page ocr_carea ocr_par ocr_line ocrx_word'/>
</head>
<body>
  <div class='ocr_page' id='page_1' title='image "./monumentaspecta02umjegoog_0260.png"; bbox 0 0 3620 5282; ppageno 0'>
   <div class='ocr_carea' id='block_1_1' title="bbox 524 334 653 414">
    <p class='ocr_par' dir='ltr' id='par_1_1' title="bbox 524 334 653 414">
     <span class='ocr_line' id='line_1_1' title="bbox 524 334 653 414; baseline 0 0"><span class='ocrx_word' id='word_1_1' title='bbox 524 334 653 414; x_wconf 62' lang='grc'>208</span> 
     </span>
    </p>
   </div>
   <div class='ocr_carea' id='block_1_2' title="bbox 436 518 3259 4722">
    <p class='ocr_par' dir='ltr' id='par_1_2' title="bbox 464 518 3259 1747">
     <span class='ocr_line' id='line_1_2' title="bbox 528 518 3254 605; baseline -0.002 -18"><span class='ocrx_word' id='word_1_2' title='bbox 528 523 769 587; x_wconf 89' lang='lat' dir='ltr'>mitisse</span> <span class='ocrx_word' id='word_1_3' title='bbox 819 522 1246 605; x_wconf 81' lang='lat' dir='ltr'>produxerunt</span> <span class='ocrx_word' id='word_1_4' title='bbox 1286 523 1348 586; x_wconf 93' lang='lat' dir='ltr'>in</span> <span class='ocrx_word' id='word_1_5' title='bbox 1398 522 1670 605; x_wconf 54' lang='lat' dir='ltr'>scriptis</span> <span class='ocrx_word' id='word_1_6' title='bbox 1715 520 1985 605; x_wconf 81' lang='lat' dir='ltr'>ipsisque</span> <span class='ocrx_word' id='word_1_7' title='bbox 2032 520 2189 587; x_wconf 88' lang='lat' dir='ltr'>visis</span> <span class='ocrx_word' id='word_1_8' title='bbox 2239 521 2302 585; x_wconf 94' lang='lat' dir='ltr'>et</span> <span class='ocrx_word' id='word_1_9' title='bbox 2352 520 2683 602; x_wconf 80' lang='lat' dir='ltr'>diligenter</span> <span class='ocrx_word' id='word_1_10' title='bbox 2731 518 3134 597; x_wconf 78' lang='lat' dir='ltr'>examinatiS,</span> <span class='ocrx_word' id='word_1_11' title='bbox 3187 538 3254 583; x_wconf 85' lang='lat' dir='ltr'>ac</span> 
     </span>
     <span class='ocr_line' id='line_1_3' title="bbox 528 600 3258 693; baseline -0.002 -18"><span class='ocrx_word' id='word_1_12' title='bbox 528 611 725 675; x_wconf 88' lang='lat' dir='ltr'>eciam</span> <span class='ocrx_word' id='word_1_13' title='bbox 768 610 1002 675; x_wconf 90' lang='lat' dir='ltr'>auditis</span> <span class='ocrx_word' id='word_1_14' title='bbox 1049 611 1352 687; x_wconf 81' lang='lat' dir='ltr'>omnibuS,</span> <span class='ocrx_word' id='word_1_15' title='bbox 1396 630 1514 693; x_wconf 90' lang='lat' dir='ltr'>que</span> <span class='ocrx_word' id='word_1_16' title='bbox 1560 614 1689 673; x_wconf 89' lang='lat' dir='ltr'>tam</span> <span class='ocrx_word' id='word_1_17' title='bbox 1739 609 2167 674; x_wconf 81' lang='lat' dir='ltr'>ambaxatores</span> <span class='ocrx_word' id='word_1_18' title='bbox 2219 600 2531 672; x_wconf 85' lang='lat' dir='ltr'>&#39;comitisse</span> <span class='ocrx_word' id='word_1_19' title='bbox 2557 607 2847 690; x_wconf 78' lang='lat' dir='ltr'>predicte,</span> <span class='ocrx_word' id='word_1_20' title='bbox 2897 626 3084 690; x_wconf 87' lang='lat' dir='ltr'>quam</span> <span class='ocrx_word' id='word_1_21' title='bbox 3125 624 3258 669; x_wconf 88' lang='lat' dir='ltr'>am·</span> 
     </span>
     <span class='ocr_line' id='line_1_4' title="bbox 531 695 3252 780; baseline -0.002 -17"><span class='ocrx_word' id='word_1_22' title='bbox 531 700 867 767; x_wconf 79' lang='lat' dir='ltr'>baxatores</span> <span class='ocrx_word' id='word_1_23' title='bbox 900 700 1144 764; x_wconf 90' lang='lat' dir='ltr'>comitis</span> <span class='ocrx_word' id='word_1_24' title='bbox 1175 699 1478 767; x_wconf 67' lang='lat' dir='ltr'>‚Iohannis</span> <span class='ocrx_word' id='word_1_25' title='bbox 1524 698 1782 780; x_wconf 86' lang='lat' dir='ltr'>predicti</span> <span class='ocrx_word' id='word_1_26' title='bbox 1823 696 2024 761; x_wconf 80' lang='lat' dir='ltr'>dicere</span> <span class='ocrx_word' id='word_1_27' title='bbox 2068 696 2394 761; x_wconf 88' lang='lat' dir='ltr'>voluerunt</span> <span class='ocrx_word' id='word_1_28' title='bbox 2418 696 2732 771; x_wconf 80' lang='lat' dir='ltr'>oretenus3</span> <span class='ocrx_word' id='word_1_29' title='bbox 2775 695 3252 770; x_wconf 79' lang='lat' dir='ltr'>consideranteS,</span> 
     </span>
     <span class='ocr_line' id='line_1_5' title="bbox 528 778 3259 869; baseline -0.002 -19"><span class='ocrx_word' id='word_1_30' title='bbox 528 788 687 868; x_wconf 89' lang='lat' dir='ltr'>quod</span> <span class='ocrx_word' id='word_1_31' title='bbox 728 787 844 869; x_wconf 91' lang='lat' dir='ltr'>ipsi</span> <span class='ocrx_word' id='word_1_32' title='bbox 898 786 1327 851; x_wconf 85' lang='lat' dir='ltr'>ambaxatores</span> <span class='ocrx_word' id='word_1_33' title='bbox 1372 786 1687 867; x_wconf 90' lang='lat' dir='ltr'>utriusque</span> <span class='ocrx_word' id='word_1_34' title='bbox 1731 786 1927 867; x_wconf 87' lang='lat' dir='ltr'>partis</span> <span class='ocrx_word' id='word_1_35' title='bbox 1975 784 2224 867; x_wconf 86' lang='lat' dir='ltr'>aliquod</span> <span class='ocrx_word' id='word_1_36' title='bbox 2269 778 2649 848; x_wconf 82' lang='lat' dir='ltr'>&#39;mandatum</span> <span class='ocrx_word' id='word_1_37' title='bbox 2711 784 3016 848; x_wconf 88' lang='lat' dir='ltr'>tractandi</span> <span class='ocrx_word' id='word_1_38' title='bbox 3088 800 3259 846; x_wconf 91' lang='lat' dir='ltr'>com-</span> 
     </span>
     <span class='ocr_line' id='line_1_6' title="bbox 528 869 3256 957; baseline -0.003 -18"><span class='ocrx_word' id='word_1_39' title='bbox 528 874 899 956; x_wconf 87' lang='lat' dir='ltr'>positionem</span> <span class='ocrx_word' id='word_1_40' title='bbox 948 874 1111 938; x_wconf 88' lang='lat' dir='ltr'>inter</span> <span class='ocrx_word' id='word_1_41' title='bbox 1157 877 1366 957; x_wconf 88' lang='lat' dir='ltr'>partes</span> <span class='ocrx_word' id='word_1_42' title='bbox 1406 874 1573 957; x_wconf 90' lang='lat' dir='ltr'>ipsas</span> <span class='ocrx_word' id='word_1_43' title='bbox 1620 891 1739 937; x_wconf 91' lang='lat' dir='ltr'>non</span> <span class='ocrx_word' id='word_1_44' title='bbox 1787 873 2055 951; x_wconf 90' lang='lat' dir='ltr'>habent,</span> <span class='ocrx_word' id='word_1_45' title='bbox 2107 875 2172 935; x_wconf 90' lang='lat' dir='ltr'>et</span> <span class='ocrx_word' id='word_1_46' title='bbox 2229 873 2542 949; x_wconf 77' lang='lat' dir='ltr'>asserant,</span> <span class='ocrx_word' id='word_1_47' title='bbox 2607 890 2672 934; x_wconf 90' lang='lat' dir='ltr'>se</span> <span class='ocrx_word' id='word_1_48' title='bbox 2735 890 2854 936; x_wconf 92' lang='lat' dir='ltr'>non</span> <span class='ocrx_word' id='word_1_49' title='bbox 2917 889 3093 954; x_wconf 88' lang='lat' dir='ltr'>posse</span> <span class='ocrx_word' id='word_1_50' title='bbox 3139 869 3256 934; x_wconf 87' lang='lat' dir='ltr'>ali-</span> 
     </span>
     <span class='ocr_line' id='line_1_7' title="bbox 529 959 3252 1044; baseline -0.002 -18"><span class='ocrx_word' id='word_1_51' title='bbox 529 962 797 1043; x_wconf 87' lang='lat' dir='ltr'>qualiter</span> <span class='ocrx_word' id='word_1_52' title='bbox 848 963 1189 1044; x_wconf 85' lang='lat' dir='ltr'>expectare,</span> <span class='ocrx_word' id='word_1_53' title='bbox 1255 963 1582 1026; x_wconf 90' lang='lat' dir='ltr'>consulunt</span> <span class='ocrx_word' id='word_1_54' title='bbox 1634 980 1845 1025; x_wconf 90' lang='lat' dir='ltr'>omnes</span> <span class='ocrx_word' id='word_1_55' title='bbox 1909 962 2035 1025; x_wconf 92' lang='lat' dir='ltr'>tres</span> <span class='ocrx_word' id='word_1_56' title='bbox 2098 959 2407 1042; x_wconf 87' lang='lat' dir='ltr'>sapientes</span> <span class='ocrx_word' id='word_1_57' title='bbox 2472 959 2847 1024; x_wconf 87' lang='lat' dir='ltr'>unanimiter</span> <span class='ocrx_word' id='word_1_58' title='bbox 2896 962 2957 1023; x_wconf 90' lang='lat' dir='ltr'>et</span> <span class='ocrx_word' id='word_1_59' title='bbox 3003 975 3252 1022; x_wconf 90' lang='lat' dir='ltr'>concor-</span> 
     </span>
     <span class='ocr_line' id='line_1_8' title="bbox 527 1047 3258 1132; baseline -0.001 -21"><span class='ocrx_word' id='word_1_60' title='bbox 527 1049 707 1126; x_wconf 89' lang='lat' dir='ltr'>diter,</span> <span class='ocrx_word' id='word_1_61' title='bbox 757 1050 919 1132; x_wconf 90' lang='lat' dir='ltr'>quod</span> <span class='ocrx_word' id='word_1_62' title='bbox 966 1051 1276 1114; x_wconf 82' lang='lat' dir='ltr'>scribatur</span> <span class='ocrx_word' id='word_1_63' title='bbox 1324 1049 1653 1113; x_wconf 84' lang='lat' dir='ltr'>comitibus</span> <span class='ocrx_word' id='word_1_64' title='bbox 1701 1047 1938 1131; x_wconf 88' lang='lat' dir='ltr'>Spaleti</span> <span class='ocrx_word' id='word_1_65' title='bbox 1987 1050 2050 1112; x_wconf 92' lang='lat' dir='ltr'>et</span> <span class='ocrx_word' id='word_1_66' title='bbox 2096 1047 2400 1130; x_wconf 86' lang='lat' dir='ltr'>Tragurii,</span> <span class='ocrx_word' id='word_1_67' title='bbox 2449 1047 2608 1129; x_wconf 92' lang='lat' dir='ltr'>quod</span> <span class='ocrx_word' id='word_1_68' title='bbox 2651 1047 2798 1111; x_wconf 90' lang='lat' dir='ltr'>deut</span> <span class='ocrx_word' id='word_1_69' title='bbox 2841 1064 3090 1129; x_wconf 87' lang='lat' dir='ltr'>operam</span> <span class='ocrx_word' id='word_1_70' title='bbox 3116 1063 3258 1108; x_wconf 88' lang='lat' dir='ltr'>cum</span> 
     </span>
     <span class='ocr_line' id='line_1_9' title="bbox 528 1134 3259 1220; baseline -0.002 -18"><span class='ocrx_word' id='word_1_71' title='bbox 528 1137 748 1203; x_wconf 86' lang='lat' dir='ltr'>effectu</span> <span class='ocrx_word' id='word_1_72' title='bbox 797 1140 927 1202; x_wconf 89' lang='lat' dir='ltr'>toto</span> <span class='ocrx_word' id='word_1_73' title='bbox 975 1156 1184 1202; x_wconf 91' lang='lat' dir='ltr'>eorum</span> <span class='ocrx_word' id='word_1_74' title='bbox 1233 1156 1411 1220; x_wconf 90' lang='lat' dir='ltr'>posse</span> <span class='ocrx_word' id='word_1_75' title='bbox 1458 1135 1787 1201; x_wconf 87' lang='lat' dir='ltr'>reducendi</span> <span class='ocrx_word' id='word_1_76' title='bbox 1834 1138 2039 1219; x_wconf 87' lang='lat' dir='ltr'>partes</span> <span class='ocrx_word' id='word_1_77' title='bbox 2087 1136 2360 1217; x_wconf 89' lang='lat' dir='ltr'>prefatas</span> <span class='ocrx_word' id='word_1_78' title='bbox 2422 1135 2500 1198; x_wconf 88' lang='lat' dir='ltr'>ad</span> <span class='ocrx_word' id='word_1_79' title='bbox 2542 1134 2933 1199; x_wconf 90' lang='lat' dir='ltr'>concordium</span> <span class='ocrx_word' id='word_1_80' title='bbox 2982 1136 3045 1198; x_wconf 91' lang='lat' dir='ltr'>et</span> <span class='ocrx_word' id='word_1_81' title='bbox 3090 1151 3259 1197; x_wconf 92' lang='lat' dir='ltr'>com-</span> 
     </span>
     <span class='ocr_line' id='line_1_10' title="bbox 529 1221 3255 1308; baseline -0.003 -18"><span class='ocrx_word' id='word_1_82' title='bbox 529 1226 925 1308; x_wconf 89' lang='lat' dir='ltr'>positionem.</span> <span class='ocrx_word' id='word_1_83' title='bbox 972 1225 1369 1307; x_wconf 90' lang='lat' dir='ltr'>Inquirentes</span> <span class='ocrx_word' id='word_1_84' title='bbox 1417 1225 1755 1307; x_wconf 88' lang='lat' dir='ltr'>diligenter</span> <span class='ocrx_word' id='word_1_85' title='bbox 1801 1242 1948 1289; x_wconf 90' lang='lat' dir='ltr'>cum</span> <span class='ocrx_word' id='word_1_86' title='bbox 1994 1224 2104 1287; x_wconf 91' lang='lat' dir='ltr'>illa</span> <span class='ocrx_word' id='word_1_87' title='bbox 2148 1222 2558 1299; x_wconf 83' lang='lat' dir='ltr'>solicitudine,</span> <span class='ocrx_word' id='word_1_88' title='bbox 2608 1240 2749 1286; x_wconf 85' lang='lat' dir='ltr'>curn</span> <span class='ocrx_word' id='word_1_89' title='bbox 2797 1240 2919 1304; x_wconf 88' lang='lat' dir='ltr'>qua</span> <span class='ocrx_word' id='word_1_90' title='bbox 2950 1221 3255 1304; x_wconf 87' lang='lat' dir='ltr'>poterunt,</span> 
     </span>
     <span class='ocr_line' id='line_1_11' title="bbox 531 1308 3252 1396; baseline -0.003 -19"><span class='ocrx_word' id='word_1_91' title='bbox 531 1315 670 1377; x_wconf 83' lang='lat' dir='ltr'>utra</span> <span class='ocrx_word' id='word_1_92' title='bbox 719 1314 992 1396; x_wconf 87' lang='lat' dir='ltr'>partium</span> <span class='ocrx_word' id='word_1_93' title='bbox 1042 1313 1229 1377; x_wconf 85' lang='lat' dir='ltr'>fuerit</span> <span class='ocrx_word' id='word_1_94' title='bbox 1275 1312 1659 1395; x_wconf 88' lang='lat' dir='ltr'>culpabilior.</span> <span class='ocrx_word' id='word_1_95' title='bbox 1731 1310 1797 1375; x_wconf 88' lang='lat' dir='ltr'>Si</span> <span class='ocrx_word' id='word_1_96' title='bbox 1862 1330 2004 1375; x_wconf 86' lang='lat' dir='ltr'>vero</span> <span class='ocrx_word' id='word_1_97' title='bbox 2053 1310 2173 1394; x_wconf 88' lang='lat' dir='ltr'>ipsi</span> <span class='ocrx_word' id='word_1_98' title='bbox 2217 1310 2475 1375; x_wconf 86' lang='lat' dir='ltr'>comites</span> <span class='ocrx_word' id='word_1_99' title='bbox 2542 1310 2920 1388; x_wconf 88' lang='lat' dir='ltr'>invenerint,</span> <span class='ocrx_word' id='word_1_100' title='bbox 2984 1308 3252 1390; x_wconf 88' lang='lat' dir='ltr'>aliquam</span> 
     </span>
     <span class='ocr_line' id='line_1_12' title="bbox 529 1397 3257 1483; baseline -0.003 -18"><span class='ocrx_word' id='word_1_101' title='bbox 529 1400 805 1483; x_wconf 86' lang='lat' dir='ltr'>ipsarum</span> <span class='ocrx_word' id='word_1_102' title='bbox 854 1401 1127 1483; x_wconf 87' lang='lat' dir='ltr'>partium</span> <span class='ocrx_word' id='word_1_103' title='bbox 1176 1402 1484 1465; x_wconf 89' lang='lat' dir='ltr'>nolentem</span> <span class='ocrx_word' id='word_1_104' title='bbox 1532 1399 1605 1464; x_wconf 88' lang='lat' dir='ltr'>ad</span> <span class='ocrx_word' id='word_1_105' title='bbox 1657 1401 2046 1464; x_wconf 87' lang='lat' dir='ltr'>concordium</span> <span class='ocrx_word' id='word_1_106' title='bbox 2095 1397 2420 1476; x_wconf 90' lang='lat' dir='ltr'>declinare,</span> <span class='ocrx_word' id='word_1_107' title='bbox 2470 1397 2736 1462; x_wconf 88' lang='lat' dir='ltr'>debeant</span> <span class='ocrx_word' id='word_1_108' title='bbox 2779 1398 2922 1461; x_wconf 89' lang='lat' dir='ltr'>illos</span> <span class='ocrx_word' id='word_1_109' title='bbox 2968 1397 3257 1461; x_wconf 84' lang='lat' dir='ltr'>denotare</span> 
     </span>
     <span class='ocr_line' id='line_1_13' title="bbox 529 1483 3247 1569; baseline -0.002 -17"><span class='ocrx_word' id='word_1_110' title='bbox 529 1489 955 1564; x_wconf 86' lang='lat' dir='ltr'>dominationi,</span> <span class='ocrx_word' id='word_1_111' title='bbox 992 1490 1055 1552; x_wconf 89' lang='lat' dir='ltr'>et</span> <span class='ocrx_word' id='word_1_112' title='bbox 1101 1507 1312 1555; x_wconf 91' lang='lat' dir='ltr'>omnes</span> <span class='ocrx_word' id='word_1_113' title='bbox 1357 1488 1737 1552; x_wconf 87' lang='lat' dir='ltr'>differentias</span> <span class='ocrx_word' id='word_1_114' title='bbox 1802 1490 1867 1551; x_wconf 90' lang='lat' dir='ltr'>et</span> <span class='ocrx_word' id='word_1_115' title='bbox 1920 1505 2301 1569; x_wconf 90' lang='lat' dir='ltr'>quecumque</span> <span class='ocrx_word' id='word_1_116' title='bbox 2369 1485 2489 1549; x_wconf 88' lang='lat' dir='ltr'>alia</span> <span class='ocrx_word' id='word_1_117' title='bbox 2554 1505 2664 1567; x_wconf 87' lang='lat' dir='ltr'>per</span> <span class='ocrx_word' id='word_1_118' title='bbox 2710 1486 2985 1550; x_wconf 88' lang='lat' dir='ltr'>ordinem</span> <span class='ocrx_word' id='word_1_119' title='bbox 3041 1483 3247 1548; x_wconf 87' lang='lat' dir='ltr'>decla-</span> 
     </span>
     <span class='ocr_line' id='line_1_14' title="bbox 533 1572 3251 1658; baseline -0.003 -17"><span class='ocrx_word' id='word_1_120' title='bbox 533 1596 689 1641; x_wconf 87' lang='lat' dir='ltr'>rare.</span> <span class='ocrx_word' id='word_1_121' title='bbox 740 1574 877 1654; x_wconf 86' lang='lat' dir='ltr'>Qua</span> <span class='ocrx_word' id='word_1_122' title='bbox 926 1575 1359 1641; x_wconf 90' lang='lat' dir='ltr'>informatione</span> <span class='ocrx_word' id='word_1_123' title='bbox 1401 1578 1663 1658; x_wconf 88' lang='lat' dir='ltr'>recepta,</span> <span class='ocrx_word' id='word_1_124' title='bbox 1713 1575 1999 1640; x_wconf 85' lang='lat' dir='ltr'>veniatur</span> <span class='ocrx_word' id='word_1_125' title='bbox 2038 1574 2117 1639; x_wconf 85' lang='lat' dir='ltr'>ad</span> <span class='ocrx_word' id='word_1_126' title='bbox 2165 1573 2334 1638; x_wconf 90' lang='lat' dir='ltr'>istud</span> <span class='ocrx_word' id='word_1_127' title='bbox 2378 1573 2737 1654; x_wconf 90' lang='lat' dir='ltr'>consilium,</span> <span class='ocrx_word' id='word_1_128' title='bbox 2788 1575 2852 1638; x_wconf 90' lang='lat' dir='ltr'>et</span> <span class='ocrx_word' id='word_1_129' title='bbox 2895 1572 3040 1654; x_wconf 90' lang='lat' dir='ltr'>fiat,</span> <span class='ocrx_word' id='word_1_130' title='bbox 3086 1572 3251 1636; x_wconf 88' lang='lat' dir='ltr'>sicut</span> 
     </span>
     <span class='ocr_line' id='line_1_15' title="bbox 464 1665 1239 1747; baseline 0 -18"><span class='ocrx_word' id='word_1_131' title='bbox 464 1712 469 1717; x_wconf 76' lang='lat'>,</span> <span class='ocrx_word' id='word_1_132' title='bbox 527 1665 834 1730; x_wconf 88' lang='lat' dir='ltr'>videbitur</span> <span class='ocrx_word' id='word_1_133' title='bbox 880 1668 1239 1747; x_wconf 87' lang='lat' dir='ltr'>opportune.</span> 
     </span>
    </p>

    <p class='ocr_par' dir='ltr' id='par_1_3' title="bbox 523 1745 3258 2453">
     <span class='ocr_line' id='line_1_16' title="bbox 737 1745 3253 1835; baseline -0.002 -19"><span class='ocrx_word' id='word_1_134' title='bbox 737 1751 971 1835; x_wconf 87' lang='lat' dir='ltr'>Capta:</span> <span class='ocrx_word' id='word_1_135' title='bbox 1022 1771 1162 1817; x_wconf 91' lang='lat' dir='ltr'>cum</span> <span class='ocrx_word' id='word_1_136' title='bbox 1212 1751 1443 1817; x_wconf 91' lang='lat' dir='ltr'>nemini</span> <span class='ocrx_word' id='word_1_137' title='bbox 1492 1751 1679 1815; x_wconf 89' lang='lat' dir='ltr'>debet</span> <span class='ocrx_word' id='word_1_138' title='bbox 1726 1750 1968 1815; x_wconf 89' lang='lat' dir='ltr'>iustitia</span> <span class='ocrx_word' id='word_1_139' title='bbox 2014 1749 2340 1832; x_wconf 89' lang='lat' dir='ltr'>denegari,</span> <span class='ocrx_word' id='word_1_140' title='bbox 2390 1750 2456 1814; x_wconf 91' lang='lat' dir='ltr'>et</span> <span class='ocrx_word' id='word_1_141' title='bbox 2498 1749 2736 1814; x_wconf 91' lang='lat' dir='ltr'>iustum</span> <span class='ocrx_word' id='word_1_142' title='bbox 2799 1748 2885 1814; x_wconf 88' lang='lat' dir='ltr'>sit</span> <span class='ocrx_word' id='word_1_143' title='bbox 2928 1745 3253 1830; x_wconf 89' lang='lat' dir='ltr'>unicuique</span> 
     </span>
     <span class='ocr_line' id='line_1_17' title="bbox 528 1836 3258 1923; baseline -0.003 -19"><span class='ocrx_word' id='word_1_144' title='bbox 528 1839 821 1917; x_wconf 89' lang='lat' dir='ltr'>tribuere,</span> <span class='ocrx_word' id='word_1_145' title='bbox 873 1840 1036 1923; x_wconf 90' lang='lat' dir='ltr'>quod</span> <span class='ocrx_word' id='word_1_146' title='bbox 1085 1860 1262 1905; x_wconf 91' lang='lat' dir='ltr'>suum</span> <span class='ocrx_word' id='word_1_147' title='bbox 1314 1842 1426 1917; x_wconf 88' lang='lat' dir='ltr'>est,</span> <span class='ocrx_word' id='word_1_148' title='bbox 1476 1842 1540 1904; x_wconf 92' lang='lat' dir='ltr'>et</span> <span class='ocrx_word' id='word_1_149' title='bbox 1586 1839 1887 1917; x_wconf 89' lang='lat' dir='ltr'>videatur,</span> <span class='ocrx_word' id='word_1_150' title='bbox 1937 1838 2094 1920; x_wconf 88' lang='lat' dir='ltr'>quod</span> <span class='ocrx_word' id='word_1_151' title='bbox 2142 1838 2477 1920; x_wconf 84' lang='lat' dir='ltr'>peticiones</span> <span class='ocrx_word' id='word_1_152' title='bbox 2523 1838 2760 1920; x_wconf 87' lang='lat' dir='ltr'>prefate</span> <span class='ocrx_word' id='word_1_153' title='bbox 2807 1836 3117 1902; x_wconf 90' lang='lat' dir='ltr'>comitisse</span> <span class='ocrx_word' id='word_1_154' title='bbox 3164 1836 3258 1898; x_wconf 91' lang='lat' dir='ltr'>iu·</span> 
     </span>
     <span class='ocr_line' id='line_1_18' title="bbox 524 1923 3253 2007; baseline -0.002 -16"><span class='ocrx_word' id='word_1_155' title='bbox 524 1927 765 1992; x_wconf 87' lang='lat' dir='ltr'>stitiam</span> <span class='ocrx_word' id='word_1_156' title='bbox 813 1930 1173 1992; x_wconf 89' lang='lat' dir='ltr'>contineant</span> <span class='ocrx_word' id='word_1_157' title='bbox 1222 1928 1295 1992; x_wconf 90' lang='lat' dir='ltr'>de</span> <span class='ocrx_word' id='word_1_158' title='bbox 1357 1928 1519 1992; x_wconf 85' lang='lat' dir='ltr'>facto</span> <span class='ocrx_word' id='word_1_159' title='bbox 1582 1946 1899 1992; x_wconf 88' lang='lat' dir='ltr'>servorum</span> <span class='ocrx_word' id='word_1_160' title='bbox 1962 1927 2026 1990; x_wconf 91' lang='lat' dir='ltr'>et</span> <span class='ocrx_word' id='word_1_161' title='bbox 2082 1925 2450 1990; x_wconf 87' lang='lat' dir='ltr'>ancillarum</span> <span class='ocrx_word' id='word_1_162' title='bbox 2516 1944 2800 2003; x_wconf 86' lang='lat' dir='ltr'>suorum,</span> <span class='ocrx_word' id='word_1_163' title='bbox 2866 1941 3016 2007; x_wconf 86' lang='lat' dir='ltr'>quos</span> <span class='ocrx_word' id='word_1_164' title='bbox 3077 1923 3253 2006; x_wconf 87' lang='lat' dir='ltr'>petit,</span> 
     </span>
     <span class='ocr_line' id='line_1_19' title="bbox 523 2012 3258 2097; baseline -0.003 -16"><span class='ocrx_word' id='word_1_165' title='bbox 523 2016 853 2081; x_wconf 90' lang='lat' dir='ltr'>consulunt</span> <span class='ocrx_word' id='word_1_166' title='bbox 901 2015 1124 2097; x_wconf 86' lang='lat' dir='ltr'>prefati</span> <span class='ocrx_word' id='word_1_167' title='bbox 1173 2015 1506 2097; x_wconf 76' lang='lat' dir='ltr'>sapienteS,</span> <span class='ocrx_word' id='word_1_168' title='bbox 1554 2015 1713 2097; x_wconf 90' lang='lat' dir='ltr'>quod</span> <span class='ocrx_word' id='word_1_169' title='bbox 1763 2016 1892 2077; x_wconf 87' lang='lat' dir='ltr'>tam</span> <span class='ocrx_word' id='word_1_170' title='bbox 1945 2015 2108 2078; x_wconf 89' lang='lat' dir='ltr'>servi</span> <span class='ocrx_word' id='word_1_171' title='bbox 2153 2031 2339 2096; x_wconf 89' lang='lat' dir='ltr'>quam</span> <span class='ocrx_word' id='word_1_172' title='bbox 2389 2012 2630 2091; x_wconf 85' lang='lat' dir='ltr'>ancille,</span> <span class='ocrx_word' id='word_1_173' title='bbox 2680 2014 3052 2095; x_wconf 88' lang='lat' dir='ltr'>ubicumque</span> <span class='ocrx_word' id='word_1_174' title='bbox 3083 2029 3258 2093; x_wconf 91' lang='lat' dir='ltr'>repe-</span> 
     </span>
     <span class='ocr_line' id='line_1_20' title="bbox 523 2098 3258 2183; baseline -0.002 -16"><span class='ocrx_word' id='word_1_175' title='bbox 523 2103 791 2168; x_wconf 89' lang='lat' dir='ltr'>rirentur</span> <span class='ocrx_word' id='word_1_176' title='bbox 833 2104 963 2168; x_wconf 89' lang='lat' dir='ltr'>fore</span> <span class='ocrx_word' id='word_1_177' title='bbox 1012 2104 1073 2167; x_wconf 90' lang='lat' dir='ltr'>in</span> <span class='ocrx_word' id='word_1_178' title='bbox 1126 2104 1275 2168; x_wconf 90' lang='lat' dir='ltr'>locis</span> <span class='ocrx_word' id='word_1_179' title='bbox 1324 2106 1388 2168; x_wconf 91' lang='lat' dir='ltr'>et</span> <span class='ocrx_word' id='word_1_180' title='bbox 1438 2104 1620 2167; x_wconf 89' lang='lat' dir='ltr'>terris</span> <span class='ocrx_word' id='word_1_181' title='bbox 1663 2103 1926 2167; x_wconf 86' lang='lat' dir='ltr'>subditis</span> <span class='ocrx_word' id='word_1_182' title='bbox 1973 2102 2117 2166; x_wconf 89' lang='lat' dir='ltr'>huic</span> <span class='ocrx_word' id='word_1_183' title='bbox 2164 2100 2609 2180; x_wconf 89' lang='lat' dir='ltr'>dominationi,</span> <span class='ocrx_word' id='word_1_184' title='bbox 2656 2119 2807 2183; x_wconf 92' lang='lat' dir='ltr'>quos</span> <span class='ocrx_word' id='word_1_185' title='bbox 2873 2102 3006 2183; x_wconf 91' lang='lat' dir='ltr'>ipsa</span> <span class='ocrx_word' id='word_1_186' title='bbox 3067 2098 3258 2163; x_wconf 87' lang='lat' dir='ltr'>comi-</span> 
     </span>
     <span class='ocr_line' id='line_1_21' title="bbox 526 2188 3256 2272; baseline -0.001 -19"><span class='ocrx_word' id='word_1_187' title='bbox 526 2191 681 2255; x_wconf 87' lang='lat' dir='ltr'>tissa</span> <span class='ocrx_word' id='word_1_188' title='bbox 723 2191 1081 2256; x_wconf 88' lang='lat' dir='ltr'>ostendetur</span> <span class='ocrx_word' id='word_1_189' title='bbox 1128 2211 1271 2256; x_wconf 89' lang='lat' dir='ltr'>cum</span> <span class='ocrx_word' id='word_1_190' title='bbox 1318 2192 1506 2256; x_wconf 89' lang='lat' dir='ltr'>cartis</span> <span class='ocrx_word' id='word_1_191' title='bbox 1555 2193 1663 2255; x_wconf 88' lang='lat' dir='ltr'>aut</span> <span class='ocrx_word' id='word_1_192' title='bbox 1711 2189 1852 2254; x_wconf 90' lang='lat' dir='ltr'>aliis</span> <span class='ocrx_word' id='word_1_193' title='bbox 1894 2189 2243 2272; x_wconf 88' lang='lat' dir='ltr'>legiperitis</span> <span class='ocrx_word' id='word_1_194' title='bbox 2292 2188 2761 2271; x_wconf 86' lang='lat' dir='ltr'>probacionibus</span> <span class='ocrx_word' id='word_1_195' title='bbox 2794 2188 2922 2253; x_wconf 91' lang='lat' dir='ltr'>fore</span> <span class='ocrx_word' id='word_1_196' title='bbox 2955 2206 3095 2252; x_wconf 91' lang='lat' dir='ltr'>suos</span> <span class='ocrx_word' id='word_1_197' title='bbox 3128 2204 3256 2250; x_wconf 90' lang='lat' dir='ltr'>ser-</span> 
     </span>
     <span class='ocr_line' id='line_1_22' title="bbox 524 2274 3257 2359; baseline -0.002 -16"><span class='ocrx_word' id='word_1_198' title='bbox 524 2297 632 2343; x_wconf 87' lang='lat' dir='ltr'>vos</span> <span class='ocrx_word' id='word_1_199' title='bbox 680 2282 745 2343; x_wconf 88' lang='lat' dir='ltr'>et</span> <span class='ocrx_word' id='word_1_200' title='bbox 790 2279 1065 2357; x_wconf 78' lang='lat' dir='ltr'>ancillaS‚</span> <span class='ocrx_word' id='word_1_201' title='bbox 1116 2280 1235 2343; x_wconf 88' lang='lat' dir='ltr'>sibi</span> <span class='ocrx_word' id='word_1_202' title='bbox 1267 2279 1532 2344; x_wconf 88' lang='lat' dir='ltr'>debeant</span> <span class='ocrx_word' id='word_1_203' title='bbox 1557 2278 1840 2353; x_wconf 79' lang='lat' dir='ltr'>restitui3</span> <span class='ocrx_word' id='word_1_204' title='bbox 1891 2279 1954 2342; x_wconf 91' lang='lat' dir='ltr'>et</span> <span class='ocrx_word' id='word_1_205' title='bbox 1992 2277 2079 2343; x_wconf 90' lang='lat' dir='ltr'>sic</span> <span class='ocrx_word' id='word_1_206' title='bbox 2127 2276 2453 2342; x_wconf 86' lang='lat' dir='ltr'>mandetur</span> <span class='ocrx_word' id='word_1_207' title='bbox 2476 2276 2808 2345; x_wconf 88' lang='lat' dir='ltr'>comitibus</span> <span class='ocrx_word' id='word_1_208' title='bbox 2853 2276 2929 2341; x_wconf 91' lang='lat' dir='ltr'>de</span> <span class='ocrx_word' id='word_1_209' title='bbox 2974 2274 3257 2359; x_wconf 89' lang='lat' dir='ltr'>partibus</span> 
     </span>
     <span class='ocr_line' id='line_1_23' title="bbox 532 2365 1706 2453; baseline 0.001 -23"><span class='ocrx_word' id='word_1_210' title='bbox 532 2365 659 2430; x_wconf 92' lang='lat' dir='ltr'>illis</span> <span class='ocrx_word' id='word_1_211' title='bbox 708 2369 773 2431; x_wconf 87' lang='lat' dir='ltr'>et</span> <span class='ocrx_word' id='word_1_212' title='bbox 818 2367 1152 2431; x_wconf 89' lang='lat' dir='ltr'>rectoribus</span> <span class='ocrx_word' id='word_1_213' title='bbox 1200 2367 1706 2453; x_wconf 85' lang='lat' dir='ltr'>quibuscumque.</span> 
     </span>
    </p>

    <p class='ocr_par' dir='ltr' id='par_1_4' title="bbox 436 2450 3258 3152">
     <span class='ocr_line' id='line_1_24' title="bbox 741 2450 3252 2537; baseline -0.001 -19"><span class='ocrx_word' id='word_1_214' title='bbox 741 2453 975 2537; x_wconf 80' lang='lat' dir='ltr'>Capta3</span> <span class='ocrx_word' id='word_1_215' title='bbox 1026 2455 1167 2537; x_wconf 89' lang='lat' dir='ltr'>quia</span> <span class='ocrx_word' id='word_1_216' title='bbox 1211 2455 1366 2519; x_wconf 89' lang='lat' dir='ltr'>utile</span> <span class='ocrx_word' id='word_1_217' title='bbox 1412 2456 1478 2518; x_wconf 91' lang='lat' dir='ltr'>et</span> <span class='ocrx_word' id='word_1_218' title='bbox 1521 2453 1879 2519; x_wconf 77' lang='lat' dir='ltr'>honorabile</span> <span class='ocrx_word' id='word_1_219' title='bbox 1928 2453 2295 2518; x_wconf 78' lang='lat' dir='ltr'>discernitur</span> <span class='ocrx_word' id='word_1_220' title='bbox 2342 2472 2518 2537; x_wconf 90' lang='lat' dir='ltr'>posse</span> <span class='ocrx_word' id='word_1_221' title='bbox 2566 2454 2797 2519; x_wconf 90' lang='lat' dir='ltr'>servire</span> <span class='ocrx_word' id='word_1_222' title='bbox 2843 2452 3059 2517; x_wconf 89' lang='lat' dir='ltr'>amicis</span> <span class='ocrx_word' id='word_1_223' title='bbox 3106 2450 3252 2529; x_wconf 83' lang='lat' dir='ltr'>suiS,</span> 
     </span>
     <span class='ocr_line' id='line_1_25' title="bbox 528 2540 3257 2625; baseline -0.002 -18"><span class='ocrx_word' id='word_1_224' title='bbox 528 2544 592 2607; x_wconf 91' lang='lat' dir='ltr'>et</span> <span class='ocrx_word' id='word_1_225' title='bbox 641 2543 910 2606; x_wconf 87' lang='lat' dir='ltr'>maxime</span> <span class='ocrx_word' id='word_1_226' title='bbox 938 2542 1167 2606; x_wconf 87' lang='lat' dir='ltr'>bouum</span> <span class='ocrx_word' id='word_1_227' title='bbox 1216 2542 1300 2607; x_wconf 90' lang='lat' dir='ltr'>sit</span> <span class='ocrx_word' id='word_1_228' title='bbox 1346 2541 1597 2621; x_wconf 88' lang='lat' dir='ltr'>servire,</span> <span class='ocrx_word' id='word_1_229' title='bbox 1649 2542 1892 2623; x_wconf 89' lang='lat' dir='ltr'>quando</span> <span class='ocrx_word' id='word_1_230' title='bbox 1932 2560 2004 2606; x_wconf 83' lang='lat' dir='ltr'>ex</span> <span class='ocrx_word' id='word_1_231' title='bbox 2041 2540 2162 2605; x_wconf 88' lang='lat' dir='ltr'>hiis</span> <span class='ocrx_word' id='word_1_232' title='bbox 2207 2543 2481 2606; x_wconf 89' lang='lat' dir='ltr'>serviciis</span> <span class='ocrx_word' id='word_1_233' title='bbox 2505 2540 2721 2625; x_wconf 91' lang='lat' dir='ltr'>magni</span> <span class='ocrx_word' id='word_1_234' title='bbox 2769 2559 2887 2604; x_wconf 89' lang='lat' dir='ltr'>non</span> <span class='ocrx_word' id='word_1_235' title='bbox 2920 2541 3257 2621; x_wconf 84' lang='lat' dir='ltr'>sequuntur</span> 
     </span>
     <span class='ocr_line' id='line_1_26' title="bbox 525 2626 3256 2714; baseline -0.001 -20"><span class='ocrx_word' id='word_1_236' title='bbox 525 2630 767 2695; x_wconf 85' lang='lat' dir='ltr'>labores</span> <span class='ocrx_word' id='word_1_237' title='bbox 817 2649 928 2696; x_wconf 89' lang='lat' dir='ltr'>nec</span> <span class='ocrx_word' id='word_1_238' title='bbox 977 2631 1204 2697; x_wconf 89' lang='lat' dir='ltr'>ecciam</span> <span class='ocrx_word' id='word_1_239' title='bbox 1256 2649 1517 2714; x_wconf 83' lang='lat' dir='ltr'>expense</span> <span class='ocrx_word' id='word_1_240' title='bbox 1559 2629 1766 2712; x_wconf 88' lang='lat' dir='ltr'>alique</span> <span class='ocrx_word' id='word_1_241' title='bbox 1813 2631 2025 2694; x_wconf 84' lang='lat' dir='ltr'>nostro</span> <span class='ocrx_word' id='word_1_242' title='bbox 2072 2630 2401 2708; x_wconf 89' lang='lat' dir='ltr'>communi,</span> <span class='ocrx_word' id='word_1_243' title='bbox 2450 2628 2784 2695; x_wconf 90' lang='lat' dir='ltr'>consulunt</span> <span class='ocrx_word' id='word_1_244' title='bbox 2822 2628 3048 2711; x_wconf 87' lang='lat' dir='ltr'>prefati</span> <span class='ocrx_word' id='word_1_245' title='bbox 3092 2626 3256 2711; x_wconf 88' lang='lat' dir='ltr'>sapi-</span> 
     </span>
     <span class='ocr_line' id='line_1_27' title="bbox 436 2715 3258 2807; baseline -0.002 -24"><span class='ocrx_word' id='word_1_246' title='bbox 436 2787 447 2794; x_wconf 25' lang='lat'>,</span> <span class='ocrx_word' id='word_1_247' title='bbox 526 2722 724 2797; x_wconf 76' lang='lat' dir='ltr'>enteS,</span> <span class='ocrx_word' id='word_1_248' title='bbox 774 2719 932 2802; x_wconf 91' lang='lat' dir='ltr'>quod</span> <span class='ocrx_word' id='word_1_249' title='bbox 987 2721 1320 2784; x_wconf 88' lang='lat' dir='ltr'>secundum</span> <span class='ocrx_word' id='word_1_250' title='bbox 1370 2718 1832 2807; x_wconf 76' lang='lat' dir='ltr'>requisitionem</span> <span class='ocrx_word' id='word_1_251' title='bbox 1879 2717 2117 2801; x_wconf 81' lang='lat' dir='ltr'>prefate</span> <span class='ocrx_word' id='word_1_252' title='bbox 2171 2718 2485 2783; x_wconf 88' lang='lat' dir='ltr'>comitisse</span> <span class='ocrx_word' id='word_1_253' title='bbox 2546 2718 2854 2782; x_wconf 88' lang='lat' dir='ltr'>scribatur</span> <span class='ocrx_word' id='word_1_254' title='bbox 2909 2716 3087 2781; x_wconf 86' lang='lat' dir='ltr'>fratri</span> <span class='ocrx_word' id='word_1_255' title='bbox 3135 2715 3258 2778; x_wconf 89' lang='lat' dir='ltr'>Mi-</span> 
     </span>
     <span class='ocr_line' id='line_1_28' title="bbox 527 2804 3258 2888; baseline -0.002 -16"><span class='ocrx_word' id='word_1_256' title='bbox 527 2808 732 2872; x_wconf 87' lang='lat' dir='ltr'>chaeli</span> <span class='ocrx_word' id='word_1_257' title='bbox 783 2807 1013 2872; x_wconf 89' lang='lat' dir='ltr'>ordinis</span> <span class='ocrx_word' id='word_1_258' title='bbox 1060 2826 1221 2872; x_wconf 89' lang='lat' dir='ltr'>nunc</span> <span class='ocrx_word' id='word_1_259' title='bbox 1268 2806 1554 2871; x_wconf 88' lang='lat' dir='ltr'>ministro</span> <span class='ocrx_word' id='word_1_260' title='bbox 1602 2805 1940 2884; x_wconf 87' lang='lat' dir='ltr'>Sclavonie,</span> <span class='ocrx_word' id='word_1_261' title='bbox 1990 2806 2367 2888; x_wconf 88' lang='lat' dir='ltr'>deprecando</span> <span class='ocrx_word' id='word_1_262' title='bbox 2417 2825 2577 2885; x_wconf 88' lang='lat' dir='ltr'>eum,</span> <span class='ocrx_word' id='word_1_263' title='bbox 2626 2808 2927 2888; x_wconf 90' lang='lat' dir='ltr'>quatenus</span> <span class='ocrx_word' id='word_1_264' title='bbox 2974 2804 3093 2868; x_wconf 93' lang='lat' dir='ltr'>sibi</span> <span class='ocrx_word' id='word_1_265' title='bbox 3121 2804 3258 2886; x_wconf 87' lang='lat' dir='ltr'>pla-</span> 
     </span>
     <span class='ocr_line' id='line_1_29' title="bbox 527 2892 3248 2977; baseline -0.002 -18"><span class='ocrx_word' id='word_1_266' title='bbox 527 2899 667 2960; x_wconf 88' lang='lat' dir='ltr'>ceat</span> <span class='ocrx_word' id='word_1_267' title='bbox 707 2897 851 2960; x_wconf 89' lang='lat' dir='ltr'>dare</span> <span class='ocrx_word' id='word_1_268' title='bbox 901 2894 1224 2959; x_wconf 90' lang='lat' dir='ltr'>licenciam</span> <span class='ocrx_word' id='word_1_269' title='bbox 1289 2894 1467 2958; x_wconf 88' lang='lat' dir='ltr'>fratri</span> <span class='ocrx_word' id='word_1_270' title='bbox 1524 2893 1851 2959; x_wconf 89' lang='lat' dir='ltr'>Francisco</span> <span class='ocrx_word' id='word_1_271' title='bbox 1902 2894 1976 2958; x_wconf 89' lang='lat' dir='ltr'>de</span> <span class='ocrx_word' id='word_1_272' title='bbox 2021 2893 2358 2977; x_wconf 82' lang='lat' dir='ltr'>TraguriO,</span> <span class='ocrx_word' id='word_1_273' title='bbox 2408 2913 2568 2959; x_wconf 90' lang='lat' dir='ltr'>nunc</span> <span class='ocrx_word' id='word_1_274' title='bbox 2614 2894 2862 2960; x_wconf 89' lang='lat' dir='ltr'>custodi</span> <span class='ocrx_word' id='word_1_275' title='bbox 2906 2892 3248 2970; x_wconf 84' lang='lat' dir='ltr'>Jadrensis,</span> 
     </span>
     <span class='ocr_line' id='line_1_30' title="bbox 524 2979 3253 3066; baseline -0.001 -19"><span class='ocrx_word' id='word_1_276' title='bbox 524 2986 684 3066; x_wconf 92' lang='lat' dir='ltr'>quod</span> <span class='ocrx_word' id='word_1_277' title='bbox 729 2985 859 3066; x_wconf 91' lang='lat' dir='ltr'>ipse</span> <span class='ocrx_word' id='word_1_278' title='bbox 909 2983 1101 3047; x_wconf 88' lang='lat' dir='ltr'>frater</span> <span class='ocrx_word' id='word_1_279' title='bbox 1142 2982 1505 3047; x_wconf 84' lang='lat' dir='ltr'>Franciscus</span> <span class='ocrx_word' id='word_1_280' title='bbox 1551 2982 1749 3066; x_wconf 89' lang='lat' dir='ltr'>possit</span> <span class='ocrx_word' id='word_1_281' title='bbox 1792 2982 1882 3046; x_wconf 90' lang='lat' dir='ltr'>ire</span> <span class='ocrx_word' id='word_1_282' title='bbox 1930 2999 2040 3064; x_wconf 93' lang='lat' dir='ltr'>pro</span> <span class='ocrx_word' id='word_1_283' title='bbox 2087 2982 2361 3047; x_wconf 89' lang='lat' dir='ltr'>honestis</span> <span class='ocrx_word' id='word_1_284' title='bbox 2397 2982 2673 3048; x_wconf 88' lang='lat' dir='ltr'>serviciis</span> <span class='ocrx_word' id='word_1_285' title='bbox 2706 2983 2900 3065; x_wconf 85' lang='lat' dir='ltr'>ipsius</span> <span class='ocrx_word' id='word_1_286' title='bbox 2937 2979 3253 3046; x_wconf 87' lang='lat' dir='ltr'>comitisse</span> 
     </span>
     <span class='ocr_line' id='line_1_31' title="bbox 524 3069 2302 3152; baseline -0.001 -16"><span class='ocrx_word' id='word_1_287' title='bbox 524 3090 665 3136; x_wconf 91' lang='lat' dir='ltr'>cum</span> <span class='ocrx_word' id='word_1_288' title='bbox 715 3070 842 3135; x_wconf 84' lang='lat' dir='ltr'>illis</span> <span class='ocrx_word' id='word_1_289' title='bbox 883 3071 1112 3152; x_wconf 91' lang='lat' dir='ltr'>pulcris</span> <span class='ocrx_word' id='word_1_290' title='bbox 1159 3070 1379 3148; x_wconf 88' lang='lat' dir='ltr'>verbis,</span> <span class='ocrx_word' id='word_1_291' title='bbox 1425 3089 1540 3152; x_wconf 91' lang='lat' dir='ltr'>que</span> <span class='ocrx_word' id='word_1_292' title='bbox 1586 3069 1857 3134; x_wconf 89' lang='lat' dir='ltr'>dominio</span> <span class='ocrx_word' id='word_1_293' title='bbox 1913 3071 2302 3135; x_wconf 88' lang='lat' dir='ltr'>videbuntur.</span> 
     </span>
    </p>

    <p class='ocr_par' dir='ltr' id='par_1_5' title="bbox 524 3153 3257 4645">
     <span class='ocr_line' id='line_1_32' title="bbox 737 3153 3255 3241; baseline -0.002 -18"><span class='ocrx_word' id='word_1_294' title='bbox 737 3157 979 3241; x_wconf 84' lang='lat' dir='ltr'>Capta:</span> <span class='ocrx_word' id='word_1_295' title='bbox 1027 3177 1169 3223; x_wconf 86' lang='lat' dir='ltr'>cum</span> <span class='ocrx_word' id='word_1_296' title='bbox 1214 3157 1276 3221; x_wconf 92' lang='lat' dir='ltr'>in</span> <span class='ocrx_word' id='word_1_297' title='bbox 1323 3159 1616 3223; x_wconf 86' lang='lat' dir='ltr'>damnum</span> <span class='ocrx_word' id='word_1_298' title='bbox 1667 3160 1730 3221; x_wconf 89' lang='lat' dir='ltr'>et</span> <span class='ocrx_word' id='word_1_299' title='bbox 1777 3157 2221 3226; x_wconf 87' lang='lat' dir='ltr'>detrimentum</span> <span class='ocrx_word' id='word_1_300' title='bbox 2279 3157 2618 3220; x_wconf 85' lang='lat' dir='ltr'>maximum</span> <span class='ocrx_word' id='word_1_301' title='bbox 2673 3156 2854 3219; x_wconf 89' lang='lat' dir='ltr'>huius</span> <span class='ocrx_word' id='word_1_302' title='bbox 2917 3153 3255 3219; x_wconf 87' lang='lat' dir='ltr'>dominaci-</span> 
     </span>
     <span class='ocr_line' id='line_1_33' title="bbox 531 3240 3254 3329; baseline -0.003 -19"><span class='ocrx_word' id='word_1_303' title='bbox 531 3245 665 3310; x_wconf 93' lang='lat' dir='ltr'>onis</span> <span class='ocrx_word' id='word_1_304' title='bbox 713 3265 786 3310; x_wconf 88' lang='lat' dir='ltr'>ac</span> <span class='ocrx_word' id='word_1_305' title='bbox 834 3264 1086 3311; x_wconf 88' lang='lat' dir='ltr'>suorum</span> <span class='ocrx_word' id='word_1_306' title='bbox 1136 3245 1413 3309; x_wconf 88' lang='lat' dir='ltr'>fidelium</span> <span class='ocrx_word' id='word_1_307' title='bbox 1459 3244 1767 3328; x_wconf 81' lang='lat' dir='ltr'>Tragurii,</span> <span class='ocrx_word' id='word_1_308' title='bbox 1812 3244 2053 3329; x_wconf 90' lang='lat' dir='ltr'>Spaleti</span> <span class='ocrx_word' id='word_1_309' title='bbox 2098 3249 2161 3308; x_wconf 85' lang='lat' dir='ltr'>et</span> <span class='ocrx_word' id='word_1_310' title='bbox 2193 3242 2484 3319; x_wconf 87' lang='lat' dir='ltr'>Sibeuici‚</span> <span class='ocrx_word' id='word_1_311' title='bbox 2535 3245 2598 3305; x_wconf 92' lang='lat' dir='ltr'>et</span> <span class='ocrx_word' id='word_1_312' title='bbox 2646 3240 3106 3324; x_wconf 91' lang='lat' dir='ltr'>quamplurium</span> <span class='ocrx_word' id='word_1_313' title='bbox 3139 3241 3254 3305; x_wconf 90' lang='lat' dir='ltr'>ali-</span> 
     </span>
     <span class='ocr_line' id='line_1_34' title="bbox 527 3328 3248 3412; baseline -0.003 -15"><span class='ocrx_word' id='word_1_314' title='bbox 527 3353 699 3398; x_wconf 90' lang='lat' dir='ltr'>orum</span> <span class='ocrx_word' id='word_1_315' title='bbox 734 3336 1145 3398; x_wconf 87' lang='lat' dir='ltr'>reverteretur</span> <span class='ocrx_word' id='word_1_316' title='bbox 1170 3332 1437 3411; x_wconf 83' lang='lat' dir='ltr'>omninO,</span> <span class='ocrx_word' id='word_1_317' title='bbox 1485 3333 1538 3396; x_wconf 91' lang='lat' dir='ltr'>si</span> <span class='ocrx_word' id='word_1_318' title='bbox 1585 3334 1789 3398; x_wconf 84' lang='lat' dir='ltr'>castra</span> <span class='ocrx_word' id='word_1_319' title='bbox 1835 3334 2006 3397; x_wconf 86' lang='lat' dir='ltr'>tenta</span> <span class='ocrx_word' id='word_1_320' title='bbox 2035 3350 2145 3412; x_wconf 86' lang='lat' dir='ltr'>per</span> <span class='ocrx_word' id='word_1_321' title='bbox 2190 3328 2570 3392; x_wconf 88' lang='lat' dir='ltr'>comitissam</span> <span class='ocrx_word' id='word_1_322' title='bbox 2596 3328 2922 3406; x_wconf 88' lang='lat' dir='ltr'>Helenam,</span> <span class='ocrx_word' id='word_1_323' title='bbox 2965 3328 3248 3391; x_wconf 87' lang='lat' dir='ltr'>relictam</span> 
     </span>
     <span class='ocr_line' id='line_1_35' title="bbox 527 3414 3251 3504; baseline -0.003 -19"><span class='ocrx_word' id='word_1_324' title='bbox 527 3422 763 3486; x_wconf 88' lang='lat' dir='ltr'>domini</span> <span class='ocrx_word' id='word_1_325' title='bbox 788 3421 1071 3499; x_wconf 88' lang='lat' dir='ltr'>Mladini,</span> <span class='ocrx_word' id='word_1_326' title='bbox 1122 3422 1518 3504; x_wconf 87' lang='lat' dir='ltr'>pervenirent</span> <span class='ocrx_word' id='word_1_327' title='bbox 1563 3422 1638 3485; x_wconf 86' lang='lat' dir='ltr'>ad</span> <span class='ocrx_word' id='word_1_328' title='bbox 1689 3422 1846 3484; x_wconf 88' lang='lat' dir='ltr'>alias</span> <span class='ocrx_word' id='word_1_329' title='bbox 1889 3436 2125 3494; x_wconf 84' lang='lat' dir='ltr'>mauuS,</span> <span class='ocrx_word' id='word_1_330' title='bbox 2176 3435 2359 3499; x_wconf 87' lang='lat' dir='ltr'>quam</span> <span class='ocrx_word' id='word_1_331' title='bbox 2410 3417 2603 3499; x_wconf 87' lang='lat' dir='ltr'>ipsius</span> <span class='ocrx_word' id='word_1_332' title='bbox 2651 3414 2983 3492; x_wconf 90' lang='lat' dir='ltr'>comitisse,</span> <span class='ocrx_word' id='word_1_333' title='bbox 3032 3432 3251 3479; x_wconf 90' lang='lat' dir='ltr'>consu-</span> 
     </span>
     <span class='ocr_line' id='line_1_36' title="bbox 529 3502 3248 3594; baseline -0.003 -20"><span class='ocrx_word' id='word_1_334' title='bbox 529 3511 666 3574; x_wconf 92' lang='lat' dir='ltr'>lunt</span> <span class='ocrx_word' id='word_1_335' title='bbox 712 3509 966 3594; x_wconf 88' lang='lat' dir='ltr'>predicti</span> <span class='ocrx_word' id='word_1_336' title='bbox 1018 3512 1350 3592; x_wconf 78' lang='lat' dir='ltr'>sapienteS,</span> <span class='ocrx_word' id='word_1_337' title='bbox 1395 3510 1555 3591; x_wconf 90' lang='lat' dir='ltr'>quod</span> <span class='ocrx_word' id='word_1_338' title='bbox 1599 3510 1906 3573; x_wconf 83' lang='lat' dir='ltr'>scribatur</span> <span class='ocrx_word' id='word_1_339' title='bbox 1953 3505 2284 3571; x_wconf 88' lang='lat' dir='ltr'>comitibus</span> <span class='ocrx_word' id='word_1_340' title='bbox 2316 3504 2627 3588; x_wconf 81' lang='lat' dir='ltr'>Tragurii,</span> <span class='ocrx_word' id='word_1_341' title='bbox 2679 3502 2918 3586; x_wconf 86' lang='lat' dir='ltr'>Spaleti</span> <span class='ocrx_word' id='word_1_342' title='bbox 2967 3504 3030 3567; x_wconf 90' lang='lat' dir='ltr'>et</span> <span class='ocrx_word' id='word_1_343' title='bbox 3075 3503 3248 3567; x_wconf 89' lang='lat' dir='ltr'>Sibe-</span> 
     </span>
     <span class='ocr_line' id='line_1_37' title="bbox 529 3591 3250 3681; baseline -0.003 -19"><span class='ocrx_word' id='word_1_344' title='bbox 529 3599 671 3676; x_wconf 89' lang='lat' dir='ltr'>nici,</span> <span class='ocrx_word' id='word_1_345' title='bbox 719 3597 879 3681; x_wconf 88' lang='lat' dir='ltr'>quod</span> <span class='ocrx_word' id='word_1_346' title='bbox 931 3598 1199 3662; x_wconf 89' lang='lat' dir='ltr'>debeant</span> <span class='ocrx_word' id='word_1_347' title='bbox 1246 3597 1577 3680; x_wconf 86' lang='lat' dir='ltr'>diligenter</span> <span class='ocrx_word' id='word_1_348' title='bbox 1622 3596 1930 3678; x_wconf 85' lang='lat' dir='ltr'>inquirere</span> <span class='ocrx_word' id='word_1_349' title='bbox 1974 3596 2045 3659; x_wconf 89' lang='lat' dir='ltr'>de</span> <span class='ocrx_word' id='word_1_350' title='bbox 2092 3593 2257 3659; x_wconf 92' lang='lat' dir='ltr'>omni</span> <span class='ocrx_word' id='word_1_351' title='bbox 2310 3613 2412 3672; x_wconf 70' lang='grc' dir='ltr'>ρο,</span> <span class='ocrx_word' id='word_1_352' title='bbox 2464 3594 2622 3675; x_wconf 91' lang='lat' dir='ltr'>quod</span> <span class='ocrx_word' id='word_1_353' title='bbox 2685 3593 2748 3656; x_wconf 86' lang='lat' dir='ltr'>in</span> <span class='ocrx_word' id='word_1_354' title='bbox 2809 3591 3250 3656; x_wconf 86' lang='lat' dir='ltr'>detrimentum</span> 
     </span>
     <span class='ocr_line' id='line_1_38' title="bbox 528 3679 3253 3768; baseline -0.003 -17"><span class='ocrx_word' id='word_1_355' title='bbox 528 3691 870 3752; x_wconf 89' lang='lat' dir='ltr'>castrorum</span> <span class='ocrx_word' id='word_1_356' title='bbox 922 3685 1195 3768; x_wconf 87' lang='lat' dir='ltr'>ipsorum</span> <span class='ocrx_word' id='word_1_357' title='bbox 1244 3687 1441 3768; x_wconf 88' lang='lat' dir='ltr'>possit</span> <span class='ocrx_word' id='word_1_358' title='bbox 1488 3686 1732 3762; x_wconf 88' lang='lat' dir='ltr'>reverti,</span> <span class='ocrx_word' id='word_1_359' title='bbox 1783 3689 1848 3748; x_wconf 91' lang='lat' dir='ltr'>et</span> <span class='ocrx_word' id='word_1_360' title='bbox 1893 3685 1945 3748; x_wconf 92' lang='lat' dir='ltr'>si</span> <span class='ocrx_word' id='word_1_361' title='bbox 1993 3701 2143 3765; x_wconf 90' lang='lat' dir='ltr'>opus</span> <span class='ocrx_word' id='word_1_362' title='bbox 2210 3683 2372 3746; x_wconf 89' lang='lat' dir='ltr'>foret</span> <span class='ocrx_word' id='word_1_363' title='bbox 2434 3699 2540 3763; x_wconf 88' lang='lat' dir='ltr'>pro</span> <span class='ocrx_word' id='word_1_364' title='bbox 2588 3679 3042 3745; x_wconf 86' lang='lat' dir='ltr'>conservatione</span> <span class='ocrx_word' id='word_1_365' title='bbox 3089 3680 3253 3761; x_wconf 93' lang='lat' dir='ltr'>ipso-</span> 
     </span>
     <span class='ocr_line' id='line_1_39' title="bbox 527 3767 3243 3858; baseline -0.004 -18"><span class='ocrx_word' id='word_1_366' title='bbox 527 3795 663 3841; x_wconf 91' lang='lat' dir='ltr'>rum</span> <span class='ocrx_word' id='word_1_367' title='bbox 705 3777 848 3839; x_wconf 90' lang='lat' dir='ltr'>dare</span> <span class='ocrx_word' id='word_1_368' title='bbox 894 3775 1013 3858; x_wconf 90' lang='lat' dir='ltr'>ipsi</span> <span class='ocrx_word' id='word_1_369' title='bbox 1061 3775 1374 3838; x_wconf 88' lang='lat' dir='ltr'>comitisse</span> <span class='ocrx_word' id='word_1_370' title='bbox 1421 3772 1718 3837; x_wconf 83' lang='lat' dir='ltr'>auxilium</span> <span class='ocrx_word' id='word_1_371' title='bbox 1768 3773 1833 3835; x_wconf 90' lang='lat' dir='ltr'>et</span> <span class='ocrx_word' id='word_1_372' title='bbox 1878 3771 2149 3836; x_wconf 89' lang='lat' dir='ltr'>favorem</span> <span class='ocrx_word' id='word_1_373' title='bbox 2182 3771 2315 3834; x_wconf 89' lang='lat' dir='ltr'>tam</span> <span class='ocrx_word' id='word_1_374' title='bbox 2340 3769 2620 3852; x_wconf 88' lang='lat' dir='ltr'>gentium</span> <span class='ocrx_word' id='word_1_375' title='bbox 2659 3787 2845 3852; x_wconf 89' lang='lat' dir='ltr'>quam</span> <span class='ocrx_word' id='word_1_376' title='bbox 2877 3767 3243 3834; x_wconf 88' lang='lat' dir='ltr'>victualium</span> 
     </span>
     <span class='ocr_line' id='line_1_40' title="bbox 525 3856 3256 3946; baseline -0.003 -18"><span class='ocrx_word' id='word_1_377' title='bbox 525 3863 1000 3946; x_wconf 90' lang='lat' dir='ltr'>quomodolibet,</span> <span class='ocrx_word' id='word_1_378' title='bbox 1046 3881 1120 3927; x_wconf 89' lang='lat' dir='ltr'>ne</span> <span class='ocrx_word' id='word_1_379' title='bbox 1168 3863 1303 3945; x_wconf 90' lang='lat' dir='ltr'>ipsa</span> <span class='ocrx_word' id='word_1_380' title='bbox 1349 3863 1553 3926; x_wconf 87' lang='lat' dir='ltr'>castra</span> <span class='ocrx_word' id='word_1_381' title='bbox 1599 3860 1675 3923; x_wconf 90' lang='lat' dir='ltr'>ad</span> <span class='ocrx_word' id='word_1_382' title='bbox 1719 3858 1875 3922; x_wconf 88' lang='lat' dir='ltr'>alias</span> <span class='ocrx_word' id='word_1_383' title='bbox 1923 3877 2141 3921; x_wconf 90' lang='lat' dir='ltr'>manus</span> <span class='ocrx_word' id='word_1_384' title='bbox 2190 3876 2373 3940; x_wconf 87' lang='lat' dir='ltr'>quarn</span> <span class='ocrx_word' id='word_1_385' title='bbox 2438 3857 2516 3920; x_wconf 89' lang='lat' dir='ltr'>ad</span> <span class='ocrx_word' id='word_1_386' title='bbox 2563 3875 2705 3922; x_wconf 87' lang='lat' dir='ltr'>suas</span> <span class='ocrx_word' id='word_1_387' title='bbox 2754 3856 3002 3921; x_wconf 88' lang='lat' dir='ltr'>valeant</span> <span class='ocrx_word' id='word_1_388' title='bbox 3042 3874 3256 3938; x_wconf 90' lang='lat' dir='ltr'>perve-</span> 
     </span>
     <span class='ocr_line' id='line_1_41' title="bbox 526 3943 3252 4032; baseline -0.004 -16"><span class='ocrx_word' id='word_1_389' title='bbox 526 3952 676 4016; x_wconf 90' lang='lat' dir='ltr'>nire.</span> <span class='ocrx_word' id='word_1_390' title='bbox 727 3952 813 4015; x_wconf 82' lang='lat' dir='ltr'>Et</span> <span class='ocrx_word' id='word_1_391' title='bbox 857 3951 909 4015; x_wconf 91' lang='lat' dir='ltr'>si</span> <span class='ocrx_word' id='word_1_392' title='bbox 959 3950 1362 4032; x_wconf 86' lang='lat' dir='ltr'>contingeret,</span> <span class='ocrx_word' id='word_1_393' title='bbox 1409 3948 1553 4012; x_wconf 92' lang='lat' dir='ltr'>illos</span> <span class='ocrx_word' id='word_1_394' title='bbox 1601 3945 1875 4012; x_wconf 89' lang='lat' dir='ltr'>invenire</span> <span class='ocrx_word' id='word_1_395' title='bbox 1924 3945 2023 4009; x_wconf 90' lang='lat' dir='ltr'>vel</span> <span class='ocrx_word' id='word_1_396' title='bbox 2055 3943 2232 4021; x_wconf 88' lang='lat' dir='ltr'>scire,</span> <span class='ocrx_word' id='word_1_397' title='bbox 2282 3945 2518 4026; x_wconf 91' lang='lat' dir='ltr'>aliquid</span> <span class='ocrx_word' id='word_1_398' title='bbox 2550 3944 2810 4009; x_wconf 86' lang='lat' dir='ltr'>tractari</span> <span class='ocrx_word' id='word_1_399' title='bbox 2848 3946 3063 4009; x_wconf 89' lang='lat' dir='ltr'>contra</span> <span class='ocrx_word' id='word_1_400' title='bbox 3092 3944 3252 4008; x_wconf 89' lang='lat' dir='ltr'>hanc</span> 
     </span>
     <span class='ocr_line' id='line_1_42' title="bbox 525 4031 3252 4117; baseline -0.002 -15"><span class='ocrx_word' id='word_1_401' title='bbox 525 4038 932 4104; x_wconf 88' lang='lat' dir='ltr'>intentionem</span> <span class='ocrx_word' id='word_1_402' title='bbox 972 4039 1045 4103; x_wconf 92' lang='lat' dir='ltr'>de</span> <span class='ocrx_word' id='word_1_403' title='bbox 1089 4037 1310 4102; x_wconf 88' lang='lat' dir='ltr'>castris</span> <span class='ocrx_word' id='word_1_404' title='bbox 1356 4034 1666 4117; x_wconf 88' lang='lat' dir='ltr'>predictis,</span> <span class='ocrx_word' id='word_1_405' title='bbox 1711 4033 1973 4097; x_wconf 88' lang='lat' dir='ltr'>debeant</span> <span class='ocrx_word' id='word_1_406' title='bbox 2021 4032 2132 4096; x_wconf 90' lang='lat' dir='ltr'>hoc</span> <span class='ocrx_word' id='word_1_407' title='bbox 2194 4031 2598 4096; x_wconf 87' lang='lat' dir='ltr'>dominationi</span> <span class='ocrx_word' id='word_1_408' title='bbox 2662 4051 2845 4114; x_wconf 87' lang='lat' dir='ltr'>quam</span> <span class='ocrx_word' id='word_1_409' title='bbox 2908 4031 3032 4096; x_wconf 92' lang='lat' dir='ltr'>cito</span> <span class='ocrx_word' id='word_1_410' title='bbox 3077 4033 3252 4115; x_wconf 86' lang='lat' dir='ltr'>pote-</span> 
     </span>
     <span class='ocr_line' id='line_1_43' title="bbox 526 4118 3251 4208; baseline -0.003 -19"><span class='ocrx_word' id='word_1_411' title='bbox 526 4130 669 4191; x_wconf 91' lang='lat' dir='ltr'>runt</span> <span class='ocrx_word' id='word_1_412' title='bbox 716 4128 1026 4202; x_wconf 85' lang='lat' dir='ltr'>denotare,</span> <span class='ocrx_word' id='word_1_413' title='bbox 1077 4128 1146 4188; x_wconf 89' lang='lat' dir='ltr'>ut</span> <span class='ocrx_word' id='word_1_414' title='bbox 1193 4124 1391 4208; x_wconf 85' lang='lat' dir='ltr'>possit</span> <span class='ocrx_word' id='word_1_415' title='bbox 1437 4122 1513 4187; x_wconf 88' lang='lat' dir='ltr'>de</span> <span class='ocrx_word' id='word_1_416' title='bbox 1557 4120 1920 4205; x_wconf 85' lang='lat' dir='ltr'>opportunis</span> <span class='ocrx_word' id='word_1_417' title='bbox 1966 4119 2257 4186; x_wconf 88' lang='lat' dir='ltr'>remediis</span> <span class='ocrx_word' id='word_1_418' title='bbox 2303 4118 2651 4201; x_wconf 83' lang='lat' dir='ltr'>provideri3</span> <span class='ocrx_word' id='word_1_419' title='bbox 2699 4138 2771 4182; x_wconf 88' lang='lat' dir='ltr'>ac</span> <span class='ocrx_word' id='word_1_420' title='bbox 2819 4119 3055 4183; x_wconf 90' lang='lat' dir='ltr'>ecciam</span> <span class='ocrx_word' id='word_1_421' title='bbox 3099 4119 3251 4183; x_wconf 92' lang='lat' dir='ltr'>scri-</span> 
     </span>
     <span class='ocr_line' id='line_1_44' title="bbox 524 4206 3254 4293; baseline -0.002 -18"><span class='ocrx_word' id='word_1_422' title='bbox 524 4213 710 4278; x_wconf 91' lang='lat' dir='ltr'>batur</span> <span class='ocrx_word' id='word_1_423' title='bbox 759 4214 973 4278; x_wconf 89' lang='lat' dir='ltr'>comiti</span> <span class='ocrx_word' id='word_1_424' title='bbox 1020 4211 1227 4289; x_wconf 83' lang='lat' dir='ltr'>Jadre,</span> <span class='ocrx_word' id='word_1_425' title='bbox 1277 4212 1435 4293; x_wconf 90' lang='lat' dir='ltr'>quod</span> <span class='ocrx_word' id='word_1_426' title='bbox 1473 4211 1526 4275; x_wconf 90' lang='lat' dir='ltr'>si</span> <span class='ocrx_word' id='word_1_427' title='bbox 1581 4209 1997 4293; x_wconf 89' lang='lat' dir='ltr'>requireretur</span> <span class='ocrx_word' id='word_1_428' title='bbox 2056 4227 2165 4291; x_wconf 88' lang='lat' dir='ltr'>per</span> <span class='ocrx_word' id='word_1_429' title='bbox 2232 4206 2464 4271; x_wconf 85' lang='lat' dir='ltr'>dictam</span> <span class='ocrx_word' id='word_1_430' title='bbox 2527 4206 2913 4271; x_wconf 85' lang='lat' dir='ltr'>comitissam</span> <span class='ocrx_word' id='word_1_431' title='bbox 2975 4206 3076 4272; x_wconf 88' lang='lat' dir='ltr'>vel</span> <span class='ocrx_word' id='word_1_432' title='bbox 3122 4206 3254 4271; x_wconf 91' lang='lat' dir='ltr'>eius</span> 
     </span>
     <span class='ocr_line' id='line_1_45' title="bbox 527 4293 3253 4378; baseline -0.001 -17"><span class='ocrx_word' id='word_1_433' title='bbox 527 4301 815 4364; x_wconf 88' lang='lat' dir='ltr'>nuncium</span> <span class='ocrx_word' id='word_1_434' title='bbox 864 4302 938 4366; x_wconf 91' lang='lat' dir='ltr'>de</span> <span class='ocrx_word' id='word_1_435' title='bbox 987 4299 1362 4365; x_wconf 84' lang='lat' dir='ltr'>victualibus</span> <span class='ocrx_word' id='word_1_436' title='bbox 1407 4298 1526 4363; x_wconf 89' lang='lat' dir='ltr'>sibi</span> <span class='ocrx_word' id='word_1_437' title='bbox 1573 4298 1637 4362; x_wconf 94' lang='lat' dir='ltr'>in</span> <span class='ocrx_word' id='word_1_438' title='bbox 1683 4315 1829 4362; x_wconf 89' lang='lat' dir='ltr'>casu</span> <span class='ocrx_word' id='word_1_439' title='bbox 1874 4294 2249 4378; x_wconf 89' lang='lat' dir='ltr'>opportunis,</span> <span class='ocrx_word' id='word_1_440' title='bbox 2296 4293 2494 4358; x_wconf 89' lang='lat' dir='ltr'>eidem</span> <span class='ocrx_word' id='word_1_441' title='bbox 2542 4295 2696 4360; x_wconf 87' lang='lat' dir='ltr'>dare·</span> <span class='ocrx_word' id='word_1_442' title='bbox 2734 4294 2956 4359; x_wconf 89' lang='lat' dir='ltr'>debeat</span> <span class='ocrx_word' id='word_1_443' title='bbox 2983 4314 3093 4377; x_wconf 88' lang='lat' dir='ltr'>pro</span> <span class='ocrx_word' id='word_1_444' title='bbox 3127 4294 3253 4359; x_wconf 89' lang='lat' dir='ltr'>suis</span> 
     </span>
     <span class='ocr_line' id='line_1_46' title="bbox 527 4381 3257 4469; baseline -0.001 -22"><span class='ocrx_word' id='word_1_445' title='bbox 527 4384 817 4453; x_wconf 65' lang='lat' dir='ltr'>denariis</span> <span class='ocrx_word' id='word_1_446' title='bbox 863 4389 944 4454; x_wconf 88' lang='lat' dir='ltr'>Et</span> <span class='ocrx_word' id='word_1_447' title='bbox 991 4387 1045 4452; x_wconf 88' lang='lat' dir='ltr'>si</span> <span class='ocrx_word' id='word_1_448' title='bbox 1093 4385 1498 4469; x_wconf 88' lang='lat' dir='ltr'>contingeret,</span> <span class='ocrx_word' id='word_1_449' title='bbox 1549 4385 1711 4468; x_wconf 89' lang='lat' dir='ltr'>quod</span> <span class='ocrx_word' id='word_1_450' title='bbox 1759 4384 1823 4449; x_wconf 89' lang='lat' dir='ltr'>in</span> <span class='ocrx_word' id='word_1_451' title='bbox 1870 4402 2015 4447; x_wconf 91' lang='lat' dir='ltr'>casu</span> <span class='ocrx_word' id='word_1_452' title='bbox 2063 4401 2282 4467; x_wconf 91' lang='lat' dir='ltr'>guerre</span> <span class='ocrx_word' id='word_1_453' title='bbox 2338 4381 2529 4464; x_wconf 90' lang='lat' dir='ltr'>aliqui</span> <span class='ocrx_word' id='word_1_454' title='bbox 2580 4381 2655 4447; x_wconf 92' lang='lat' dir='ltr'>de</span> <span class='ocrx_word' id='word_1_455' title='bbox 2718 4383 2899 4465; x_wconf 91' lang='lat' dir='ltr'>gente</span> <span class='ocrx_word' id='word_1_456' title='bbox 2946 4384 3108 4447; x_wconf 86' lang='lat' dir='ltr'>dicte</span> <span class='ocrx_word' id='word_1_457' title='bbox 3153 4399 3257 4445; x_wconf 90' lang='lat' dir='ltr'>co-</span> 
     </span>
     <span class='ocr_line' id='line_1_47' title="bbox 526 4469 3244 4540; baseline -0.001 -5"><span class='ocrx_word' id='word_1_458' title='bbox 526 4473 768 4539; x_wconf 89' lang='lat' dir='ltr'>mitisse</span> <span class='ocrx_word' id='word_1_459' title='bbox 813 4493 952 4540; x_wconf 90' lang='lat' dir='ltr'>cum</span> <span class='ocrx_word' id='word_1_460' title='bbox 1000 4473 1372 4540; x_wconf 88' lang='lat' dir='ltr'>animalibus</span> <span class='ocrx_word' id='word_1_461' title='bbox 1419 4472 1517 4538; x_wconf 90' lang='lat' dir='ltr'>vel</span> <span class='ocrx_word' id='word_1_462' title='bbox 1562 4472 1701 4537; x_wconf 85' lang='lat' dir='ltr'>aliis</span> <span class='ocrx_word' id='word_1_463' title='bbox 1747 4471 1877 4536; x_wconf 91' lang='lat' dir='ltr'>suis</span> <span class='ocrx_word' id='word_1_464' title='bbox 1924 4472 2105 4536; x_wconf 91' lang='lat' dir='ltr'>rebus</span> <span class='ocrx_word' id='word_1_465' title='bbox 2170 4469 2602 4535; x_wconf 88' lang='lat' dir='ltr'>reducerentur</span> <span class='ocrx_word' id='word_1_466' title='bbox 2665 4470 2732 4534; x_wconf 88' lang='lat' dir='ltr'>iu</span> <span class='ocrx_word' id='word_1_467' title='bbox 2795 4469 3082 4535; x_wconf 91' lang='lat' dir='ltr'>districtu</span> <span class='ocrx_word' id='word_1_468' title='bbox 3129 4469 3244 4534; x_wconf 89' lang='lat' dir='ltr'>ali—</span> 
     </span>
     <span class='ocr_line' id='line_1_48' title="bbox 528 4557 3180 4645; baseline -0.001 -22"><span class='ocrx_word' id='word_1_469' title='bbox 528 4560 702 4625; x_wconf 89' lang='lat' dir='ltr'>cuius</span> <span class='ocrx_word' id='word_1_470' title='bbox 749 4579 978 4642; x_wconf 88' lang='lat' dir='ltr'>eorum,</span> <span class='ocrx_word' id='word_1_471' title='bbox 1024 4561 1186 4645; x_wconf 91' lang='lat' dir='ltr'>quod</span> <span class='ocrx_word' id='word_1_472' title='bbox 1232 4561 1609 4644; x_wconf 87' lang='lat' dir='ltr'>recipiantur</span> <span class='ocrx_word' id='word_1_473' title='bbox 1654 4581 1763 4643; x_wconf 90' lang='lat' dir='ltr'>per</span> <span class='ocrx_word' id='word_1_474' title='bbox 1808 4560 2078 4642; x_wconf 83' lang='lat' dir='ltr'>prefatos</span> <span class='ocrx_word' id='word_1_475' title='bbox 2124 4558 2383 4623; x_wconf 89' lang='lat' dir='ltr'>comites</span> <span class='ocrx_word' id='word_1_476' title='bbox 2431 4560 2496 4623; x_wconf 92' lang='lat' dir='ltr'>et</span> <span class='ocrx_word' id='word_1_477' title='bbox 2541 4560 2976 4624; x_wconf 85' lang='lat' dir='ltr'>conserventur</span> <span class='ocrx_word' id='word_1_478' title='bbox 3020 4557 3180 4622; x_wconf 89' lang='lat' dir='ltr'>illos.</span> 
     </span>
    </p>

    <p class='ocr_par' dir='ltr' id='par_1_6' title="bbox 614 4651 1968 4722">
     <span class='ocr_line' id='line_1_49' title="bbox 614 4651 1968 4722; baseline -0.002 -11"><span class='ocrx_word' id='word_1_479' title='bbox 614 4651 794 4712; x_wconf 72' lang='lat' dir='ltr'>Misti</span> <span class='ocrx_word' id='word_1_480' title='bbox 843 4652 972 4713; x_wconf 88' lang='lat' dir='ltr'>XX</span> <span class='ocrx_word' id='word_1_481' title='bbox 981 4653 1084 4714; x_wconf 86' lang='lat' dir='ltr'>VI.</span> <span class='ocrx_word' id='word_1_482' title='bbox 1122 4652 1219 4722; x_wconf 89' lang='lat'>51,</span> <span class='ocrx_word' id='word_1_483' title='bbox 1264 4670 1307 4713; x_wconf 80' lang='lat' dir='ltr'>u</span> <span class='ocrx_word' id='word_1_484' title='bbox 1350 4651 1690 4713; x_wconf 66' lang='lat' dir='ltr'>mletaclcom</span> <span class='ocrx_word' id='word_1_485' title='bbox 1735 4651 1968 4711; x_wconf 76' lang='lat' dir='ltr'>arkivu.</span> 
     </span>
    </p>
   </div>
  </div>
 </body>
</html>
