3620 5282
3073 405 3158 471 6⁷

424 578 653 643 dictam
702 578 848 642 sunt
892 579 1158 659 accepte.
1206 579 1366 642 Item
1409 598 1513 660 per
1563 578 1819 643 stolium
1865 580 2101 643 armate
2150 578 2351 643 vestre
2397 578 2824 643 descendentis
2859 580 3158 645 animalia

422 669 585 735 inter
645 664 844 729 hircos
907 668 971 730 et
1032 684 1252 747 capras
1318 686 1417 730 ser
1482 665 1763 730 Danielis
1824 664 1931 730 CX
1992 669 2137 730 sunt
2197 666 2426 731 ablata.
2497 664 2675 731 Unde
2740 685 2883 731 cum
2949 668 3046 732 tot
3091 669 3156 733 et

422 756 599 818 tanta
647 755 872 817 damna
915 754 1034 835 ipsi
1079 753 1411 818 Jadrenses
1458 753 1589 835 pati
1636 753 2055 831 dinoscantur,
2101 771 2207 835 per
2252 770 2514 836 quorum
2560 771 2851 819 novorum
2901 755 3159 819 damno-

424 858 563 905 rum
607 841 1007 924 irrogationes
1045 840 1243 905 factas
1291 843 1441 923 ipsis
1489 861 1596 923 per
1647 844 1949 906 vestrates
1997 841 2114 924 ipsi
2161 840 2373 905 fideles
2435 841 2668 905 domini
2728 843 2923 905 nostri
2992 843 3159 925 regis

424 929 685 992 nimium
734 908 1172 1011 aggraventur,
1219 928 1454 992 eisdem
1501 930 1951 1011 compacientes
1999 929 2073 992 de
2120 945 2332 992 eorum
2373 928 2637 1005 damnis,
2682 947 2792 1011 per
2860 930 3159 994 vestrates

426 1015 577 1097 ipsis
624 1016 961 1096 impressiS,
1022 1017 1227 1081 mente
1291 1017 1605 1099 agitamus
1659 1015 1962 1099 premissa
2016 1035 2127 1081 suo
2190 1015 2372 1080 modo
2431 1016 2706 1081 executio
2770 1017 2942 1082 vobis
3005 1036 3162 1081 nun-

427 1104 613 1168 ciare.
661 1104 805 1167 Ideo
852 1107 1124 1167 vestram
1189 1104 1684 1186 magnitudinem
1748 1122 2104 1168 amonemus
2165 1103 2498 1186 diligenter
2558 1105 2622 1169 et
2680 1104 2938 1179 attente,
3007 1122 3161 1187 qua-

425 1192 606 1255 tenus
655 1194 792 1255 tum
843 1209 949 1273 pro
995 1190 1220 1255 honore
1268 1191 1496 1255 domini
1547 1190 1740 1255 nostri
1788 1189 1973 1273 regis,
2021 1194 2157 1254 tum
2203 1209 2312 1274 pro
2359 1191 2581 1255 tuciori
2643 1192 2707 1256 et
2773 1190 2953 1256 illesa
3012 1209 3159 1256 con·

430 1278 776 1343 servatione
821 1280 1146 1361 pactorum
1194 1280 1355 1342 inter
1401 1278 1720 1343 dominum
1770 1280 2052 1343 nostrum
2097 1295 2307 1360 regem
2353 1282 2417 1342 et
2465 1280 2740 1343 vostrum
2786 1277 3002 1344 ducale
3053 1279 3161 1344 do-

432 1365 695 1429 minium
735 1365 1086 1430 habitorum
1130 1366 1435 1448 premissa
1490 1366 1734 1442 damna,
1798 1364 2270 1448 depredationes
2335 1367 2401 1429 et
2458 1365 2653 1448 spolia
2713 1385 2821 1448 per
2881 1367 3161 1431 homines

431 1454 667 1517 vestros
713 1452 864 1534 ipsis
909 1451 1257 1518 Jadratinis
1303 1453 1575 1537 irrogata
1641 1452 2217 1518 satisfactionaliter
2277 1451 2510 1517 eisdem
2555 1452 2906 1518 Jadratinis
2956 1453 3162 1518 velitis

431 1540 785 1617 iustificare,
834 1542 1060 1605 damna
1103 1541 1457 1606 eorumdem
1506 1542 1840 1605 restaurari
1873 1539 2148 1605 faciendo
2211 1539 2296 1603 Et
2330 1541 2701 1623 quicumque
2733 1541 2808 1605 de
2840 1540 3162 1624 premissis

433 1628 497 1692 et
542 1626 805 1710 singulis
847 1628 1284 1710 premissorum
1336 1633 1538 1693 vestre
1586 1629 1992 1693 dominationi
2035 1627 2345 1692 videbitur
2390 1627 2693 1709 expedire,
2749 1628 2926 1693 nobis
2972 1628 3165 1693 infor-

434 1713 664 1779 mative
712 1715 933 1779 vestris
980 1714 1212 1780 litteris
1260 1716 1468 1781 velitis
1515 1716 1868 1780 terminare.
1940 1717 2175 1780 Datum
2220 1715 2411 1781 Jadre
2455 1714 2700 1779 XVIIII
2763 1714 2864 1779 die
2929 1715 3159 1780 mensis

433 1800 648 1884 aprilis
683 1819 841 1867 anno
873 1803 1100 1868 domini
1126 1802 1572 1869 MCCCLXIV.
1599 1803 1845 1869 Clarius
1870 1805 2078 1867 nostre
2102 1802 2310 1867 littere
2348 1802 2816 1867 communitatis
2840 1802 3163 1867 Jadratine

434 1908 541 1954 vos
581 1888 1083 1956 informabuntur
1129 1893 1204 1955 ad
1252 1891 1570 1973 premissa.

525 1976 1094 2040 Commemorialium
1152 1978 1249 2041 VI
1246 1978 1283 2039 l
1323 1983 1428 2052 32,
1473 2000 1516 2040 u
1561 1981 1716 2042 mlet,
1764 1982 1996 2041 arkivu.

849 2168 1137 2251 cxvi.
1192 2169 1400 2253 God.
1455 2169 1685 2252 1364.
1738 2169 1848 2252 20
1902 2170 2272 2271 travnja,
2326 2191 2386 2251 u
2440 2170 2746 2251 Zadru.

442 2288 590 2365 opat
632 2291 903 2354 hrvatski
947 2295 1065 2354 ban
1110 2296 1369 2369 nabrnja
1410 2297 1697 2369 republica·
1739 2297 2069 2366 otimacine,
2114 2295 2245 2368 koje
2291 2294 2515 2355 acinise
2555 2294 2787 2368 njezine
2849 2294 2967 2354 cete
3016 2310 3164 2369 pro-

436 2378 625 2440 lazede
656 2399 741 2454 po
787 2400 957 2442 moru
1001 2398 1079 2442 uz
1120 2383 1424 2443 zadarsku
1466 2383 1659 2453 obalu,
1704 2387 1757 2443 te
1801 2379 2095 2461 zahtjeva,
2143 2382 2225 2440 da
2267 2398 2329 2442 se
2373 2378 2550 2444 §leode
2594 2383 2848 2454 namire,
2897 2398 2937 2441 a
2979 2381 3166 2442 alieno

1292 2473 1651 2546 postupanje
1695 2489 1779 2530 na
1820 2471 1980 2544 dalje
2024 2469 2303 2543 zaprieei.

645 2588 1012 2672 Exemplum
1079 2590 1341 2657 aliarum
1403 2590 1754 2656 litterarum
1833 2590 2246 2675 predictorum
2316 2609 2500 2673 super
2560 2589 2773 2656 eadem
2838 2591 2903 2656 et
2972 2588 3166 2656 simili

437 2676 716 2740 materia.
774 2714 849 2723 -
897 2678 1347 2761 Magnitudinis
1394 2683 1595 2744 vestre
1642 2699 1819 2744 aures
1866 2684 2093 2763 cogunt
2127 2697 2237 2743 nos
2269 2696 2449 2743 voces
2486 2678 2738 2761 querule
2770 2678 3161 2743 subditorum

433 2764 786 2828 nostrorum
835 2764 1186 2847 frequenter
1226 2769 1291 2830 et
1336 2784 1476 2849 sepe
1524 2767 1905 2850 propulsare,
1973 2786 2115 2831 cum
2165 2785 2273 2848 per
2316 2768 2617 2830 vestrates
2686 2764 2865 2830 illata
2926 2765 3162 2830 iamdiu

434 2850 679 2930 damna,
727 2851 803 2916 de
848 2853 1072 2934 quibus
1119 2856 1180 2918 et
1229 2871 1335 2935 pro
1382 2854 1607 2936 quibus
1652 2854 2049 2918 meminimus
2095 2854 2414 2934 scripsisse
2462 2853 2666 2917 vestre
2726 2851 3162 2935 magnitudini,

433 2956 591 3002 nova
632 2941 921 3004 addentia
971 2941 1174 3023 peiora
1219 2943 1522 3024 prioribus
1569 2940 1802 3006 faciant
1849 2944 2128 3023 preterea
2167 2957 2532 3003 memorare.
2590 2940 2734 3004 Ideo
2779 2940 3018 3004 noverit
3062 2959 3166 3003 ex-

436 3024 729 3090 cellentia
777 3031 999 3108 vestra,
1065 3029 1222 3111 quod
1271 3030 1343 3091 de
1386 3047 1546 3093 anno
1607 3030 1881 3111 presenti
1938 3030 2010 3092 de
2074 3045 2282 3092 mense
2340 3027 2555 3090 marcii
2618 3027 2893 3107 proxime
2950 3028 3162 3109 elapso

434 3111 700 3193 quedam
765 3119 967 3181 vestra
1019 3118 1200 3198 galea
1255 3118 1497 3181 armata
1558 3120 1622 3180 et
1682 3117 1898 3181 multis
1964 3114 2380 3197 stipendiariis
2442 3116 2662 3178 onusta
2720 3113 3020 3196 applicuit
3087 3115 3162 3179 ad

435 3199 704 3264 insulam
752 3205 963 3268 sancte
1012 3203 1211 3268 Marie
1258 3207 1457 3270 nostri
1501 3204 1845 3281 districtus,
1909 3207 1972 3269 et
2018 3204 2102 3267 ibi
2151 3200 2590 3266 descendentes
2634 3201 2697 3265 in
2744 3204 2977 3266 terram
3025 3205 3159 3265 tam

434 3287 821 3369 stipendiarii
868 3309 1052 3374 quam
1101 3292 1212 3356 alii
1255 3293 1536 3357 homines
1583 3293 1744 3355 dicte
1789 3292 1970 3375 galee
2016 3290 2260 3374 predati
2307 3292 2453 3353 sunt
2498 3288 2733 3353 dictam
2780 3288 3050 3353 insulam
3097 3290 3161 3353 in

435 3374 673 3440 duabus
718 3379 996 3457 partibus
1042 3379 1116 3443 de
1162 3381 1537 3444 animalibus
1580 3380 1640 3442 in
1690 3380 1958 3444 maxima
1999 3377 2348 3461 quantitate
2394 3380 2458 3441 et
2503 3377 2578 3441 de
2620 3375 2878 3441 arnesiis
2926 3379 2989 3440 et
3033 3377 3163 3441 vic·

435 3461 733 3540 tualibus,
784 3467 1000 3546 pannis
1046 3468 1174 3530 tam
1222 3468 1491 3531 virorum
1541 3484 1724 3548 quam
1776 3467 2102 3531 mulierum
2152 3467 2216 3530 et
2259 3465 2322 3528 in
2372 3466 2539 3529 certa
2601 3464 2854 3548 pecunie
2912 3463 3160 3546 quanti-

434 3550 585 3627 tate,
633 3553 842 3614 omnia
888 3553 961 3616 ad
1013 3552 1282 3618 valorem
1315 3557 1379 3617 et
1409 3556 1878 3618 extimacionem
1931 3554 2230 3617 librarum
2264 3552 2390 3616 IIII
2424 3554 2671 3616 centum
2705 3567 3032 3634 parvorum
3067 3551 3165 3616 vel

434 3636 614 3701 circa.
663 3637 747 3702 Et
784 3638 846 3702 in
873 3639 1036 3704 dicta
1075 3640 1274 3706 insula
1298 3643 1567 3706 etantea
1590 3661 1700 3723 per
1722 3643 2044 3721 vestrateS,
2093 3640 2255 3705 sicut
2300 3640 2703 3721 premittitur,
2750 3640 2911 3722 quod
2960 3640 3164 3704 vestre

437 3725 851 3806 magnitudini
897 3727 1219 3810 scripsisse
1259 3731 1673 3807 rneminimuS‚
1719 3729 1948 3793 damna
2009 3728 2238 3810 pluries
2304 3729 2369 3791 et
2429 3728 2698 3809 plurima
2759 3727 2904 3790 sunt
2964 3726 3160 3806 illata,

434 3829 617 3892 qnam
670 3814 934 3878 insulam
982 3818 1196 3881 tenent
1241 3835 1279 3881 a
1327 3819 1533 3881 nostro
1579 3818 1887 3882 communi
1934 3818 2049 3882 viri
2096 3817 2337 3881 nobiles
2385 3815 2613 3901 Symon
2682 3816 2756 3880 de
2802 3814 3037 3880 Botono
3096 3817 3165 3879 et

432 3897 751 3965 Johannes
798 3900 972 3967 Galli
1024 3908 1394 3969 mercatores
1443 3904 1637 3968 nostri
1684 3905 1980 3969 concives.
2033 3905 2193 3968 Item
2241 3906 2316 3969 de
2365 3922 2573 3969 mense
2618 3901 2833 3984 aprilis
2867 3901 3158 3967 instantis

434 4004 541 4067 per
588 3988 868 4055 homines
909 3992 1226 4057 cuiusdam
1276 3992 1466 4057 vestri
1514 3992 1689 4074 galee
1734 3992 2104 4075 applicantis
2150 3992 2226 4054 ad
2276 3991 2540 4057 insulam
2591 3990 2833 4054 Neume
2906 3992 3161 4072 accepta

434 4071 679 4139 fuerunt
724 4078 972 4143 domino
1018 4079 1253 4145 Jacobo
1310 4080 1386 4144 de
1430 4079 1776 4143 Varicassis
1844 4080 2032 4144 militi
2093 4081 2261 4162 regio
2307 4083 2370 4144 et
2413 4081 2531 4144 civi
2596 4079 2808 4143 nostro
2864 4078 3161 4143 animalia

432 4161 611 4228 XXV
657 4166 752 4230 vel
799 4167 984 4232 circa.
1034 4169 1195 4232 Item
1244 4170 1302 4231 in
1351 4168 1564 4232 eadem
1612 4167 1818 4232 insula
1861 4187 1966 4249 per
2011 4168 2342 4249 quemdam
2387 4166 2703 4249 galienum
2764 4169 2830 4231 et
2889 4185 2995 4249 per
3058 4186 3159 4232 ve-

430 4250 660 4315 strates
708 4254 1039 4320 existentes
1073 4257 1136 4320 in
1181 4255 1290 4320 illo
1335 4255 1569 4337 accepti
1615 4254 1864 4319 fuerunt
1911 4254 2008 4319 edi
2056 4254 2226 4318 LXX
2272 4258 2336 4318 et
2383 4272 2563 4335 capre
2602 4254 2828 4317 XLIII.
2880 4256 3040 4320 Item
3081 4255 3158 4321 de

432 4336 595 4402 dicto
665 4360 876 4407 mense
946 4343 1129 4425 aprili
1199 4363 1309 4426 per
1375 4342 1653 4407 homines
1692 4343 1883 4407 vestri
1944 4342 2107 4406 stolii
2172 4341 2246 4406 de
2307 4341 2570 4425 quodam
2634 4341 2880 4424 scopulo
2943 4347 3159 4407 vocato

431 4424 644 4506 Baraz,
701 4430 804 4511 qui
853 4431 952 4495 est
997 4449 1069 4495 ex
1115 4431 1393 4512 opposito
1439 4431 1636 4494 insule
1681 4430 2091 4495 Peschumani
2140 4430 2332 4493 nostri
2380 4428 2718 4505 districtuS,
2774 4447 2873 4492 ser
2912 4429 3156 4495 Danieli

425 4513 499 4575 de
548 4515 889 4581 Varicassis
936 4517 1115 4583 fratri
1163 4519 1309 4582 dicti
1356 4517 1590 4582 domini
1630 4517 1871 4582 Jacobs
1901 4520 1965 4582 et
2012 4515 2165 4581 civis
2212 4518 2410 4581 nostri
2456 4517 2708 4598 accepta
2739 4514 2988 4580 fuerunt
3024 4519 3157 4580 ani·

427 4601 616 4667 malia
663 4604 770 4668 CX
816 4606 1074 4670 minuta.
1123 4604 1284 4668 Item
1332 4606 1404 4669 de
1442 4605 1607 4668 dicto
1653 4622 1813 4669 anno
1863 4607 1928 4669 et
1977 4622 2185 4668 mense
2232 4604 2428 4686 aprile
2475 4623 2582 4686 per
2626 4606 2935 4667 armatam
2983 4604 3154 4669 stolii

423 4691 612 4753 vestri
660 4694 917 4775 accepta
964 4695 1113 4757 sunt
1159 4694 1497 4775 presbitero
1543 4692 1764 4756 Tholse
1812 4691 2073 4773 plebano
2142 4691 2398 4755 ecclesie
2462 4691 2657 4755 sancti
2723 4690 3020 4772 Stephani
3082 4696 3154 4755 de

422 4774 615 4843 Jadra
660 4780 779 4845 civi
828 4783 1034 4844 nostro
1081 4783 1147 4844 et
1191 4781 1319 4844 suis
1366 4779 1721 4862 pastoribus
1769 4780 1842 4843 de
1891 4779 2093 4843 insula
2136 4778 2303 4844 Silve
2351 4781 2511 4843 iuter
2555 4779 2850 4843 animalia
2891 4780 3155 4858 minuta,

2697 4880 2735 4923 t
