3620 5282
2969 352 3099 421 293

385 548 675 629 poterunt
719 546 808 613 ibi
853 548 1019 613 stare
1060 566 1199 613 cum
1249 547 1430 630 plena
1470 548 1822 628 securitate,
1878 549 1942 613 et
2000 547 2439 614 tractabuntur
2495 567 2601 630 per
2671 566 2782 614 nos
2832 548 3093 615 dulciter

386 637 453 701 et
497 635 760 720 benigne
807 636 970 701 sicut
1014 635 1121 701 alii
1170 637 1335 701 cives
1385 636 1702 701 Durachii,

595 723 696 789 Ad
742 724 1081 808 septimum
1128 725 1470 807 capitulum
1519 725 1859 802 continens,
1907 725 2067 806 quod
2110 723 2444 808 dignemur
2488 724 2561 789 de
2607 724 2858 809 speciali
2889 727 3093 809 gratia

388 813 715 877 concedere
761 816 824 877 et
869 816 1155 879 mutuare
1201 812 1371 878 dicto
1417 812 1666 877 domino
1713 813 2008 879 Durachii
2074 815 2322 896 propter
2395 812 2848 891 necessitatem,
2911 833 3096 896 quam

386 900 574 965 habet
619 901 699 965 ad
745 920 1016 984 presens,
1065 900 1318 966 ducatos
1366 899 1733 985 quingentos
1779 901 1938 975 auri,
2005 919 2158 984 quos
2220 920 2284 966 se
2342 899 2522 966 offert
2584 899 2716 966 dari
2773 901 2972 967 facere
3033 905 3098 966 et

387 989 713 1054 restituere
760 988 1096 1055 castellano
1140 993 1352 1053 nostro
1397 988 1472 1053 de
1520 990 1649 1053 suis
1696 990 1945 1053 intratis
1993 989 2067 1053 de
2107 991 2383 1073 tempore
2429 989 2490 1054 in
2538 990 2815 1073 tempus;
2879 995 2942 1054 et·
3002 990 3097 1054 di-

386 1079 535 1141 cunt
578 1076 727 1142 dicti
774 1076 1240 1156 ambasiatores,
1290 1077 1448 1161 quod
1495 1076 1557 1141 in
1606 1096 1708 1141 sex
1754 1095 1995 1141 menses
2043 1077 2193 1141 bene
2241 1077 2557 1142 solventur
2602 1077 2836 1142 denarii
2875 1096 3086 1160 supra-

386 1164 571 1239 dicti;
619 1166 1062 1248 respondeatur
1105 1166 1359 1242 eisdem,
1409 1166 1565 1248 quod
1611 1165 1894 1248 dispositi
1942 1167 2017 1229 ad
2068 1165 2458 1249 beneplacita
2514 1165 2747 1232 domini
2797 1167 3093 1232 antedicti

386 1271 599 1318 sumus
639 1255 838 1336 parati
881 1254 1079 1319 facere
1125 1253 1216 1318 eis
1264 1254 1540 1319 mutuari
1587 1254 1787 1319 dictos
1835 1254 2086 1318 ducatos
2134 1254 2519 1339 quingentOS,
2570 1252 2848 1320 faciendo
2919 1255 3092 1320 nobis

383 1339 514 1406 fieri
552 1340 1039 1407 instrumentum
1091 1341 1486 1425 obligationis
1534 1342 1693 1407 dicte
1740 1342 2129 1425 quantitatis,
2179 1345 2244 1407 et
2279 1342 2657 1407 restituendo
2690 1362 2792 1409 eos
2828 1346 2902 1408 de
2934 1346 3094 1408 tem-

383 1447 529 1512 pore
572 1430 633 1494 in
682 1430 925 1512 tempus
973 1430 1312 1496 castellano
1358 1431 1564 1495 nostro
1611 1430 1719 1507 ita,
1768 1429 1930 1515 quod
1977 1431 2039 1494 in
2087 1448 2191 1495 sex
2239 1449 2499 1509 mansee,
2533 1432 2860 1514 postquam
2892 1431 3091 1514 appli-

384 1518 582 1582 cuerit
623 1519 699 1582 ad
743 1517 976 1583 dictum
1022 1520 1340 1584 dominum
1388 1538 1591 1596 suum,
1640 1520 1774 1584 tota
1818 1518 1988 1584 dicta
2030 1518 2368 1602 quantitas,
2430 1518 2769 1585 secundum
2815 1521 2977 1604 quod
3025 1537 3091 1584 se

384 1604 664 1684 offerunt,
714 1607 1004 1672 restituta
1047 1608 1150 1671 sit.

593 1693 692 1757 Ad
735 1698 1017 1760 octavum
1077 1693 1419 1779 capitulum
1483 1694 1689 1760 vexilli
1751 1694 1946 1759 nostri
2009 1693 2163 1772 auri,
2225 1695 2383 1776 quod
2447 1694 2784 1780 requirnnt,
2846 1713 3094 1777 respon-

387 1783 627 1860 deatur,
676 1783 836 1865 quod
884 1802 1097 1849 sumus
1143 1783 1338 1867 parati
1387 1783 1543 1849 illud
1585 1783 1703 1848 sibi
1750 1784 1950 1848 facere
1992 1782 2313 1867 assignari,
2381 1783 2489 1848 sed
2550 1802 2838 1868 rogamus
2899 1783 3095 1849 domi-

387 1888 534 1934 num
584 1868 939 1956 Georgium,
990 1872 1147 1955 quod
1194 1874 1480 1937 teneatur
1526 1874 1797 1951 modum,
1849 1871 2010 1955 quod
2056 1870 2226 1936 dicta
2271 1871 2569 1937 banderia
2614 1891 2730 1936 non
2806 1873 3095 1937 mittatur

336 2015 348 2028 ,
387 1959 448 2021 in
495 1957 769 2041 aliquam
815 1965 1058 2043 partem
1105 1962 1275 2025 extra
1326 1961 1638 2026 civitatem
1689 1961 1825 2034 sine
1872 1961 2084 2025 nostra
2128 1961 2482 2025 conscentia
2506 1961 2604 2026 vel
2635 1961 3094 2043 capitaneorum

388 2047 739 2112 nostrorum
789 2048 1391 2132 reppresentantium
1439 2051 1720 2113 nostrum
1769 2049 2132 2127 dominium,
2181 2049 2325 2132 quia
2382 2047 2704 2121 nollemus,
2770 2048 2929 2132 quod
2975 2048 3092 2114 sub

384 2135 519 2217 ipsa
567 2139 779 2201 nostra
827 2137 1121 2201 banderia
1165 2136 1402 2220 aliquid
1447 2138 1792 2203 occurreret
1838 2137 2041 2202 minus
2088 2155 2274 2220 quam
2318 2137 2672 2203 honorabile
2729 2139 2937 2203 nostro
2982 2136 3093 2203 do-

378 2224 571 2288 minio
616 2227 682 2288 et
719 2223 967 2289 domino
1011 2226 1381 2307 supradicto.

590 2311 689 2376 Ad
733 2331 961 2377 nonum
1028 2311 1365 2396 capitulum
1427 2312 1503 2377 de
1553 2313 1714 2379 facto
1776 2313 2005 2379 sororis
2074 2313 2227 2379 dicti
2287 2313 2519 2379 domini
2580 2311 2848 2398 Georgii,
2910 2332 3098 2397 quam

380 2397 677 2463 maritare
725 2399 1021 2479 indendit‚
1051 2404 1265 2483 petens
1308 2401 1542 2484 aliquid
1591 2401 1653 2465 in
1701 2420 1885 2466 suum
1930 2401 2250 2478 auxilium,
2320 2401 2777 2485 respondeatur,
2823 2402 2982 2485 quod
3043 2401 3097 2467 si

379 2483 583 2550 dictus
629 2487 913 2553 dominus
981 2489 1301 2555 maritabit
1367 2490 1611 2555 dictam·
1659 2489 1992 2567 dominam,
2059 2493 2122 2556 et
2185 2489 2306 2555 dici
2368 2490 2542 2555 nobis
2610 2495 2820 2574 postea
2864 2490 3099 2573 aliquid

380 2570 601 2639 fecerit
644 2593 829 2659 super
883 2576 1047 2643 facto
1107 2577 1399 2662 predicte,
1465 2597 1576 2644 nos
1623 2578 1741 2644 sibi
1805 2578 2090 2645 dabimus
2156 2577 2332 2645 illam
2388 2579 2865 2663 responsionem,
2912 2597 3099 2663 qnam

380 2662 594 2728 honori
643 2666 850 2730 nostro
897 2665 1245 2732 videbimus
1294 2667 1634 2733 convenire.

593 2752 877 2818 Utimate
925 2754 1162 2819 dicatur
1207 2753 1348 2819 istis
1409 2755 1946 2834 ambasiatoribus
1996 2757 2061 2821 et
2105 2757 2180 2820 de
2224 2755 2342 2820 hoc
2388 2756 2541 2821 fiant
2579 2755 2874 2838 speciales
2920 2755 3099 2822 litere

382 2836 500 2920 ipsi
551 2838 797 2906 domino
838 2841 1158 2922 Durachii,
1206 2842 1364 2920 qnod
1413 2861 1523 2907 nos
1567 2842 1894 2908 laudamus
1941 2845 2097 2909 satis
2155 2846 2219 2908 et
2276 2844 2354 2909 ad
2399 2844 2518 2910 hoc
2563 2864 2702 2911 enm
2751 2844 3099 2910 inducimus

382 2928 449 2991 et
492 2926 809 2995 hortamur
854 2930 1153 3012 quantum
1199 2932 1524 3013 possimuS,
1556 2931 1901 3014 quatenusd
1934 2931 2113 2997 ebeat
2145 2934 2352 2997 tenere
2393 2934 2639 2997 modum
2671 2933 2747 2997 de
2779 2933 3099 2998 tractando

380 3014 659 3082 subditos
705 3020 769 3083 et
813 3018 1028 3083 fideles
1075 3037 1220 3084 suos
1262 3019 1526 3084 dulciter
1571 3021 1636 3083 et
1680 3019 1962 3102 benigne,
2028 3019 2436 3085 ministrando
2495 3019 2585 3085 eis
2653 3020 2750 3086 ins
2810 3022 2873 3086 et
2918 3020 3101 3087 iusti-

384 3102 545 3169 ciam
623 3102 959 3172 secun'dum
1027 3108 1187 3191 qnod
1254 3107 1386 3172 fieri
1454 3107 1653 3183 debet,
1705 3108 1850 3191 quia
1907 3106 2186 3172 faciendo
2231 3125 2339 3190 per
2386 3109 2578 3173 istum
2631 3109 2883 3174 modum
2950 3108 3102 3174 civi-

384 3192 549 3291 tates
598 3199 882 3260 crescunt
927 3199 991 3260 et
1057 3197 1267 3280 populi
1336 3195 1602 3278 amplius
1648 3215 1714 3260 se
1761 3195 2097 3279 disponunt
2158 3195 2236 3260 ad
2282 3196 2537 3261 honores
2584 3198 2649 3261 et
2692 3199 2950 3263 comoda
2994 3199 3097 3263 do-

385 3299 713 3346 mmorum.

594 3368 825 3453 Capta:
873 3371 1018 3454 quia
1061 3371 1350 3437 dominus
1397 3372 1715 3451 Durachii,
1774 3374 1846 3437 ut
1913 3373 2126 3437 notum
2173 3374 2289 3450 est,
2358 3377 2457 3437 est
2500 3370 2774 3456 graviter
2819 3373 3105 3440 infirmus

385 3456 463 3521 de
510 3476 823 3540 persorna‚
871 3461 935 3523 et
982 3460 1345 3539 secundum,
1406 3461 1567 3543 quod
1631 3459 1809 3526 nobis
1886 3460 2106 3526 scribit
2173 3459 2529 3545 capitaneus
2597 3463 2806 3528 noster
2872 3461 3103 3547 culphi,

384 3545 643 3612 habebit
688 3547 865 3611 valde
910 3550 1158 3630 gratum
1207 3550 1258 3613 si
1306 3549 1767 3633 presentabitur
1815 3549 1891 3614 de
1939 3550 2220 3615 zucharis
2257 3550 2323 3615 et
2351 3547 2886 3629 ponfectionibu83
2936 3550 3107 3617 vadit

385 3651 547 3717 para,
600 3637 759 3718 quod
810 3635 874 3699 in
921 3637 1049 3701 illis
1089 3637 1273 3702 rebus
1337 3656 1455 3721 que
1515 3637 1785 3702 dominio
1854 3637 2246 3717 videbuntur,
2301 3637 2541 3722 possint
2607 3639 2821 3723 spendi
2894 3639 3105 3706 ducati

387 3721 881 3807 vigintiquinque
920 3743 1028 3808 pro
1075 3726 1355 3792 donando
1399 3727 1464 3791 et
1503 3727 1916 3808 presentando
1959 3725 2208 3792 domino
2255 3726 2624 3811 supradicto.

473 3832 655 3892 Misti
704 3833 924 3896 XLII.
976 3834 1077 3904 73,
1121 3851 1165 3892 u
1211 3833 1365 3895 mlet.
1413 3834 1649 3894 arkivu.

586 4022 1160 4107 CCCCXXIV.
1212 4021 1420 4105 God.
1473 4022 1701 4107 1392.
1756 4022 1854 4105 18
1906 4023 2350 4120 kolovoza‚
2404 4028 2465 4107 u
2517 4025 2908 4109 Mletclh.

391 4166 684 4243 Poqodba‚
730 4169 922 4243 kojom
970 4167 1221 4243 ajordje
1271 4168 1463 4243 Τομέα
1515 4169 1814 4243 yospodar
1866 4168 2073 4229 dradki
2132 4170 2494 4245 adstupljm‘e
2555 4171 2713 4245 yrad
2756 4169 2928 4231 Dras
2966 4173 3106 4233 mle·

1478 4258 1671 4326 tackoy·
1711 4256 2023 4331 republiki.

602 4358 958 4427 Retificatio
1004 4361 1324 4444 pactorum
1373 4359 1709 4426 innitorum
1759 4360 1920 4424 int-er
1965 4359 2283 4427 dominum
2329 4359 2662 4445 Georgium
2731 4361 2925 4445 'I'opia
2993 4363 3105 4430 do-

396 4447 636 4512 minum
684 4448 978 4514 Durachii
1026 4450 1090 4514 et
1133 4447 1448 4514 dominum
1499 4446 1872 4514 Saracenum
1922 4448 2205 4513 Dandnlo
2264 4447 2653 4530 capitaneum
2716 4449 2924 4533 culphi
2985 4470 3095 4518 no-

394 4533 561 4600 mine
585 4536 932 4602 communis
960 4535 1364 4602 Veneciarum
1392 4554 1499 4618 pro
1546 4536 1727 4601 factis
1759 4535 2078 4613 Durachii,
2111 4536 2275 4602 facta
2304 4556 2412 4619 per
2441 4536 2752 4604 illustrem
2784 4539 3100 4606 dominnm

396 4623 616 4688 ducem
664 4625 729 4690 et
800 4643 1120 4689 commune
1188 4623 1617 4690 Veneciarnm.
1670 4659 1750 4670 —
1799 4621 2154 4690 Anthonius
2225 4625 2485 4692 Venerio
2544 4625 2643 4692 dei
2710 4626 2913 4711 gratia
2979 4629 3098 4695 dux

399 4710 803 4776 Venetiarum
838 4713 952 4777 etc.
997 4711 1317 4778 Universis
1378 4715 1442 4778 et
1495 4710 1758 4796 singulis
1824 4714 1958 4777 tam
2019 4712 2411 4795 presentibus
2473 4732 2664 4799 quam
2720 4714 2945 4781 futuris
2985 4715 3100 4782 has

402 4801 647 4864 nostras
691 4801 971 4882 patentes
1016 4800 1264 4867 litteras
1308 4800 1677 4885 inspecturis
1709 4799 1922 4883 pateat
1963 4800 2292 4883 evidenter,
2333 4801 2496 4886 quod
2541 4821 2686 4871 oum
2736 4802 3101 4889 magnificus
