3620 5282
2981 366 3110 432 313

594 543 705 611 Ser
752 542 1106 609 Anthonius
1151 542 1505 626 Bragadino
1546 543 1791 625 sapiens
1854 542 2161 610 ordinum.
2223 544 2483 628 Insuper
2539 544 2702 627 qnod
2748 562 2960 610 omnes
2991 543 3107 617 illi,

388 633 496 717 qui
541 651 661 697 non
706 633 853 697 sunt
898 633 1057 696 servi
1105 651 1217 697 nec
1264 632 1478 709 sclavi,
1529 631 1635 696 sed
1683 631 1885 696 solum
1950 634 2239 698 tenentur
2302 636 2367 697 et
2427 632 2685 714 obligati
2750 633 2899 696 sunt
2942 633 3111 697 certo

384 723 663 803 tempore
704 719 934 784 servire
980 719 1165 785 alicui
1213 738 1321 803 pro
1368 718 1646 802 pecunia,
1695 720 2065 784 bestiamine
2108 721 2208 784 vel
2252 719 2373 785 alio
2419 719 2656 803 premio
2688 719 2919 785 talibus
2964 738 3113 784 cau-

387 808 474 873 sis
515 810 783 890 recepto,
832 809 895 873 in
943 808 1168 890 quibus
1214 807 1649 891 intelligantur
1694 808 1760 872 et
1819 807 2043 871 inclusi
2101 809 2246 873 sunt
2304 806 2421 885 illi,
2485 807 2590 891 qni
2650 825 2758 890 per
2804 807 3112 890 prefatum

388 894 698 979 quondam
742 893 1060 960 dominum
1109 895 1447 978 Georgium
1496 895 1899 979 quovismodo
1941 893 2209 960 fuissent
2254 896 2481 975 donati,
2529 895 2821 960 similiter
2874 897 3116 977 possint

389 983 594 1048 venire
640 983 718 1047 ad
764 982 1085 1048 civitatem
1131 986 1405 1048 nostram
1451 982 1816 1065 predictam,
1865 984 1931 1047 et
1974 983 2037 1046 in
2086 1001 2159 1047 ea
2206 984 2271 1047 et
2330 982 2470 1049 aliis
2532 983 2688 1048 locis
2748 981 2976 1048 nostris
3017 1001 3114 1047 se-

390 1090 532 1136 cure
579 1072 810 1135 morari
851 1090 963 1153 per
1009 1089 1202 1135 unum
1249 1089 1477 1137 annum
1525 1071 1656 1135 sine
1703 1070 2189 1135 contradictione
2238 1072 2335 1135 vel
2361 1070 2801 1153 impedimento
2832 1070 3111 1147 alicuius,

387 1156 759 1238 notificando
806 1158 917 1237 eis,
965 1160 1119 1241 quod
1170 1158 1420 1224 baiulus
1467 1162 1679 1223 noster
1740 1159 1828 1223 eis
1893 1157 2142 1239 plenum
2210 1159 2305 1223 ius
2370 1157 2771 1232 ministrabit,
2821 1165 2933 1223 neo
2972 1178 3115 1241 per·

390 1247 623 1324 mittet,
672 1246 835 1329 quod
882 1246 1247 1311 tortizentur
1293 1245 1373 1310 ab
1418 1245 1628 1329 aliquo
1690 1246 1819 1310 ullo
1881 1245 2083 1322 modo,
2143 1262 2289 1329 ymo
2351 1245 2778 1311 liberabuntur
2840 1263 2877 1309 a
2922 1247 3114 1310 servi-

388 1333 622 1398 tudine.
715 1334 798 1398 Et
854 1333 1005 1399 licet
1070 1335 1386 1399 teneretur
1447 1333 1678 1400 servire
1740 1333 2055 1416 aliquibus
2134 1338 2301 1398 certo
2362 1337 2659 1415 tempore,
2722 1335 2935 1398 tamen
2995 1352 3112 1398 non

388 1422 716 1497 desistant,
764 1423 1004 1504 quando
1051 1439 1262 1487 secure
1309 1421 1578 1497 veniant,
1628 1439 1772 1486 nam
1815 1440 1926 1504 per
1973 1421 2280 1504 prefatum
2312 1422 2593 1486 nostrum
2628 1420 2906 1486 baiulum
2945 1423 3115 1484 tene-

388 1508 558 1574 bitur
604 1510 842 1587 moduS,
890 1507 1048 1592 quod
1098 1511 1281 1573 erunt
1327 1508 1388 1573 in
1436 1509 1754 1574 concordio
1799 1526 1943 1573 cum
1994 1508 2141 1585 illis,
2180 1508 2406 1591 quibus
2452 1509 2655 1573 forent
2697 1508 2960 1591 obligati
3009 1526 3115 1589 per

392 1598 662 1674 modum,
707 1613 828 1679 quo
872 1615 937 1661 se
981 1597 1299 1661 habebunt
1344 1596 1564 1662 merito
1609 1598 1981 1673 contentam
2029 1595 2410 1673 declarando,
2459 1595 2620 1680 quod
2682 1596 2745 1660 in
2806 1614 2948 1661 casu
2994 1614 3113 1679 qno

390 1684 554 1749 infra
586 1683 925 1748 terminum
974 1684 1157 1749 unius
1203 1684 1368 1763 anni,
1417 1684 1523 1767 qui
1585 1684 1853 1767 incipere
1918 1684 2138 1750 debeat
2176 1702 2216 1750 a
2253 1685 2371 1758 die,
2412 1700 2530 1766 quo
2576 1683 2693 1766 ipsi
2742 1683 2838 1747 vel
2883 1683 3113 1765 aliquis

396 1790 607 1837 eorum
645 1771 1056 1854 applicuerint
1097 1772 1501 1845 Durachium,
1535 1772 1652 1854 ipsi
1699 1791 1816 1837 non
1859 1773 2111 1854 possent
2154 1791 2220 1837 se
2266 1772 2467 1853 aptari
2514 1790 2626 1835 neo
2685 1789 2820 1836 esse
2864 1771 2926 1835 in
2973 1788 3113 1835 con·

397 1859 608 1925 cordio
655 1877 799 1923 cum
848 1859 995 1937 illis,
1042 1859 1263 1942 quibus
1310 1863 1670 1924 tenerentur
1715 1879 1826 1943 per
1870 1861 2123 1925 modum
2186 1860 2276 1924 eis
2339 1862 2610 1941 gratum,
2658 1859 2860 1923 dictus
2907 1863 3115 1923 noster

392 1947 657 2023 baiulus,
703 1948 798 2012 cui
845 1947 1280 2012 committatur
1318 1965 1462 2011 cum
1493 1947 1853 2029 plenissima
1883 1948 2172 2014 libertate
2204 1946 2480 2012 executio
2511 1945 2876 2030 procurandi
2907 1946 3116 2011 omnia

392 2034 835 2120 suprascripta,
884 2035 1109 2100 debeat
1155 2035 1246 2099 eis
1290 2036 1355 2099 et
1412 2034 1673 2099 cuilibet
1735 2054 1945 2101 eorum
1993 2036 2119 2100 tale
2166 2036 2498 2100 terminum
2560 2034 2899 2116 assignare,
2951 2034 3114 2116 quod

388 2122 628 2207 possint
672 2142 738 2187 se
771 2122 977 2187 levare
1006 2126 1070 2186 et
1101 2124 1380 2186 recedere
1413 2123 1488 2187 de
1536 2124 1848 2189 Durachio
1882 2126 1948 2188 et
1967 2124 2109 2188 aliis
2133 2124 2287 2188 locis
2314 2123 2541 2188 nostris
2566 2122 2802 2193 deinde,
2837 2123 2925 2186 ita
2949 2121 3113 2203 quod

386 2212 628 2294 possint
671 2211 780 2286 ire,
814 2228 935 2292 quo
969 2210 1278 2275 voluerint
1307 2208 1386 2273 ad
1416 2211 1872 2293 beneplacitum
1907 2230 2108 2277 suum.
2145 2211 2238 2276 De
2268 2213 2443 2294 parte
2480 2209 2728 2274 17-17
2759 2246 2809 2256 -
2830 2209 2992 2274 17-
3013 2210 3107 2273 14.

602 2294 715 2361 Ser
790 2294 1145 2362 Anthonius
1219 2295 1560 2366 Contareno
1636 2301 1880 2382 sapiens
1955 2295 2260 2365 ordinum.
2360 2297 2591 2378 Capta:
2669 2297 2805 2360 vult
2874 2300 3112 2379 partem

389 2384 689 2448 sotiorum
747 2402 855 2465 per
916 2387 1140 2458 totum,
1207 2385 1378 2449 salvo
1441 2388 1600 2468 qnod
1668 2387 1823 2462 vult,
1902 2387 2062 2470 quod
2122 2386 2367 2470 quando
2430 2385 2636 2462 dictus
2711 2387 2921 2449 noster
2986 2385 3116 2450 bai-

391 2469 533 2535 ulus
607 2487 729 2535 non
801 2475 1008 2552 posset
1084 2492 1193 2555 per
1257 2474 1508 2537 modum
1573 2474 1916 2555 predictum
1978 2476 2251 2539 nostram
2317 2474 2727 2538 intentionem
2803 2473 3113 2548 obtinere,

391 2558 535 2641 quia
610 2558 843 2623 iustum
922 2563 989 2623 et
1054 2562 1224 2643 pium
1305 2562 1403 2625 est
1446 2579 1803 2626 succurrere
1878 2561 2125 2627 miseris
2186 2564 2250 2626 et
2310 2561 2676 2645 pauperibus
2750 2562 2939 2625 etiam
3011 2578 3116 2643 pro

392 2644 724 2712 manifesto
772 2648 927 2713 bono
967 2663 1130 2713 terre
1178 2649 1498 2726 Durachii,
1547 2669 1622 2715 ne
1700 2652 1818 2733 ipsi
1893 2654 2197 2734 cogantur
2266 2650 2356 2715 ire
2427 2668 2568 2715 cum
2644 2651 2773 2713 suis
2831 2648 2978 2713 filiis
3054 2650 3119 2711 et

392 2733 646 2799 famulis
689 2753 799 2817 per
843 2735 1078 2801 alienas
1126 2740 1323 2801 terras
1369 2736 1796 2814 mendicando,
1844 2741 1992 2803 tunc
2038 2738 2262 2803 debeat
2327 2737 2528 2802 facere
2572 2736 2816 2819 publice
2879 2736 3116 2818 procla-

392 2821 572 2900 mari,
620 2823 781 2905 quod
827 2825 1199 2907 quicumque
1243 2824 1417 2899 civis,
1468 2825 1754 2890 subditus
1810 2829 1876 2890 et
1939 2824 2139 2890 fidelis
2202 2824 2479 2889 civitatis
2542 2829 2747 2888 nostre
2810 2823 3109 2888 Durachii

389 2912 455 2974 et
499 2908 763 2974 aliorum
809 2909 1082 2976 locorum
1128 2914 1481 2976 nostrorum
1532 2912 2071 2978 circumstantium
2105 2912 2431 2984 Durachio.
2466 2912 2570 2995 qui
2604 2912 2688 2975 sit
2714 2912 3110 2975 Durachinus

387 2997 488 3062 vel
533 2996 933 3076 Albanensis‚
982 3016 1099 3063 non
1145 2997 1552 3082 intelligendo
1597 2999 1662 3064 in
1709 3000 1833 3065 hiis
1879 3001 2154 3084 aliquem
2202 3002 2489 3065 venetum
2543 3017 2651 3063 nec
2698 3000 2801 3082 qui
2853 3017 2960 3082 pro
3009 3018 3113 3063 ve-

390 3088 534 3150 neto
580 3086 956 3168 expediatur,
1033 3104 1146 3151 nec
1221 3085 1427 3168 aliqua
1502 3087 1628 3152 alia
1696 3106 1973 3169 persona,
2038 3106 2155 3170 que
2222 3106 2327 3168 pro
2376 3088 2581 3152 debito
2628 3088 2994 3151 recessisset
3040 3087 3115 3151 de

389 3173 701 3238 Durachio
750 3192 788 3237 a
831 3173 951 3250 die,
999 3191 1121 3257 qua
1168 3173 1496 3239 habuimus
1541 3175 1888 3241 dominium
1934 3177 2098 3240 dicte
2143 3175 2440 3251 civitatis,
2476 3178 2643 3239 esset
2683 3178 2853 3239 extra
2885 3175 3116 3239 dictam

388 3260 704 3325 civitatem
752 3262 818 3326 et
860 3261 984 3327 alia
1029 3261 1160 3326 loca
1206 3262 1385 3326 nobis
1430 3263 1709 3328 subiecta
1756 3265 1817 3327 in
1867 3263 2148 3346 partibus
2217 3262 2346 3327 illis
2417 3262 2629 3345 quovis
2695 3263 2874 3326 modo
2921 3280 3113 3344 usque

387 3349 742 3431 presentem
791 3349 959 3413 diem
1007 3354 1397 3432 preterquam
1446 3349 1870 3427 homicidium,
1920 3353 2132 3434 posset
2177 3369 2390 3416 secure
2437 3351 2502 3413 et
2548 3351 2678 3414 sine
2726 3349 2933 3433 aliquo
2997 3351 3115 3413 im-

386 3435 738 3518 pedimento
805 3438 1095 3501 accedere
1161 3438 1511 3501 habitatum
1587 3440 1905 3504 civitatem
1980 3443 2251 3503 nostram
2325 3437 2650 3506 Duracbii,
2686 3444 2749 3501 et
2809 3438 2934 3501 alia
2982 3438 3116 3501 loca

387 3525 598 3589 nostra
642 3525 861 3588 deinde
903 3543 1095 3607 usque
1142 3525 1406 3608 quinque
1454 3544 1647 3589 annos
1698 3527 2026 3606 proximoS‚
2075 3525 2273 3591 dando
2320 3526 2410 3589 eis
2462 3524 2536 3589 ad
2609 3525 3111 3608 intelligendum,

386 3609 545 3692 quod
592 3610 751 3676 infra
811 3614 1081 3692 spatium
1142 3612 1446 3677 dictorum
1511 3613 1780 3696 quinque
1815 3632 2143 3679 annorum
2213 3615 2425 3678 contra
2483 3615 2788 3695 predictos
2838 3633 2952 3678 non
3005 3613 3134 3678 fiet,

388 3699 483 3764 ius
527 3698 715 3763 alicui
766 3699 892 3763 ullo
935 3700 1134 3776 modo,
1184 3717 1328 3764 nam
1378 3719 1484 3780 per
1530 3702 1722 3765 istum
1773 3704 2020 3766 modum
2055 3704 2222 3767 terra
2253 3704 2466 3765 nostra
2501 3701 2800 3765 Durachii
2834 3702 3114 3783 predicta
3166 3694 3183 3710 ⁸

389 3785 890 3869 appopulabitur,
939 3793 1011 3851 eb
1047 3786 1299 3853 interim
1346 3788 1469 3850 ista
1520 3790 1769 3870 negocia
1817 3789 2088 3870 poterint
2132 3788 2355 3868 aptari.
2403 3787 2743 3853 Transacto
2793 3808 2933 3853 vero
2989 3805 3114 3851 ter-

390 3875 558 3938 mino
603 3874 873 3957 quinque
919 3893 1217 3939 annorum
1268 3874 1677 3954 predictorum
1728 3877 2002 3958 prefatus
2045 3878 2254 3941 noster
2297 3876 2541 3941 baiulus
2603 3881 2666 3939 et
2728 3894 3113 3940 successores

390 3960 487 4025 sui
533 3962 863 4027 teneantur
910 3966 975 4027 et
1020 3962 1283 4027 debeant
1325 3962 1525 4027 facere
1573 3965 1877 4028 rationem
1926 3968 1989 4028 et
2033 3963 2348 4028 iusticiam
2412 3963 2741 4046 unicuique
2802 3983 2939 4026 earn
3011 3982 3114 4044 pe-

391 4049 545 4113 tenti
589 4051 805 4113 contra
850 4069 1319 4133 quemcumque,
1372 4050 1736 4115 declarando
1787 4055 2025 4133 partem
2072 4056 2315 4133 captam
2352 4052 2410 4114 in
2448 4052 2681 4114 nostris
2713 4050 2983 4113 consiliis
3016 4068 3116 4113 ro-

390 4138 679 4218 gatorum
728 4139 794 4200 et
837 4137 1173 4201 additionis
1216 4137 1278 4201 in
1340 4136 1501 4201 1393
1548 4138 1645 4203 die
1689 4138 1733 4201 5
1779 4140 1993 4220 aprilis
2042 4139 2104 4202 in
2152 4141 2417 4218 tantum,
2479 4140 2639 4220 quod
2672 4138 2874 4203 dictus
2909 4140 3116 4201 noster

391 4222 637 4304 baiulus
685 4242 794 4288 nec
841 4243 1227 4290 successores
1275 4226 1370 4288 sui
1420 4243 1541 4289 non
1573 4226 1840 4290 debeant
1872 4245 1937 4291 se
1970 4226 2271 4308 impedire
2311 4228 2385 4291 de
2421 4225 2548 4290 illis
2582 4230 2812 4299 tamen,
2868 4225 2973 4307 qui
3008 4244 3114 4306 per

388 4308 695 4391 prefatum
741 4313 1049 4394 quondam
1098 4311 1420 4377 dominum
1468 4310 1807 4397 Georgium
1857 4315 2251 4396 quovismodo
2311 4312 2575 4379 fuissent
2621 4313 2748 4376 dati
2797 4312 3114 4377 Albanen-

388 4397 581 4478 sibus,
630 4402 692 4463 et
739 4419 846 4482 per
894 4401 1058 4482 ipsos
1109 4398 1502 4464 Albanenses
1551 4402 1612 4465 in
1660 4401 1821 4466 alios
1867 4401 2142 4477 alienati,
2191 4419 2346 4484 quos
2394 4418 2515 4465 non
2562 4400 2859 4465 habemus
2892 4419 3112 4465 secun-

387 4484 537 4550 dum
583 4484 766 4550 deum
809 4487 875 4551 et
919 4506 1165 4552 omnem
1215 4487 1438 4551 bonam
1486 4489 1826 4571 equitatem
1874 4508 2008 4554 esse
2056 4507 2262 4553 servos
2309 4507 2421 4553 nec
2467 4488 2708 4552 sclavos
2741 4487 2870 4552 ullo
2908 4489 3111 4554 modo.

387 4572 481 4637 De
526 4578 702 4655 parte
745 4573 853 4652 43,
902 4573 1008 4653 37,
1056 4575 1162 4653 37,
1209 4575 1332 4651 413
1381 4575 1455 4639 de
1502 4593 1623 4640 non
1669 4576 1742 4651 ’ῖς
1792 4595 1914 4641 non
1962 4577 2189 4641 sinceri
2241 4579 2337 4651 11,
2386 4574 2492 4651 20,
2543 4575 2652 4653 20,
2694 4575 2791 4639 19.

477 4679 662 4740 Masta·
708 4677 927 4743 XLII.
981 4685 1125 4754 122,
1173 4700 1215 4743 u
1259 4682 1530 4744 Mletoih.
