3620 5282
2962 376 3089 444 287

370 550 498 616 illis
545 552 769 628 verbis,
818 570 934 635 que
982 551 1414 616 conveniencia
1464 551 1850 630 videbuntur,
1902 553 2058 634 quod
2106 551 2372 617 debeant
2434 552 2755 616 ostendere
2816 552 3090 617 rationes

368 639 679 721 predictas
727 639 927 703 eidem
975 640 1189 703 comiti
1230 643 1294 702 et
1340 641 1800 705 successoribus
1848 642 1976 703 suis
2022 640 2137 704 sub
2183 640 2296 703 illa
2341 659 2513 722 pena,
2557 659 2672 722 que
2711 641 2798 704 eis
2838 659 2948 723 per
2995 640 3089 704 di-

366 728 536 791 ctum
584 727 876 791 comitem
923 726 1112 791 fuerit
1158 727 1463 808 imposita.

583 813 780 896 Super
824 813 992 878 facto
1035 816 1243 878 autem
1290 814 1655 878 animalium
1704 814 2054 878 ablatorum
2089 813 2372 897 Oragoge
2420 814 2678 878 condam
2707 814 2879 879 Petri
2908 814 3089 878 Balbi

371 900 447 964 de
494 900 724 966 Cherso
772 903 836 966 et
882 899 1261 983 Stephanulo
1312 901 1578 965 Petrusii
1626 921 1733 984 per
1793 902 1938 965 illos
1985 901 2059 966 de
2109 903 2347 966 Bescha
2393 902 2652 966 diocesis
2699 901 2895 984 Vegle
2941 902 3092 967 scri-

371 989 557 1053 batur
601 989 825 1053 iterate
872 989 1083 1053 comiti
1129 990 1194 1051 et
1239 988 1580 1052 vicecomiti
1650 1008 1722 1052 ac
1786 987 2095 1053 iudicibus
2159 992 2222 1052 et
2269 990 2582 1054 communi
2632 989 2863 1071 Vegle,
2932 988 3091 1072 quod

369 1076 707 1141 secundum
750 1078 1121 1141 sententiam
1171 1079 1234 1140 et
1280 1075 1774 1141 reformationem
1806 1080 2080 1141 nostram
2108 1077 2372 1141 debeant
2417 1096 2524 1159 per
2566 1078 2767 1141 totum
2815 1096 3090 1142 mensem

372 1163 634 1228 ianuarii
673 1163 946 1246 proxime
986 1166 1311 1227 venturum
1354 1163 1647 1245 predictis
1694 1165 1923 1228 nostris
1951 1163 2240 1228 fidelibus
2289 1165 2362 1227 de
2400 1164 2776 1228 animalibus
2821 1166 2949 1228 suis
2975 1165 3091 1228 sub

367 1269 525 1332 pena
569 1251 634 1315 in
681 1252 989 1316 sententia
1037 1254 1097 1314 et
1142 1250 1577 1315 terminatione
1619 1254 1832 1315 nostra
1878 1253 2166 1315 contenta
2215 1252 2489 1315 debitam
2541 1251 2862 1315 emendam
2897 1253 2961 1315 et
2993 1270 3092 1315 sa-

255 1397 258 1400 ,
368 1338 784 1403 tisfactionem
835 1337 1075 1416 fecisse,
1127 1340 1212 1401 ita
1258 1339 1416 1421 quod
1464 1338 1730 1403 habeant
1792 1340 2015 1403 merito
2075 1340 2437 1411 contentari,
2481 1341 2544 1403 et
2589 1339 2663 1402 de
2728 1337 3095 1403 malefacto-

370 1425 541 1489 ribus
589 1426 778 1490 talem
827 1426 1141 1490 iusticiam
1188 1427 1252 1488 et
1300 1425 1632 1489 vindictam
1682 1427 1901 1501 facere,
1949 1427 2106 1508 quod
2152 1428 2428 1491 transeat
2461 1426 2601 1490 aliis
2644 1425 2719 1489 ad
2768 1429 3085 1491 terrorem.

371 1512 454 1576 Et
497 1513 803 1577 scribatur
849 1512 1014 1577 dicto
1061 1512 1275 1576 comiti
1342 1514 1589 1590 nostro,
1656 1515 1815 1595 quod
1880 1514 2130 1576 mittere
2196 1513 2417 1577 debeat
2468 1513 2729 1595 Veglam
2779 1514 3085 1594 predictos

374 1600 807 1665 damnificatos
855 1599 933 1663 ad
979 1600 1358 1684 presenciam
1407 1600 1709 1664 dictorum
1758 1600 2053 1665 comitum
2120 1602 2184 1663 et
2229 1601 2497 1665 iudicum
2549 1600 2625 1664 ad
2673 1600 3091 1681 recipiendum

374 1706 580 1752 eorum
633 1687 949 1764 animalia,
998 1690 1064 1752 et
1110 1686 1187 1750 ad
1233 1688 1668 1768 requirendum
1718 1706 1821 1752 eos
1869 1691 1941 1752 de
1989 1687 2234 1751 iusticia
2281 1708 2386 1770 per
2440 1706 2543 1751 eos
2591 1688 2792 1754 fienda
2836 1690 2910 1751 de
2958 1708 3092 1751 ma-

372 1774 791 1851 lefactoribus,
844 1776 933 1839 ita
981 1777 1142 1857 quod
1185 1793 1305 1837 non
1353 1778 1478 1839 stet
1515 1794 1625 1857 per
1666 1793 1787 1854 eOS,
1838 1777 1889 1839 si
1938 1775 2245 1839 voluerint
2290 1774 2520 1838 eisdem
2555 1774 2843 1838 satisfieri
2889 1775 3090 1839 facere

372 1862 450 1926 de
497 1862 791 1945 predictis
837 1882 978 1927 cum
1026 1860 1147 1925 hiis
1193 1863 1257 1925 et
1301 1861 1441 1925 aliis
1504 1863 1742 1941 verbis,
1804 1882 1920 1944 qne
1983 1862 2357 1927 videbuntur
2414 1863 2684 1926 dominio
2748 1862 3088 1939 scribenda,

371 1950 693 2015 scribendo
741 1953 950 2014 nostro
996 1949 1230 2025 comiti,
1278 1949 1435 2031 quod
1487 1968 1863 2033 quecumque
1911 1950 2126 2014 fecerit
2187 1953 2251 2012 et
2307 1950 2592 2014 habuerit
2639 1951 2702 2012 in
2744 1950 3086 2030 premissis,

371 2038 589 2102 debeat
634 2038 827 2114 nobiS,
875 2039 939 2102 et
979 2037 1137 2119 quod
1186 2038 1304 2100 sibi
1351 2039 1655 2119 agendum
1708 2037 2016 2103 videretur
2077 2036 2140 2100 in
2196 2055 2341 2101 casu
2390 2056 2508 2120 quo
2576 2036 2921 2102 satisfactio
2971 2055 3085 2101 non

370 2127 748 2207 sequeretur,
789 2144 895 2206 per
941 2124 1071 2188 eius
1120 2124 1362 2188 litteras
1408 2143 1700 2189 reserare.

580 2215 672 2279 De
723 2212 975 2294 negocio
1020 2213 1229 2276 autem
1279 2213 1588 2276 sentencie
1632 2231 1739 2292 per
1786 2211 2077 2276 comitem
2127 2211 2456 2276 Nicolaum
2507 2214 2571 2276 et
2613 2212 2875 2276 iudicem
2926 2213 3091 2276 Pau-

368 2299 497 2363 lum
548 2301 607 2363 in
657 2300 834 2364 bonis
881 2299 1031 2363 olim
1078 2298 1290 2363 fratris
1337 2298 1540 2381 Vagni
1580 2300 1655 2362 de
1722 2298 1931 2363 Firmo
1999 2300 2159 2376 late,
2236 2318 2272 2362 a
2319 2318 2440 2382 qua
2504 2298 2708 2364 dictus
2765 2300 2969 2382 Vagni
3014 2301 3090 2363 ad

367 2387 852 2452 dominacionem
902 2388 1177 2451 nostra-m
1227 2405 1291 2450 se
1339 2386 1761 2469 appellaverit,
1812 2406 1991 2468 quam
2044 2386 2289 2469 quidem
2341 2388 2715 2451 sentenciam
2778 2388 3088 2470 predictus

366 2492 571 2538 comes
615 2474 911 2540 Nicolaus
972 2477 1035 2538 et
1096 2474 1326 2538 Paulus
1390 2474 1604 2538 comiti
1667 2477 1871 2538 nostro
1939 2474 2067 2538 sive
2129 2475 2450 2556 negocium
2516 2475 2853 2556 questionis
2919 2473 3087 2539 dicte

364 2563 674 2627 sentencie
710 2582 819 2646 per
864 2580 974 2626 nos
1022 2561 1424 2625 commissum
1473 2561 1676 2625 fuerat
1724 2560 2063 2638 ostendere,
2129 2562 2505 2626 recusaverit
2541 2565 2759 2626 contra
2805 2564 3086 2626 nostrum

366 2650 749 2728 mandatum,
795 2650 1103 2714 scribatur
1150 2651 1373 2713 iterato
1400 2649 1564 2713 dicto
1612 2649 1828 2714 comiti
1876 2651 1939 2713 et
1984 2650 2409 2728 iudiciPauIO,
2451 2651 2805 2739 agravando
2851 2649 3085 2714 factum

367 2756 505 2802 cum
554 2738 683 2802 illis
730 2738 951 2816 verbiS,
1002 2756 1117 2819 que
1159 2738 1588 2802 conveniencia
1633 2737 2024 2815 videbuntur,
2076 2737 2234 2820 quod
2283 2757 2391 2820 per
2436 2727 2636 2802 totum
2688 2756 2957 2802 mensem
2992 2737 3084 2801 ia-

371 2826 570 2889 nuarii
619 2827 966 2908 proximum
1009 2825 1278 2889 debeant
1322 2824 1533 2888 comiti
1582 2827 1789 2889 nostro
1837 2824 2178 2889 ostendisse
2242 2825 2617 2889 sentenciam
2669 2826 3083 2906 supradictam

368 2912 481 2976 sub
528 2907 640 2977 illa
686 2932 881 2996 pena,
932 2931 1112 2996 quam
1152 2913 1354 2976 dictus
1399 2931 1602 2976 comes
1651 2913 1738 2976 eis
1770 2913 2133 2994 imponeret,
2170 2911 2488 2976 scribendo
2523 2930 2705 2995 super
2737 2913 2851 2976 hoc
2884 2912 3086 2976 eidem

373 3000 601 3079 comiti,
651 3001 810 3083 quod
858 3000 1056 3082 ipsam
1092 2999 1469 3064 sentenciam
1504 3001 1773 3077 audiata,
1823 3004 1885 3063 et
1917 3000 2295 3081 questionem
2331 3000 2693 3080 predictam,
2743 3002 2807 3062 et
2853 3000 3081 3063 auditis

369 3087 651 3169 partibus
698 3091 761 3152 et
807 3088 1042 3151 iuribus
1086 3088 1408 3170 utriusque
1456 3088 1671 3172 partiS,
1716 3088 2087 3153 determinet
2134 3090 2197 3151 et
2243 3087 2526 3164 diffiniat,
2589 3091 2776 3168 prout
2822 3087 2940 3151 sibi
2988 3088 3082 3152 iu-

368 3184 533 3238 stum
581 3175 907 3240 videbitur.

452 3265 633 3324 Misti
682 3266 962 3324 XXVII.
1012 3268 1112 3335 47,
1158 3283 1200 3324 u
1239 3267 1453 3325 arkivu
1493 3266 1851 3326 mletackom.

613 3451 1148 3536 CCCCXXX.
1220 3454 1425 3536 θοὰ.
1483 3454 1706 3537 1355.
1763 3456 1806 3537 ’7
1860 3458 2289 3559 prosinca,
2343 3479 2402 3538 u
2455 3456 2843 3539 Mletcih.

365 3563 526 3653 Sabe
568 3595 631 3637 se
675 3579 863 3652 mesto
905 3579 1072 3652 bojne
1115 3597 1329 3652 sprave
1374 3599 1416 3638 u
1464 3581 1623 3651 Nin5
1671 3599 1711 3639 a
1755 3583 1945 3641 knezu
1993 3584 2384 3657 troyirskomu
2431 3600 2493 3643 se
2537 3584 2764 3655 nalaie,
2812 3585 2891 3644 da
2935 3588 3089 3647 iwr-

1008 3668 1168 3741 senje
1213 3669 1383 3740 melre
1422 3669 1602 3728 osude
1647 3670 1857 3744 odyodi
1902 3671 1974 3729 do
2013 3687 2096 3729 sv.
2142 3671 2456 3730 Mihovila.

581 3785 766 3850 1355.
817 3785 915 3849 die
960 3786 1082 3851 VII
1127 3785 1489 3863 decembris,
1541 3791 1757 3870 capta:
1806 3789 1962 3872 quod
2008 3788 2338 3854 mittantur
2371 3789 2607 3854 Nonam
2642 3790 2854 3855 decem
2903 3810 3086 3875 capse

365 3873 768 3958 sagitamenti
814 3891 923 3956 pro
971 3873 1478 3939 neccessitatibus
1527 3874 1763 3939 deinde.

576 3960 809 4043 Capta:
859 3980 997 4025 cnm
1045 3961 1358 4026 Johaunes
1401 3962 1571 4025 Petri
1619 3964 1946 4028 canonicus
2000 3964 2433 4047 Traguriensis
2478 3964 2679 4029 fidelis
2733 3967 2942 4032 noster
2986 3985 3090 4030 ex-

365 4050 569 4130 ponat,
612 4049 776 4130 quod
824 4048 1038 4113 vicarii
1086 4048 1356 4131 episcopi
1419 4049 1850 4133 Traguriensis
1911 4052 2470 4117 condemnaverunt
2533 4053 2738 4134 ipsum
2802 4053 3088 4118 inlibris

366 4135 422 4198 V
469 4138 717 4200 centum
760 4154 1084 4219 parvorum
1125 4140 1187 4199 et
1232 4136 1371 4200 aliis
1417 4138 1480 4200 in
1529 4137 2077 4219 condempnatione
2124 4140 2256 4222 ipsa
2306 4141 2650 4217 contentiS,
2701 4159 2737 4203 a
2784 4159 2903 4222 qua
2949 4141 3087 4223 qui-

369 4222 507 4286 dem
556 4224 1064 4289 condemnatione
1111 4224 1381 4288 sentiens
1427 4243 1491 4288 se
1537 4228 1866 4307 gravatum
1916 4226 1991 4289 ad
2032 4227 2241 4290 sedem
2290 4228 2691 4310 apostolicam
2726 4228 3083 4311 appellavit,

368 4309 688 4375 intendens
732 4311 1219 4395 appellacionem
1267 4311 1465 4392 ipsam
1514 4314 1814 4396 prosequi,
1864 4332 1972 4396 pro
2018 4332 2137 4395 qua
2183 4315 2730 4398 condempnatione
2778 4317 3090 4417 opportuit

365 4397 570 4479 ipsum
616 4399 764 4465 dare
810 4399 1158 4464 cautionem
1206 4397 1507 4478 laicalem,
1557 4420 1738 4481 quam
1789 4403 2134 4465 cautionem
2182 4403 2455 4483 prestitit
2484 4401 2732 4484 quidam
2784 4404 2915 4468 eius
2947 4422 3089 4468 con-

366 4485 771 4568 sanguineus;
820 4486 1198 4568 subiungens
1245 4486 1449 4551 dictus
1492 4448 1833 4564 'Jobannes,
1882 4487 2042 4569 quod
2091 4489 2311 4553 nobilis
2361 4491 2452 4553 vir
2485 4491 2708 4554 Petrus
2741 4490 3084 4554 Gradonico

366 4590 565 4638 comes
612 4577 819 4640 noster
864 4572 1148 4656 Tragurii
1197 4574 1565 4657 compellere
1609 4577 1746 4641 vult
1793 4575 2026 4639 dictum
2074 4595 2256 4639 suum
2283 4577 2801 4658 consanguineum
2851 4578 2925 4642 ad
2961 4577 3085 4640 sol-

364 4661 623 4724 vendum
682 4661 1046 4746 peccuniam
1121 4661 1694 4743 condempnationis
1757 4661 2031 4744 predicte
2093 4664 2226 4743 ipsa
2286 4662 2698 4745 appellatione
2745 4665 3079 4746 pendente:

363 4746 532 4813 vadit
572 4767 734 4831 pars,
788 4749 948 4833 quod
995 4747 1192 4813 eidem
1238 4749 1453 4836 comiti
1499 4752 1704 4815 nostro
1752 4749 2062 4814 scribatur
2108 4750 2172 4813 et
2217 4749 2564 4830 mandatur,
2609 4750 2770 4833 quod
2815 4752 2867 4815 si
2913 4749 3077 4813 dicta
