3620 5282
449 296 577 364 278

451 494 591 539 rum
638 474 914 538 ffdelium
962 475 1162 542 facere
1208 496 1389 559 posse
1457 476 1708 553 videbit,
1779 479 2105 542 dummodo
2167 478 2282 541 hoc
2342 476 2453 541 fiat
2516 495 2656 540 cum
2702 493 2887 559 quam
2952 475 3173 541 minori

453 580 708 626 numero
755 563 1289 644 stipendiariorum
1341 565 1474 629 fieri
1522 565 1769 646 poterit.
1838 566 2097 646 Insuper
2158 565 2303 646 quia
2364 564 2735 628 extimamus
2783 563 2961 627 valde
3008 564 3168 646 peri-

456 649 734 714 culosum
783 653 845 713 et
894 650 1172 729 dubium,
1222 653 1381 734 quod
1428 653 1645 717 civitas
1692 655 1903 717 nostra
1949 651 2139 717 Jadre
2201 654 2517 716 remaneat
2573 652 2801 734 absque
2858 652 3172 733 presencia

454 737 647 819 ipsius
694 738 958 815 comitiS,
1006 741 1370 805 mandamus
1418 740 1493 817 ei,
1543 740 1703 822 quod
1750 742 1814 804 in
1863 751 2175 823 posterum
2246 758 2310 804 se
2373 738 2685 803 abstineat
2731 737 2806 802 de
2849 738 3046 802 eundo
3096 737 3172 801 ad

454 825 803 906 coloquium
849 829 1020 891 extra
1054 829 1373 892 civitatem
1419 847 1561 892 cum
1607 825 1849 909 aliquo:
1899 827 2004 891 sed
2051 827 2105 891 si
2151 827 2226 890 de
2293 827 2496 908 aliquo
2554 826 2833 907 coloquio
2886 845 2994 908 per
3058 825 3175 889 ali-

457 930 637 995 quem
686 911 872 976 fuerit
917 916 1264 997 requisitus,
1317 915 1545 997 poterit
1591 916 1884 997 deputare
1952 914 2050 978 vel
2105 915 2355 979 mittere
2419 913 2496 977 ad
2560 915 2760 997 ipsum
2824 913 3174 995 coloquium

455 1017 744 1083 personas
793 1001 1034 1083 aliquas
1080 1003 1212 1067 loco
1268 1003 1402 1080 sui,
1466 1003 1610 1085 quia
1671 1022 1848 1067 suam
1920 1002 2304 1084 presenciam
2374 1003 2661 1066 continue
2726 1001 3172 1065 neccessariam

455 1105 591 1152 esse
636 1090 1058 1169 cognoscimus
1106 1091 1165 1153 in
1216 1091 1468 1155 civitate
1515 1089 1812 1173 predicta.
1885 1087 2082 1171 Super
2140 1089 2280 1154 aliis
2346 1107 2487 1153 vero
2552 1089 2857 1153 contentis
2923 1088 2986 1151 in
3033 1087 3173 1153 aliis

455 1174 692 1239 licteris
740 1176 869 1239 suis
916 1178 1229 1259 predictis„
1279 1178 1481 1242 silicet
1540 1179 1668 1242 tam
1716 1178 1780 1242 in
1830 1177 2132 1242 mittendo
2178 1179 2411 1259 genteS,
2471 1194 2652 1258 quam
2703 1176 2766 1239 in
2813 1175 2988 1252 aliis,
3035 1193 3177 1258 pro-

458 1261 664 1326 videre
703 1264 1058 1329 curabimus
1105 1264 1490 1349 quamtocius
1552 1265 1682 1330 fieri
1744 1266 1973 1348 poterit
2036 1268 2101 1329 et
2163 1284 2305 1329 cum
2348 1264 2535 1328 ‚omni
2579 1264 2908 1346 diligencia
2955 1281 3176 1346 oppor-

461 1351 631 1414 tuna.
677 1349 816 1414 Non
863 1352 1086 1417 sinceri
1143 1355 1197 1430 1,
1246 1355 1320 1417 de
1367 1372 1482 1418 non
1530 1353 1593 1428 Ο,
1633 1352 1743 1418 alii
1789 1353 1864 1416 de
1910 1345 2102 1434 parte.
2354 1365 2359 1378 ·

673 1436 901 1520 Capta:
943 1448 1224 1522 preterea
1267 1460 1408 1505 cum
1454 1440 1733 1506 debitum
1798 1440 1975 1504 nobis
2040 1441 2124 1503 sit
2188 1440 2425 1505 licteris
2464 1438 2683 1521 ,pridie
2743 1438 2917 1503 nobis
2965 1437 3173 1502 missis

465 1544 572 1608 per
621 1528 909 1590 comitem
960 1528 1330 1611 Gregorium
1380 1526 1751 1592 Curiachum
1800 1528 2073 1609 aliquam
2135 1528 2380 1591 tradere
2444 1527 2899 1609 responsivam,
2962 1545 3037 1590 ne
3087 1525 3179 1589 vi-

463 1614 718 1677 deamur
764 1632 882 1679 non
925 1633 1137 1680 curare
1184 1616 1258 1680 de
1306 1615 1474 1698 ipso:
1524 1614 1692 1679 vadit
1738 1634 1902 1697 parS,
1946 1615 2103 1696 quod
2156 1615 2461 1679 scribatur
2505 1616 2702 1679 eidem
2751 1613 2984 1690 comiti,
3034 1630 3184 1696 qua-

463 1700 608 1764 liter
645 1699 897 1766 licteras
944 1723 1088 1768 suas
1133 1704 1478 1785 recepimus
1541 1702 1726 1766 simul
1787 1722 1930 1767 cum
1993 1701 2224 1766 licteris
2287 1702 2533 1767 comitis
2591 1701 2786 1765 nostri
2848 1700 3072 1777 Jadre,
3113 1702 3181 1764 et

462 1789 750 1852 contenta
795 1789 858 1853 in
906 1792 995 1856 eis
1042 1791 1462 1855 intelleximus
1509 1789 1873 1869 diligenter,
1937 1809 2047 1872 per
2094 1809 2245 1872 quas
2307 1790 2739 1872 cognoscimus
2791 1792 2854 1853 et
2899 1806 3178 1870 compre-

463 1875 792 1939 hendimus
841 1879 1163 1943 manifeste
1212 1876 1588 1942 laudabilem
1643 1877 2114 1956 disposicionem
2164 1880 2226 1941 et
2264 1878 2490 1941 bonum
2552 1877 2973 1958 propositum,
3020 1875 3181 1958 quod

466 1961 656 2026 habet
701 1983 850 2046 erga
896 1984 1005 2029 nos
1048 1968 1379 2047 nostraque
1422 1964 1676 2029 comoda
1722 1966 1786 2029 et
1840 1965 2116 2044 honores»,
2181 1968 2433 2047 propter
2493 1965 2652 2047 quod
2703 1963 2884 2028 fidem
2932 1964 2996 2027 et
3040 1981 3182 2045 pro-

466 2051 729 2113 bitatem
776 2070 950 2118 suam
999 2071 1327 2135 possumus
1382 2055 1446 2115 et
1506 2051 1801 2116 debemus
1864 2052 2086 2116 merito
2147 2051 2609 2127 commendare,
2676 2054 3181 2133 recognoscentes

467 2155 574 2202 nos
623 2157 693 2201 ex
741 2136 880 2202 inde
927 2141 1233 2222 obligatos
1282 2140 1541 2204 existere
1588 2140 1666 2202 ad
1705 2157 1792 2216 ea,
1859 2159 1976 2222 que
2023 2142 2308 2221 spectant
2359 2139 2440 2203 ad
2503 2139 3035 2204 conservacionem
3083 2137 3177 2201 sui

467 2225 672 2288 status
719 2227 951 2306 pariter
999 2229 1063 2292 et
1109 2228 1379 2290 honoris
1425 2225 1542 2291 Sed
1592 2244 1731 2290 cum
1783 2227 2136 2292 miserimus
2179 2227 2525 2309 provisores
2560 2229 2802 2291 nostros
2848 2225 2926 2289 ad
2973 2227 3182 2306 partes

464 2312 610 2375 illas
659 2330 765 2394 pro
805 2314 1176 2396 providendo
1225 2332 1407 2396 super
1453 2314 1754 2383 omnibus,
1821 2334 1938 2396 que
2007 2316 2291 2396 spectant
2351 2333 2460 2397 pro
2509 2314 2710 2378 salute
2755 2315 2820 2378 et
2862 2331 3185 2378 conserva-

467 2400 636 2463 cione
685 2399 934 2465 illarum
982 2403 1274 2485 partium,
1325 2402 1666 2467 scribamus
1714 2402 1896 2465 dictis
1961 2403 2183 2466 nostris
2244 2401 2693 2484 provisoribuS,
2757 2400 2917 2482 quod
2964 2400 3038 2464 ad
3089 2418 3184 2464 re-

467 2487 865 2568 quisicionem
916 2490 1109 2572 ipsius
1154 2489 1270 2573 ipsi
1321 2490 1415 2553 vel
1462 2506 1606 2571 pars
1655 2507 1864 2553 eorum
1909 2489 2176 2553 debeant
2222 2509 2354 2554 esse
2401 2490 2478 2553 ad
2526 2487 2991 2553 conferrendum
3041 2506 3182 2552 cum

472 2592 540 2638 eo
587 2593 769 2657 super
816 2576 955 2654 hiis,
1005 2596 1122 2661 que
1167 2577 1342 2643 nobis
1390 2576 1656 2659 scripsit,
1706 2579 1768 2640 et
1814 2576 1990 2656 aliis,
2058 2595 2175 2660 que
2241 2577 2359 2641 sibi
2412 2577 2766 2641 viderentur
2833 2575 2962 2640 fore
3003 2576 3183 2639 utilia

466 2681 574 2744 pro
622 2667 1084 2730 conservacione
1132 2666 1225 2730 sui
1273 2668 1474 2729 status
1522 2666 1586 2729 et
1631 2665 1842 2729 nostri.

680 2750 910 2835 Capta:
959 2753 1375 2835 provisoribus
1433 2753 1643 2817 autem
1691 2752 1920 2816 nostris
1986 2753 2294 2817 scribatur
2355 2755 2427 2817 de
2474 2751 2882 2835 disposicione
2935 2750 3183 2815 comitis

468 2836 753 2921 Gregorii
801 2842 1078 2923 predicti,
1130 2842 1430 2905 mittendo
1478 2841 1565 2905 eis
1609 2840 1849 2922 copiam
1897 2841 2253 2905 licterarum
2303 2859 2594 2917 suarum,
2644 2858 2791 2922 quas
2838 2839 3015 2904 nobis
3062 2838 3185 2902 mi-

469 2926 569 3003 sit,
620 2929 682 2990 et
730 2929 1072 2994 mandando
1121 2929 1242 3003 eiS,
1293 2929 1451 3011 quod
1499 2946 1618 2991 non
1681 2927 2021 2991 disistendo
2086 2928 2409 3011 propterea
2470 2946 2506 2991 a
2554 2927 2823 3010 negociis
2870 2926 3183 3010 principa-

467 3012 650 3090 libus,
700 3034 817 3096 que
864 3018 951 3080 eis
998 3016 1441 3092 commisimus,
1503 3015 1705 3079 silicet
1748 3014 1824 3080 de
1888 3016 2051 3080 facto
2113 3017 2455 3080 castrorum
2519 3014 2875 3094 comitisse,
2941 3015 3182 3097 quando

469 3101 555 3164 eis
603 3102 911 3166 videbitur
958 3106 1203 3186 tempus
1245 3102 1643 3166 accomodum
1678 3106 1743 3168 et
1775 3105 2113 3185 acceptum,
2165 3122 2374 3168 omnes
2421 3102 2609 3166 simul
2646 3102 2746 3167 vel
2777 3120 2919 3184 pars
2953 3120 3182 3178 eorum,

470 3187 631 3251 sicut
676 3189 763 3253 eis
809 3190 1031 3255 melius
1082 3190 1410 3268 videbitur,
1459 3190 1512 3253 si
1552 3210 1660 3272 per
1706 3192 1914 3273 ipsum
1963 3190 2253 3254 comitem
2302 3190 2529 3254 fuerint
2592 3191 2909 3272 requisiti,
2960 3191 3190 3254 vadant

469 3276 544 3338 ad
594 3275 1059 3341 conferrendum
1108 3297 1249 3342 cum
1295 3277 1458 3342 dicto
1504 3277 1749 3355 comite,
1808 3280 1872 3341 et
1918 3277 2175 3342 audiant
2222 3280 2286 3342 et
2332 3278 2581 3343 trabant
2626 3278 2703 3342 ab
2753 3296 2839 3355 ec,
2890 3277 3184 3360 quicquid

474 3364 766 3445 poterunt
812 3366 885 3427 de
946 3366 1288 3429 intencione
1349 3383 1495 3442 sua,
1558 3367 1620 3428 et
1681 3364 1970 3448 quicquid
2032 3365 2362 3430 habuerint
2422 3367 2552 3429 tam
2611 3384 2801 3446 >super
2844 3367 2963 3430 hoc
3005 3384 3187 3447 quam

470 3469 652 3532 super
683 3451 822 3515 aliis
869 3453 1138 3535 negociis
1179 3453 1407 3516 eisdem
1455 3451 1822 3527 commissiS,
1890 3453 2185 3517 velociter
2232 3455 2295 3518 et
2340 3453 2604 3517 sollicite
2668 3453 2844 3517 nobis
2891 3452 3185 3518 scribant.

474 3537 565 3602 De
615 3556 732 3602 non
772 3539 833 3616 Ο,
883 3558 1001 3603 non
1050 3540 1272 3604 sinceri
1318 3540 1378 3617 2,
1427 3539 1534 3604 alii
1581 3539 1656 3604 de
1704 3543 1897 3622 parte.
2533 3566 2551 3580 ·

680 3625 909 3709 Capta:
960 3646 1098 3691 cum
1147 3647 1269 3692 una
1314 3626 1608 3691 banderia
1655 3627 1954 3707 peditum,
2008 3646 2192 3709 quam
2242 3627 2481 3692 dimisit
2527 3647 2624 3692 ser
2656 3628 2960 3709 Mapheus
2987 3627 3188 3712 Aymo

477 3713 539 3777 in
586 3711 914 3794 Scardona,
963 3715 1366 3796 compleverit
1410 3713 1745 3779 terminum
1796 3733 1977 3778 suum
2031 3716 2156 3778 iam
2203 3716 2326 3793 diu,
2377 3717 2466 3779 ita
2513 3715 2692 3799 quod,
2764 3716 2927 3780 sicut
2973 3716 3190 3780 scribit

469 3820 674 3866 comes
721 3805 929 3868 noster
995 3802 1327 3881 Sibinicbi,
1391 3803 1586 3865 restat
1647 3801 1873 3865 habere
1934 3802 2307 3867 solucionem
2368 3802 2523 3867 bene
2583 3802 2775 3867 trium
2841 3803 3183 3868 mensium:

465 3889 642 3953 vadit
684 3908 847 3972 pam,
897 3890 1057 3973 quod
1107 3890 1394 3955 mittatur
1440 3889 1514 3952 de
1559 3889 1702 3953 hinc
1742 3890 1998 3971 pecunia
2046 3908 2153 3971 pro
2203 3889 2510 3955 solucione
2558 3890 2723 3956 dicte
2754 3890 3044 3955 banderie
3078 3909 3185 3973 pro

466 3976 665 4041 tribus
711 3978 1047 4042 mensibus.

523 4068 732 4127 *Misi-i
781 4068 912 4126 XX
921 4068 1065 4127 1⁷11.
1112 4069 1216 4137 24,
1263 4086 1306 4126 u
1352 4067 1569 4126 arkivu
1612 4066 1971 4127 mletadkom.

696 4220 1201 4304 CQJCCXIX.
1269 4221 1475 4305 God.
1530 4218 1754 4304 1355.
1809 4221 1905 4303 13
1958 4221 2415 4324 listopada,
2469 4245 2530 4304 u
2586 4222 2954 4305 Mletcih

470 4331 794 4391 Providuri
838 4349 878 4389 u
911 4331 1238 4404 Dalmaczji
1284 4330 1553 4403 upudujzc
1598 4347 1676 4407 se,
1725 4331 1878 4389 kako
1925 4332 2005 4389 da
2054 4348 2115 4390 se
2141 4332 2448 4405 ponaffqju
2490 4348 2532 4389 u
2580 4331 2891 4405 doyovorih
2939 4348 3011 4390 sa
3053 4332 3191 4391 kne-

463 4421 686 4493 yinj0m
725 4419 971 4477 kliskom
1012 4419 1176 4494 qlede
1206 4419 1434 4477 nabave
1477 4419 1740 4491 njezinih
1787 4419 2062 4503 tvrdjava
2106 4420 2287 4477 Elisa
2333 4421 2356 4477 i
2389 4419 2712 4479 Skradina.
2761 4418 2919 4492 Daje
2949 4435 3010 4478 se
3049 4419 3191 4479 Tro-

608 4508 877 4582 yiranom
923 4523 1000 4565 za
1043 4524 1228 4565 novae
1270 4506 1519 4565 omioni
1564 4506 1724 4576 brod,
1768 4506 1849 4564 da
1892 4523 1954 4566 se
1988 4508 2156 4579 proti
2204 4505 2541 4567 Omis‘anom
2587 4507 2814 4565 braniti
2857 4523 3044 4581 moyn.

682 4608 868 4673 1355.
913 4598 1014 4672 ⁴die
1058 4607 1217 4672 XIII
1261 4609 1552 4674 octubris.
1602 4606 1927 4690 Sapientes
1974 4607 2317 4673 Sclavonie.
2368 4606 2540 4686 Quod
2573 4607 3017 4690 respondeatur
3053 4624 3194 4690 pro-

473 4695 787 4763 risoribus
832 4697 1059 4760 nostris
1107 4695 1513 4761 existentibus
1563 4696 1624 4759 in
1672 4695 1953 4777 partibus
1996 4694 2332 4775 Sclavenie,
2382 4698 2539 4779 qnod
2583 4696 2850 4779 receptis
2897 4697 2961 4760 et
3010 4695 3197 4761 intel-
