3620 5282
3039 346 3171 413 443

845 520 1143 602 ΟΧΙΙΙ.
1201 519 1407 603 (ιἰοᾶ.
1466 520 1688 604 1335.
1740 522 1797 602 4
1849 522 2220 639 ῐῐιινιηει,
2272 545 2332 603 ιι
2386 522 2775 604 Mletcih.

648 646 915 704 Knezovi
958 647 1125 704 krcki
1168 645 1398 718 Dm'am
1442 648 1465 704 i
1509 645 1736 705 Bartul
1760 648 2010 720 stupaju
2040 664 2081 706 u
2112 647 2388 720 vojm'bku
2409 644 2622 707 sluibu
2645 648 2958 710 mletadku.

662 764 848 828 1335.
911 764 1008 829 die
1071 763 1154 829 lV
1199 764 1430 847 aprilis,
1494 767 1717 847 capta:
1800 765 1959 848 quod
2024 766 2330 830 scribatur
2401 767 2731 832 comitibus
2797 769 3032 851 Doymo
3103 769 3169 832 et

456 851 748 916 Bartholo
790 851 865 915 de
915 852 1111 934 Vegla
1157 854 1220 916 et
1264 851 1478 916 comiti
1526 850 1681 916 Arbi
1737 854 1900 918 sicut
1957 853 2057 918 hic
2116 853 2350 917 lectum
2416 856 2527 930 est,
2603 858 2666 919 et
2734 855 2892 936 quod
2963 855 3166 919 dictus

454 957 652 1002 comes
726 939 880 1003 Arbi
950 941 1178 1004 tractet
1238 943 1310 1004 et
1381 941 1571 1022 ponat
1650 939 1885 1005 factum
1966 941 2043 1004 ad
2112 942 2449 1022 punctum,
2556 945 2855 1023 quantum
2944 943 3168 1023 potest,

444 1026 532 1088 ita
593 1026 753 1106 quod
804 1026 1163 1090 adveniente
1225 1026 1493 1107 pecunia,
1564 1025 1745 1102 soldi,
1808 1047 1906 1091 res
1953 1031 2015 1090 et
2081 1027 2387 1092 tractatus
2441 1028 2682 1110 possint
2742 1030 2831 1093 ire
2894 1031 3057 1105 ante,
3111 1030 3175 1093 et
3271 1104 3276 1109 ,

442 1113 684 1193 procedi
731 1112 809 1177 ad
869 1113 1390 1196 complementum
1457 1114 1587 1178 eius
1649 1115 1988 1179 secundum
2057 1114 2214 1178 hanc
2279 1115 2682 1180 intentionem
2739 1121 3033 1191 nostram,
3111 1119 3174 1179 et

444 1202 692 1280 paretur
736 1200 996 1282 pecunia
1043 1199 1387 1274 mittenda;
1436 1203 1500 1265 et
1544 1218 1748 1265 comes
1804 1199 1960 1265 Arbi
2025 1200 2110 1265 sit
2186 1203 2372 1283 caput
2418 1203 2722 1267 exercitus
2788 1221 2917 1284 pro,
2963 1204 3171 1268 nostro

444 1287 773 1363 communi,
824 1290 888 1351 et
931 1306 1073 1352 cum
1120 1305 1189 1351 eo
1251 1287 1440 1352 vadat
1502 1288 1930 1370 personaliter.
1992 1288 2076 1352 Et
2156 1289 2446 1352 mittatur
2535 1308 2656 1354 una
2701 1290 2882 1354 barca
2937 1292 3176 1354 armata

443 1374 558 1437 hac
602 1377 780 1438 nocte
826 1393 969 1438 cnm
1013 1373 1199 1438 dictis
1241 1373 1493 1451 litteris,
1555 1376 1619 1439 et
1688 1373 2087 1439 nihilominus
2148 1375 2247 1439 die
2325 1375 2634 1440 dominica
2697 1378 2972 1459 proxima
3034 1378 3173 1459 post

447 1477 668 1524 nonam
716 1463 966 1526 vocetur
1011 1461 1178 1525 istud
1224 1461 1543 1527 consilium
1591 1479 1699 1543 pro
1746 1462 1931 1527 factis
1993 1460 2306 1544 predictiS,
2377 1463 2455 1526 et
2499 1464 2608 1527 fiet
2654 1463 2820 1528 sicut
2866 1463 3175 1528 videbitur

446 1548 704 1611 melius:
753 1551 816 1611 et
861 1550 960 1612 est
1005 1551 1214 1613 nostra
1244 1549 1525 1624 intentio,
1575 1548 1736 1630 quod
1806 1549 1977 1613 dicta
2035 1567 2185 1633 gens
2250 1549 2335 1612 sit
2382 1568 2419 1613 a
2466 1549 2597 1613 300
2648 1549 2723 1614 od
2771 1550 2905 1614 400
2952 1551 3170 1626 elmoS,

445 1636 607 1699 sicut
655 1635 877 1699 viderit
922 1634 1046 1699 fore
1094 1635 1404 1701 sufficiens
1445 1635 1522 1699 ad
1556 1635 2078 1701 damnificandum
2105 1637 2309 1720 partes
2336 1636 2479 1701 Fori
2505 1637 2683 1702 Julii.
2725 1639 2817 1703 De
2853 1641 3031 1720 parte
3062 1638 3168 1717 52,

445 1720 520 1784 (16
566 1740 684 1785 non
732 1722 839 1800 28,
889 1741 1009 1787 non
1058 1722 1281 1787 sinceri
1338 1724 1437 1787 12.
2033 1760 2036 1765 -

532 1811 718 1871 Liber
761 1813 1126 1888 Royatorum
1158 1830 1278 1887 pro
1319 1814 1502 1886 factis
1558 1813 1772 1875 Ystrie.

832 1998 1112 2082 cxlv.
1170 1962 1371 2084 don.
1431 1941 1647 2084 1335.
1703 2002 1793 2084 17
1847 2002 2225 2103 travnja,
2279 2024 2339 2082 ιι
2392 2001 2777 2084 Mletmh.

1108 2127 1281 2186 Neka
1315 2144 1377 2187 se
1421 2128 1651 2187 izabere
1697 2128 1956 2200 kapetan
1992 2128 2192 2200 vojske
2237 2145 2281 2186 u
2324 2129 2497 2187 Istri.

669 2245 856 2309 1335.
915 2245 1013 2309 die
1085 2246 1272 2309 XVII
1331 2245 1567 2328 apriliS,
1629 2248 1848 2329 capta:
1913 2247 2073 2328 quod
2134 2246 2200 2312 in
2260 2248 2508 2312 nomine
2573 2248 2669 2312 dei
2729 2250 2794 2311 et
2850 2248 3005 2312 bone
3050 2246 3173 2311 for-

450 2333 595 2395 tune
636 2333 748 2397 fiat
789 2334 1148 2414 capitaneus
1193 2333 1498 2414 generalis
1544 2333 1610 2397 in
1648 2334 1927 2416 partibus
1975 2334 2160 2399 Istrie
2207 2336 2273 2399 et
2317 2334 2379 2398 in
2428 2335 2594 2399 omni
2641 2335 2834 2417 parte,
2884 2334 2989 2399 ubi
3039 2334 3173 2416 pla-

449 2421 616 2483 ceret
661 2419 954 2497 dominic,
991 2438 1132 2484 cum
1182 2421 1314 2484 tota
1375 2422 1439 2484 et
1505 2423 1682 2502 parte
1744 2440 1852 2485 sue
1914 2423 2139 2504 gentiS,
2205 2424 2266 2489 et
2313 2424 2395 2487 sit
2441 2442 2551 2505 per
2596 2441 2700 2486 sex
2746 2440 2992 2486 menses
3040 2422 3162 2487 etc.

449 2506 542 2570 De
589 2526 707 2571 non
753 2506 813 2583 4,
862 2508 937 2571 de
982 2507 1070 2570 sic
1122 2507 1262 2581 116,
1311 2525 1430 2571 non
1470 2507 1691 2572 sinceri
1737 2508 1798 2571 5.

539 2596 723 2656 Liber
767 2598 1130 2673 Royatorum
1165 2615 1283 2672 pro
1325 2598 1507 2671 factis
1566 2598 1762 2659 Ystrie
1809 2600 1868 2657 4.

869 2801 1101 2884 CXV.
1158 2803 1359 2887 God·
1418 2803 1635 2888 1335.
1693 2805 1788 2887 27
1843 2804 2219 2904 travilla,
2273 2825 2335 2885 u
2387 2803 2779 2886 Mletclh.

750 2929 883 2987 Βοὴ
912 2946 986 2988 za
1024 2930 1273 3003 rieffeoffe
1307 2930 1556 3003 poszova
1602 2931 1821 2990 ciffum
1862 2947 1923 2990 se
1968 2931 2240 2990 knezova
2283 2930 2490 2988 {orelam
2522 2930 2863 3003 produlia».

667 3046 853 3110 1335.
903 3046 999 3110 die
1048 3047 1129 3110 27
1178 3048 1413 3130 apriliS,
1481 3050 1695 3130 capta:
1766 3048 1920 3131 quod
1971 3048 2295 3124 terminus»,
2351 3048 2458 3131 qui
2507 3048 2772 3113 debebat
2816 3068 2952 3115 esse
2997 3050 3178 3115 hodie

450 3151 559 3212 pro
605 3132 787 3198 factis
833 3134 1132 3199 comitum
1179 3136 1399 3218 Vegle,
1447 3137 1766 3219 elongetur
1812 3155 2003 3218 usque
2050 3136 2124 3199 ad
2173 3135 2337 3200 diem
2392 3136 2617 3200 martis
2650 3137 2995 3218 proximum
3036 3140 3178 3220 post

451 3237 704 3284 nonam.
753 3221 891 3285 Non
940 3223 1165 3286 sinceri
1213 3224 1272 3300 2,
1321 3222 1397 3287 (16
1444 3242 1560 3288 non
1610 3223 1713 3301 22,
1763 3241 1976 3287 omnes
2023 3223 2131 3287 alii
2177 3223 2251 3286 de
2299 3224 2494 3305 parte.

546 3311 732 3370 Liber
775 3311 1140 3386 Royatorum
1174 3330 1291 3386 pro
1333 3313 1515 3385 factis
1569 3314 1629 3372 Y
1621 3316 1765 3372 strie
1810 3316 1868 3383 4,
1913 3331 1957 3372 u
2001 3313 2154 3373 mlet.
2208 3313 2439 3373 arkivu.

834 3514 1119 3597 exvl.
1174 3516 1384 3597 con.
1441 3516 1662 3601 1335.
1719 3519 1820 3599 14
1873 3518 2237 3620 ενιιιιηιι,
2292 3541 2352 3599 ιι
2412 3519 2801 3602 motem.

452 3641 620 3700 Knez
664 3643 871 3701 rabski
900 3643 1054 3701 nelca
1096 3643 1289 3714 sklopi
1322 3643 1597 3716 poyodbu
1641 3661 1671 3701 s
1716 3644 1966 3702 krekimi
2008 3645 2266 3720 knezovi,
2315 3645 2506 3718 kojom
2551 3645 2614 3704 bi
2654 3662 2716 3704 se
2760 3646 2855 3705 ovi
2899 3647 3176 3716 obvezali,

1197 3730 1561 3789 Metcanom
1596 3730 1830 3803 prediti
1873 3732 2149 3804 vojnieku
2184 3732 2409 3806 pomod.

667 3848 831 3911 1335
879 3848 974 3912 die
1028 3850 1107 3912 14
1154 3849 1322 3926 maii,
1398 3854 1618 3932 capta:
1668 3851 1721 3914 si
1767 3850 2017 3915 videtur
2062 3853 2235 3917 vobis
2286 3852 2604 3918 attendere
2634 3853 2712 3917 ad
2741 3850 2909 3917 istud
2939 3852 3174 3917 factum

449 3933 713 3998 istorum
761 3936 1082 4012 comitum,
1130 3936 1203 4000 de
1252 3935 1474 4018 quibus
1521 3936 1774 4020 scripsit
1835 3957 2040 4003 comes
2086 3938 2266 4016 Arbi,
2322 3941 2387 4004 et
2433 3938 2487 4002 si
2532 3939 2805 4021 capietur
2850 3939 2924 4003 de
2970 3941 3176 4004 atten-

449 4018 665 4098 dendo,
718 4021 1026 4086 videbitur
1072 4024 1465 4104 postmodnm
1512 4025 1585 4088 de
1630 4025 1977 4105 quantitate
2023 4027 2088 4090 et
2136 4026 2290 4091 locis
2333 4028 2397 4091 et
2434 4026 2574 4090 aliis
2620 4026 2814 4091 modis
2862 4026 2927 4090 et
2971 4027 3177 4091 condi-

455 4106 744 4184 tionibus,
780 4111 884 4191 qui
935 4110 1306 4175 videbuntur
1346 4111 1506 4175 circa
1547 4111 1677 4176 hec.
1729 4112 2030 4193 Expedite
2077 4114 2286 4178 autem
2318 4113 2436 4180 isto
2471 4114 2649 4191 facto,
2700 4114 2978 4188 veniatur
3009 4117 3174 4196 post-

451 4196 697 4258 modum
746 4197 822 4260 ad
870 4195 1104 4261 factum
1152 4196 1437 4262 Medune.
1486 4199 1581 4263 De
1626 4203 1805 4281 parte
1852 4199 1956 4277 93,
2007 4200 2079 4264 (16
2127 4219 2243 4265 non
2291 4201 2387 4276 11,
2434 4218 2553 4264 non
2585 4201 2804 4265 sinceri
2838 4199 2899 4264 3.

663 4281 886 4364 Capta:
937 4283 1097 4366 quod
1145 4286 1584 4366 respondeatur
1627 4286 1839 4351 comiti
1884 4286 2059 4363 Arbi,
2108 4289 2266 4368 quod
2313 4287 2374 4351 in
2422 4288 2678 4353 nomine
2727 4286 2957 4352 domini
3005 4306 3174 4353 com-

450 4367 623 4449 pleat
666 4373 1054 4435 contractum
1100 4389 1239 4436 cum
1290 4371 1622 4437 comitibus
1661 4373 1899 4456 Doymo
1960 4377 2024 4437 et
2088 4375 2388 4440 Bartholo
2436 4374 2734 4440 fratribus
2781 4377 2846 4440 et
2892 4393 3031 4440 cum
3075 4394 3177 4440 co-

452 4455 604 4519 mite
651 4456 966 4522 Hermano
1027 4459 1101 4522 de
1172 4458 1589 4543 Ortemburgh
1639 4477 1780 4524 cum
1841 4462 2025 4543 gente
2089 4464 2154 4525 et
2214 4461 2409 4544 equis,
2471 4480 2622 4544 qnos
2680 4460 2966 4545 scripsit;
3016 4464 3080 4527 et
3123 4463 3178 4528 si

452 4560 658 4607 comes
701 4544 961 4609 Doimus
1008 4564 1127 4611 non
1172 4549 1378 4627 posset
1440 4547 1669 4624 venire,
1730 4548 1999 4631 accipiat
2061 4548 2202 4612 illos
2269 4548 2528 4632 equite8‚
2602 4567 2752 4631 quos
2815 4548 3046 4615 obtulit
3111 4549 3174 4614 in

450 4628 558 4693 illo
603 4648 769 4708 casu,
817 4630 1117 4696 firmando
1157 4632 1233 4698 de
1266 4634 1612 4716 quantitate
1660 4634 1971 4698 soldorum
2033 4634 2195 4700 sicut
2237 4635 2474 4700 habent
2519 4634 2625 4701 alii
2672 4635 2908 4719 equites
2954 4635 3170 4713 nostri,

450 4715 551 4781 vel
595 4718 647 4781 si
697 4736 815 4782 non
856 4721 1071 4801 posset
1100 4738 1212 4802 pro
1259 4738 1329 4785 eo
1360 4720 1553 4800 soldo‚
1599 4720 1807 4787 firmet
1856 4739 2042 4804 qnam
2089 4722 2311 4787 melius
2348 4722 2580 4805 poterit
2613 4741 2721 4805 pro
2751 4722 2940 4801 soldo,
2989 4740 3172 4805 quem

738 5049 773 5064 b-
