3620 5282
498 355 624 420 118

714 533 827 601 Ser
872 534 1119 601 Marcus
1165 534 1418 600 Faletro
1465 534 1709 618 sapiens
1768 533 1907 601 vult
1967 534 2210 616 partem
2280 534 2694 615 supradictam
2743 552 2934 616 usque
2965 532 3027 614 †,
3078 552 3219 599 cum

497 618 615 684 hac
661 621 1118 687 additionezet
1161 624 1487 706 propterea
1530 622 1890 693 affectantes
1937 640 2087 703 puro
2132 622 2349 699 corde,
2398 624 2470 685 ut
2515 622 2872 703 antiquatas
2935 640 3110 686 amor
3154 626 3217 685 et

497 706 912 774 benivolentia
959 710 1248 793 specialis
1294 711 1455 774 inter
1500 710 1777 775 illustres
1831 711 2292 793 predecessores
2355 711 2592 773 vestros
2656 710 2721 773 et
2782 712 3062 772 nostrum
3111 709 3219 773 do-

496 793 781 875 minium,
830 797 1073 863 favente
1122 796 1381 872 domino,
1426 801 1818 862 conservetur
1874 798 1937 862 in
1984 797 2248 875 bonum,
2315 797 2380 859 et
2422 795 2484 859 in
2550 797 2772 860 melius
2834 798 3221 879 peracrescat

496 880 658 947 inter
703 886 932 967 partes,
982 885 1388 963 declaramus,
1438 885 1600 967 quod
1649 884 1701 948 si
1748 883 2069 948 serenitati
2114 886 2316 949 vestre
2378 883 2654 966 placeret
2718 882 2796 947 ad
2844 884 3216 965 presentiam

494 972 772 1035 nostram
820 990 962 1036 suos
1008 973 1435 1037 ambaxatores
1469 971 1798 1049 destinare,
1847 972 2007 1049 illos,
2048 972 2325 1053 gratanti
2369 970 2575 1035 animo
2599 971 3018 1035 amicabiliter
3064 971 3218 1036 reci-

496 1057 754 1140 pienteS,
808 1059 1298 1142 intelligeremus
1342 1078 1452 1142 pro
1499 1077 1610 1123 suo
1660 1077 1873 1135 onore;
1940 1062 2004 1124 et
2045 1059 2098 1123 si
2145 1059 2436 1142 placeret,
2485 1058 2647 1140 quod
2707 1060 2950 1123 nostros
2998 1059 3212 1122 mitte-

497 1163 723 1224 remuS,
765 1147 829 1210 in
874 1148 989 1212 hoc
1033 1165 1309 1211 essemus
1353 1148 1417 1211 et
1462 1166 1674 1211 sumus
1721 1146 1945 1230 parati,
2012 1146 2174 1211 sicut
2238 1146 2522 1210 duximus
2585 1145 3080 1223 rescribendum,
3129 1145 3222 1210 di-

498 1233 716 1315 spositi
763 1232 841 1297 ad
889 1254 1077 1298 unum
1124 1234 1404 1317 quodque
1450 1237 1733 1317 spectans
1777 1234 1853 1298 ad
1901 1234 2130 1298 amoris
2177 1235 2243 1298 et
2286 1232 2698 1298 benivolentie
2737 1235 2962 1299 bonum
2995 1232 3216 1309 finem3

499 1338 683 1401 super
727 1321 949 1402 quibus
996 1339 1172 1385 suam
1218 1322 1684 1404 expectabimus
1730 1322 2172 1405 responsivam,
2222 1324 2286 1386 et
2331 1322 2394 1385 in
2442 1321 2554 1384 hoc
2597 1320 2885 1403 dignetur
2949 1321 3217 1385 scribere

498 1406 655 1472 velle
701 1426 903 1473 suum.
948 1407 1012 1474 4.

713 1494 826 1560 Ser
870 1496 1093 1561 Petrus
1139 1495 1503 1573 Gradonico,
1552 1515 1650 1561 ser
1701 1496 1988 1562 Stefanus
2036 1497 2330 1579 Belegn0.
2377 1495 2722 1561 Intellectis
2753 1496 2982 1561 litteris
3015 1495 3223 1560 missis

504 1580 710 1646 ducali
755 1581 1028 1648 dominio
1074 1603 1183 1666 per
1230 1584 1548 1650 dominum
1598 1603 1805 1667 regem
1851 1585 2207 1667 Hungaric,
2270 1583 2726 1649 continentibus
2790 1585 2951 1647 inter
2996 1586 3220 1661 cetera,

504 1670 663 1752 quod
711 1688 872 1735 nunc
920 1672 1165 1753 tempus
1211 1672 1408 1736 instat
1454 1673 1596 1736 hinc
1643 1672 1784 1736 inde
1831 1672 2220 1736 ambaxatam
2257 1690 2367 1754 pro
2399 1690 2546 1754 pace
2577 1670 2883 1735 firmanda
2929 1673 3223 1753 perpetue

504 1757 797 1839 delegari,
849 1759 914 1822 et
957 1759 1101 1841 quia
1149 1760 1211 1823 in
1258 1759 1408 1841 ipsis
1458 1759 1687 1824 litteris
1734 1761 2050 1843 regalibus
2096 1759 2362 1841 quodam
2406 1759 2654 1824 confuse
2696 1758 2959 1841 legitur,
3007 1761 3218 1822 utrum

497 1843 634 1927 ipsa
679 1845 1011 1910 ambaxata
1055 1846 1199 1911 hinc
1247 1847 1469 1911 debeat
1513 1845 1810 1912 destinari
1860 1847 1954 1912 vel
1999 1846 2193 1923 deinc,
2229 1844 2456 1911 ‘tamen
2503 1845 2648 1928 quia
2695 1845 3031 1910 secundum
3078 1864 3224 1910 con-

497 1932 832 1996 tinenciam
880 1933 1232 1998 litterarum
1278 1935 1472 2016 ipsius
1519 1934 1658 1999 bani
1695 1934 2016 1999 Sclavonie
2064 1934 2139 1998 ad
2187 1935 2387 2017 ipsam
2419 1933 2810 1998 ambaxatam
2845 1933 3044 2016 primo
3076 1933 3217 1997 hinc

497 2018 926 2084 destinandam
991 2023 1430 2103 promovimur,
1480 2025 1543 2086 et
1606 2023 1801 2086 eciam
1847 2024 2058 2087 habito
2106 2026 2393 2105 respectu
2440 2021 2517 2085 ad
2564 2039 2738 2085 suam
2790 2020 3221 2085 excellentiam

504 2108 569 2171 et
612 2125 722 2189 pro
760 2106 1072 2172 favoribus
1120 2112 1467 2174 nostrorum
1515 2110 1903 2192 negociorum
1950 2113 2014 2174 et
2062 2111 2218 2174 bono
2253 2110 2444 2192 ipsius
2475 2108 2799 2186 concordii,
2849 2108 2934 2172 sit
2977 2108 3224 2190 dignius

501 2196 566 2260 et
611 2194 955 2273 decencius,
1004 2196 1203 2278 ipsam
1253 2197 1647 2261 ambaxatam
1703 2197 1846 2260 hinc
1909 2196 2252 2273 destinare,
2317 2196 2679 2272 consulunt,
2751 2197 2908 2278 quod
2957 2196 3020 2260 in
3066 2196 3228 2259 bona

498 2283 706 2367 gratia
750 2282 1190 2365 respondeatur
1236 2283 1356 2366 ipsi
1404 2286 1553 2366 regi,
1603 2284 1760 2366 quod
1807 2284 2053 2348 litteras
2102 2285 2447 2349 maiestatis
2495 2303 2602 2349 sue
2634 2302 2827 2366 nuper
2858 2283 3222 2366 recepimus,

503 2388 620 2452 que
667 2370 894 2434 nostris
941 2371 1223 2435 sensibus
1270 2374 1445 2453 grate
1494 2372 1831 2453 plurimum
1879 2373 2276 2447 advenerunt,
2326 2372 2404 2436 ad
2451 2390 2713 2453 quarum
2745 2371 3100 2454 significata
3132 2390 3231 2435 re-

503 2457 894 2539 spondemuS,
944 2459 1099 2539 quod
1146 2462 1532 2522 recensentes
1564 2458 1624 2521 in
1651 2457 1857 2522 animo
1892 2458 2202 2541 longevim
2235 2459 2588 2522 dilectionis
2635 2462 2699 2523 et
2743 2458 3023 2523 amicicie
3061 2458 3231 2540 puri—

505 2546 724 2623 tatem,
773 2564 889 2627 que
943 2545 1140 2627 xiguit
1183 2547 1433 2610 actenus
1474 2546 1638 2609 inter
1680 2546 2105 2628 progenitores
2148 2564 2290 2608 suos
2339 2546 2403 2609 et
2452 2549 2691 2610 nostros
2725 2564 3131 2627 precessoreS,
3166 2545 3232 2609 et

500 2631 675 2717 viget
721 2651 904 2709 nunc,
954 2634 1020 2698 et
1065 2633 1303 2717 vigebit
1347 2634 1408 2698 in
1452 2634 1769 2717 posterum
1820 2633 1981 2698 inter
2023 2651 2201 2697 suam
2250 2632 2641 2697 maiestatem
2689 2637 2752 2700 et
2799 2634 3077 2698 nostrum
3123 2633 3231 2696 do-

500 2721 765 2785 minium
813 2721 995 2786 velud
1045 2724 1257 2786 mutue
1305 2722 1383 2786 ab
1431 2721 1583 2803 ipsis
1607 2721 2063 2804 precessoribus
2091 2724 2539 2803 propagantam
2586 2722 2666 2784 ad
2722 2722 2887 2803 ipsas
2934 2722 3231 2803 treuguas

500 2808 579 2873 ad
625 2809 742 2873 hoc
788 2827 852 2872 se
900 2809 1316 2890 promovimus
1353 2809 1826 2886 confirmandaS,
1875 2812 1946 2873 ut
1977 2808 2150 2891 quasi
2181 2808 2609 2889 preambulum
2655 2808 2733 2872 ad
2782 2826 2996 2889 pacem
3022 2826 3228 2873 veram

501 2915 608 2977 per
654 2898 897 2979 partem
946 2893 1315 2961 alterutram
1360 2898 1572 2978 posset
1616 2896 1859 2961 facilius
1907 2896 2222 2961 declinari.
2286 2897 2365 2960 Et
2413 2898 2743 2978 propterea
2788 2898 3227 2979 cognoscentes

504 2982 570 3046 in
617 2982 849 3047 eisdem
898 2983 1027 3047 suis
1073 2983 1304 3049 litteris
1351 2986 1643 3049 contenta
1690 2983 2016 3065 procedere
2064 3002 2101 3047 a
2148 3002 2289 3048 vero
2323 2983 2539 3065 stipite
2586 2983 2888 3060 caritatis,
2933 2985 3009 3047 ad
3034 2983 3232 3066 ipsam

501 3088 719 3153 pacem
768 3071 1133 3135 firmandam
1183 3075 1480 3154 perpetuo
1528 3072 1743 3135 anxius
1789 3090 2187 3148 revocamur,
2234 3071 2510 3136 volentes
2572 3072 2887 3136 maiestati
2948 3090 3055 3135 sue
3102 3089 3234 3134 esse

502 3158 831 3233 notorium,
881 3158 1039 3240 quod
1084 3161 1291 3223 nostre
1332 3159 1701 3224 intencionis
1749 3163 1845 3224 est
1892 3160 1969 3222 ad
2020 3178 2194 3223 suam
2246 3158 2674 3223 excellentiam
2699 3158 3092 3223 ambaxatam
3123 3174 3233 3219 no-

502 3246 697 3310 stram
748 3243 1061 3328 solepnem
1114 3247 1478 3328 quantocius
1525 3247 1833 3328 delegare,
1885 3248 2156 3311 tractare
2204 3246 2346 3311 hinc
2393 3246 2552 3322 inde,
2599 3265 2713 3326 que
2745 3244 3098 3309 incumbere
3124 3260 3233 3306 no-

504 3332 666 3397 verit
710 3333 1061 3396 maiestatis
1104 3352 1210 3397 sue
1259 3335 1671 3410 incremento,
1727 3334 1947 3398 honori
2010 3335 2222 3399 nostro
2285 3337 2349 3398 et
2393 3334 2572 3410 bono,
2622 3351 2764 3397 cum
2810 3331 2932 3396 hiis
2981 3333 3045 3394 et
3090 3329 3229 3394 aliis

503 3419 707 3485 verbis
751 3420 1111 3485 decentibus
1140 3423 1223 3486 <et
1267 3420 1591 3498 modestis,
1642 3440 1757 3503 que
1807 3421 2179 3486 videbuntur
2226 3421 2490 3499 domino,
2539 3419 2908 3484 consiliariis
2955 3420 3018 3481 et
3063 3418 3231 3498 capi-

503 3507 671 3572 tibus
719 3507 1061 3590 superinde,
1113 3512 1177 3573 et
1221 3512 1436 3591 postea
1482 3527 1665 3591 super
1714 3510 1963 3573 modum
2002 3509 2329 3574 ambaxate
2363 3507 2798 3591 providebitur,
2848 3507 3011 3571 sicut
3043 3505 3230 3570 fuerit

495 3596 931 3678 opportunum.

717 3683 799 3747 Et
845 3684 1153 3748 scribatur
1195 3681 1444 3748 domino
1496 3684 1655 3748 bano
1694 3682 2018 3749 Sclavonie
2057 3683 2120 3748 in
2167 3683 2278 3747 illa
2323 3685 2540 3761 forma,
2591 3701 2710 3765 que
2757 3681 3088 3757 videbitur,
3137 3700 3235 3745 re-

501 3770 828 3855 gratiando
876 3772 932 3834 ei
978 3770 1054 3835 de
1100 3790 1212 3836 sua
1258 3771 1725 3854 interpositione
1772 3772 2092 3842 benivola..
2118 3790 2303 3853 quam
2365 3772 2587 3835 asserit
2648 3789 2712 3834 se
2775 3769 3082 3835 facturum
3108 3817 3122 3844 ,
3172 3771 3237 3831 et

501 3858 662 3941 quod
709 3860 984 3924 nostram
1032 3858 1428 3923 ambaxatam
1478 3858 1727 3923 mittere
1776 3859 2151 3923 intendimus
2216 3859 2291 3924 ad
2350 3859 2555 3941 ipsum
2619 3857 2937 3922 dominum
3005 3874 3236 3939 regem,

501 3965 619 4028 que
665 3964 804 4009 cum
855 3946 987 4028 ipso
1036 3947 1195 4011 bano
1240 3946 1440 4028 primo
1471 3946 1694 4010 debeat
1738 3965 1802 4010 se
1850 3946 2172 4030 conferre,
2197 3949 2268 4010 ut
2301 3966 2365 4011 se
2399 3965 2540 4011 cum
2584 3947 2716 4029 ipso
2749 3944 3041 4009 informet
3077 3943 3239 4007 circa

502 4034 754 4099 modum
802 4032 997 4116 ipsius
1059 4034 1229 4116 pacis
1291 4034 1751 4116 prosecutivum
1817 4036 1933 4098 etc.
1982 4052 2121 4097 cum
2184 4033 2304 4098 hiis
2351 4035 2415 4098 et
2459 4033 2600 4098 aliis
2663 4033 2866 4098 verbis
2914 4048 3231 4096 neccessa—

500 4121 610 4185 riis
655 4120 1003 4201 superinde.

719 4207 801 4271 Et
846 4207 1136 4273 similiter
1184 4207 1489 4273 scribatur
1537 4208 1665 4273 illis
1690 4208 1765 4273 de
1790 4208 1980 4273 Bebis
2027 4226 2204 4273 suam
2230 4191 2713 4273 sollicitudinem
2741 4206 3239 4284 commendando,

505 4295 571 4360 et
614 4293 778 4378 quod
826 4295 993 4359 circa
1036 4296 1462 4378 contingencia
1508 4295 1636 4360 sint
1682 4295 1935 4360 solliciti
1983 4295 2158 4360 nobis
2205 4295 2471 4361 scribere
2513 4297 2761 4360 seriose.
2810 4295 2871 4360 2.

725 4379 836 4446 Ser
881 4381 1197 4448 ‚Iohannes
1246 4383 1517 4449 Sanuto:
1563 4403 1703 4448 cum
1733 4384 2048 4448 consulere
2096 4402 2279 4465 super
2311 4384 2410 4448 his
2448 4383 2678 4447 litteris
2725 4382 2890 4466 regis
2915 4380 3237 4464 Hungaric

509 4468 600 4532 sit
645 4468 903 4533 dubium
951 4472 1014 4534 et
1060 4470 1410 4548 obscurum,
1454 4471 1671 4535 habito
1719 4473 2003 4553 respectu
2048 4470 2111 4534 in
2158 4489 2401 4535 omnem
2430 4474 2694 4553 partem,
2741 4470 3029 4544 consulit,
3079 4466 3239 4550 quod

504 4555 812 4621 scribatur
855 4556 990 4639 regi
1038 4557 1356 4641 Hungarie
1400 4558 1461 4622 in
1510 4558 1708 4622 forma
1753 4558 2188 4658 interscripta:

715 4641 1114 4709 Serrenitatis
1160 4645 1366 4710 vestre
1408 4645 1655 4710 litteras
1703 4666 1897 4730 nuper
1946 4645 2289 4727 recepimus
2337 4645 2724 4722 letamenter,
2793 4661 3052 4727 quarum
3096 4660 3238 4705 sen-

504 4730 708 4798 tentia
752 4730 1121 4814 diligencius
1168 4733 1592 4815 preconcepta,
1642 4732 2033 4816 presentibus
2058 4733 2519 4816 respondemus,
2563 4732 2726 4818 quod
2759 4732 2837 4797 ad
2869 4728 3230 4795 memoriam
