3620 5282
483 342 618 412 300

488 520 856 588 mandamus
909 522 1102 601 vobis,
1149 523 1310 607 quod
1355 521 1683 589 informare
1728 531 1790 589 et
1835 523 2179 590 examinare
2223 525 2498 590 debeatis
2544 524 2737 590 situm
2784 524 2938 590 dicti
2985 524 3098 590 loci
3134 525 3204 589 et

487 611 717 688 modoS,
765 610 872 694 qui
935 612 1142 677 essent
1209 611 1537 677 necessarii
1598 613 1792 677 teneri
1877 630 1982 696 pro
2060 613 2406 678 rehabendo
2467 612 2703 678 dictam
2767 614 2990 680 turrim
3062 631 3206 677 cum

486 698 806 764 voluntate
853 698 1019 766 dicte
1064 699 1329 777 domine,
1377 703 1449 765 ut
1494 702 1555 764 in
1604 704 1804 765 vestra
1852 701 2194 766 reversione
2252 701 2449 785 possit
2509 701 2839 786 provideri,
2887 702 2997 766 aut
3051 701 3209 765 scri-

484 786 650 852 batis
698 787 875 852 nobis
920 789 1063 853 ante
1108 789 1374 854 reditum
1425 795 1696 853 vestrum
1745 789 1958 867 etiam,
2006 791 2056 854 si
2106 790 2277 854 vobis
2325 789 2479 855 utile
2511 788 2824 855 videretur
2854 790 2918 854 et
2949 791 3201 855 bonum.

699 875 987 940 Ceterum
1032 876 1178 959 quia
1217 876 1598 942 Turchorum
1647 879 1913 943 confines
1961 881 2109 942 sunt
2141 878 2465 961 propinqui
2512 877 2820 942 territorio
2885 876 3209 956 Durachii,

485 966 549 1028 et
595 963 965 1029 multociens
1011 964 1486 1031 damnificantur
1531 984 1637 1046 per
1682 967 1847 1049 ipsos
1908 965 2202 1043 Turchos,
2268 966 2717 1031 committimus
2776 966 2976 1044 vobis,
3043 965 3207 1049 qnod

486 1052 769 1117 debeatis
816 1050 1146 1118 informare
1196 1072 1321 1130 vos,
1371 1052 1422 1118 si
1475 1055 1775 1120 mittendo
1823 1055 1893 1119 ad
1974 1055 2215 1137 aliquos
2276 1073 2344 1119 ex
2418 1053 2679 1119 Turchis
2749 1052 3208 1119 circumstanti·

488 1141 601 1205 bus
675 1142 889 1223 posset
954 1142 1211 1206 tractari
1279 1142 1429 1206 tatis
1501 1141 1949 1219 benivolentia,
2020 1142 2179 1225 quod
2255 1142 2644 1207 territorium
2717 1140 3009 1207 Durachii
3079 1159 3206 1206 non

486 1229 1024 1298 damnificaretur:
1072 1234 1135 1295 et
1182 1227 1234 1293 si
1284 1229 1398 1296 hoc
1444 1232 1626 1306 esset,
1676 1229 1952 1296 debeatis
2015 1229 2257 1313 quando
2317 1231 2488 1295 vobis
2549 1236 2794 1314 tempus
2854 1234 2918 1294 et
2985 1230 3208 1294 modus

484 1316 820 1395 videretur,
870 1335 945 1382 ne
992 1318 1082 1381 ita
1129 1319 1251 1382 cito
1298 1318 1679 1395 ostendatur,
1725 1320 1886 1402 quod
1928 1318 2284 1384 dubitemus
2330 1318 2403 1382 de
2445 1319 2597 1401 ipsis
2629 1317 2913 1397 Turchis,
2954 1318 3209 1384 mittere

485 1422 811 1488 personam
856 1393 1270 1470 sufficientem
1316 1410 1390 1472 ad
1438 1405 1637 1472 dictos
1685 1407 1985 1484 TurchOS,
2031 1405 2193 1491 quod
2233 1424 2372 1471 cum
2422 1406 2901 1472 salutationibus
2931 1408 2996 1471 et
3025 1405 3202 1471 obla-

487 1493 761 1558 tionibus
808 1509 882 1557 ac
928 1494 1131 1558 verbis
1177 1493 1569 1578 generalibus
1630 1495 1858 1560 amoris
1910 1498 1973 1560 et
2028 1495 2438 1560 benivolentie
2499 1494 2755 1560 inducat
2814 1512 2918 1559 eos
2971 1494 3048 1560 ad
3109 1494 3207 1559 vi-

486 1582 750 1646 vendum
796 1581 1049 1665 pacifice
1098 1584 1162 1647 et
1192 1582 1605 1648 amicabiliter
1651 1602 1792 1649 cum
1859 1582 2145 1648 fidelibus
2212 1583 2435 1648 nostris
2505 1584 2741 1661 deinde,
2810 1581 3067 1649 dicendo
3125 1581 3208 1648 de

486 1669 878 1756 perventione
925 1669 1180 1735 dominii
1226 1670 1499 1736 civitatis
1547 1671 1845 1738 Durachii
1890 1671 1969 1736 ad
2017 1690 2233 1736 manus
2278 1674 2520 1736 nostras
2565 1690 2677 1755 per
2752 1670 3205 1736 ordinationem

488 1760 553 1822 et
597 1757 977 1823 voluntatem
1041 1761 1444 1840 spontaneam
1506 1759 1813 1842 quondam
1878 1760 2109 1824 domiui
2165 1759 2317 1825 dicti
2371 1760 2512 1835 loci,
2575 1760 2918 1826 reducendo
2981 1758 3070 1824 eis
3122 1758 3207 1823 ad

488 1845 852 1910 memoriam
899 1864 1194 1929 magnum
1243 1865 1516 1913 amorem
1561 1850 1624 1913 et
1664 1867 1875 1931 pacem
1924 1847 2233 1931 vigentem
2282 1849 2445 1913 inter
2489 1847 2823 1934 Baysitum
2883 1847 3208 1913 dominum

489 1952 703 1999 eorum
753 1935 819 1999 et
863 1940 1140 2000 nostrum
1188 1936 1549 2014 dominium,
1591 1938 1655 2002 et
1701 1937 2002 2002 hortando
2048 1955 2171 2015 eoS,
2220 1935 2380 2019 quod
2425 1937 2679 2002 teneant
2723 1935 3000 2013 modum,
3043 1937 3210 2018 quod

487 2022 715 2088 itinera
759 2022 1015 2087 illarum
1063 2023 1332 2104 partium
1380 2025 1552 2089 stent
1595 2029 1659 2089 et
1703 2025 1832 2090 sint
1895 2043 2129 2102 secura,
2194 2028 2264 2090 ut
2309 2025 2646 2090 mercantie
2715 2026 2781 2088 et
2834 2027 3208 2089 mercatores

492 2111 737 2194 possint
782 2112 917 2175 tute
964 2111 1247 2189 transire,
1294 2113 1436 2196 quia
1482 2114 1536 2176 si
1582 2114 1697 2178 hoc
1744 2114 1881 2191 erit,
1930 2114 2006 2177 ad
2054 2113 2288 2178 dictum
2335 2113 2539 2178 locum
2581 2116 2862 2178 nostrum
2897 2112 3200 2178 Duracbii

489 2198 551 2264 iu
627 2199 798 2263 brevi
872 2203 1146 2282 tempore
1240 2219 1306 2265 se
1367 2201 1659 2266 reducent
1747 2206 2120 2268 mercatores
2180 2205 2244 2265 et
2302 2202 2700 2266 mercimonia
2791 2200 3015 2278 multa,
3078 2218 3200 2284 que

489 2293 673 2353 eruut
746 2304 950 2366 causa,
1027 2289 1186 2370 quod
1261 2289 1547 2354 dominus
1622 2309 1772 2354 suus
1849 2289 2070 2372 stipsi
2116 2291 2403 2373 poterunt
2463 2290 2689 2354 habere
2720 2306 2977 2372 magnos
3012 2289 3208 2354 intro-

489 2390 637 2461 ytus
684 2393 936 2441 suorum
984 2375 1282 2455 locorum,
1309 2378 1411 2461 qui
1463 2379 1656 2444 etiam
1701 2378 2096 2443 efficerentur
2143 2378 2430 2443 meliores
2476 2378 2644 2443 dicta
2687 2376 2764 2441 de
2808 2395 3010 2456 causa,
3059 2395 3209 2441 cum

490 2464 589 2530 his
632 2467 697 2529 et
741 2463 883 2529 aliis
929 2463 1154 2543 verbis,
1204 2483 1321 2547 que
1368 2466 1542 2531 vobis
1583 2467 1954 2532 videbuntur
1999 2483 2104 2548 pro
2151 2466 2307 2530 bono
2351 2465 2519 2530 facti.
2570 2466 2802 2531 Verum
2870 2464 2925 2529 si
2972 2464 3214 2530 circha-

489 2553 674 2617 vicini
740 2552 971 2617 Turchi
1014 2571 1134 2617 nou
1178 2552 1479 2620 haberent
1531 2554 1886 2620 libertatem
1943 2572 2126 2637 super
2189 2553 2505 2638 predictis„
2572 2556 2662 2619 ita
2729 2552 2892 2637 quod
2959 2571 3214 2619 necesse

491 2639 651 2707 foret
694 2640 943 2706 mittere
990 2643 1065 2707 ad
1102 2641 1483 2709 Munuchum
1551 2641 1647 2707 vel
1693 2643 1889 2708 alium
1935 2661 2237 2728 magnum
2282 2641 2598 2709 Turchum
2636 2641 2893 2708 volendo
2926 2641 3213 2709 obtinere

491 2729 782 2813 predicta,
864 2729 1146 2796 babeatis
1226 2729 1583 2798 libertatem
1668 2731 1957 2797 mittendi
2042 2750 2150 2814 pro
2227 2735 2299 2796 ut
2389 2731 2561 2797 vobis
2652 2730 2962 2797 videbitur
3041 2731 3215 2796 dicta

490 2819 566 2884 de
641 2836 845 2885 causa.

702 2907 859 2971 Item
904 2924 1044 2971 cum
1088 2908 1243 2973 utile
1289 2908 1375 2973 sit
1414 2908 1606 2973 immo
1652 2907 2076 2974 necessarium
2122 2926 2226 2988 pro
2269 2908 2534 2973 tenendo
2579 2911 2827 2992 apertas
2858 2910 2923 2971 et
2956 2925 3212 2974 securas

490 2996 725 3061 stratas
770 2996 1128 3075 mercantie,
1183 3016 1291 3080 per
1336 3014 1490 3080 quas
1536 2996 1665 3062 itur
1711 2999 1776 3061 et
1821 2996 2152 3061 revertitur
2196 2998 2270 3061 de
2317 2996 2626 3061 Durachio
2672 2996 2737 3060 in
2793 2995 3209 3069 sclavoniam,

490 3086 556 3148 et
599 3102 632 3148 e
671 3100 985 3163 converso,
1034 3086 1098 3148 et
1144 3103 1253 3169 pro
1301 3084 1459 3150 bono
1525 3087 1936 3151 mercatorum
1996 3084 2495 3149 conversantium
2558 3086 2624 3149 in
2669 3083 2856 3150 dictis
2902 3084 3208 3165 partibus,

492 3170 841 3255 intelligere
887 3190 955 3237 se
999 3173 1064 3237 et
1109 3175 1361 3256 captare
1407 3173 1889 3239 benivolentiam
1959 3191 2097 3238 cum
2160 3172 2407 3238 domiuo
2451 3171 2693 3237 Vulcho
2752 3175 2817 3236 et
2871 3170 3033 3249 aliis,
3097 3191 3210 3256 per

492 3277 754 3344 quorum
798 3278 1015 3342 passus
1061 3262 1127 3326 et
1170 3261 1234 3325 in
1301 3280 1559 3346 quorum
1629 3262 1818 3326 terris
1884 3261 2078 3326 ficunt
2123 3261 2457 3327 mercantie
2519 3263 2583 3326 et
2650 3260 2976 3336 transitus,
3025 3278 3210 3325 man-

492 3349 709 3414 damus
756 3348 952 3426 vobis,
1000 3350 1305 3432 quatenus
1349 3349 1594 3432 quando
1641 3351 1891 3433 tempus
1936 3352 2000 3413 et
2045 3350 2265 3414 modus
2327 3347 2637 3414 videbitur
2698 3349 2875 3415 vobis
2920 3348 3207 3414 debeatis

493 3454 818 3517 procurare
865 3454 1004 3501 cum
1054 3437 1256 3502 verbis
1303 3436 1755 3514 amicabilibus,
1803 3439 1855 3503 si
1902 3437 2197 3521 possibile
2229 3438 2364 3513 erit,
2397 3436 2558 3520 quod
2611 3440 2977 3502 mercatores
3009 3437 3211 3502 nostri

493 3527 813 3598 eteorum
860 3526 1193 3592 mercantie
1238 3526 1432 3590 eundo
1479 3527 1545 3590 et
1585 3525 1889 3591 redeundo
1932 3526 2187 3591 emendo
2254 3528 2319 3590 et
2363 3524 2677 3590 vendendo
2739 3526 2869 3590 sint
2918 3524 3097 3589 liberi
3143 3529 3213 3589 et

494 3611 753 3689 franchi,
799 3612 870 3677 ut
913 3611 1140 3678 dicitur
1185 3632 1322 3678 esse
1364 3619 1728 3679 consuetum
1798 3616 1862 3679 in
1925 3614 2053 3680 illis
2113 3614 2415 3697 partibuS,
2485 3617 2551 3679 et
2607 3616 2790 3697 quod,
2860 3615 2914 3678 si
2960 3612 3210 3696 aliquod

495 3699 935 3784 depretiaretur
1002 3704 1111 3765 aut
1178 3701 1463 3768 indebete
1508 3703 1888 3784 acciperetur
1948 3703 2010 3766 iu
2081 3702 2297 3768 stratis
2355 3702 2466 3766 aut
2528 3702 2589 3767 in
2649 3701 2860 3784 aliquo
2923 3719 2997 3766 ex
3054 3701 3212 3766 locis

494 3789 887 3855 dominorum
932 3789 1259 3870 dictorum,
1305 3792 1467 3874 quod
1512 3790 1798 3856 dominus
1845 3789 2015 3855 illius
2063 3789 2182 3855 loci
2229 3794 2509 3856 teneatur
2574 3791 2652 3855 ad
2723 3788 3216 3856 satisfactionem

495 3880 562 3942 et
607 3876 947 3943 satisfatiat
989 3876 1399 3962 integraliter,
1444 3880 1542 3944 sin
1583 3879 1790 3944 autem
1839 3879 2117 3962 predicta
2181 3879 2246 3943 in
2299 3882 2502 3943 totum
2573 3878 2852 3943 obtinere
2897 3876 3208 3962 poteritis,

497 3965 838 4049 procuretis
885 3966 1163 4032 obtinere
1209 3970 1274 4032 et
1317 3968 1543 4033 habere
1586 3967 1797 4033 omnia
1868 3966 1980 4032 illa
2047 3969 2230 4050 pacta
2274 3969 2339 4031 et
2369 3966 2802 4031 conventiones
2851 3985 2992 4032 cum
3023 3965 3211 4031 dictis

496 4054 783 4129 dominis,
826 4072 945 4136 que
989 4056 1270 4137 poteritis
1317 4056 1573 4121 meliora
1616 4055 1679 4121 in
1721 4055 2116 4138 avautagium
2166 4059 2521 4120 nostrorum
2554 4058 2991 4130 mercatorum,
3016 4054 3216 4120 susci—

499 4141 718 4227 piendo
765 4141 1270 4210 informationem
1314 4143 1391 4208 de
1436 4143 1981 4209 consuetudinibus
2026 4144 2316 4227 antiquis,
2362 4161 2517 4227 quas
2548 4143 2856 4209 credimus
2889 4161 3007 4208 non
3033 4161 3220 4227 posse

499 4250 634 4297 esse
680 4231 803 4296 nisi
846 4232 1054 4308 bonas,
1103 4235 1167 4297 et
1214 4234 1274 4297 iu
1343 4231 1479 4297 istis
1548 4231 1913 4299 tractatibus
1977 4235 2224 4314 captare
2293 4231 2773 4297 benivolentiam
2820 4250 2965 4297 cum
3012 4231 3111 4296 his
3157 4232 3224 4296 et

499 4319 641 4384 aliis
688 4319 906 4397 modis,
954 4319 1059 4402 qui
1105 4320 1280 4385 vobis
1328 4319 1701 4385 videbuntur
1746 4339 1926 4404 posse
1970 4338 2104 4385 esse
2149 4338 2336 4385 causa
2408 4320 2637 4385 amoris
2681 4323 2749 4386 et
2790 4319 3102 4386 concordii
3147 4337 3222 4385 ac

501 4407 856 4473 securitatis
904 4407 1200 4473 itinerum
1248 4409 1313 4472 et
1355 4411 1719 4475 stratarum.

712 4495 872 4560 Item
956 4495 1408 4562 committimus
1469 4497 1667 4574 nobis,
1729 4495 1893 4579 quod
1963 4496 2169 4578 presto
2224 4496 2502 4561 debeatis
2560 4494 2884 4561 licentiare
2936 4494 3219 4579 lignum,

500 4583 660 4667 quod
707 4581 1008 4649 conducet
1053 4602 1161 4649 vos
1208 4584 1609 4662 Durachium,
1658 4587 1729 4649 ut
1767 4585 1979 4650 redeat
2023 4587 2098 4649 ad
2144 4582 2491 4650 custodiam
2539 4583 2760 4667 riperie
2808 4601 2937 4660 sue,
3002 4585 3067 4649 et
3111 4602 3224 4666 per

501 4672 741 4737 dictum
788 4670 1047 4754 lignum,
1097 4671 1152 4737 si
1198 4671 1431 4755 aliquid
1479 4671 1869 4757 provideritis
1941 4671 2037 4738 vel
2105 4671 2628 4747 examinaveritis,
2696 4670 2978 4737 debeatis
3037 4670 3220 4737 nobis

505 4778 685 4827 omne
728 4758 793 4826 id
838 4759 1107 4827 scribere
1150 4758 1611 4845 partIculariter
1657 4760 1722 4826 et
1763 4759 2079 4840 distincte,
2127 4764 2199 4828 ut
2264 4761 2460 4828 simus
2529 4759 2869 4842 informati,
2916 4762 2982 4826 et
3025 4761 3232 4844 possit
