3620 5282
3006 396 3134 463 323

406 566 566 642 dala,
612 586 729 650 que
771 567 931 632 iuter
976 566 1143 649 ipsos
1188 565 1366 631 orriri
1412 566 1628 646 solent,
1679 568 1918 650 quando
1966 566 2358 649 reperiuntur
2402 569 2499 633 tot
2547 566 2610 632 in
2659 587 2779 633 una
2805 569 3131 653 oppinione

412 659 561 737 quot
607 656 671 720 in
717 655 863 733 alia,
906 671 979 718 ac
1025 655 1217 719 eciam
1268 673 1378 737 pro
1427 655 1800 719 aleviacione
1846 655 2168 720 hominum
2217 655 2291 719 de
2338 656 2630 735 consili0,
2694 676 2844 740 quos
2886 676 3006 722 non
3053 659 3138 723 sit

412 762 695 808 neccesse
765 761 1092 809 convocare
1141 761 1249 825 pro
1296 742 1463 807 omni
1509 743 1864 807 differencia
1910 745 2186 807 vestente
2235 744 2396 808 inter
2444 744 2628 826 ipsoS‚
2680 764 2873 827 neque
2921 764 3146 827 ponere

418 834 658 914 partem
702 832 764 895 in
808 831 1065 896 consilio
1114 848 1221 913 pro
1270 831 1501 895 talibus
1550 830 1828 895 minimis
1892 830 2282 895 differenciiS.
2362 832 2661 896 Decetero
2725 832 3035 915 eligantur
3083 835 3147 899 et

415 939 548 985 esse
588 919 853 984 debeant
899 920 1162 1001 quatuor
1208 918 1465 995 iudiceS,
1513 920 1576 983 et
1621 919 1781 1000 quod
1831 919 2064 983 dictum
2129 919 2407 1001 regimen
2470 919 2800 984 comitatus
2847 920 3147 986 Arbensis

415 1008 665 1091 regatur
714 1008 779 1071 et
821 1008 1177 1073 exerceatur
1222 1025 1331 1088 per
1378 1007 1584 1090 ipsum
1631 1007 1920 1071 comitem
1968 1007 2032 1071 et
2078 1007 2275 1072 dictos
2321 1008 2583 1089 quatuor
2630 1007 2899 1082 iudices3
2948 1011 3011 1074 et
3057 1028 3148 1089 ea,

416 1113 532 1178 que
577 1114 687 1177 per
728 1096 856 1160 tres
904 1094 1214 1177 predictos
1254 1094 1542 1159 adminus
1580 1096 1721 1159 acta
1761 1097 1826 1159 et
1870 1095 2246 1159 sententiata
2295 1094 2525 1160 fuerint
2565 1098 2696 1159 tam
2745 1095 2808 1159 iu
2855 1094 3148 1161 crimina-

414 1183 578 1247 libus
627 1201 816 1265 quam
861 1182 925 1247 in
961 1183 1266 1262 civilibuS,
1317 1182 1525 1247 valida
1572 1184 1635 1246 et
1677 1181 1860 1247 firma
1904 1182 2050 1247 sint.

627 1288 809 1366 Nota,
858 1287 1017 1370 quod
1063 1287 1229 1352 dicta
1273 1306 1420 1371 pars
1465 1286 1580 1352 ivit
1617 1306 1757 1353 cum
1806 1287 2230 1370 suprascripta
2275 1288 2451 1370 parte
2477 1287 2708 1352 domini
2757 1290 2820 1352 et
2864 1288 3147 1354 aliorum.

417 1374 556 1440 Nou
603 1377 822 1440 sinceri
879 1376 978 1455 10,
1028 1377 1101 1439 de
1148 1394 1271 1439 non
1314 1375 1377 1454 5,
1421 1377 1494 1440 de
1542 1378 1714 1458 parte
1762 1376 1868 1456 25,
1915 1374 1990 1439 de
2037 1376 2213 1458 parte
2262 1376 2493 1440 domini
2540 1376 2648 1440 41.

629 1478 902 1560 Quorum
952 1480 1203 1563 quidem
1253 1481 1528 1546 iudicum
1579 1481 1799 1546 electio
1848 1482 1961 1545 fiat
2006 1501 2113 1563 per
2156 1482 2318 1546 hunc
2365 1483 2650 1558 modum,
2700 1481 2937 1560 silicet,
2988 1482 3151 1565 quod

418 1588 624 1634 comes
671 1572 734 1633 et
780 1568 1043 1645 iudices,
1091 1569 1195 1652 qui
1249 1570 1712 1652 presencialiter
1759 1570 1940 1647 sunt,
2009 1569 2237 1650 eligere
2284 1568 2550 1633 debeant
2613 1571 2880 1653 quatuor
2925 1570 3150 1634 electo-

418 1677 540 1736 reS,
585 1658 691 1739 qui
731 1656 1034 1722 electores
1082 1656 1313 1740 eligere
1357 1657 1629 1722 debeant
1673 1659 1939 1740 quatuor
1984 1656 2235 1733 iudices,
2286 1659 2350 1720 et
2387 1657 2463 1720 ab
2511 1656 2634 1720 ista
2680 1656 2810 1720 vice
2859 1657 2922 1720 in
2968 1660 3151 1723 antea

424 1746 574 1809 dicti
623 1746 888 1826 quatuor
934 1744 1164 1808 iudices
1211 1745 1478 1809 debeant
1524 1745 1750 1827 eligere
1798 1745 1999 1808 dictos
2046 1747 2311 1826 quatuor
2374 1744 2702 1822 electoreS,
2769 1746 2833 1807 et
2878 1744 2968 1809 sic
3013 1764 3154 1810 suc-

419 1833 651 1898 cessive
696 1833 1073 1911 continuare,
1124 1834 1187 1897 et
1232 1833 1397 1898 dicta
1442 1832 1661 1897 electio
1710 1834 2016 1896 dictorum
2066 1831 2403 1896 electorum
2428 1833 2827 1896 confirmetur
2873 1851 2982 1914 per
3015 1852 3151 1898 ma-

418 1922 610 1987 iorem
658 1923 901 2003 partem
949 1938 1158 1984 eorum
1207 1921 1496 2003 quinque,
1540 1920 1825 1986 videlicet
1870 1920 2113 1984 comitis
2161 1922 2225 1983 et
2272 1920 2563 1984 iudicum.
2643 1918 2881 1984 Similis
2928 1921 3139 1984 autem

418 2008 638 2073 modus
684 2011 748 2072 et
794 2008 937 2072 ordo
984 2009 1279 2087 servetur,
1329 2009 1382 2073 si
1428 2008 1574 2072 talis
1622 2007 1971 2072 diffecentia
2018 2007 2317 2072 orriretur
2361 2006 2425 2071 in
2473 2007 2876 2071 electionibus
2923 2007 3145 2071 fiendis

421 2095 496 2161 de
541 2095 848 2160 iudicibus
893 2115 1004 2179 per
1050 2096 1364 2160 electores.

628 2200 824 2283 Super
868 2202 1067 2283 primo
1116 2199 1407 2282 capitulo,
1468 2199 1629 2283 quod
1676 2198 1931 2283 incipit:
2004 2219 2147 2264 cum
2197 2200 2401 2264 multa
2455 2199 2619 2264 furta
2660 2200 2725 2265 et
2769 2199 2893 2264 alia
2957 2200 3153 2264 male-

419 2288 561 2352 ficia
609 2288 959 2352 criminalia
1004 2292 1121 2352 etc.

629 2390 806 2470 Quod
852 2392 927 2458 ad
975 2393 1110 2472 hoc,
1161 2393 1231 2457 ut
1278 2392 1525 2457 iusticia
1572 2410 1693 2457 non
1761 2394 2081 2473 depereat,
2143 2395 2239 2456 set
2285 2391 2598 2458 tribuatur
2660 2393 2985 2475 unicuique
3033 2393 3148 2472 ius,

422 2482 494 2544 ut
535 2481 768 2544 dictum
817 2482 929 2559 est,
983 2481 1179 2545 eciam
1228 2483 1297 2545 ut
1341 2480 1773 2545 malefactores
1820 2481 1894 2543 de
1943 2498 2154 2543 eorum
2202 2479 2442 2544 delictis
2505 2481 2780 2544 debitam
2827 2480 3152 2563 paciantur

424 2586 666 2651 penam,
717 2567 809 2632 ita
854 2568 1017 2651 quod
1063 2569 1335 2652 ipsorum
1385 2587 1540 2651 pena
1586 2569 1727 2632 aliis
1791 2569 2072 2632 transeat
2134 2568 2198 2631 in
2260 2568 2645 2651 exemplum,
2714 2570 2786 2633 de
2845 2570 3050 2633 cetero
3099 2568 3152 2633 si

424 2656 500 2720 ad
550 2656 940 2721 audienciam
988 2676 1093 2722 seu
1134 2657 1424 2721 noticiam
1475 2657 1706 2722 domini
1754 2657 2003 2721 comitis
2046 2676 2152 2721 seu
2199 2656 2472 2722 iudicum
2528 2657 2845 2740 perveniet
2904 2656 3153 2739 aliquod

425 2744 801 2810 maleficium
849 2744 948 2809 vel
995 2745 1293 2809 delictum
1339 2744 1466 2808 fore
1516 2746 1915 2809 commissum
1964 2744 2027 2806 in
2073 2744 2323 2809 civitate
2371 2744 2470 2808 vel
2516 2746 2811 2809 comitatu
2860 2743 3151 2823 Arbensi,

421 2834 859 2914 cuiuscumque
906 2832 1287 2897 condicionis
1335 2832 1635 2897 delictum
1674 2834 1777 2910 sit,
1827 2831 1903 2895 de
1950 2850 2066 2914 quo
2110 2831 2267 2895 forte
2331 2831 2498 2895 facta
2561 2850 2678 2896 non
2741 2833 2929 2896 fuerit
2969 2849 3150 2897 accu-

423 2919 604 2997 saci0,
654 2920 752 2984 vel
800 2920 853 2983 si
900 2920 1088 2984 fuerit
1130 2921 1312 2998 facta,
1362 2920 1586 2984 debeat
1629 2920 1761 3003 ipse
1808 2937 2014 2984 comes
2059 2920 2364 3001 requirere
2421 2919 2652 2984 iudices
2695 2921 2874 2996 terre,
2925 2921 3029 3003 qui
3076 2921 3152 2985 ad

422 3007 617 3091 ipsius
666 3008 910 3072 comitis
957 3008 1433 3092 requisicionem
1482 3008 1690 3073 venire
1736 3011 2081 3083 teneantur,
2131 3008 2195 3070 et
2238 3025 2361 3070 una
2409 3025 2546 3071 cum
2582 3007 2735 3090 ipsis
2781 3007 2880 3072 vel
2928 3008 3151 3072 maiori

420 3097 593 3178 parte
640 3113 870 3173 eorum,
921 3097 1032 3160 aut
1077 3096 1287 3160 saltim
1336 3115 1476 3160 cum
1528 3096 1766 3161 duobus
1818 3116 1889 3160 ex
1936 3094 2105 3177 ipsiS,
2168 3094 2476 3177 inquirere
2540 3098 2604 3160 et
2665 3095 3013 3161 examinare
3055 3096 3152 3161 di-

423 3185 591 3248 ctum
640 3185 875 3247 crimen
921 3183 1342 3257 commissum,
1393 3185 1459 3248 et
1506 3203 1689 3267 super
1735 3184 1876 3248 inde
1940 3183 2207 3266 recipere
2269 3184 2334 3246 et
2396 3184 2745 3248 examinare
2792 3185 3023 3262 testeS,
3089 3187 3154 3249 et

423 3289 777 3354 processum
826 3271 1108 3337 ordinare
1154 3291 1339 3354 super
1383 3272 1537 3354 ipsis
1586 3272 1840 3336 crimine
1887 3270 1984 3336 vel
2028 3271 2274 3348 delicto,
2322 3289 2439 3335 non
2487 3273 2861 3353 procedendo
2906 3273 2967 3335 in
3000 3273 3151 3355 ipsis

426 3359 812 3441 processibus
859 3379 968 3442 per
1009 3359 1265 3423 modum
1313 3378 1639 3424 causarum
1684 3359 1962 3424 civilium
2011 3359 2117 3422 sed
2164 3378 2273 3441 per
2339 3359 2592 3423 modum
2654 3379 2982 3425 causarum
3030 3361 3151 3425 cri-

425 3447 770 3525 minalium,
826 3447 889 3510 in
940 3466 1058 3529 quo
1109 3447 1363 3529 quidem
1404 3466 1693 3531 processu
1746 3448 1845 3513 vel
1891 3446 2114 3510 delicto
2178 3465 2297 3510 non
2360 3448 2557 3528 possit
2619 3467 2752 3512 esse
2821 3448 3151 3513 advocatus

425 3552 619 3616 neque
665 3534 990 3616 placitare,
1046 3536 1115 3598 ut
1161 3535 1554 3599 dictumest.
1616 3536 1701 3600 Et
1747 3534 1897 3600 visis
1957 3535 2342 3617 processibus
2405 3536 2469 3598 et
2529 3535 2669 3599 aliis
2735 3536 3041 3600 contentis
3089 3537 3153 3599 in

428 3639 496 3687 eo
536 3641 640 3703 per
687 3623 814 3686 tres
863 3640 1079 3686 eorum
1122 3622 1426 3701 adminUS‚
1475 3622 1769 3687 iudicium
1812 3622 1944 3685 fieri
1992 3622 2233 3697 debeat,
2277 3623 2346 3686 ut
2393 3624 2487 3685 est
2519 3642 2873 3704 expressum
2919 3624 2981 3686 in
3015 3643 3154 3707 pre-

426 3709 666 3774 cedenti
714 3709 1003 3792 capitulo,
1053 3711 1388 3774 secundum
1443 3711 1684 3775 ordines
1725 3710 1887 3774 dicte
1934 3712 2095 3774 terre
2144 3709 2317 3773 Arbi.
2385 3711 2463 3774 Et
2522 3713 2679 3793 quod
2743 3729 2954 3774 omnes
3016 3731 3153 3775 sen-

424 3797 657 3861 tencias
703 3797 884 3874 latae,
936 3799 1007 3861 ut
1049 3797 1287 3862 dictum
1348 3802 1463 3876 est,
1512 3800 1645 3862 tam
1691 3799 1752 3862 in
1803 3797 2227 3862 criminalibus
2276 3816 2460 3879 quam
2509 3798 2571 3861 in
2613 3798 2895 3862 civilibus
2945 3815 3151 3862 comes

426 3885 710 3950 teneatur
748 3885 1097 3950 execucioni
1162 3886 1449 3950 mandari
1513 3886 1730 3950 facere.
1801 3887 2061 3968 Insuper
2118 3886 2170 3949 si
2234 3884 2480 3968 aliquod
2546 3885 2840 3949 delictum
2902 3881 3150 3950 enorme

424 3973 853 4037 committetur
895 3974 957 4037 in
1003 3972 1175 4037 Arbo
1223 3974 1322 4038 vel
1372 3975 1502 4038 eius
1547 3973 1861 4051 districtu,
1911 3976 2159 4057 propter
2205 3974 2364 4055 quod
2416 3972 2727 4037 videretur
2773 3972 2891 4052 ipsi
2939 3974 3150 4037 comiti

427 4063 491 4124 et
534 4060 840 4125 iudicibus
888 4061 1224 4142 expendere
1267 4061 1343 4126 de
1393 4061 1660 4126 denariis
1684 4063 2028 4126 communis
2073 4061 2226 4125 Arbi
2258 4079 2366 4142 pro
2392 4061 2670 4124 habendo
2698 4060 3146 4140 malefactores,

426 4148 624 4230 possit
669 4166 871 4213 comes
918 4167 1060 4212 cum
1106 4148 1256 4231 ipsis
1302 4148 1607 4214 iudicibus
1655 4149 1753 4214 vel
1805 4149 2029 4213 maiori
2075 4151 2250 4232 parte
2299 4150 2569 4230 ipsorum
2596 4198 2611 4227 ,
2659 4151 2768 4210 aut
2813 4166 2957 4212 cum
3003 4150 3152 4213 duo-

428 4236 540 4300 bus
588 4255 657 4300 ex
704 4237 855 4318 ipsis
904 4237 1242 4319 expendere
1289 4256 1477 4319 usque
1542 4237 1731 4302 libras
1798 4237 2242 4320 qninquaginta
2301 4254 2647 4319 parvorum.
2722 4234 2787 4299 Si
2852 4254 2992 4300 vero
3044 4238 3150 4301 de-

423 4321 643 4388 lictum
691 4325 855 4388 esset
902 4328 1032 4387 tam
1081 4324 1600 4403 enormissimum,
1650 4326 1808 4409 quod
1857 4326 2167 4389 videretur
2215 4324 2321 4401 eie,
2371 4327 2442 4387 ut
2489 4327 2586 4388 est
2624 4323 2880 4400 dictum,
2931 4344 3152 4407 expen-

424 4409 568 4474 dere
613 4411 914 4476 maiorem
961 4429 1272 4475 summam
1318 4430 1428 4495 pro
1477 4412 1757 4477 habendo
1804 4411 2265 4490 malefactores,
2333 4412 2478 4475 tunc
2530 4411 2769 4492 possint
2819 4414 3024 4477 venire
3072 4413 3151 4476 ad

424 4498 753 4563 consilium
800 4499 977 4578 Arbi‚
1030 4501 1095 4565 et
1137 4519 1277 4565 cum
1325 4499 1587 4564 licencia
1631 4500 1872 4564 consilii
1914 4501 2162 4564 tantum
2209 4500 2565 4581 expendere,
2617 4499 2918 4580 quantum
2964 4499 3151 4564 fuerit

423 4587 848 4654 terminatum.

634 4693 831 4775 super
872 4692 1083 4771 tercio,
1130 4692 1291 4774 quod
1338 4693 1427 4757 sic
1473 4691 1726 4775 incipit:
1775 4691 1937 4775 quod
1985 4691 2062 4756 ad
2089 4689 2485 4756 scribendum
2532 4690 2597 4754 et
2633 4659 2984 4755 faciendum
3016 4689 3151 4755 offi-

422 4778 584 4845 cium
627 4779 693 4845 in
739 4779 1170 4846 criminalibus
1217 4781 1333 4847 etc.

2912 4878 2950 4917 Q.
