3620 5282
2996 368 3120 435 155

408 542 543 625 ipso
605 543 913 609 communi
962 544 1362 610 Veneciarum
1426 563 1533 611 seu
1572 565 1713 611 cum
1777 564 1987 611 eorum
2046 547 2546 629 procuratoribus
2607 549 2673 610 et
2731 547 2981 613 sindicis
3042 547 3121 612 ad

409 632 522 696 hec
563 630 844 715 legitime
883 633 1235 697 constitutis
1281 635 1353 698 de
1399 635 1682 699 omnibus
1731 635 1794 698 et
1832 635 2097 719 singulis
2159 636 2416 719 guerris,
2480 634 2819 713 discordiis,
2881 636 3123 701 discen·

408 720 704 797 sionibus,
768 720 1146 797 differentiis,
1210 722 1662 804 questionibUS,
1726 723 1945 788 litibus
2006 724 2071 788 et
2126 722 2555 789 controversiis
2620 723 2999 788 vertentibus
3056 726 3122 788 et

408 808 809 873 existentibus
855 829 961 873 seu
1004 829 1122 892 que
1168 811 1343 889 verti,
1391 813 1655 876 existere
1715 813 1780 875 et
1824 830 1958 877 esse
2015 814 2265 894 possent
2326 814 2485 878 inter
2549 811 2890 895 predictum
2952 830 3120 878 com-

410 914 593 961 mune
643 897 845 962 Padue
892 917 961 962 ex
1010 917 1131 962 una
1186 902 1354 979 parte
1400 900 1465 963 et
1507 899 1812 981 prefatum
1851 899 2169 964 dominum
2228 900 2446 966 ducem
2510 907 2574 963 et
2639 917 2961 965 commune
3001 899 3121 964 Ve-

410 985 723 1049 neciarum
770 1004 842 1050 ac
887 986 1270 1063 adherentes,
1314 988 1597 1052 subditos
1643 989 1707 1052 et
1754 987 1966 1052 fideles
2012 992 2075 1051 et
2120 1007 2413 1070 sequaces
2459 1005 2603 1052 suos
2649 1008 2719 1052 ex
2755 988 2900 1066 alia,
2950 990 3016 1052 et
3046 990 3120 1052 de

409 1074 692 1138 omnibus
739 1074 803 1137 et
846 1074 1108 1157 singulis
1154 1075 1454 1158 dampnis,
1505 1075 1764 1151 iniuriiS‚
1813 1077 2084 1155 cedibus,
2131 1076 2448 1152 incendiiS,
2485 1076 2820 1153 violenciiS,
2868 1076 3118 1158 rapiniS,

410 1160 670 1226 robariis
715 1166 777 1226 et
818 1162 1252 1228 offensionibus
1297 1164 1713 1245 personalibus
1776 1165 1842 1228 et
1888 1163 2155 1228 realibus
2219 1185 2325 1246 per
2383 1164 2589 1248 partes
2648 1163 2957 1247 predictas
3024 1164 3120 1228 vel

411 1250 672 1314 alteram
721 1269 928 1316 earum
977 1250 1180 1326 factis,
1226 1252 1429 1330 dictis,
1478 1252 1824 1316 commissis
1874 1252 1968 1317 vel
2016 1254 2384 1334 perpetratis
2443 1255 2508 1318 in
2552 1252 2816 1317 alteram
2880 1253 3117 1334 partem

412 1357 520 1402 seu
566 1338 867 1419 subditos,
914 1339 1295 1419 adherentes,
1338 1341 1665 1420 benivolos,
1731 1341 1942 1405 fideles
2007 1342 2071 1403 et
2132 1359 2424 1422 sequaces
2465 1341 2734 1404 eiusdem
2796 1342 3123 1422 quomodo·

409 1445 671 1510 cumque
726 1429 791 1490 et
848 1428 1378 1511 qualitercumque
1438 1433 1501 1492 et
1558 1446 1939 1511 quacumque
1987 1428 2111 1491 alia
2152 1429 2404 1505 ratione,
2462 1447 2648 1491 causa
2694 1431 2757 1492 et
2803 1431 3117 1492 occasione

409 1514 523 1578 sub
569 1515 697 1579 illis
758 1516 976 1592 modiS,
1037 1517 1273 1592 formis,
1336 1517 1553 1598 pactis,
1616 1516 2140 1593 conventionibuS,
2206 1517 2730 1599 promissionibuS,
2797 1516 3120 1598 obligatio-

412 1602 592 1667 nibus
641 1604 907 1668 realibus
954 1607 1017 1667 et
1058 1604 1479 1686 personalibus
1547 1606 1611 1668 et
1654 1624 1793 1670 cum
1844 1603 2187 1687 receptione
2247 1622 2766 1687 quorumcumque
2821 1608 2884 1666 et
2941 1604 3121 1667 iuris-

410 1690 696 1755 dictionis
743 1692 1075 1756 cuiuslibet
1134 1693 1605 1774 receptionibuS,
1657 1711 1951 1774 penarum
2011 1692 2474 1768 adiectionibus,
2536 1691 3119 1770 renunciationibuS,

419 1779 675 1843 cautelis
722 1781 787 1844 et
826 1781 1122 1845 clausulis
1170 1782 1546 1864 opportuniS,
1592 1802 1709 1864 que
1754 1780 1921 1845 dicto
1964 1781 2342 1862 procuratori
2374 1783 2438 1845 et
2468 1780 2700 1844 sindico
2738 1779 3120 1857 videbuntur,

411 1866 733 1949 finemque,
784 1868 1220 1946 remissionem,
1272 1869 1718 1944 liberationem,
1768 1868 2218 1945 refutationem,
2267 1868 2728 1951 quietationem,
2784 1868 3125 1933 absolutio·-

413 1974 551 2018 nem
619 1958 683 2019 et
750 1961 993 2038 pactum
1060 1957 1135 2022 de
1200 1957 1455 2022 ulterius
1501 1976 1619 2021 non
1663 1960 1942 2039 petend0,
2001 1958 2350 2021 faciendum
2395 1958 2459 2020 et
2497 1955 2912 2039 recipiendum
2983 1976 3121 2021 cnm

410 2044 918 2125 stipulacionibus
964 2047 1029 2109 et
1072 2046 1365 2110 clausulis
1414 2047 1795 2122 necessariis,
1844 2049 1909 2109 et
1945 2047 2024 2109 ad
2070 2047 2464 2127 prestandum
2499 2046 2744 2109 nomine
2775 2044 2921 2109 dicti
2958 2064 3120 2109 com-

416 2132 614 2195 munis
664 2132 872 2197 Padue
918 2133 1101 2197 dictis
1147 2134 1643 2216 procuratoribus
1711 2136 1775 2198 et
1834 2133 2086 2197 sindicis
2142 2134 2370 2198 domini
2432 2133 2604 2197 ducis
2669 2136 2733 2197 et
2779 2132 3124 2198 communis

414 2219 818 2287 Veneciarum
866 2240 1107 2286 omnem
1156 2220 1619 2303 promissionem
1666 2224 1728 2286 et
1773 2221 2234 2303 obligationem,
2281 2221 2357 2285 de
2401 2241 2522 2303 qua
2580 2220 2843 2285 invicem
2903 2240 3126 2286 conve-

413 2309 632 2385 nerint,
684 2312 749 2375 et
793 2309 1083 2373 similiter
1128 2329 1230 2375 eas
1280 2330 1317 2373 a
1362 2310 1547 2375 dictis
1586 2309 2085 2392 procuratoribus
2132 2312 2197 2373 et
2241 2309 2494 2374 sindicis
2536 2309 2763 2373 domini
2827 2311 2996 2373 ducis
3058 2312 3123 2373 et

412 2397 756 2462 communis
802 2396 1207 2464 Veneciarum
1256 2399 1502 2463 nornine
1549 2398 1697 2462 dicti
1745 2397 2085 2463 communis
2134 2398 2339 2462 Padue
2380 2398 2822 2480 recipiendum.
2881 2397 2964 2462 Et
3015 2416 3123 2480 pro

409 2484 833 2551 observatione
878 2504 1087 2550 eorum
1136 2488 1409 2551 omnium
1460 2489 1524 2551 et
1571 2486 1976 2570 singulorum,
2017 2506 2132 2568 que
2165 2485 2476 2550 hincinde
2512 2485 2813 2568 promissa
2843 2488 2907 2548 et
2944 2488 3124 2568 gesta

411 2571 655 2653 fuerint,
709 2575 912 2657 ipsum
958 2593 1279 2641 commune
1324 2577 1533 2639 Padue
1583 2593 1656 2639 ac
1703 2574 1834 2639 eius
1881 2593 2256 2639 successores
2299 2576 2363 2638 et
2413 2574 2566 2638 bona
2597 2573 3020 2657 obligandum,
3058 2575 3124 2637 et

411 2663 485 2727 ab
531 2664 680 2745 ipsis
727 2665 1221 2747 procuratoribus
1266 2667 1332 2730 et
1376 2664 1625 2732 sindicis
1671 2664 1906 2729 domini
1953 2664 2125 2728 ducis
2195 2668 2259 2727 et
2319 2664 2661 2731 communis
2723 2662 3123 2728 veneciarum

411 2750 856 2835 obligationem
902 2751 1173 2816 similem
1219 2757 1281 2816 et
1326 2755 1698 2834 reciprocam
1746 2751 2179 2835 recipiendum,
2228 2755 2292 2815 et
2321 2752 2395 2815 ad
2436 2750 2759 2816 iurandum
2795 2751 2855 2816 in
2888 2752 3125 2815 animas

409 2857 809 2921 personarum
857 2841 923 2904 et
968 2840 1283 2905 hominum
1330 2840 1480 2905 dicti
1525 2841 1869 2905 communis
1916 2840 2123 2904 Padne
2171 2841 2462 2921 perpetuo
2523 2840 2841 2904 attendere
2903 2842 2968 2903 et
3031 2839 3125 2902 in-

411 2928 787 2993 violabiliter
834 2928 1177 3006 observare,
1217 2947 1595 3012 quecumque
1635 2929 1837 2993 dictus
1881 2929 2237 3011 procurator
2282 2930 2346 2992 et
2390 2925 2664 2992 sindicus
2699 2946 2845 2991 suus
2883 2928 3126 2992 duxerit

411 3016 850 3097 promittenda,
899 3020 963 3082 et
999 3019 1186 3100 prout
1229 3035 1411 3098 super
1457 3016 1748 3100 predictis
1793 3019 1859 3082 et
1903 3017 2179 3098 quolibet
2237 3015 2648 3098 predictorum
2711 3014 3125 3093 convenerint,

411 3103 617 3176 simile
663 3124 900 3188 quoque
944 3108 1010 3172 et
1055 3105 1368 3187 solempne
1413 3105 1829 3169 iuramentum
1871 3123 1907 3168 a
1951 3104 2135 3169 dictis
2185 3104 2685 3186 procuratoribus
2743 3107 2809 3168 et
2868 3103 3128 3168 sindicis

411 3191 645 3272 domini
684 3193 855 3259 ducis
900 3198 963 3258 et
1007 3192 1354 3260 communis
1403 3194 1806 3258 Veneciarurn
1854 3213 1959 3257 seu
2007 3193 2085 3256 ab
2134 3192 2273 3256 aliis
2318 3191 2637 3274 quibusvis
2683 3189 3125 3274 recipiendum,

411 3282 476 3345 et
520 3283 593 3345 de
640 3281 959 3364 premissis
1006 3287 1070 3346 et
1113 3282 1384 3365 quolibet
1428 3280 1867 3364 premissorum
1928 3282 2404 3345 instrumentum
2448 3299 2636 3344 unum
2683 3281 2749 3343 et
2809 3280 2984 3361 plura
3032 3298 3124 3344 ro·

413 3370 702 3452 gaudum,
750 3369 1092 3434 faciendum
1141 3373 1203 3434 et
1264 3369 1682 3454 recipiendum
1743 3369 1934 3433 semel
1994 3371 2059 3432 et
2117 3369 2365 3451 plurieS,
2429 3369 2680 3451 ipsaque
2740 3386 3122 3450 quocumque

411 3457 713 3522 valamine
757 3460 1184 3536 roborandum,
1253 3461 1316 3523 et
1358 3458 1729 3541 generaliter
1778 3459 1856 3521 ad
1924 3457 2128 3522 omnia
2172 3457 2293 3521 alia
2355 3459 2419 3521 et
2478 3455 2723 3539 singula
2783 3457 3128 3542 agendum„

411 3547 754 3623 dicendum,
807 3545 1171 3624 faciendum,
1221 3548 1692 3629 procurandum,
1734 3546 2130 3610 tractandum
2177 3548 2240 3609 et
2282 3545 2625 3609 executioni
2674 3563 2775 3608 ma
2792 3543 3113 3608 ndandum

414 3654 529 3717 que
572 3636 633 3698 in
681 3634 1001 3717 premissis
1049 3638 1111 3697 et
1152 3635 1316 3699 circa
1361 3654 1429 3699 ea
1476 3638 1541 3699 et
1588 3636 1649 3698 in
1695 3633 2180 3716 dependentibus
2227 3635 2291 3696 et
2358 3634 2642 3698 connexis
2703 3633 2781 3695 ab
2851 3633 2940 3696 eis
2998 3632 3131 3695 sue-

415 3723 540 3786 rint
587 3722 947 3801 necessaria,
997 3723 1177 3787 utilia
1223 3726 1284 3786 et
1310 3727 1666 3805 opportuna,
1715 3724 1929 3804 etque
1962 3723 2077 3803 ipsi
2116 3720 2303 3786 iidem
2344 3720 2576 3785 domini
2609 3723 2900 3802 potestas,
2953 3719 3128 3784 iudex

412 3812 830 3890 ancianorum,
878 3811 1136 3883 anciani,
1182 3812 1600 3894 gastaldiones
1647 3811 2047 3875 fratalearum
2080 3811 2145 3872 et
2173 3809 2506 3874 consiliarii
2536 3808 2883 3873 communis
2924 3809 3125 3871 Padue

412 3917 485 3964 ac
533 3901 736 3981 ipsum
778 3918 1099 3964 commune
1146 3902 1211 3964 et
1255 3899 1535 3964 homines
1582 3898 1858 3963 civitatis
1914 3898 2124 3962 Padue
2188 3896 2410 3975 dicere,
2475 3899 2672 3961 facere
2729 3899 2792 3961 et
2848 3914 3125 3960 exercere

415 3990 684 4068 possent,
730 3988 782 4052 si
828 3987 905 4052 ad
953 3989 1253 4069 premissa
1297 3987 1701 4069 personaliter
1762 3988 2153 4063 interessent,
2199 3989 2263 4050 et
2320 4005 2436 4068 que
2498 3985 2762 4067 quilibet
2826 4002 3001 4048 verus
3069 3986 3135 4047 et

414 4075 731 4158 legitimus
778 4078 1135 4159 procurator
1181 4079 1247 4142 et
1290 4075 1564 4140 sindicus
1611 4075 1827 4151 dicere,
1875 4075 2077 4139 facere
2138 4078 2202 4138 et
2257 4092 2537 4139 exercere
2603 4075 2847 4155 potest;
2912 4073 3131 4136 dantes

410 4165 476 4229 et
518 4165 919 4230 concedentes
965 4164 1131 4229 dicto
1179 4183 1287 4229 sno
1335 4163 1582 4228 sindico
1615 4166 1678 4228 et
1719 4164 2093 4245 procuratori
2161 4164 2430 4244 plenum,
2492 4161 2781 4237 liberum,
2848 4160 3132 4244 generale

412 4254 477 4316 et
522 4252 785 4335 speciale
833 4255 1192 4318 mandatum
1241 4271 1380 4317 cum
1427 4252 1626 4334 plena,
1675 4252 1888 4326 libera,
1957 4250 2231 4333 generali
2294 4253 2359 4314 et
2416 4249 2666 4331 speciali
2725 4247 3131 4314 administra-

412 4340 575 4405 tione
619 4342 826 4405 omnia
870 4344 934 4407 et
974 4341 1221 4425 singula
1267 4341 1512 4424 agendi,
1558 4338 1820 4419 dicendi,
1868 4339 2151 4417 faciendi,
2210 4337 2629 4421 promittendi,
2697 4337 3007 4403 tractandi
3067 4339 3132 4401 et

413 4428 813 4494 concludendi
856 4448 929 4495 ac
976 4429 1317 4495 executioni
1366 4428 1695 4494 mandandi
1740 4427 1986 4493 nomine
2035 4427 2182 4492 dicti
2230 4427 2574 4493 communis
2626 4427 2828 4491 Padue
2884 4426 2946 4488 in
2993 4444 3131 4509 pre-

411 4516 622 4581 missis
671 4520 736 4582 et
778 4517 944 4583 circa
988 4518 1290 4601 premissa
1334 4518 1400 4583 et
1444 4518 1505 4583 in
1553 4516 2036 4599 dependentibus
2076 4517 2141 4580 et
2184 4516 2469 4581 connexis
2517 4514 2593 4580 ab
2655 4515 2763 4592 eiS,
2828 4514 3015 4579 etiam
3078 4515 3131 4578 si

410 4605 566 4670 talia
603 4606 836 4672 maiora
884 4606 982 4672 vel
1028 4606 1315 4690 graviora
1358 4623 1432 4670 ac
1476 4624 1724 4689 prorsus
1778 4605 2068 4670 extranea
2109 4602 2330 4681 forent,
2398 4623 2516 4687 que
2578 4603 2938 4667 mandatum
3005 4601 3131 4665 exi-

411 4694 631 4777 gerent
677 4693 976 4777 speciale;
1039 4693 1473 4778 promittentes
1533 4693 1725 4759 michi
1783 4692 2064 4759 ‚Iohanne
2128 4692 2200 4756 de
2264 4689 2629 4756 Bassanello
2688 4691 2926 4755 notario
2983 4691 3128 4756 sub-

409 4781 662 4866 scripto,
709 4783 781 4848 ut
823 4783 1069 4867 publice
1105 4801 1383 4866 persone,
1430 4783 1758 4866 stipulanti
1804 4782 1870 4847 et
1913 4779 2235 4864 recipienti
2258 4779 2503 4845 nomine
2547 4779 2611 4845 et
2648 4779 2780 4844 vice
2824 4778 3121 4856 omnium,
