3620 5282
632 344 762 411 478

1002 517 1327 602 DCXL.
1383 518 1589 603 God.
1645 519 1879 603 1403.
1940 519 2043 604 28
2098 521 2419 625 srpnja,
2469 543 2531 604 u
2583 519 2990 605 Mletclh.

635 701 907 775 Predloy,
952 700 1033 760 da
1076 717 1138 759 se
1174 699 1415 774 posalju
1436 700 1740 775 poslanici
1784 701 1824 759 k
1846 700 2185 760 Ladislavu
2212 718 2255 760 u
2287 700 2495 760 Zadar
2519 717 2596 762 ια
2608 701 2840 780 meast,
2874 700 3177 775 odandjen
3204 705 3357 780 zato,

1260 790 1341 847 da
1384 806 1445 847 se
1478 792 1643 862 princ
1689 807 1973 862 saporem,
2018 789 2107 849 §to
2151 808 2229 849 on
2284 791 2431 849 kuni
2474 791 2709 849 aeduici.

844 944 1031 1011 1403.
1080 944 1417 1009 indictione
1461 944 1570 1023 XI,
1622 944 1719 1009 die
1784 944 2059 1011 XXVIII
2118 944 2276 1009 iulii.
2358 944 2658 1009 Dominus
2707 945 2829 1008 dux
2876 948 2941 1008 et
2988 944 3340 1010 consiliarii

631 1053 866 1099 omneS.
912 1032 1066 1113 Quia
1114 1033 1263 1097 facit
1310 1052 1416 1114 pro
1463 1032 1688 1096 honore
1733 1036 1796 1097 et
1842 1037 2010 1097 statu
2056 1037 2259 1097 nostre
2306 1032 2746 1097 dominationis
2817 1034 3049 1098 habere
3101 1052 3351 1115 respec-

630 1128 764 1187 tum
819 1123 893 1187 ad
942 1120 1337 1186 amicandum
1385 1140 1449 1185 se
1497 1140 1638 1185 cum
1688 1121 1814 1185 illis
1861 1121 2242 1203 principibus
2284 1122 2348 1185 et
2391 1121 2677 1197 dominis,
2742 1123 2849 1204 qui
2920 1126 3075 1186 sunt
3127 1130 3350 1204 poten-

632 1213 751 1286 tes,
801 1214 864 1275 et
908 1210 1285 1293 specialiter,
1334 1212 1572 1292 qnando
1621 1213 1769 1273 sunt
1813 1211 1994 1274 nobis
2061 1210 2266 1285 vicini,
2335 1213 2400 1274 et
2439 1228 2797 1274 conservare
2845 1228 3063 1274 secum
3119 1212 3348 1274 bonam

631 1300 977 1363 amiciciam
1026 1306 1088 1361 et
1134 1300 1354 1362 bonam
1402 1297 1894 1374 fraternitatem3
1967 1301 2030 1361 et
2099 1300 2261 1362 sicut
2329 1300 2542 1362 notum
2615 1302 2712 1362 est
2757 1298 3204 1363 serenissimus
3246 1298 3355 1361 do-

634 1389 838 1451 minus
882 1385 1205 1450 Ladislaus
1253 1406 1355 1449 rex
1402 1385 1639 1468 Apulee
1687 1387 1857 1451 venit
1887 1386 1962 1449 ad
2010 1391 2211 1466 partes
2244 1385 2583 1461 Dalmacie,
2617 1405 2736 1469 que
2769 1389 2869 1450 est
2902 1387 3025 1451 sibi
3058 1387 3348 1452 subiecta

642 1480 719 1539 et.
747 1476 1052 1552 obediens,
1099 1492 1207 1556 pro
1253 1473 1603 1555 accipiendo
1650 1478 1713 1538 et
1757 1475 2044 1539 intrando
2091 1476 2152 1538 in
2200 1493 2456 1557 regnum
2504 1473 2848 1557 Hungarie,
2897 1475 2989 1539 ita
3036 1476 3202 1558 quod
3239 1493 3350 1559 pro

642 1563 911 1627 evidenti
967 1565 1117 1627 bono
1166 1568 1373 1626 nostro
1420 1560 1829 1640 considerato,
1902 1562 2059 1645 quod
2130 1562 2334 1627 dictus
2405 1564 2690 1626 dominus
2760 1566 3010 1626 rex'est
3060 1564 3350 1628 dominns

638 1654 959 1733 utriusque
1003 1651 1244 1732 riperie,
1294 1650 1444 1715 facit
1489 1654 1804 1715 ostendere
1854 1669 2067 1714 secum
2116 1649 2594 1715 benivolentiam
2643 1654 2711 1715 et
2754 1669 3056 1725 amorem,
3129 1654 3198 1715 et
3256 1658 3351 1716 te-

639 1759 785 1804 nere
831 1741 1035 1819 ipsum
1083 1757 1190 1821 pro
1236 1739 1439 1803 amico
1473 1744 1680 1803 nostro
1729 1739 1947 1803 multis
1996 1737 2070 1803 de
2117 1740 2316 1803 causis
2363 1742 2427 1803 et
2475 1740 2896 1822 respectibus3
2955 1738 3131 1803 vadit
3176 1758 3341 1824 pars,

636 1845 747 1911 pro
794 1828 1140 1892 honorando
1187 1829 1515 1892 adveutum
1563 1846 1671 1891 sue
1717 1827 2070 1899 serenitatis
2139 1827 2216 1890 ad
2288 1826 2425 1892 illas
2488 1835 2694 1910 partes
2766 1828 3109 1928 Dalmacie,
3174 1827 3344 1911 quod

632 1917 944 2000 eligantur
991 1916 1050 1980 in
1097 1916 1252 1980 bona
1298 1916 1501 1999 gratia
1550 1919 1676 1979 tres
1722 1916 1916 1979 nostri
1964 1915 2270 1981 solemnes
2317 1916 2769 1990 ambaxatores,
2832 1916 2937 1999 qui
2989 1917 3215 1981 vadant
3259 1917 3338 1981 ad

631 2004 1009 2086 presentiam
1060 2004 1255 2085 ipsius
1302 2004 1571 2068 dominis
1622 2004 1783 2087 regis
1834 2022 1972 2068 cum
2016 2003 2126 2067 illa
2174 2005 2625 2078 commissione
2672 2023 2790 2088 qne
2825 2006 3073 2069 dabitur
3104 2006 3193 2068 eis
3230 2023 3340 2085 per

633 2094 798 2157 istud
849 2092 1190 2167 consilium,
1242 2092 1342 2176 qui
1394 2093 1710 2176 eligantur
1759 2111 1864 2174 per
1910 2093 2277 2156 scrutinium
2328 2093 2387 2156 in
2457 2094 2689 2176 rogatis
2764 2096 2831 2157 et
2871 2104 3079 2168 zonta,
3127 2098 3192 2156 et
3236 2111 3337 2158 re·

633 2182 973 2263 spondeant
1017 2185 1229 2244 statim
1279 2180 1376 2244 vel
1422 2180 1621 2245 altera
1666 2179 1764 2243 die
1808 2179 1886 2243 ad
1949 2181 2191 2253 tercias,
2241 2182 2306 2244 et
2374 2198 2487 2245 non
2562 2181 2805 2263 possint
2879 2180 3149 2245 refutare
3219 2181 3334 2245 sub

631 2288 782 2351 pena
808 2272 1161 2333 ducatorum
1191 2275 1434 2332 centurn
1469 2285 1577 2351 pro
1601 2268 1895 2350 quolibet,
1922 2271 1984 2332 et
2008 2268 2247 2351 possint
2265 2268 2458 2350 accipi
2483 2269 2555 2332 de
2579 2270 2747 2332 omni
2783 2269 2913 2334 loco
2937 2272 3001 2333 et
3025 2268 3226 2334 officio
3274 2272 3339 2333 et

636 2358 710 2420 de
758 2358 1030 2420 iudicatu
1080 2356 1470 2437 peticionum,
1520 2375 1639 2420 non
1687 2356 2039 2439 accipiendo
2089 2357 2253 2420 ultra
2298 2376 2483 2420 unum
2534 2375 2640 2438 pro
2691 2358 2873 2421 domo
2904 2359 2970 2421 et
3002 2377 3191 2421 unum
3228 2375 3333 2440 pro

631 2444 851 2521 officio,
903 2449 966 2509 et
1012 2445 1277 2508 debeant
1322 2445 1466 2508 dicti
1518 2446 1944 2509 ambaxatores
1990 2444 2216 2509 habere
2264 2444 2520 2509 ducatos
2552 2446 3006 2528 quinquaginta
3051 2465 3161 2529 pro
3193 2466 3337 2528 quo-

630 2534 787 2598 libet
833 2553 869 2598 a
916 2539 1121 2597 nostro
1168 2533 1478 2597 communi
1528 2551 1635 2615 pro
1695 2532 1975 2597 faciendo
2041 2552 2225 2598 unam
2303 2532 2673 2616 pellendam,
2738 2541 2804 2598 et
2850 2536 3084 2599 ducant
3127 2552 3334 2599 secum

630 2627 920 2707 quattuor
968 2621 1232 2686 famulos
1280 2639 1388 2705 pro
1437 2621 1735 2705 quolibet,
1786 2640 1977 2686 unum
2026 2622 2336 2687 notarium
2406 2638 2547 2685 cum
2615 2634 2737 2686 nno
2810 2620 3071 2699 famulo,
3144 2641 3333 2688 unum

631 2718 1097 2793 expensatorem
1143 2715 1205 2775 et
1253 2729 1442 2774 unum
1490 2711 1770 2788 cochum,
1840 2710 1944 2793 qui
2015 2709 2235 2775 famuli
2306 2715 2368 2775 et
2402 2710 2686 2785 famulus
2733 2712 2962 2775 notarii
3002 2713 3067 2776 et
3112 2731 3330 2794 expen-

630 2807 797 2864 sator
844 2802 908 2863 et
954 2798 1179 2862 cochns
1224 2798 1450 2863 habere
1499 2800 1764 2863 debeant
1807 2798 2063 2864 ducatos
2110 2795 2400 2881 quattuor
2445 2816 2552 2898 pro
2601 2799 2883 2900 quolibet
2916 2818 3021 2890 pro
3053 2798 3327 2864 faciendo

632 2908 817 2952 unam
863 2890 1104 2964 robam,
1153 2905 1272 2969 que
1318 2890 1467 2951 roba
1513 2889 1597 2951 sit
1641 2905 1750 2969 pro
1798 2887 2021 2951 salario
2068 2906 2178 2951 suo
2226 2887 2406 2951 istius
2474 2887 2688 2970 viagii,
2762 2888 2925 2970 quod
2974 2887 3092 2951 erit
3127 2890 3326 2966 breve,

590 3051 591 3056 ἵ
633 2976 1018 3059 expensatori
1063 2979 1272 3039 autem
1320 2981 1382 3038 et
1423 2974 1607 3039 cocho
1653 2974 2043 3057 provideatur
2089 2977 2161 3038 de
2199 2974 2405 3057 aliquo
2449 2975 2613 3057 pluri
2681 2975 2852 3039 ultra
2904 2976 3102 3042 dictos
3146 2938 3326 3059 quat:

633 3068 774 3130 tuor
823 3063 1099 3140 ducatos,
1148 3065 1309 3127 sicut
1359 3062 1668 3128 videbitur
1709 3063 1894 3127 dictis
1943 3063 2170 3128 nostris
2237 3064 2759 3140 ambaxatoribuS,
2833 3070 2898 3129 et
2943 3065 3176 3147 possint
3219 3083 3317 3128 ex-

632 3152 892 3235 pendere
941 3152 1087 3216 dicti
1139 3155 1569 3215 ambaxatores
1612 3152 1890 3215 ducatos
1938 3156 2066 3215 tres
2134 3150 2200 3214 in
2246 3151 2345 3216 die
2391 3169 2501 3234 pro
2548 3153 2848 3234 quolibet,
2899 3171 3010 3216 non
3087 3151 3316 3216 intelli-

628 3243 827 3324 gendo
875 3240 940 3304 in
984 3240 1099 3304 hoc
1143 3240 1370 3303 nabula
1415 3240 1797 3322 navigiorum
1852 3258 1959 3303 nec
2008 3240 2234 3303 nabala
2302 3258 2618 3321 equorum,
2677 3245 2743 3305 et
2788 3244 3113 3306 teneantur
3155 3260 3326 3305 rece·

627 3331 772 3394 dere
818 3330 892 3393 ad
939 3347 1117 3392 omne
1165 3328 1621 3410 beneplacitum
1662 3327 1955 3403 dominii3
2005 3330 2068 3392 et
2117 3345 2217 3405 pro
2268 3346 2385 3392 non
2428 3327 2821 3410 impediendo
2883 3329 3156 3412 negocia,
3207 3348 3327 3413 que

629 3420 930 3482 occurant
975 3416 1049 3480 ad
1099 3415 1368 3481 officium
1421 3421 1766 3480 nostrornm
1817 3417 2248 3480 advocatorum
2294 3417 2658 3481 communis·
2706 3422 2770 3481 et
2816 3418 3177 3484 auditorum
3225 3436 3335 3483 no·

630 3513 899 3571 strorum
947 3505 1424 3582 sentenciarum,
1475 3523 1592 3568 non
1637 3504 1946 3588 eligantur
1991 3522 2101 3586 pro
2148 3504 2328 3568 modo
2375 3505 2450 3570 de
2518 3503 2991 3572 advocatoribns
3038 3511 3106 3572 et
3150 3508 3331 3571 audi-

627 3595 863 3660 toribus
922 3593 1393 3657 sentenciarum.

834 3699 917 3765 Et
962 3717 1034 3762 ex
1080 3717 1239 3762 nunc
1282 3700 1366 3761 sit
1412 3698 1686 3780 captum,
1734 3697 1898 3779 quod
1943 3699 2271 3763 mandetur
2317 3699 2640 3781 capitaneo
2687 3701 2896 3765 nostro
2953 3698 3175 3782 riperie
3238 3698 3339 3764 Is-

628 3789 766 3868 trie,
814 3786 972 3871 quod
1020 3786 1239 3850 debeat
1287 3787 1372 3850 ire
1420 3785 1835 3867 Justinopolin
1886 3788 1950 3850 et
1996 3806 2353 3870 recuperare
2422 3788 2496 3852 de
2568 3806 2733 3871 sepo,
2782 3793 2846 3854 et
2887 3787 3124 3870 palmet
3170 3787 3331 3853 bene

628 3878 887 3961 lignum,
939 3880 1002 3940 et
1049 3875 1373 3938 mandetur
1413 3874 1701 3957 potestati
1747 3874 2179 3957 Justinopolis,
2231 3877 2390 3958 quod
2433 3876 2634 3940 solvat
2679 3876 2914 3941 dictum
2977 3895 3192 3956 sepum
3254 3878 3336 3942 de

631 3966 887 4049 pecunia
933 3965 1127 4028 nostri
1173 3964 1537 4042 communis,
1572 3966 1634 4026 et
1673 3967 1889 4045 postea
1913 3962 2116 4028 dictus
2150 3967 2507 4046 capitaneus
2540 3966 2748 4030 veniat
2787 3983 2970 4046 nsque
3004 3961 3334 4045 CaprolaS,

629 4060 692 4120 et
738 4055 973 4118 scribat
1019 4052 1212 4130 nobiS‚
1261 4051 1501 4133 quando
1548 4051 1694 4115 illuc
1740 4053 2131 4134 applicuerit,
2177 4073 2361 4135 super
2407 4071 2528 4136 quo
2573 4054 2906 4119 ascendant
2935 4051 3089 4116 dicti
3129 4055 3347 4119 nostri

629 4144 1080 4218 ambaxatoreS‚
1125 4142 1189 4203 et
1233 4141 1651 4204 conducantur
1696 4139 1959 4205 Jadram
1997 4160 2138 4206 cum
2206 4141 2313 4205 illo
2380 4142 2539 4206 bono
2610 4144 2842 4223 ordine,
2914 4139 3022 4222 qui
3077 4141 3342 4210 dabitur

628 4251 737 4316 per
784 4233 1066 4296 nostrum
1116 4228 1449 4292 dominium
1501 4229 1843 4310 superinde.
1894 4229 1986 4293 De
2034 4232 2205 4310 parte
2255 4229 2358 4294 31.

838 4317 947 4382 Ser
997 4316 1365 4382 Benedictus
1414 4315 1785 4399 Superancio
1832 4323 2208 4399 procurator,
2279 4336 2379 4382 ser
2416 4317 2791 4382 Rambertus
2838 4305 3122 4398 Quirino,
3165 4320 3338 4403 sapi-

630 4409 802 4472 entes
846 4406 1124 4484 consilii3
1172 4425 1269 4469 ser
1301 4405 1655 4470 Bernardus
1687 4404 2064 4482 Justiniano,
2097 4424 2197 4470 ser
2228 4403 2582 4471 Leonardus
2616 4404 2970 4485 Haravello,
3015 4407 3336 4491 sapientes

628 4495 928 4561 ordinum.
974 4492 1203 4574 Capta.
1255 4491 1411 4572 Quia
1457 4494 1607 4558 licet
1646 4501 1958 4558 asseratur
2009 4513 2114 4576 per
2160 4494 2419 4577 aliquoS‚
2491 4496 2653 4576 quod
2711 4493 3004 4560 dominus
3051 4513 3160 4560 rex
3204 4497 3334 4562 La·

629 4585 865 4647 dislaus
905 4581 1265 4646 transiverit
1311 4585 1373 4644 et
1419 4582 1785 4662 applicuerit
1829 4581 2114 4662 Jadram,
2161 4587 2367 4647 tamen
2415 4601 2520 4647 nos
2560 4583 2943 4666 ignoramus,
2978 4603 3163 4666 quem
3203 4604 3343 4650 mo-

630 4671 777 4734 dum
825 4673 1183 4734 servaturus
1228 4672 1343 4746 est,
1393 4668 1681 4734 videlicet
1725 4669 1780 4734 si
1818 4669 2080 4734 intrabit
2125 4671 2198 4734 de
2245 4671 2521 4754 presenti
2566 4689 2825 4753 regnum
2876 4668 3198 4756 Hungarie
3231 4673 3335 4739 vel

629 4774 770 4836 non,
820 4756 917 4821 vel
963 4756 1017 4821 si
1062 4775 1128 4820 se
1174 4755 1358 4822 faciet
1403 4759 1677 4824 coronari
1721 4758 1785 4822 in
1817 4757 2007 4824 Jadra
2044 4757 2198 4823 aut
2181 4778 2245 4823 ιιι
2275 4777 2479 4843 regno,
2515 4761 2853 4825 secundum
2883 4762 3043 4842 quod
3074 4778 3331 4849 semper
