3620 5282
489 284 615 349 128

490 459 667 524 annis
717 458 938 541 viginti
986 458 1225 522 tantam
1293 451 2093 538 quantitatem'mercium,
2159 454 2503 528 mo'bilium,
2568 474 2683 536 que
2750 453 2998 518 valeant
3063 453 3228 518 dicta

489 547 984 630 vigintiquinque
1027 545 1196 608 milia
1244 546 1625 619 ducatorum,
1670 544 2000 607 dividenda.
2042 544 2202 606 inter
2248 543 2447 607 dictos
2498 542 2860 606 Jadratinos
2894 544 2958 606 et
2991 541 3228 606 dalma-

487 637 648 699 tinos
700 652 810 717 pro
856 639 988 697 rata
1037 633 1317 714 predicta
1361 651 1397 695 a
1442 633 1910 714 quibuscunque
1945 632 2220 712 personis
2256 633 2443 694 etiam
2483 649 2596 693 non
2637 629 2912 707 Venetis,
2967 635 3031 694 et
3063 632 3227 710 ipsas

488 741 723 786 merces
772 724 1018 804 portare
1065 721 1303 801 possint
1348 719 1602 784 Jadram
1653 722 1717 783 et
1757 719 2140 782 Dalmatiam
2190 721 2253 782 et
2313 719 2387 781 ad
2448 719 2604 781 alias
2670 720 2877 798 partes
2947 717 3226 782 subditas

373 793 398 826 *⁹
484 811 645 874 dicto
695 809 946 872 domino
998 808 1147 890 regi,
1196 808 1347 889 ipsis
1395 807 1737 871 Jadratinis
1785 808 1851 870 et
1898 807 2253 872 dalmatinis
2302 806 2688 869 solventibus
2748 807 2878 868 tam
2933 806 3225 886 portando

484 916 669 979 quam
721 898 1109 973 extrahendO,
1160 899 1223 958 et
1268 899 1395 958 tam
1445 895 1796 958 ementibus
1845 913 2028 975 quam
2077 894 2492 958 vendentibus
2526 893 2826 975 gabellas,
2877 894 3071 968 dacia,
3122 912 3227 975 pe-

481 986 666 1067 dagia
713 988 776 1048 et
821 984 945 1048 alia
991 1002 1176 1047 onera
1220 986 1528 1060 consueta,
1571 1002 1688 1065 que
1738 1002 1843 1063 per
1892 982 2159 1046 Venetos
2201 984 2443 1045 tantum
2501 982 2846 1045 solvuntur.
2919 981 3004 1045 Et
3062 980 3220 1063 quod

485 1092 590 1153 per
636 1071 870 1135 dictum
922 1089 1245 1135 commune
1276 1071 1672 1134 Venetiarum
1727 1071 1976 1133 licentia
2024 1072 2395 1133 concedatur
2437 1070 2904 1151 quibuscunque
2942 1088 3054 1132 non
3105 1067 3221 1131 Ve-

363 1191 434 1246 us
484 1159 646 1223 netis
695 1158 937 1224 emendi
984 1177 1020 1221 a
1066 1159 1246 1222 dictis
1270 1157 1614 1222 Jadratinis
1660 1161 1724 1221 et
1770 1157 2149 1232 dalmatinis,
2188 1159 2257 1220 ut
2302 1176 2507 1239 supra,
2557 1158 2622 1220 et
2662 1156 2953 1220 similiter
2987 1156 3220 1220 eisdem

389 1451 430 1491 ν’

484 1246 783 1311 vendendi
830 1248 1062 1329 absque
1107 1245 1314 1328 aliquo
1361 1246 1560 1309 banno
1609 1246 1736 1310 sive
1781 1263 1955 1326 pena,
2009 1249 2073 1307 et
2119 1246 2229 1309 hoc
2288 1244 2553 1327 singulis
2613 1245 2793 1307 annis
2856 1263 2964 1326 pro
3027 1262 3221 1325 quan-

483 1336 773 1399 titatibus
837 1337 900 1397 et
965 1352 1154 1416 usque
1205 1335 1262 1397 in
1314 1334 1697 1415 quantitates
1756 1336 2077 1397 contentas
2127 1334 2184 1396 in
2237 1333 2505 1415 presenti
2550 1330 2843 1413 capitulo,
2893 1331 3221 1395 dummodo

484 1442 592 1505 per
638 1421 919 1504 predicta
968 1439 1086 1485 non
1131 1421 1540 1504 intelligatur,
1590 1423 1746 1502 quod
1796 1421 1944 1484 dicti
1994 1419 2308 1485 Jadratini
2351 1424 2414 1483 et
2459 1419 2787 1484 dalmatini
2829 1419 3068 1501 possint
3104 1418 3224 1482 Ve-

485 1509 688 1574 necias
736 1512 981 1591 portare
1029 1509 1142 1586 sal,
1211 1528 1322 1573 nec
1385 1509 1658 1573 imittere
1710 1508 1806 1571 vel
1871 1508 2186 1572 extrahere
2244 1508 2318 1572 de
2363 1506 2647 1573 Veneciis
2694 1525 2785 1583 ea,
2841 1525 2959 1590 que
3003 1506 3226 1571 Veneti

487 1596 719 1681 proprii
766 1597 1041 1662 imittere
1087 1595 1185 1661 vel
1233 1598 1551 1661 extrahere
1598 1614 1715 1659 non
1765 1599 2042 1678 possunt.
2092 1596 2174 1659 Et
2218 1597 2306 1660 sic
2354 1595 2625 1677 predicta
2670 1595 2825 1659 fiant
2882 1596 3013 1659 sine
3078 1594 3217 1657 dolo

485 1687 550 1749 et
594 1684 706 1749 tali
752 1684 998 1749 cautela
1044 1683 1342 1760 adhibita,
1393 1685 1551 1766 quod
1600 1684 1788 1747 salvis
1838 1683 2132 1767 predictis
2180 1686 2245 1747 et
2284 1684 2676 1748 concessione
2736 1682 3013 1765 predicta
3057 1700 3223 1746 com·

485 1792 667 1836 mune
712 1772 1120 1836 Veneciarum
1171 1770 1552 1836 desfraudari
1603 1790 1717 1835 non
1773 1774 1986 1853 possit.

697 1860 857 1924 Item
902 1860 1057 1943 quod
1106 1878 1214 1941 per
1266 1859 1504 1923 dictum
1548 1877 1873 1922 commune
1909 1859 2313 1930 veneciarum
2350 1858 2704 1922 conceditur
2753 1860 2816 1922 et
2860 1876 3221 1922 concessum

485 1947 872 2030 intelligatur
912 1949 970 2010 in
999 1949 1360 2029 perpetuum
1412 1947 1596 2012 dictis
1620 1946 1984 2025 Jadratiuis,
2034 1948 2195 2029 quod
2242 1946 2474 2009 eisdem
2525 1944 2715 2010 liceat
2761 1963 2965 2010 emere
3008 1945 3069 2009 in
3105 1945 3223 2008 Ve-

487 2035 676 2100 neciis
715 2036 780 2098 et
825 2035 967 2098 inde
1014 2035 1333 2098 extrahere
1372 2054 1557 2117 cupos
1603 2053 1710 2099 seu
1760 2036 2003 2118 tegulas
2053 2038 2116 2098 et
2161 2037 2438 2098 matones
2476 2036 2715 2098 tantum
2766 2051 2875 2116 pro
2907 2035 3223 2099 construc-

485 2125 650 2188 tione
697 2124 762 2186 et
808 2123 1196 2205 reparatione
1244 2122 1622 2187 edificiorum
1673 2142 1946 2201 suorum,
1994 2123 2226 2204 absque
2273 2121 2581 2187 solutione
2629 2121 2896 2186 alicuius
2958 2120 3225 2203 pedagii,

488 2210 644 2274 dacii
696 2211 792 2275 vel
840 2210 1105 2294 gabelle.
1955 2213 1959 2217 ’

698 2300 856 2362 Item
905 2299 1025 2362 fuit
1070 2297 1409 2362 solenniter
1453 2301 1822 2361 conventum
1867 2297 2031 2361 inter
2087 2300 2296 2379 partes
2344 2300 2653 2380 predictas
2716 2297 3066 2362 nominibus
3114 2315 3225 2360 au·

486 2387 753 2462 tedictiS,
803 2388 958 2467 quod
1000 2402 1325 2450 commune
1361 2385 1794 2463 veneciarum,
1847 2404 1954 2449 nec
1987 2385 2213 2467 aliquis
2246 2386 2532 2450 officialis
2565 2386 2841 2449 eiusdem
2879 2403 2997 2449 non
3030 2385 3227 2466 possit

486 2473 685 2537 facere
733 2471 979 2554 aliquod
1028 2476 1359 2551 statutum,
1422 2471 1710 2537 deveturu
1779 2475 1872 2536 vel
1936 2473 2347 2556 provisionem
2411 2473 2742 2555 specialem
2803 2474 3019 2537 contra
3081 2472 3227 2536 sub-

487 2563 649 2626 ditos
700 2560 850 2624 dicti
896 2560 1132 2624 domini
1183 2561 1367 2645 regia,
1416 2565 1480 2625 et
1527 2561 1808 2644 precipue
1856 2564 2070 2625 contra
2116 2561 2478 2626 Jadratinos
2522 2580 2630 2625 seu
2666 2561 2727 2623 in
2761 2561 3034 2644 ipsorum
3086 2579 3225 2643 pre-

489 2650 805 2715 iudicium.
850 2649 1239 2714 Generaliter
1289 2668 1429 2714 vero
1478 2652 1753 2714 statuere
1799 2655 1863 2713 et
1910 2651 2193 2714 ordinare
2235 2651 2419 2714 liceat
2468 2670 2573 2731 pro
2623 2651 2801 2714 libito
2860 2648 3223 2712 voluntatis

698 2739 852 2801 Item
903 2736 1024 2802 fuit
1068 2739 1277 2802 actum
1325 2739 1390 2801 et
1433 2740 1801 2802 conventum
1851 2739 2011 2802 inter
2071 2738 2271 2802 dictas
2332 2744 2540 2820 partes
2603 2738 2787 2801 dictis
2850 2737 3220 2810 nominibuS,

489 2826 649 2907 quod
727 2827 880 2889 bona
949 2824 1296 2889 immobilia
1367 2827 1752 2906 singularum
1830 2845 2226 2907 personarum
2290 2828 2620 2889 existentia
2683 2825 2746 2889 in
2792 2825 3077 2888 Veneciis
3128 2824 3221 2887 vel

489 2913 798 2977 territorio
846 2913 991 2976 dicti
1042 2913 1388 2978 communis
1439 2912 1866 2989 Veneciaruiu‚
1932 2934 2046 2996 que
2106 2918 2381 2995 tempore
2448 2913 2851 2977 inchoationis
2917 2913 3221 2993 presentis

489 3020 711 3082 guerre
756 3003 936 3065 erant
981 3002 1324 3084 aliquorum
1376 3002 1766 3066 subditorum
1816 3002 1963 3065 dicti
2015 3001 2245 3065 domini
2316 3003 2478 3083 regis
2528 3020 2634 3065 seu
2692 3021 2801 3082 per
2865 3019 2967 3064 eos
3031 3000 3221 3082 possi-

489 3090 810 3165 debantur,
860 3091 1271 3154 restituantur
1317 3088 1546 3152 eisdem
1600 3090 1659 3152 in
1708 3108 1776 3153 eo
1829 3091 1956 3154 iure
2006 3088 2406 3170 possessionis
2454 3092 2518 3153 et
2564 3089 2839 3163 dominii,
2889 3106 3006 3169 quo
3054 3091 3222 3152 tene-

489 3178 718 3240 bantur
766 3180 1038 3259 tempore
1084 3177 1488 3240 inchoationis
1536 3176 1840 3258 presentis
1884 3196 2124 3260 guerre.
2192 3177 2274 3241 Et
2317 3180 2529 3242 eodem
2581 3178 2760 3242 modo
2808 3176 3016 3239 omnia
3063 3176 3219 3239 bona

495 3263 841 3327 immobilia
900 3264 1289 3346 singularum
1353 3282 1749 3345 personarum
1814 3265 1889 3328 de
1951 3265 2235 3330 Veneciis
2298 3266 2396 3329 vel
2455 3284 2665 3329 eorum
2726 3264 3035 3328 territorio
3100 3266 3223 3327 exi·

495 3350 725 3414 stentia
791 3352 850 3412 in
912 3352 1237 3415 territoriis
1303 3352 1522 3432 prefati
1587 3353 1965 3416 serenissimi
2034 3352 2263 3416 domini
2328 3354 2492 3436 regis
2565 3352 2749 3415 dictis
2799 3351 3219 3431 singularibus

492 3439 767 3519 personis
814 3440 1218 3502 restituantur
1263 3439 1325 3502 in
1371 3458 1440 3503 eo
1491 3440 1618 3503 iure
1665 3440 2072 3523 possessionis
2120 3444 2183 3503 et
2231 3440 2504 3517 dominii,
2564 3441 2788 3521 quibus
2854 3440 3219 3504 tenebantur

494 3528 638 3590 ante
687 3530 1031 3608 presentem
1083 3545 1390 3608 guerram.

705 3614 861 3677 ltem
909 3613 1031 3678 fuit
1076 3618 1280 3678 actum
1333 3616 1397 3679 et
1441 3614 1789 3696 specialiter
1848 3617 2215 3679 conventum
2281 3614 2441 3679 inter
2502 3615 2698 3678 dictas
2765 3622 2972 3695 partes
3036 3613 3218 3677 dictis

493 3702 871 3779 nominibus,
919 3702 1077 3784 quod
1127 3703 1201 3765 de
1250 3702 1496 3780 debitis,
1547 3704 1622 3766 ad
1685 3722 1802 3783 que
1848 3703 2080 3767 subditi
2148 3704 2327 3766 unius
2392 3703 2584 3783 partis
2648 3703 3018 3766 tenebantur
3080 3702 3222 3764 sub-

498 3790 647 3854 ditis
695 3791 972 3853 alterius¹
1000 3790 1197 3872 partis
1245 3794 1518 3871 tempore
1566 3791 1974 3855 inchoationis
2024 3792 2325 3871 presentis
2374 3810 2614 3873 guerre,
2663 3790 2772 3853 fiat
2807 3790 3058 3854 iusticia
3090 3808 3220 3871 per-

492 3879 632 3943 inde
680 3896 751 3942 ac
795 3879 849 3941 si
896 3896 1144 3961 presens
1195 3896 1416 3961 guerra
1464 3897 1578 3943 non
1627 3880 1977 3942 occurisset.

709 3967 869 4028 Item
917 3966 1079 4047 quod
1127 3966 1344 4030 Veneti
1393 3985 1529 4030 cum
1580 3966 1784 4048 aliqua
1840 3966 2015 4048 galea
2086 3967 2180 4031 vel
2238 3967 2433 4050 galeis
2495 3965 2757 4029 armatis
2819 3966 3050 4029 intrare
3108 3980 3222 4027 non

496 4053 735 4134 possint
783 4054 1051 4137 aliquem
1103 4057 1344 4136 portum
1396 4055 1469 4117 de
1521 4056 1738 4117 catena
1786 4053 1937 4117 dicti
1986 4054 2220 4118 domini
2269 4055 2429 4137 regis
2476 4072 2580 4117 seu
2646 4052 3035 4116 subditorum
3087 4069 3225 4115 suo-

495 4159 654 4218 rum,
704 4144 916 4204 contra
965 4142 1348 4206 voluntatem
1394 4140 1819 4227 habitancium
1865 4161 1971 4206 seu
2019 4143 2363 4206 tenencium
2412 4143 2641 4205 dictum
2691 4147 2958 4222 portum.

705 4229 860 4291 Item
912 4229 1031 4292 fnit
1075 4231 1284 4293 actum
1338 4231 1402 4292 et
1456 4228 1810 4309 specialiter
1855 4237 2215 4294 conventum
2293 4231 2449 4294 inter
2511 4228 2709 4292 dictas
2767 4230 2977 4310 partes
3039 4224 3219 4289 dictis

497 4316 867 4393 nominibuS,
919 4318 1075 4399 quod
1126 4318 1292 4380 dicto
1341 4318 1585 4381 domino
1639 4318 1765 4399 regi
1819 4319 2225 4382 restituantur
2262 4336 2474 4381 ornnes
2511 4318 2692 4392 terre,
2737 4316 2872 4379 loca
2906 4319 2968 4379 et
2997 4322 3220 4387 castra,

497 4421 612 4483 que
659 4422 767 4484 per
811 4423 1133 4468 commune
1187 4405 1585 4469 veneciarum
1636 4407 1942 4481 tenentur,
1993 4425 2111 4487 que
2157 4406 2322 4469 dicto
2366 4405 2609 4467 domino
2658 4404 2786 4485 regi
2834 4401 3045 4467 ablata
3076 4400 3222 4464 fuis-

499 4492 637 4551 sent
686 4509 792 4570 per
842 4492 1107 4555 Venetos
1156 4495 1429 4575 tempore
1474 4492 1779 4568 presentis
1828 4511 2067 4575 guerre,
2115 4496 2177 4558 et
2224 4492 2573 4575 specialiter
2605 4491 2826 4555 civitas
2859 4493 2922 4555 et
2952 4492 3217 4555 castrum

500 4574 782 4647 Cathari;
831 4581 892 4639 et
940 4598 1116 4643 versa
1162 4581 1292 4644 vice
1341 4581 1524 4644 dictis
1571 4579 1820 4643 domiuo
1869 4579 2007 4643 duci
2082 4581 2146 4644 et
2206 4581 2516 4644 communi
2576 4579 2982 4645 Veneciarum
3048 4577 3223 4641 resti-

500 4662 754 4723 tuantur
798 4680 1009 4728 omnes
1056 4669 1239 4746 terre,
1286 4666 1421 4730 loca
1467 4670 1531 4732 et
1574 4672 1794 4739 castra,
1844 4684 1958 4748 que
2008 4686 2112 4749 per
2145 4668 2380 4733 dictum
2412 4667 2729 4731 dominum
2763 4686 2972 4751 regem
3010 4669 3217 4730 tenen-
