3620 5282
521 355 651 421 330

521 532 741 598 tissam
790 550 863 597 ac
908 532 1229 599 dominum
1281 534 1576 601 comitem
1623 534 1752 599 eius
1779 535 2000 614 filium,
2035 532 2555 618 quemadmodum
2585 532 2950 596 amaverunt
2982 533 3256 614 patrem,

525 625 590 685 et
634 620 855 685 solutio
903 623 1051 686 dicti
1104 623 1262 688 dacii
1311 644 1426 689 non
1472 626 1761 706 procedit,
1810 625 1954 707 qnia
2002 641 2112 687 nec
2157 641 2330 687 amor
2377 623 2464 686 sit
2508 621 2819 686 extinctus
2882 639 2996 685 nec
3059 619 3257 684 dimi-

524 714 731 785 nutuS,
781 711 885 773 sed
936 711 1081 791 quia
1134 711 1701 795 multiplicantibus
1748 714 1827 776 ab
1874 712 2133 776 infinitis
2178 711 2457 793 partibus
2506 710 2722 774 multis
2766 707 3081 774 similibus
3136 725 3258 789 pe-

524 797 846 862 titionibus
892 818 1033 862 cum
1084 818 1309 882 magno
1356 802 1581 864 damno
1622 806 1684 865 et
1729 801 2140 865 diminutione
2186 801 2496 864 datiorum
2544 801 2608 862 et
2656 797 3025 862 introituum
3062 797 3254 860 huius

522 889 701 965 terre,
763 887 942 950 detur
1005 890 1265 965 materia
1324 890 1463 953 aliis
1526 889 1799 954 restandi
1861 908 1898 952 a
1962 889 2198 953 talibus
2264 885 2691 970 peticionibus,
2772 904 2880 949 nec
2926 884 3256 960 credatur,

521 975 679 1056 quod
726 974 1067 1039 dominatio
1132 995 1246 1041 non
1309 978 1716 1059 complaceret
1784 977 2026 1042 domino
2096 975 2308 1041 comiti
2379 978 2444 1039 et
2505 975 2753 1038 domine
2800 972 3117 1038 comitisse
3169 971 3260 1035 de

521 1061 718 1125 multo
769 1063 984 1127 maiori
1033 1083 1116 1142 re,
1168 1066 1255 1129 ita
1296 1066 1457 1148 quod
1506 1066 1623 1148 ipsi
1673 1085 1789 1130 non
1839 1066 2070 1130 debent
2129 1066 2200 1129 de
2239 1065 2354 1129 hoc
2402 1062 2648 1147 gravari
2698 1082 2891 1145 neque
2943 1079 3070 1136 v08,
3121 1061 3259 1124 imo

522 1152 773 1231 propter
832 1169 1104 1216 amorem
1170 1154 1537 1219 existentem
1602 1153 1765 1218 inter
1828 1164 2032 1235 partes
2095 1153 2326 1217 debent
2387 1171 2521 1216 esse
2585 1151 2873 1222 contenti,
2930 1150 3086 1232 quod
3136 1167 3260 1231 per

523 1238 713 1301 istum
764 1240 1011 1303 modum
1061 1240 1240 1305 detur
1313 1243 1573 1307 materia
1636 1243 1775 1306 aliis
1837 1260 1958 1306 non
2008 1240 2379 1306 molestandi
2433 1240 2774 1305 dominium
2839 1240 2928 1303 de·
2976 1236 3252 1314 talibus,

526 1343 643 1407 que
677 1331 822 1390 sunt
852 1345 992 1391 cum
1026 1330 1199 1394 tanto
1229 1330 1455 1395 damno
1494 1348 1624 1395 suo.
1674 1331 1771 1394 Ad
1805 1330 2094 1395 ultimam
2126 1331 2369 1412 partem
2402 1328 2867 1395 Jadratinorum
2901 1324 3260 1407 respondeo

522 1413 714 1492 vebia,
764 1414 925 1496 quod
973 1435 1083 1498 per
1130 1436 1218 1496 ea,
1271 1437 1387 1500 que
1446 1418 1571 1483 scio
1634 1420 1697 1483 et
1743 1419 2258 1500 comprehendere
2305 1435 2576 1499 possum,
2623 1416 2963 1480 dominatio
3011 1432 3129 1476 non
3171 1432 3250 1499 se

521 1501 853 1583 impediret
913 1505 1120 1588 aliquo
1193 1508 1371 1571 modo
1441 1508 1515 1572 de
1580 1507 1757 1571 factis
1829 1506 1975 1586 illis,
2046 1508 2189 1591 quia
2250 1506 2441 1571 habet
2508 1512 2569 1571 et
2637 1507 2812 1569 tenet
2857 1502 2921 1567 in
2967 1502 3250 1567 amicam

521 1592 844 1673 utramque
891 1595 1154 1674 partem.

610 1697 851 1759 Secreta
901 1699 1072 1761 Cous,
1124 1702 1269 1778 Roy.
1307 1703 1385 1762 R.
1434 1705 1535 1774 93,
1577 1723 1618 1762 u
1662 1704 1818 1766 mlet.
1868 1704 2102 1764 arkivu.

785 1888 1346 1972 CCCCLXIX.
1404 1892 1602 1976 God.
1661 1894 1887 1977 1394.
1946 1895 2041 1977 16
2094 1895 2428 1996 srpnja‚
2478 1915 2537 1974 u
2591 1889 2980 1973 Mletcih.

518 2034 854 2106 Republika
898 2035 1241 2110 dozvoljuje,
1290 2038 1369 2096 da
1409 2040 1669 2112 prodajcz
1714 2040 1827 2097 soli
1871 2039 2019 2098 bade
2065 2041 2088 2097 i
2135 2057 2177 2096 u
2221 2039 2431 2096 Dradu
2477 2038 2587 2096 kao
2633 2037 2722 2094 §to
2761 2054 2802 2094 u
2870 2033 3079 2093 Aleksi
3144 2034 3247 2093 ob-

517 2124 699 2181 zirom
743 2142 826 2181 na
868 2125 1118 2199 njekoqa
1162 2126 1355 2200 Sajna
1403 2131 1641 2186 turbina
1670 2128 2002 2202 yospodara
2042 2127 2448 2199 okolostojec'ih
2492 2125 2781 2199 pred-ieta,
2816 2127 2870 2182 tc
2895 2123 3256 2196 potvrcb‘uy‘e

1464 2217 1713 2290 yradskt‘
1759 2217 2016 2275 zakovzik
2061 2216 2287 2276 draffki.

733 2314 917 2378 1394.
968 2316 1306 2381 indictione
1351 2321 1635 2394 secunda,
1685 2320 1784 2383 die
1829 2318 1977 2382 XVI
2045 2319 2200 2382 iulii.
2273 2317 2594 2399 Sapientes
2665 2314 2927 2379 consilii.
3000 2313 3242 2397 Capta:

519 2420 659 2464 cum
710 2406 956 2485 propter
1003 2405 1362 2469 mandatum
1414 2407 1489 2470 de
1538 2426 1689 2471 novo
1739 2408 1996 2471 missum
2047 2406 2255 2471 baiulo
2323 2409 2385 2470 et
2453 2404 2777 2486 capitaneo
2843 2406 3051 2467 nostro
3105 2404 3240 2468 Du-

518 2489 713 2554 rachii
762 2511 867 2578 pes
913 2492 1244 2557 adventum
1317 2494 1565 2559 illorum
1639 2496 2145 2580 Duchaynorum,
2218 2493 2321 2577 qui
2368 2492 2568 2577 pridie
2636 2492 2885 2555 fuerunt
2956 2493 3033 2554 ad
3099 2512 3242 2574 pre·

521 2579 791 2643 sentiam
860 2580 1138 2659 dominii,
1204 2583 1461 2662 scilicet,
1527 2585 1684 2668 quod
1742 2604 1858 2650 non
1919 2584 2308 2666 permitteret
2371 2580 2601 2666 portari
2665 2581 2862 2645 salem
2934 2580 3243 2645 Durachii

519 2667 643 2731 alio
691 2686 874 2750 quam
911 2670 988 2733 ad
1032 2674 1303 2734 castrum
1349 2672 1532 2749 Lesii,
1584 2674 1741 2755 quod
1785 2675 2062 2737 castrum
2113 2672 2233 2737 fuit
2279 2670 2755 2754 Duchaynorum
2788 2668 3235 2751 predictorum,

521 2757 804 2821 venerint
851 2758 966 2822 huc
1014 2759 1133 2823 duo
1178 2760 1626 2826 ambasiatores
1675 2763 1922 2827 nomine
1969 2759 2433 2825 communitatis
2479 2760 2642 2823 dicte
2692 2764 2873 2834 terre,
2924 2776 3237 2839 exponen-

519 2846 617 2908 tes
666 2843 829 2908 inter
877 2848 1098 2923 cetera,
1150 2850 1305 2929 quod
1346 2850 1397 2912 si
1447 2849 1813 2915 mandatum
1858 2851 2204 2931 predictum
2255 2849 2483 2913 servari
2535 2846 2803 2923 deberet,
2848 2844 2959 2909 illa
3006 2847 3238 2911 civitas

520 2935 688 2996 esset
736 2953 807 2997 ex
853 2935 984 2999 toto
1032 2935 1295 3013 deserta,
1346 2940 1409 3000 et
1452 2937 1569 3001 hoc
1618 2940 1836 3003 scribit
1882 2938 2073 3001 etiam
2123 2937 2365 3002 baiulus
2413 2940 2477 3001 et
2508 2937 2861 3017 capitaneus
2899 2933 3236 3016 predictuS,

523 3022 670 3103 quia
710 3020 823 3085 illa
871 3024 1091 3087 civitas
1137 3024 1597 3090 iurisdicionem
1646 3027 1854 3104 habet,
1904 3026 2063 3109 quod
2112 3027 2172 3089 in
2217 3025 2578 3089 fluminibus
2625 3023 2712 3088 ibi
2762 3024 3242 3088 circumstanti-

518 3110 632 3173 bus
670 3127 788 3173 non
836 3113 1044 3194 potest
1091 3113 1342 3176 conduci
1388 3115 1481 3178 sal
1529 3116 1601 3178 de
1640 3115 1844 3199 aliquo
1890 3115 2011 3179 alio
2058 3115 2191 3178 loco
2239 3114 2356 3179 nisi
2418 3113 2493 3176 de
2542 3112 2864 3189 Durachio,
2928 3111 3019 3174 ita
3066 3114 3236 3196 quod

520 3198 861 3262 Durachini
918 3200 1030 3265 soli
1081 3202 1331 3278 portant
1378 3202 1569 3266 salem
1622 3223 1798 3267 suum
1849 3202 1911 3266 in
1959 3202 2107 3281 illis,
2156 3205 2218 3266 et
2264 3203 2336 3265 de
2382 3202 2496 3265 hoc
2543 3219 2865 3265 commune
2936 3203 3230 3265 nostrum

520 3285 716 3350 h'abet
762 3306 936 3351 suam
986 3288 1368 3364 utilitatem;
1418 3290 1645 3354 habent
1688 3292 1877 3355 etiam
1919 3293 2088 3356 certa
2135 3295 2309 3371 pacta
2356 3309 2498 3353 cum
2558 3287 2760 3373 Sayno
2804 3287 3065 3365 Tarcho,
3116 3288 3237 3353 do-

522 3373 685 3438 mino
723 3376 978 3440 mercati
1022 3378 1216 3441 sancti
1264 3376 1453 3455 Serci,
1506 3383 1566 3442 et
1613 3378 1705 3443 illi
1746 3382 1922 3444 dat-ur
1965 3378 2040 3443 de
2088 3379 2217 3443 sale
2264 3377 2561 3441 Durachii
2629 3378 2966 3441 secundum
3016 3395 3228 3457 usum,

522 3467 584 3525 et
626 3461 677 3524 si
727 3481 844 3526 non
894 3463 1144 3529 daretur
1191 3466 1329 3542 sibi,
1383 3467 1512 3548 ipse
1559 3485 1679 3532 non
1726 3469 2116 3551 permitteret
2162 3467 2401 3549 aliquas
2432 3482 2768 3530 caravanas
2801 3482 2912 3528 nec
2959 3464 3241 3547 aliquem

521 3549 715 3613 alium
766 3553 969 3616 venire
1017 3553 1417 3633 Durachium,
1468 3557 1611 3638 quia
1658 3555 1844 3620 habet
1891 3573 2111 3639 passus
2158 3573 2368 3618 omnes
2415 3555 2478 3617 in
2526 3553 2813 3618 manibus
2869 3553 3019 3632 suis,
3069 3555 3241 3635 quod

521 3642 683 3702 esset
725 3657 864 3703 cum
919 3659 1139 3723 magno
1186 3643 1408 3706 damno
1456 3661 1568 3707 suo
1630 3647 1694 3708 et
1754 3643 1951 3709 nostri
1998 3645 2361 3720 communie„
2427 3646 2634 3725 posset
2703 3642 2889 3705 etiam
2938 3641 3014 3705 de
3061 3641 3242 3708 facili

520 3727 767 3810 propter
815 3727 1044 3792 dictam
1095 3747 1346 3795 causam
1395 3730 1634 3812 predari
1683 3735 1877 3797 totam
1928 3733 2225 3813 patriam;
2279 3732 2447 3795 vadit
2491 3749 2633 3813 pars
2695 3729 2987 3812 predictis
3032 3731 3242 3794 consi-

520 3815 772 3891 deratiS,
818 3819 882 3879 et
926 3818 1082 3900 quod
1130 3838 1285 3882 unus
1335 3820 1406 3882 de
1454 3820 1635 3884 dictis
1680 3821 2053 3903 DuchayniS,
2104 3822 2248 3902 quia
2289 3819 2446 3883 alter
2516 3822 2796 3883 mortuus
2843 3821 2961 3895 est,
3009 3819 3111 3882 est
3156 3821 3238 3883 de

520 3903 636 3969 hoc
682 3907 1026 3983 contentuS,
1077 3905 1239 3989 quod
1286 3906 1525 3972 dicatur
1593 3908 1776 3972 dictis
1826 3907 2363 3984 ambasiatoribuS,
2435 3910 2499 3971 et
2573 3907 2661 3971 sic
2732 3905 3059 3970 mandetur
3107 3906 3236 3988 ipsi

519 3993 722 4058 baiulo
768 3996 832 4056 et
877 3994 1213 4076 capitaneo,
1260 3997 1417 4077 quod
1463 3997 1523 4060 in
1571 3996 1685 4060 boc
1733 3997 1896 4061 sacto
1938 3997 2085 4060 salis
2133 4015 2349 4060 sumus
2395 3995 2683 4072 contenti,
2732 3995 2892 4076 quod
2923 3995 3223 4061 observet

522 4080 659 4145 illos
705 4081 895 4146 bonos
943 4085 1168 4162 modos,
1219 4084 1321 4166 qui
1370 4103 1475 4148 sue
1524 4085 1828 4166 sapientie
1877 4083 2261 4161 videbuntur,
2329 4086 2416 4147 ita
2484 4084 2644 4165 quod
2712 4083 2821 4147 illa
2888 4082 3109 4147 civitas
3160 4086 3234 4148 et

518 4169 731 4233 fideles
774 4170 965 4235 nostri
1013 4191 1128 4235 non
1174 4174 1491 4254 patiantur
1539 4172 1932 4237 incomodum
1976 4174 2036 4237 in
2084 4172 2575 4236 iurisditionibns
2619 4172 2768 4249 suis,
2818 4171 2882 4233 et
2927 4171 3084 4254 quod
3119 4190 3234 4252 po-

520 4263 626 4322 nat
673 4259 861 4322 etiam
911 4263 1204 4340 mentem,
1245 4262 1400 4342 quod
1447 4261 1520 4324 de
1570 4265 1840 4325 mercato
1887 4261 2050 4325 Lesii
2100 4264 2373 4326 nostrum
2441 4278 2765 4325 commune
2810 4262 3236 4341 consequatur

520 4346 882 4424 utilitatem,
935 4349 1003 4411 ut
1050 4367 1165 4412 non
1213 4349 1551 4414 habeamus
1599 4350 1684 4413 ibi
1718 4368 2045 4431 expensam
2093 4351 2225 4414 sine
2275 4348 2431 4412 utili.

729 4431 958 4515 Capta:
1028 4436 1276 4519 insuper
1342 4436 1486 4520 quia
1541 4438 1691 4501 dicti
1738 4437 2182 4502 ambasiatores
2247 4435 2602 4520 supplicant
2648 4436 2853 4499 nostro
2929 4433 3234 4515 domini0,

521 4522 678 4602 quod
727 4522 1049 4605 dignemur
1097 4526 1255 4589 dicte
1291 4526 1732 4591 ,communitati
1782 4526 2080 4590 Durachii
2125 4526 2324 4590 facere
2372 4524 2585 4589 literas
2634 4525 2872 4587 nostras
2923 4522 3235 4604 patenteS,

522 4609 585 4671 in
633 4610 856 4689 quibus
908 4612 1292 4677 contineatur
1337 4613 1493 4677 illud
1541 4614 1905 4696 capitulum,
1956 4615 2112 4697 quod
2159 4613 2456 4678 insertum
2494 4610 2683 4677 estin
2715 4610 3038 4693 privilegio
3069 4611 3230 4677 alias

521 4698 664 4760 dato
711 4697 957 4762 domino
1004 4718 1133 4777 suc,
1181 4702 1438 4773 scilicet,
1517 4701 1762 4767 domino
1839 4702 2102 4785 Georgio
2170 4701 2378 4783 Topie,
2426 4698 2764 4776 continenS,
2812 4701 2974 4781 quod
3021 4699 3223 4763 domi-

519 4781 688 4849 natio
726 4786 941 4850 nostra
982 4786 1198 4852 debeat
1241 4806 1486 4854 servare
1532 4791 1771 4856 statuta
1801 4791 1865 4855 et
1895 4789 2135 4855 ordines
2167 4790 2330 4855 dicte
2360 4786 2638 4855 civitatis
2672 4786 3002 4864 Durachii3
3049 4786 3231 4853 vadit
