3620 5282
3016 351 3098 417 15

745 608 750 614 .
800 528 1042 609 xlx,
1096 528 1302 610 cod.
1356 528 1576 611 1347.
1631 530 1736 611 24
1790 529 2117 631 sni-pnja⁹
2174 550 2232 609 u
2286 528 2675 610 metam.

364 655 475 714 Na
521 656 717 713 molbu
754 656 1065 729 'spljetskih
1106 656 1428 728 poslanika
1474 656 1699 714 rieffeno
1720 700 1733 723 ,
1780 657 1860 713 cla
1906 656 2144 729 njekoja
2189 655 2370 713 dobra
2416 656 2528 713 kao
2572 654 2872 713 zadarska
2909 670 3094 728 πεαρ-

851 745 995 802 ὀεηα
1035 761 1109 804 za
1152 745 1521 818 zadarskoya
1562 748 1704 802 rata
1747 744 1907 802 buda
1951 762 2035 802 na
2079 744 2318 801 slobodu
2353 744 2638 816 puffdcna.

602 845 789 910 1347.
852 846 950 911 die
994 847 1202 910 XXIV
1248 847 1405 925 iulii,
1468 851 1682 928 capta:
1748 846 1823 911 ad
1887 847 2277 910 ambaxatam
2339 846 2404 908 in
2465 845 2712 926 scriptis
2779 848 3091 926 porectam

368 932 581 998 ducali
623 935 887 999 dominio
932 954 1039 1018 per
1084 937 1541 999 ambaxatorem
1589 935 1835 999 comitis
1882 938 1944 997 et
1988 935 2258 998 civitatis
2308 934 2567 1015 Spaleti,
2613 934 2676 996 in
2724 952 2844 1015 qua
2891 934 3091 1015 primo

371 1023 647 1103 exponit,
698 1022 858 1105 quod
903 1024 1047 1087 dum
1089 1024 1330 1088 domine
1377 1022 1707 1087 Catherina
1752 1027 1816 1087 et
1864 1022 2143 1098 Dobriza,
2180 1021 2305 1085 filie
2353 1021 2610 1086 condam
2659 1021 2830 1086 Petri
2869 1020 3094 1086 Cannu-

374 1110 500 1174 reri
547 1110 702 1175 civis
751 1110 1005 1192 Spaleti,
1049 1129 1308 1193 quarum
1343 1129 1480 1188 una,
1531 1112 1768 1175 scilicet
1799 1110 2046 1175 domina
2085 1108 2418 1174 Catherina
2451 1108 2748 1191 predicta,
2797 1108 2917 1173 fuit
2948 1128 3096 1173 uxor

375 1199 581 1262 Marci
627 1201 886 1264 condam
933 1199 1233 1265 Johannis
1280 1199 1353 1263 de
1402 1198 1747 1277 Cevalellis,
1813 1201 1876 1262 et
1921 1200 2118 1262 altera
2174 1196 2498 1279 Grisogoni
2557 1198 2850 1273 Musche,
2917 1197 3095 1262 vidue

372 1288 838 1364 remansissent,
887 1289 952 1352 et
995 1288 1378 1352 intendentes
1426 1288 1619 1352 redire
1670 1287 2011 1370 Spaletum,
2061 1288 2193 1369 ipsa
2239 1286 2483 1351 domina
2523 1283 2853 1350 Catberina
2882 1286 3089 1349 dotem

376 1393 580 1453 suam,
630 1395 743 1458 que
789 1375 911 1439 fuit
954 1375 1252 1441 librarum
1303 1376 1472 1440 mille
1512 1376 2022 1459 quingentarum,
2078 1376 2140 1437 et
2186 1374 2490 1456 quoddam
2554 1373 2829 1456 legatum
2880 1374 3009 1437 cius
3057 1393 3094 1437 a

377 1466 580 1529 matre
627 1483 736 1529 sua
780 1464 899 1529 sibi
942 1464 1224 1529 relictum
1270 1464 1568 1528 librarum
1616 1464 2129 1547 quingentarum3
2194 1463 2256 1525 et
2310 1461 2474 1525 dicta
2534 1461 2779 1526 domina
2827 1462 3094 1526 Dobriza

374 1550 658 1634 legatum
722 1571 900 1617 suum
946 1571 984 1616 a
1028 1552 1196 1616 dicta
1256 1552 1388 1617 eius
1449 1554 1645 1617 matre
1701 1551 1989 1616 similiter
2052 1550 2169 1615 sibi
2233 1548 2517 1614 relictum
2562 1550 2861 1613 librarum
2917 1550 3094 1633 quin—

378 1642 746 1722 gentarum,
796 1641 1127 1705 traxissent
1174 1640 1246 1703 de
1293 1639 1628 1716 Jadra,-et
1677 1639 1996 1722 Spaletum
2057 1657 2262 1703 secum
2325 1637 2676 1715 duxissent,
2741 1640 3093 1720 supervenit

376 1747 600 1811 guerra
644 1728 849 1807 Jadre‚
897 1733 1147 1811 propter
1190 1730 1350 1812 quod
1396 1728 1678 1793 dominus
1726 1727 2071 1810 Stephanus
2119 1725 2481 1804 CentarenO,
2530 1731 2675 1790 tunc
2719 1744 2889 1791 come
2939 1727 3093 1810 Spa-

380 1816 514 1892 leti‚
560 1821 812 1899 propter
855 1816 1218 1881 mandatum
1265 1816 1501 1896 ducale,
1548 1817 1705 1899 quod
1754 1816 1973 1894 fuerat,
2024 1815 2185 1897 quod
2218 1814 2660 1879 intromitteret
2697 1814 2903 1878 omnia
2936 1815 3094 1880 bona
3137 1854 3140 1859 -

378 1903 871 1984 Jadratinorum,
922 1905 1154 1969 habens
1218 1905 1596 1987 quodamodo
1659 1904 2102 1970 conscientiam
2163 1904 2239 1968 de
2303 1904 2440 1966 istis
2489 1903 2697 1981 boniS,
2764 1902 2913 1966 fecit
2958 1903 3093 1986 ipsa

379 1994 775 2075 sequestrari,
823 1996 886 2057 et
928 1993 1018 2058 sic
1063 1996 1424 2057 manserunt
1481 1995 1814 2076 hucusque,
1877 1996 2121 2075 petenS,
2184 1993 2346 2074 quod
2391 2010 2532 2054 cum
2579 1990 2713 2072 ipsa
2760 1993 2917 2055 bona
2964 1993 3091 2056 sint

380 2082 758 2163 repromissa
803 2084 866 2145 et
910 2081 1118 2165 legata
1162 2080 1469 2145 dictarum
1518 2081 1940 2155 dominarum,
2005 2081 2068 2143 et
2112 2079 2188 2142 ad
2244 2080 2410 2161 ipsas
2472 2081 2751 2161 spectent
2796 2082 2858 2143 et
2903 2081 3092 2161 perti-

378 2173 531 2232 nent
573 2168 754 2252 pleno
799 2170 950 2247 iure,
1002 2189 1112 2233 nec
1156 2170 1395 2251 possint
1439 2169 1559 2233 dici
1611 2170 1766 2235 bona
1810 2168 2292 2244 Jadratinorum,
2341 2168 2700 2251 dignaretur
2743 2168 2955 2232 ducale
2985 2167 3092 2232 do-

377 2256 640 2321 minium
690 2259 882 2341 ipsam
936 2258 1457 2323 intromissionem
1505 2257 1701 2322 facere
1749 2257 2052 2325 revocari:
2104 2256 2486 2337 sapientibus
2533 2255 3083 2320 considerationem

380 2344 773 2425 habentibuS,
831 2347 986 2428 quod
1048 2346 1213 2410 dicta
1278 2346 1431 2410 bona
1475 2347 1620 2410 sunt
1678 2347 1749 2409 de
1814 2346 1951 2409 dote
2013 2346 2077 2408 et
2121 2344 2484 2408 dimissoriis
2540 2344 2844 2408 dictarum
2894 2340 3090 2409 domi-'-

378 2453 619 2512 narum,
669 2453 785 2516 que
828 2434 907 2498 ad
954 2453 1056 2499 eos
1103 2436 1385 2516 spectant
1430 2436 1494 2498 et
1538 2433 1849 2516 pertinent
1894 2434 1966 2497 de
2013 2434 2175 2509 iure,
2241 2437 2303 2496 et
2349 2433 2506 2514 quod
2552 2432 2689 2515 ipsa
2755 2433 2912 2496 bona
2956 2433 3089 2516 ipse

377 2521 628 2587 domine
673 2525 1060 2587 extraxerant
1096 2524 1237 2587 ante
1284 2542 1571 2605 guerram
1621 2524 1683 2587 et
1728 2521 2002 2586 tulerant
2048 2518 2384 2601 Spaletum,
2431 2523 2503 2584 ut
2535 2521 2879 2584 habuerunt
2924 2539 2960 2584 a
2993 2540 3093 2585 ser

377 2608 695 2694 Stephano
743 2609 1085 2677 contareno
1130 2612 1434 2694 predicto,
1503 2611 1605 2694 qui
1666 2610 1817 2675 fecit
1876 2609 2008 2674 fieri
2076 2609 2661 2673 intrommissionem
2727 2609 3086 2691 predictam,

378 2701 624 2768 videtur
669 2699 895 2764 iustum
946 2702 1009 2763 et
1047 2700 1431 2776 rationabile,
1481 2703 1543 2764 et
1587 2700 1675 2763 sic
1705 2700 1885 2782 capta
1932 2697 2051 2762 fuit
2096 2716 2256 2781 parS,
2303 2698 2460 2781 quod
2492 2698 2894 2780 sequestratio
2941 2718 3091 2780 que-

378 2786 537 2852 libet
583 2787 749 2852 facta
792 2788 866 2851 de
914 2788 1087 2852 bonis
1134 2789 1422 2870 predictis
1469 2788 1715 2870 penitus
1763 2786 1986 2850 debeat
2031 2786 2372 2863 annullari,
2423 2787 2511 2850 ita
2562 2786 2719 2869 quod
2766 2786 2839 2849 de
2888 2792 3089 2851 cetero

376 2874 511 2959 ipse
559 2874 802 2940 domine
849 2875 937 2941 eis
983 2876 1311 2959 gaudeant,
1360 2879 1644 2953 teneant,
1702 2875 1766 2938 et
1809 2874 1884 2939 de
1938 2875 2026 2939 eis
2074 2875 2401 2958 disponant
2447 2873 2522 2937 ad
2585 2874 2855 2954 libitum,
2920 2893 2989 2939 ac
3036 2873 3090 2939 si

377 2964 554 3028 nulla
600 2983 865 3046 unquam
911 2963 1152 3029 novitas
1200 2963 1365 3028 facta
1410 2963 1645 3028 fuisset.

592 3052 691 3116 Ad
736 3053 1066 3116 secundum
1113 3053 1451 3135 capitulum
1516 3053 1857 3127 ambaxate,
1905 3051 1968 3114 iu
2014 3068 2130 3133 quo
2178 3051 2453 3133 tangitur
2500 3049 2572 3114 de
2635 3054 2802 3115 certa
2849 3051 3091 3134 quanti-

378 3141 511 3204 tate
583 3139 694 3203 lini
756 3142 819 3205 et
880 3140 1140 3204 aliarum
1207 3160 1408 3204 rerum
1477 3141 1751 3222 tempore
1812 3159 2028 3222 guerre
2096 3141 2413 3222 captarum
2479 3159 2585 3220 per
2628 3139 2979 3205 Jadratinos
3027 3144 3090 3205 et

381 3229 823 3293 conductarum
873 3230 936 3292 in
981 3232 1179 3293 castro
1225 3227 1422 3293 sancti
1471 3228 1775 3305 Damiani,
1823 3227 1980 3310 quod
2039 3229 2184 3292 tunc
2231 3226 2543 3293 Jadratini
2589 3229 2915 3304 tenebant,
2983 3248 3088 3311 pe-

375 3317 549 3381 tente
596 3316 758 3381 dicto
798 3317 1189 3381 ambaxatore
1236 3317 1689 3381 restitutionem
1738 3316 2124 3380 denariorum
2173 3317 2594 3398 perceptorum
2643 3335 2714 3379 ex
2756 3317 2908 3399 ips0,
2947 3335 3088 3380 cum

377 3403 567 3481 dicat,
618 3406 821 3486 ipsum
863 3404 1051 3469 fuisse
1097 3404 1412 3469 venditum
1455 3424 1563 3487 per
1608 3423 1707 3468 ser
1754 3403 2110 3468 Nicoletum
2158 3402 2427 3482 Quirino,
2476 3405 2714 3486 quando
2775 3405 2940 3486 cepit
2985 3424 3088 3469 ca-

375 3495 579 3558 strum
628 3492 1005 3574 predictum;
1052 3493 1294 3557 videtur
1338 3493 1741 3574 sapientibus,
1790 3491 1949 3574 quod
1994 3511 2134 3556 cum
2181 3492 2385 3574 ipsum
2449 3492 2644 3556 linum
2693 3512 2801 3575 per
2847 3492 3082 3556 dictum

373 3600 476 3645 ser
521 3580 877 3645 Nicoletum
924 3579 1174 3659 Quirino
1218 3580 1404 3644 fuerit
1448 3581 1780 3657 venditum,
1846 3581 1909 3644 et
1953 3580 2210 3662 pecunia
2250 3599 2321 3644 ex
2380 3581 2509 3662 ipso
2576 3584 2824 3663 recepta
2888 3581 3090 3662 posita

376 3669 566 3733 fuerit
611 3667 689 3733 ad
740 3669 1023 3733 butinum
1070 3673 1134 3732 et
1181 3669 1511 3733 distributa
1555 3669 1716 3732 inter
1764 3668 2197 3750 stipendiarios
2245 3688 2386 3731 cum
2432 3667 2555 3732 alia
2595 3668 2850 3750 pecunia
2900 3671 3089 3733 missa

370 3776 486 3842 per
531 3756 872 3822 dominium
919 3755 1084 3822 dicto
1133 3777 1229 3821 ser
1274 3757 1576 3834 Nicolet0,
1623 3756 1863 3840 quando
1911 3760 2162 3839 captum
2224 3756 2342 3820 fuit
2406 3758 2678 3820 castrum
2724 3756 3090 3840 predictum,

373 3847 538 3929 quod
585 3845 752 3911 dicta
799 3846 1025 3928 peticio
1073 3844 1155 3909 sit
1194 3845 1443 3923 iniusta,
1494 3864 1626 3909 esse
1675 3844 2026 3909 nullatenus
2069 3844 2475 3909 admittenda.

460 3937 622 3997 Scor.
668 3954 822 3997 con3.
868 3955 989 4013 roy.
1035 3935 1110 3994 A.
1157 3939 1259 4007 84,
1305 3955 1346 3994 u
1394 3938 1607 3995 arkivu
1652 3937 2007 3995 mletackom.

885 4092 1081 4172 XX.
1135 4092 1342 4175 God.
1396 4091 1614 4174 1347.
1669 4091 1772 4173 29
1831 4093 2160 4193 srpnja‚
2217 4115 2275 4174 u
2332 4092 2593 4192 Pagu.

968 4219 1203 4279 Pariani
1246 4219 1475 4292 prisiku
1520 4221 1778 4292 vjcrnost
1823 4219 2129 4292 mletac'koj
2172 4220 2471 4292 republici.

584 4323 659 4386 In
695 4324 939 4387 nomine
976 4322 1209 4387 domini
1255 4323 1449 4387 nostri
1497 4323 1648 4389 Jesu
1695 4320 1949 4401 Christi,
2013 4340 2171 4386 anno
2233 4322 2506 4388 eiusdem
2555 4323 2902 4388 nativitatis
2949 4325 3090 4389 mil-

369 4411 591 4478 lesimo
635 4411 1067 4478 trecentesimo
1116 4410 1583 4494 quadragesimo
1621 4412 1905 4492 septimo,
1956 4410 2285 4474 indictione
2331 4412 2802 4493 quintadecima,
2852 4413 2949 4477 die
2998 4415 3090 4478 vi-

367 4501 609 4585 gesimo
655 4517 813 4565 nono
863 4501 1093 4565 mensis
1138 4501 1293 4576 iulii,
1342 4501 1405 4563 in
1450 4500 1630 4582 pleno
1679 4502 1742 4563 et
1786 4499 2059 4581 generali
2100 4498 2353 4563 consilio
2384 4499 2581 4564 insule
2629 4504 2692 4564 et
2738 4504 2896 4565 terre
2931 4501 3083 4583 Pagi

367 4589 447 4654 ad
491 4607 711 4652 sonum
754 4607 1046 4670 campane
1093 4593 1156 4652 et
1204 4606 1347 4652 voce
1372 4607 1720 4670 preconum,
1770 4589 1842 4650 ut
1889 4586 2075 4651 moris
2123 4589 2235 4664 est,
2279 4587 2676 4669 solempniter
2719 4592 3087 4672 congregato

367 4678 433 4742 in
481 4676 719 4760 palacio
765 4679 926 4740 terre
986 4677 1277 4759 predicte,
1341 4694 1546 4741 coram
1592 4674 1795 4740 nobile
1858 4677 1922 4739 et
1982 4676 2256 4758 sapiente
2319 4677 2445 4740 viro
2504 4675 2748 4739 domino
2813 4676 3080 4756 Mapheo

370 4765 606 4831 Bembo
653 4763 997 4830 honorabili
1044 4766 1268 4830 comite
1316 4765 1497 4848 Pagi,
1535 4763 1690 4831 Cum
1738 4761 1897 4828 alias
1942 4781 2050 4850 per
2096 4762 2381 4829 eumdem
2412 4763 2729 4829 dominum
2772 4763 3081 4839 comitem,
