3620 5282
2966 387 3090 453 189

363 577 688 625 commune
748 559 1034 623 nostrum
1098 559 1426 642 gravatum
1478 559 1580 623 est
1640 559 1819 624 valde
1865 558 2113 637 debitis,
2163 560 2386 642 quibus
2446 560 2692 624 tenetur
2736 561 2972 627 civibus
3022 567 3088 627 et

365 648 650 713 fidelibus
695 648 942 725 nostriS‚
993 649 1055 710 et
1102 648 1293 712 restat
1336 648 1534 711 adhuc
1580 646 1793 729 exequi
1842 647 2006 711 istud
2055 647 2288 711 factum
2334 648 2626 725 'Phenedi‚
2674 667 2781 730 pro
2828 637 2946 732 quo
2997 651 3090 715 fe-

360 736 558 800 cimus
604 737 668 799 et
714 734 977 800 facimus
1040 753 1109 798 ac
1166 733 1366 799 facere
1420 735 1798 799 incessanter
1861 735 2235 799 intendimus
2295 737 2500 799 totum
2563 753 2743 817 posse
2805 739 3087 802 nostrum

355 842 465 905 pro
534 822 960 886 observatione
1021 822 1464 904 promissorum
1536 841 1642 905 per
1690 841 1818 900 n08‚
1868 824 2030 887 sicut
2075 825 2172 887 est
2218 823 2291 887 de
2329 823 2600 887 naturali
2644 842 2811 887 more
2858 828 3087 890 nostro,

358 911 563 975 Etiam
616 909 901 973 misimus
926 911 1208 991 potentes
1248 910 1550 975 exercitus
1597 913 1839 975 nostros
1887 910 2235 974 maritimos
2282 912 2347 974 et
2394 910 2719 975 terrestres
2761 910 2839 976 ad
2889 914 3089 977 dictas

355 1002 563 1081 partes
607 998 876 1061 Thenedi
924 1016 1067 1061 cum
1114 997 1401 1061 maximis
1448 999 1514 1061 et
1558 997 1941 1080 gravissimis
1985 997 2266 1080 expensis
2325 999 2573 1073 uostris,
2602 998 2666 1062 et
2706 1017 2815 1080 pro
2869 1000 3090 1065 maiori

354 1087 533 1167 parte
577 1103 792 1150 omnes
830 1084 1005 1167 galee
1056 1089 1263 1149 nostre
1308 1086 1456 1148 sunt
1492 1088 1664 1150 extra
1707 1084 2033 1162 VeneciaS,
2083 1090 2215 1150 tum
2257 1086 2333 1149 ad
2358 1085 2742 1150 obsidionem
2791 1087 2937 1151 dicti
2965 1088 3085 1152 loci

353 1173 628 1237 Thenedi
673 1175 812 1236 tum
859 1190 966 1253 pro
1013 1172 1462 1237 mercatoribus
1509 1174 1574 1239 in
1619 1172 1879 1236 diversis
1938 1174 2239 1255 partibus,
2289 1171 2528 1251 Quibus
2561 1174 2846 1238 omnibus
2879 1177 3086 1239 atten-

355 1261 439 1326 tis
481 1263 547 1326 et
592 1259 994 1325 consideratis
1063 1277 1186 1323 non
1257 1261 1557 1340 videmus,
1625 1260 1784 1342 quod
1826 1260 1955 1324 ullo
2002 1260 2184 1325 modu
2235 1261 2576 1341 pressimus
2623 1279 2734 1326 nos
2781 1262 3092 1343 impedire

354 1366 466 1412 nec
511 1348 828 1412 attendere
875 1349 953 1411 ad
1000 1348 1123 1412 ista
1164 1346 1343 1412 facta.
1396 1347 1513 1412 Sed
1561 1350 1858 1412 debemus
1905 1348 2068 1430 apud
2116 1346 2421 1429 prefatam
2481 1348 2937 1413 serenissimam
2995 1369 3092 1414 re·

355 1437 521 1520 giam
572 1436 960 1500 maiestatem
1019 1435 1342 1517 Hungarie
1389 1437 1453 1498 et
1498 1438 1696 1500 totum
1748 1439 2047 1500 mundum
2094 1454 2230 1499 esse
2277 1434 2729 1499 rationabiliter
2781 1438 3086 1502 excusati.

361 1524 441 1587 Et
479 1540 619 1588 cum
667 1523 787 1587 hiis
836 1526 900 1586 et
945 1522 1089 1586 aliis
1138 1523 1339 1588 verbis
1386 1526 1449 1586 et
1489 1523 1828 1590 rationibus
1873 1524 2223 1588 lutanemus
2266 1523 2345 1585 ab
2394 1523 2507 1586 hoc
2552 1520 2713 1587 facto
2763 1543 2875 1606 per
2931 1525 3084 1588 illud

361 1609 631 1686 modum,
680 1610 785 1692 qui
833 1610 1142 1674 videbitur
1188 1610 1414 1673 utilior.

568 1697 648 1761 Et
697 1698 750 1761 si
796 1697 1005 1779 aliqua
1035 1698 1159 1761 alia
1206 1696 1391 1762 verba
1436 1717 1544 1779 per
1588 1697 2018 1761 ambaxatcres
2066 1696 2270 1778 regios
2328 1698 2679 1763 dicerentur
2723 1700 2893 1763 circa
2941 1718 3084 1781 pre·

362 1785 531 1850 dicta
575 1784 673 1849 vel
721 1784 1130 1865 dependentia
1175 1803 1213 1849 a
1256 1785 1549 1866 predictis
1597 1788 1726 1848 tam
1752 1803 1935 1865 super
1959 1783 2122 1847 facto
2165 1786 2426 1861 consilii,
2456 1804 2637 1868 quam
2665 1805 2847 1868 super
2877 1787 3087 1868 aliqua

360 1873 486 1937 alia
555 1890 618 1936 re
701 1874 765 1935 in
851 1871 1122 1954 speciali,
1207 1872 1650 1954 respondentur
1718 1872 1806 1935 eis
1875 1889 2014 1935 cum
2082 1870 2208 1934 illis
2283 1874 2514 1954 pulcris
2585 1874 2787 1937 verbis
2857 1877 2921 1937 et
2988 1893 3087 1938 ra-

356 1959 653 2038 monibus,
703 1979 820 2042 que
884 1961 1274 2037 videbuntur,
1335 1959 1674 2023 lutanando
1746 1977 1855 2022 nos
1903 1958 2153 2022 omnino
2202 1976 2238 2022 a
2286 1960 2468 2023 dictis
2519 1960 2699 2025 factis
2746 1981 2853 2042 per
2902 1961 3084 2024 illum

355 2048 628 2125 modum,
678 2049 782 2129 qui
829 2048 1098 2126 domino,
1145 2046 1534 2123 consiliariiS,
1600 2047 1909 2128 capitibus
1955 2049 2019 2110 et
2064 2047 2449 2129 sapientibus
2496 2049 2594 2112 vel
2644 2050 2859 2112 maiori
2924 2050 3084 2130 parti

359 2133 564 2200 utilior
611 2135 943 2200 videbitur.

450 2243 631 2301 Misti
680 2238 1033 2301 XXXVII.
1084 2242 1228 2320 113,
1277 2259 1317 2301 u
1365 2242 1521 2301 mlet.
1571 2242 1805 2302 arkivu.

637 2445 1077 2528 CCLXIV.
1134 2445 1340 2528 Gon.
1399 2446 1619 2529 1382.
1674 2448 1718 2529 7
1772 2447 2229 2548 listopada,
2289 2471 2343 2530 ιι
2399 2447 2793 2532 Mleteih.

566 2587 701 2652 Non
750 2589 928 2670 capta
969 2587 1319 2671 propositi0‚
1372 2591 1530 2670 quod
1578 2587 1890 2671 eligantur
1918 2590 2037 2653 duo
2064 2591 2367 2654 solemnes
2412 2589 2862 2657 ainbaxiatoros
2894 2594 3089 2658 eundi

356 2692 540 2739 causa
585 2675 646 2739 in
696 2674 1078 2757 Hungariam
1125 2677 1204 2739 ad
1266 2677 1728 2740 serenissimam
1798 2677 2074 2758 reginam
2129 2697 2276 2760 „pro
2338 2679 2716 2743 condolendo
2763 2680 2837 2743 de
2884 2682 3084 2744 morte

355 2762 762 2827 illustrissimi
810 2762 1043 2826 domini
1091 2763 1253 2845 regis
1310 2764 1647 2845 Hungarie,
1718 2767 1781 2827 et
1845 2782 1951 2845 pro
2011 2764 2170 2836 aliis.
2243 2783 2360 2845 que
2429 2766 2569 2829 huic
2655 2766 2910 2831 consilio
2980 2773 3088 2845 (sc.

356 2848 629 2936 senatui)
657 2849 1089 2925 videbuntur“‚
1130 2856 1194 2913 et
1217 2851 1378 2932 quod
1426 2852 1500 2914 de
1547 2851 1660 2914 bac
1707 2852 2172 2915 transmissione
2240 2870 2345 2932 per
2407 2851 2649 2915 litteras
2724 2852 3089 2917 informetur

361 2938 491 3019 ipsa
559 2938 802 3019 regina3
851 2937 957 3001 sed
1025 2937 1473 3015 concluditur‚“
1527 2940 1685 3019 quod
1733 2954 1842 3019 pro
1911 2939 2093 3001 modo
2154 2939 2627 3019 supersedeatur
2691 2940 2764 3002 de
2814 2940 3089 3004 faciendo

354 3025 510 3088 hanc
557 3026 967 3103 ambaxatam‚
996 3027 1060 3090 et
1085 3025 1391 3091 scribatur
1438 3025 1682 3088 domine
1716 3026 1945 3106 regine,
1975 3025 2223 3089 filiabus
2270 3024 2397 3088 suis
2444 3029 2508 3087 et
2553 3025 2714 3104 aliis,
2759 3045 2877 3108 que
2920 3028 3088 3092 vide-

354 3113 579 3176 buntur
623 3112 939 3195 collegi0.“

436 3218 618 3278 Misti
669 3216 1015 3279 XXXVII.
1068 3222 1213 3290 146,
1258 3238 1301 3280 u
1342 3220 1498 3282 mlet.
1550 3221 1784 3281 arkivu.

653 3424 1045 3513 CCLXV.
1100 3426 1305 3509 θοὰ.
1363 3425 1582 3508 1382.
1635 3425 1731 3507 27
1779 3425 2235 3528 listopada„
2289 3447 2346 3506 u
2402 3424 2798 3509 Mletcih.

351 3569 688 3642 Republilca
730 3569 867 3627 nece
912 3570 993 3627 da
1032 3569 1197 3642 stupa·
1220 3587 1261 3627 u
1306 3586 1479 3628 savez
1500 3586 1531 3627 s
1561 3569 1897 3642 aqam-hrt).
1945 3569 2275 3643 berbicem,
2308 3585 2339 3625 s
2368 3570 2670 3641 vojvodom
2711 3571 3086 3643 austrijskim

354 3656 709 3729 Leopoldom
756 3658 781 3714 i
825 3674 855 3714 s
904 3657 1216 3735 Furzanci,
1265 3656 1478 3726 tvrdec,
1524 3657 1606 3714 da
1650 3657 1762 3713 kao
1807 3657 1897 3714 sto
1944 3672 1975 3713 s
2018 3657 2195 3728 njimi
2244 3658 2382 3715 take
2428 3658 2452 3713 i
2484 3673 2515 3714 s
2546 3658 2804 3731 druyimi
2848 3659 3087 3715 vlaslmi

1273 3746 1397 3818 yoji
1435 3743 1694 3816 najboh‘e
1730 3744 2153 3816 prijateljstvo.

564 3862 752 3927 1382.
804 3862 1136 3927 indictione
1190 3865 1383 3941 sexta,
1412 3863 1511 3928 die
1556 3864 1799 3927 XXVII
1849 3864 2136 3927 octobris,
2173 3861 2497 3945 Sapientes
2543 3864 2809 3928 consilii.
2854 3863 3088 3944 Capta:

350 3950 510 4033 quod
560 3950 996 4032 respondeatur
1045 3950 1182 4014 istis
1227 3951 1726 4015 anibaxatoribns
1773 3950 2002 4014 domini
2032 3951 2207 4014 ducis
2261 3951 2568 4032 Leopoldi,
2611 3953 2675 4016 et
2721 3951 2921 4033 primo
2969 3954 3087 4014 etc.

563 4040 658 4102 Ad
703 4038 939 4102 factum
988 4041 1194 4102 autem
1266 4039 1388 4121 lige
1437 4038 1632 4100 stende
1679 4056 1819 4100 cum
1883 4039 2132 4102 domina
2176 4038 2389 4120 regina
2457 4038 2777 4119 Hungarie
2834 4042 2899 4101 et
2957 4036 3090 4119 ipso

350 4125 595 4189 domino
649 4125 806 4189 duce
844 4124 1147 4206 Leopoldo
1193 4127 1258 4189 et
1302 4145 1440 4189 cum
1502 4125 1786 4188 Furianis
1847 4126 2059 4189 contra
2100 4144 2312 4189 omnes
2360 4127 2613 4206 excepto
2658 4125 2923 4207 imperio
2965 4127 3084 4188 etc.

349 4214 820 4293 respondeatur:
848 4212 1007 4294 quod
1068 4231 1209 4277 cum
1263 4213 1656 4276 serenissima
1704 4214 1948 4276 domina
2010 4215 2221 4293 regina
2267 4215 2331 4276 et
2372 4230 2600 4276 corona
2645 4212 2966 4294 Hungarie
3013 4230 3085 4275 ac

348 4300 481 4379 ipso
529 4299 775 4364 domino
822 4299 975 4363 duce
1023 4303 1086 4362 et
1133 4299 1420 4364 Furlanis
1466 4318 1682 4362 sumus
1729 4302 1794 4361 et
1840 4319 1974 4363 esse
2023 4318 2268 4381 semper
2300 4299 2683 4362 intendimus
2716 4299 2777 4362 in
2812 4297 3083 4379 perfecta

349 4405 499 4467 pace
546 4390 610 4450 et
654 4388 811 4451 bona
856 4389 918 4450 et
961 4385 1202 4451 sincera
1247 4387 1525 4451 amicitia
1572 4387 1871 4468 quantum
1921 4386 2061 4468 plus
2129 4386 2258 4450 fieri
2305 4388 2528 4468 potest,
2579 4388 2643 4448 et
2689 4405 2906 4450 sumus
2953 4387 3080 4449 dis-

351 4475 536 4555 positi
607 4474 813 4538 vivere
883 4492 1023 4538 cum
1092 4475 1243 4555 ipsis
1309 4475 1533 4556 quiete,
1604 4473 2018 4536 amicabiliter
2075 4475 2138 4536 et
2179 4472 2448 4537 fraterne
2487 4475 2615 4535 toto
2660 4490 2858 4556 posse,
2909 4477 2974 4535 et
3020 4474 3079 4536 in

351 4561 638 4625 omnibus
688 4560 863 4623 nobis
912 4561 1308 4642 possibilibus
1350 4580 1595 4643 semper
1642 4579 1859 4624 sumus
1885 4563 1949 4624 et
1980 4559 2210 4624 erimus
2257 4561 2526 4642 prompti
2559 4562 2630 4623 ad
2667 4578 2880 4624 oneres
2915 4579 3078 4624 suos

351 4649 641 4712 Preterea
667 4666 861 4728 nuper
886 4666 1025 4712 cum
1048 4647 1467 4712 Januensibus
1488 4648 1550 4712 et
1573 4648 1822 4712 domino
1853 4648 2060 4710 Padue
2087 4647 2341 4711 fecimus
2373 4650 2438 4710 et
2464 4648 2848 4711 firmavimus
2866 4647 3085 4710 bonam

345 4736 410 4797 et
426 4737 785 4817 perpetuam
827 4753 1065 4817 pacem,
1086 4738 1149 4799 et
1173 4735 1463 4800 similiter
1488 4734 1787 4800 habemus
1806 4753 1948 4800 cum
1974 4735 2116 4799 aliis
2141 4735 2540 4818 principibuS,
2566 4733 3000 4798 communibus
3027 4735 3092 4798 et
