<?xml version="1.0" encoding="UTF-8"?>
<!DOCTYPE html PUBLIC "-//W3C//DTD XHTML 1.0 Transitional//EN"
    "http://www.w3.org/TR/xhtml1/DTD/xhtml1-transitional.dtd">
<html xmlns="http://www.w3.org/1999/xhtml" xml:lang="en" lang="en">
 <head>
  <title>
</title>
<meta http-equiv="Content-Type" content="text/html;charset=utf-8" />
  <meta name='ocr-system' content='tesseract 3.04.00' />
  <meta name='ocr-capabilities' content='ocr_page ocr_carea ocr_par ocr_line ocrx_word'/>
</head>
<body>
  <div class='ocr_page' id='page_1' title='image "./monumentaspecta02umjegoog_0421.png"; bbox 0 0 3620 5282; ppageno 0'>
   <div class='ocr_carea' id='block_1_1' title="bbox 2991 367 3122 432">
    <p class='ocr_par' dir='ltr' id='par_1_1' title="bbox 2991 367 3122 432">
     <span class='ocr_line' id='line_1_1' title="bbox 2991 367 3122 432; baseline 0 0"><span class='ocrx_word' id='word_1_1' title='bbox 2991 367 3122 432; x_wconf 86' lang='lat'>369</span> 
     </span>
    </p>
   </div>
   <div class='ocr_carea' id='block_1_2' title="bbox 372 534 3122 4804">
    <p class='ocr_par' dir='ltr' id='par_1_2' title="bbox 372 534 3122 4804">
     <span class='ocr_line' id='line_1_2' title="bbox 393 534 3121 619; baseline 0.003 -21"><span class='ocrx_word' id='word_1_2' title='bbox 393 536 578 616; x_wconf 82' lang='lat' dir='ltr'>petue</span> <span class='ocrx_word' id='word_1_3' title='bbox 633 534 801 615; x_wconf 89' lang='lat' dir='ltr'>pacis</span> <span class='ocrx_word' id='word_1_4' title='bbox 849 535 913 598; x_wconf 91' lang='lat' dir='ltr'>et</span> <span class='ocrx_word' id='word_1_5' title='bbox 947 536 1264 601; x_wconf 91' lang='lat' dir='ltr'>concordie</span> <span class='ocrx_word' id='word_1_6' title='bbox 1311 535 1622 600; x_wconf 90' lang='lat' dir='ltr'>vinculum</span> <span class='ocrx_word' id='word_1_7' title='bbox 1669 536 2081 601; x_wconf 72' lang='lat' dir='ltr'>amicabiliter</span> <span class='ocrx_word' id='word_1_8' title='bbox 2131 536 2471 619; x_wconf 82' lang='lat' dir='ltr'>invitarunt</span> <span class='ocrx_word' id='word_1_9' title='bbox 2514 555 2622 618; x_wconf 90' lang='lat' dir='ltr'>per</span> <span class='ocrx_word' id='word_1_10' title='bbox 2668 538 2941 605; x_wconf 90' lang='lat' dir='ltr'>eosdem.</span> <span class='ocrx_word' id='word_1_11' title='bbox 2989 539 3121 606; x_wconf 87' lang='lat' dir='ltr'>Nos</span> 
     </span>
     <span class='ocr_line' id='line_1_3' title="bbox 394 620 3122 710; baseline 0.004 -27"><span class='ocrx_word' id='word_1_12' title='bbox 394 620 608 703; x_wconf 89' lang='lat' dir='ltr'>igitur,</span> <span class='ocrx_word' id='word_1_13' title='bbox 659 622 763 704; x_wconf 93' lang='lat' dir='ltr'>qui</span> <span class='ocrx_word' id='word_1_14' title='bbox 811 640 952 685; x_wconf 91' lang='lat' dir='ltr'>cum</span> <span class='ocrx_word' id='word_1_15' title='bbox 1021 623 1373 688; x_wconf 88' lang='lat' dir='ltr'>christianis</span> <span class='ocrx_word' id='word_1_16' title='bbox 1423 622 1800 704; x_wconf 76' lang='lat' dir='ltr'>quibuslibet</span> <span class='ocrx_word' id='word_1_17' title='bbox 1863 633 1926 687; x_wconf 90' lang='lat' dir='ltr'>et</span> <span class='ocrx_word' id='word_1_18' title='bbox 1983 623 2318 703; x_wconf 89' lang='lat' dir='ltr'>potissime-</span> <span class='ocrx_word' id='word_1_19' title='bbox 2359 642 2501 688; x_wconf 88' lang='lat' dir='ltr'>cum</span> <span class='ocrx_word' id='word_1_20' title='bbox 2547 623 2804 689; x_wconf 91' lang='lat' dir='ltr'>Venetis</span> <span class='ocrx_word' id='word_1_21' title='bbox 2862 628 3122 710; x_wconf 89' lang='lat' dir='ltr'>antiqua</span> 
     </span>
     <span class='ocr_line' id='line_1_4' title="bbox 392 708 3120 792; baseline 0.002 -20"><span class='ocrx_word' id='word_1_22' title='bbox 392 708 670 772; x_wconf 88' lang='lat' dir='ltr'>amicitia</span> <span class='ocrx_word' id='word_1_23' title='bbox 728 727 915 790; x_wconf 90' lang='lat' dir='ltr'>regno</span> <span class='ocrx_word' id='word_1_24' title='bbox 977 712 1188 774; x_wconf 90' lang='lat' dir='ltr'>nostro</span> <span class='ocrx_word' id='word_1_25' title='bbox 1235 711 1595 785; x_wconf 87' lang='lat' dir='ltr'>coniunctis,</span> <span class='ocrx_word' id='word_1_26' title='bbox 1649 729 1858 791; x_wconf 90' lang='lat' dir='ltr'>pacem</span> <span class='ocrx_word' id='word_1_27' title='bbox 1905 711 2256 792; x_wconf 91' lang='lat' dir='ltr'>optavimus</span> <span class='ocrx_word' id='word_1_28' title='bbox 2308 712 2371 775; x_wconf 92' lang='lat' dir='ltr'>et</span> <span class='ocrx_word' id='word_1_29' title='bbox 2431 712 2756 792; x_wconf 91' lang='lat' dir='ltr'>optamus,</span> <span class='ocrx_word' id='word_1_30' title='bbox 2799 713 2878 776; x_wconf 93' lang='lat' dir='ltr'>ad</span> <span class='ocrx_word' id='word_1_31' title='bbox 2925 713 3120 779; x_wconf 87' lang='lat' dir='ltr'>infra-</span> 
     </span>
     <span class='ocr_line' id='line_1_5' title="bbox 392 795 3119 880; baseline 0.003 -21"><span class='ocrx_word' id='word_1_32' title='bbox 392 795 688 877; x_wconf 77' lang='lat' dir='ltr'>scriptam</span> <span class='ocrx_word' id='word_1_33' title='bbox 738 814 949 877; x_wconf 89' lang='lat' dir='ltr'>pacem</span> <span class='ocrx_word' id='word_1_34' title='bbox 996 799 1060 862; x_wconf 90' lang='lat' dir='ltr'>et</span> <span class='ocrx_word' id='word_1_35' title='bbox 1105 797 1511 875; x_wconf 81' lang='lat' dir='ltr'>concordiam,</span> <span class='ocrx_word' id='word_1_36' title='bbox 1558 800 1669 861; x_wconf 91' lang='lat' dir='ltr'>deo</span> <span class='ocrx_word' id='word_1_37' title='bbox 1703 798 1970 880; x_wconf 90' lang='lat' dir='ltr'>propicio</span> <span class='ocrx_word' id='word_1_38' title='bbox 2003 799 2295 880; x_wconf 88' lang='lat' dir='ltr'>perpetuo</span> <span class='ocrx_word' id='word_1_39' title='bbox 2328 800 2714 876; x_wconf 79' lang='lat' dir='ltr'>duraturam,</span> <span class='ocrx_word' id='word_1_40' title='bbox 2754 798 3119 866; x_wconf 82' lang='lat' dir='ltr'>devenimus</span> 
     </span>
     <span class='ocr_line' id='line_1_6' title="bbox 390 883 3122 968; baseline 0.003 -22"><span class='ocrx_word' id='word_1_41' title='bbox 390 902 531 946; x_wconf 91' lang='lat' dir='ltr'>cum</span> <span class='ocrx_word' id='word_1_42' title='bbox 580 883 811 947; x_wconf 89' lang='lat' dir='ltr'>eisdem</span> <span class='ocrx_word' id='word_1_43' title='bbox 858 883 921 948; x_wconf 90' lang='lat' dir='ltr'>in</span> <span class='ocrx_word' id='word_1_44' title='bbox 966 884 1130 949; x_wconf 90' lang='lat' dir='ltr'>hunc</span> <span class='ocrx_word' id='word_1_45' title='bbox 1178 884 1449 962; x_wconf 90' lang='lat' dir='ltr'>modum,</span> <span class='ocrx_word' id='word_1_46' title='bbox 1502 884 1808 963; x_wconf 89' lang='lat' dir='ltr'>videlicet,</span> <span class='ocrx_word' id='word_1_47' title='bbox 1860 885 2019 968; x_wconf 92' lang='lat' dir='ltr'>quod</span> <span class='ocrx_word' id='word_1_48' title='bbox 2068 884 2229 949; x_wconf 92' lang='lat' dir='ltr'>idem</span> <span class='ocrx_word' id='word_1_49' title='bbox 2261 886 2381 949; x_wconf 79' lang='lat' dir='ltr'>dux</span> <span class='ocrx_word' id='word_1_50' title='bbox 2426 887 2491 949; x_wconf 91' lang='lat' dir='ltr'>et</span> <span class='ocrx_word' id='word_1_51' title='bbox 2515 885 2861 950; x_wconf 88' lang='lat' dir='ltr'>comunitas</span> <span class='ocrx_word' id='word_1_52' title='bbox 2919 887 3122 953; x_wconf 92' lang='lat' dir='ltr'>Vene-</span> 
     </span>
     <span class='ocr_line' id='line_1_7' title="bbox 392 970 3115 1054; baseline 0.002 -20"><span class='ocrx_word' id='word_1_53' title='bbox 392 971 652 1048; x_wconf 89' lang='lat' dir='ltr'>ciarum,</span> <span class='ocrx_word' id='word_1_54' title='bbox 717 970 885 1034; x_wconf 91' lang='lat' dir='ltr'>etin</span> <span class='ocrx_word' id='word_1_55' title='bbox 947 989 1161 1036; x_wconf 91' lang='lat' dir='ltr'>eorum</span> <span class='ocrx_word' id='word_1_56' title='bbox 1221 973 1499 1054; x_wconf 90' lang='lat' dir='ltr'>personis</span> <span class='ocrx_word' id='word_1_57' title='bbox 1559 991 1630 1036; x_wconf 92' lang='lat' dir='ltr'>ac</span> <span class='ocrx_word' id='word_1_58' title='bbox 1693 972 1823 1036; x_wconf 88' lang='lat' dir='ltr'>vice</span> <span class='ocrx_word' id='word_1_59' title='bbox 1869 976 1932 1036; x_wconf 90' lang='lat' dir='ltr'>et</span> <span class='ocrx_word' id='word_1_60' title='bbox 1973 973 2217 1037; x_wconf 90' lang='lat' dir='ltr'>nomine</span> <span class='ocrx_word' id='word_1_61' title='bbox 2266 972 2596 1037; x_wconf 92' lang='lat' dir='ltr'>eorundem</span> <span class='ocrx_word' id='word_1_62' title='bbox 2657 973 3115 1054; x_wconf 80' lang='lat' dir='ltr'>ambaxatores,</span> 
     </span>
     <span class='ocr_line' id='line_1_8' title="bbox 397 1058 3118 1143; baseline 0.003 -23"><span class='ocrx_word' id='word_1_63' title='bbox 397 1058 625 1137; x_wconf 91' lang='lat' dir='ltr'>nuncii,</span> <span class='ocrx_word' id='word_1_64' title='bbox 672 1060 1097 1139; x_wconf 87' lang='lat' dir='ltr'>procuratores</span> <span class='ocrx_word' id='word_1_65' title='bbox 1144 1061 1209 1123; x_wconf 90' lang='lat' dir='ltr'>et</span> <span class='ocrx_word' id='word_1_66' title='bbox 1252 1058 1491 1141; x_wconf 82' lang='lat' dir='ltr'>sindyci</span> <span class='ocrx_word' id='word_1_67' title='bbox 1532 1059 1846 1141; x_wconf 87' lang='lat' dir='ltr'>prelibati,</span> <span class='ocrx_word' id='word_1_68' title='bbox 1893 1060 2191 1124; x_wconf 91' lang='lat' dir='ltr'>habentes</span> <span class='ocrx_word' id='word_1_69' title='bbox 2240 1059 2317 1123; x_wconf 93' lang='lat' dir='ltr'>ad</span> <span class='ocrx_word' id='word_1_70' title='bbox 2364 1059 2526 1123; x_wconf 89' lang='lat' dir='ltr'>infra</span> <span class='ocrx_word' id='word_1_71' title='bbox 2560 1059 2821 1124; x_wconf 87' lang='lat' dir='ltr'>dicenda</span> <span class='ocrx_word' id='word_1_72' title='bbox 2864 1061 3118 1143; x_wconf 87' lang='lat' dir='ltr'>plenam</span> 
     </span>
     <span class='ocr_line' id='line_1_9' title="bbox 393 1143 3120 1229; baseline 0.002 -21"><span class='ocrx_word' id='word_1_73' title='bbox 393 1147 463 1208; x_wconf 91' lang='lat' dir='ltr'>et</span> <span class='ocrx_word' id='word_1_74' title='bbox 499 1143 765 1208; x_wconf 86' lang='lat' dir='ltr'>liberam</span> <span class='ocrx_word' id='word_1_75' title='bbox 817 1148 1195 1227; x_wconf 89' lang='lat' dir='ltr'>potestatem</span> <span class='ocrx_word' id='word_1_76' title='bbox 1244 1147 1450 1228; x_wconf 89' lang='lat' dir='ltr'>vigore</span> <span class='ocrx_word' id='word_1_77' title='bbox 1495 1146 1890 1210; x_wconf 87' lang='lat' dir='ltr'>instrumenti</span> <span class='ocrx_word' id='word_1_78' title='bbox 1951 1146 2266 1224; x_wconf 90' lang='lat' dir='ltr'>iamdicti,</span> <span class='ocrx_word' id='word_1_79' title='bbox 2332 1148 2490 1229; x_wconf 90' lang='lat' dir='ltr'>quod</span> <span class='ocrx_word' id='word_1_80' title='bbox 2558 1164 2742 1227; x_wconf 89' lang='lat' dir='ltr'>penes</span> <span class='ocrx_word' id='word_1_81' title='bbox 2788 1166 2900 1212; x_wconf 89' lang='lat' dir='ltr'>uos</span> <span class='ocrx_word' id='word_1_82' title='bbox 2965 1149 3120 1214; x_wconf 92' lang='lat' dir='ltr'>reti-</span> 
     </span>
     <span class='ocr_line' id='line_1_10' title="bbox 394 1232 3116 1311; baseline 0.003 -17"><span class='ocrx_word' id='word_1_83' title='bbox 394 1232 642 1296; x_wconf 93' lang='lat' dir='ltr'>nuimus</span> <span class='ocrx_word' id='word_1_84' title='bbox 689 1232 768 1296; x_wconf 91' lang='lat' dir='ltr'>ad</span> <span class='ocrx_word' id='word_1_85' title='bbox 816 1233 1142 1311; x_wconf 90' lang='lat' dir='ltr'>cautelam,</span> <span class='ocrx_word' id='word_1_86' title='bbox 1192 1233 1460 1298; x_wconf 90' lang='lat' dir='ltr'>contenti</span> <span class='ocrx_word' id='word_1_87' title='bbox 1509 1232 1762 1297; x_wconf 88' lang='lat' dir='ltr'>fuerunt</span> <span class='ocrx_word' id='word_1_88' title='bbox 1807 1233 2162 1298; x_wconf 91' lang='lat' dir='ltr'>renunciare</span> <span class='ocrx_word' id='word_1_89' title='bbox 2206 1236 2271 1297; x_wconf 90' lang='lat' dir='ltr'>et</span> <span class='ocrx_word' id='word_1_90' title='bbox 2318 1232 2725 1297; x_wconf 85' lang='lat' dir='ltr'>effectualiter</span> <span class='ocrx_word' id='word_1_91' title='bbox 2789 1236 3116 1301; x_wconf 85' lang='lat' dir='ltr'>renuncia-</span> 
     </span>
     <span class='ocr_line' id='line_1_11' title="bbox 391 1318 3114 1398; baseline 0.002 -16"><span class='ocrx_word' id='word_1_92' title='bbox 391 1320 614 1383; x_wconf 81' lang='lat' dir='ltr'>verunt</span> <span class='ocrx_word' id='word_1_93' title='bbox 659 1320 732 1383; x_wconf 90' lang='lat' dir='ltr'>de</span> <span class='ocrx_word' id='word_1_94' title='bbox 776 1318 941 1384; x_wconf 88' lang='lat' dir='ltr'>facto</span> <span class='ocrx_word' id='word_1_95' title='bbox 981 1321 1045 1383; x_wconf 93' lang='lat' dir='ltr'>in</span> <span class='ocrx_word' id='word_1_96' title='bbox 1091 1320 1377 1385; x_wconf 88' lang='lat' dir='ltr'>manibus</span> <span class='ocrx_word' id='word_1_97' title='bbox 1423 1320 1684 1398; x_wconf 89' lang='lat' dir='ltr'>nostris,</span> <span class='ocrx_word' id='word_1_98' title='bbox 1756 1322 1967 1385; x_wconf 89' lang='lat' dir='ltr'>nostro</span> <span class='ocrx_word' id='word_1_99' title='bbox 2016 1321 2080 1384; x_wconf 93' lang='lat' dir='ltr'>et</span> <span class='ocrx_word' id='word_1_100' title='bbox 2125 1339 2549 1385; x_wconf 89' lang='lat' dir='ltr'>successorum</span> <span class='ocrx_word' id='word_1_101' title='bbox 2613 1322 2968 1388; x_wconf 89' lang='lat' dir='ltr'>nostrorum</span> <span class='ocrx_word' id='word_1_102' title='bbox 3014 1343 3114 1388; x_wconf 92' lang='lat' dir='ltr'>re-</span> 
     </span>
     <span class='ocr_line' id='line_1_12' title="bbox 391 1405 3114 1490; baseline 0.002 -20"><span class='ocrx_word' id='word_1_103' title='bbox 391 1424 540 1489; x_wconf 87' lang='lat' dir='ltr'>gum</span> <span class='ocrx_word' id='word_1_104' title='bbox 586 1406 853 1483; x_wconf 90' lang='lat' dir='ltr'>nomine,</span> <span class='ocrx_word' id='word_1_105' title='bbox 901 1407 1017 1472; x_wconf 91' lang='lat' dir='ltr'>toti</span> <span class='ocrx_word' id='word_1_106' title='bbox 1063 1407 1383 1471; x_wconf 88' lang='lat' dir='ltr'>Dalmacie</span> <span class='ocrx_word' id='word_1_107' title='bbox 1422 1427 1457 1472; x_wconf 91' lang='lat' dir='ltr'>a</span> <span class='ocrx_word' id='word_1_108' title='bbox 1488 1408 1820 1473; x_wconf 86' lang='lat' dir='ltr'>medietate</span> <span class='ocrx_word' id='word_1_109' title='bbox 1867 1408 2071 1472; x_wconf 88' lang='lat' dir='ltr'>silicet</span> <span class='ocrx_word' id='word_1_110' title='bbox 2116 1405 2439 1485; x_wconf 83' lang='lat' dir='ltr'>Quarnerii</span> <span class='ocrx_word' id='word_1_111' title='bbox 2485 1426 2675 1490; x_wconf 90' lang='lat' dir='ltr'>usque</span> <span class='ocrx_word' id='word_1_112' title='bbox 2721 1408 2800 1472; x_wconf 90' lang='lat' dir='ltr'>ad</span> <span class='ocrx_word' id='word_1_113' title='bbox 2844 1411 3114 1476; x_wconf 86' lang='lat' dir='ltr'>confines</span> 
     </span>
     <span class='ocr_line' id='line_1_13' title="bbox 396 1493 3109 1576; baseline 0.002 -19"><span class='ocrx_word' id='word_1_114' title='bbox 396 1493 666 1571; x_wconf 89' lang='lat' dir='ltr'>Duracii,</span> <span class='ocrx_word' id='word_1_115' title='bbox 715 1494 999 1558; x_wconf 90' lang='lat' dir='ltr'>omnibus</span> <span class='ocrx_word' id='word_1_116' title='bbox 1047 1494 1424 1572; x_wconf 90' lang='lat' dir='ltr'>civitatibus,</span> <span class='ocrx_word' id='word_1_117' title='bbox 1473 1495 1694 1573; x_wconf 89' lang='lat' dir='ltr'>terris,</span> <span class='ocrx_word' id='word_1_118' title='bbox 1743 1495 2001 1572; x_wconf 85' lang='lat' dir='ltr'>castris,</span> <span class='ocrx_word' id='word_1_119' title='bbox 2073 1495 2329 1572; x_wconf 79' lang='lat' dir='ltr'>insuliS,</span> <span class='ocrx_word' id='word_1_120' title='bbox 2394 1495 2696 1576; x_wconf 88' lang='lat' dir='ltr'>portubus</span> <span class='ocrx_word' id='word_1_121' title='bbox 2742 1497 2806 1560; x_wconf 91' lang='lat' dir='ltr'>et</span> <span class='ocrx_word' id='word_1_122' title='bbox 2848 1496 3109 1575; x_wconf 91' lang='lat' dir='ltr'>iuribus,</span> 
     </span>
     <span class='ocr_line' id='line_1_14' title="bbox 393 1581 3113 1667; baseline 0.002 -23"><span class='ocrx_word' id='word_1_123' title='bbox 393 1599 507 1662; x_wconf 91' lang='lat' dir='ltr'>que</span> <span class='ocrx_word' id='word_1_124' title='bbox 554 1581 917 1645; x_wconf 85' lang='lat' dir='ltr'>habuissent</span> <span class='ocrx_word' id='word_1_125' title='bbox 963 1583 1028 1646; x_wconf 91' lang='lat' dir='ltr'>et</span> <span class='ocrx_word' id='word_1_126' title='bbox 1070 1583 1451 1659; x_wconf 87' lang='lat' dir='ltr'>tenuissent,</span> <span class='ocrx_word' id='word_1_127' title='bbox 1514 1585 1578 1646; x_wconf 90' lang='lat' dir='ltr'>et</span> <span class='ocrx_word' id='word_1_128' title='bbox 1637 1581 1950 1646; x_wconf 86' lang='lat' dir='ltr'>habebant</span> <span class='ocrx_word' id='word_1_129' title='bbox 2008 1583 2072 1646; x_wconf 94' lang='lat' dir='ltr'>et</span> <span class='ocrx_word' id='word_1_130' title='bbox 2119 1582 2411 1646; x_wconf 90' lang='lat' dir='ltr'>tenebant</span> <span class='ocrx_word' id='word_1_131' title='bbox 2471 1582 2534 1645; x_wconf 93' lang='lat' dir='ltr'>in</span> <span class='ocrx_word' id='word_1_132' title='bbox 2596 1581 2826 1647; x_wconf 90' lang='lat' dir='ltr'>eisdem</span> <span class='ocrx_word' id='word_1_133' title='bbox 2875 1603 3113 1667; x_wconf 90' lang='lat' dir='ltr'>quoquo</span> 
     </span>
     <span class='ocr_line' id='line_1_15' title="bbox 393 1667 3110 1754; baseline 0.002 -23"><span class='ocrx_word' id='word_1_134' title='bbox 393 1667 593 1745; x_wconf 90' lang='lat' dir='ltr'>modo,</span> <span class='ocrx_word' id='word_1_135' title='bbox 643 1671 707 1732; x_wconf 91' lang='lat' dir='ltr'>et</span> <span class='ocrx_word' id='word_1_136' title='bbox 756 1669 1107 1750; x_wconf 84' lang='lat' dir='ltr'>specialiter</span> <span class='ocrx_word' id='word_1_137' title='bbox 1150 1669 1508 1735; x_wconf 90' lang='lat' dir='ltr'>civitatibus</span> <span class='ocrx_word' id='word_1_138' title='bbox 1555 1668 1749 1747; x_wconf 88' lang='lat' dir='ltr'>None,</span> <span class='ocrx_word' id='word_1_139' title='bbox 1793 1669 2002 1744; x_wconf 85' lang='lat' dir='ltr'>Jadre,</span> <span class='ocrx_word' id='word_1_140' title='bbox 2053 1667 2390 1746; x_wconf 91' lang='lat' dir='ltr'>Scardone,</span> <span class='ocrx_word' id='word_1_141' title='bbox 2444 1668 2754 1747; x_wconf 90' lang='lat' dir='ltr'>Sibenici,</span> <span class='ocrx_word' id='word_1_142' title='bbox 2804 1670 3110 1754; x_wconf 85' lang='lat' dir='ltr'>Tragurii,</span> 
     </span>
     <span class='ocr_line' id='line_1_16' title="bbox 393 1752 3112 1838; baseline 0.002 -20"><span class='ocrx_word' id='word_1_143' title='bbox 393 1752 629 1836; x_wconf 89' lang='lat' dir='ltr'>Spaleti</span> <span class='ocrx_word' id='word_1_144' title='bbox 676 1759 740 1820; x_wconf 93' lang='lat' dir='ltr'>et</span> <span class='ocrx_word' id='word_1_145' title='bbox 786 1756 1046 1838; x_wconf 86' lang='lat' dir='ltr'>Ragusii</span> <span class='ocrx_word' id='word_1_146' title='bbox 1091 1756 1154 1820; x_wconf 91' lang='lat' dir='ltr'>in</span> <span class='ocrx_word' id='word_1_147' title='bbox 1203 1758 1367 1820; x_wconf 89' lang='lat' dir='ltr'>terra</span> <span class='ocrx_word' id='word_1_148' title='bbox 1428 1757 1606 1821; x_wconf 87' lang='lat' dir='ltr'>firma</span> <span class='ocrx_word' id='word_1_149' title='bbox 1668 1756 2095 1831; x_wconf 81' lang='lat' dir='ltr'>existentibus.</span> <span class='ocrx_word' id='word_1_150' title='bbox 2175 1757 2333 1821; x_wconf 88' lang='lat' dir='ltr'>Item</span> <span class='ocrx_word' id='word_1_151' title='bbox 2400 1755 2772 1820; x_wconf 92' lang='lat' dir='ltr'>civitatibus</span> <span class='ocrx_word' id='word_1_152' title='bbox 2818 1759 2882 1822; x_wconf 92' lang='lat' dir='ltr'>et</span> <span class='ocrx_word' id='word_1_153' title='bbox 2927 1758 3112 1823; x_wconf 83' lang='lat' dir='ltr'>terris</span> 
     </span>
     <span class='ocr_line' id='line_1_17' title="bbox 394 1840 3110 1925; baseline 0.002 -20"><span class='ocrx_word' id='word_1_154' title='bbox 394 1840 611 1906; x_wconf 87' lang='lat' dir='ltr'>Obseri</span> <span class='ocrx_word' id='word_1_155' title='bbox 656 1842 942 1908; x_wconf 89' lang='lat' dir='ltr'>videlicet</span> <span class='ocrx_word' id='word_1_156' title='bbox 987 1845 1052 1908; x_wconf 92' lang='lat' dir='ltr'>et</span> <span class='ocrx_word' id='word_1_157' title='bbox 1097 1842 1331 1921; x_wconf 87' lang='lat' dir='ltr'>Chersi,</span> <span class='ocrx_word' id='word_1_158' title='bbox 1403 1843 1619 1925; x_wconf 90' lang='lat' dir='ltr'>Vegle‚</span> <span class='ocrx_word' id='word_1_159' title='bbox 1668 1843 1844 1922; x_wconf 87' lang='lat' dir='ltr'>Arbi,</span> <span class='ocrx_word' id='word_1_160' title='bbox 1894 1844 2069 1925; x_wconf 88' lang='lat' dir='ltr'>Pagi,</span> <span class='ocrx_word' id='word_1_161' title='bbox 2119 1842 2467 1919; x_wconf 88' lang='lat' dir='ltr'>Brachiani,</span> <span class='ocrx_word' id='word_1_162' title='bbox 2525 1842 2721 1906; x_wconf 91' lang='lat' dir='ltr'>Lesne</span> <span class='ocrx_word' id='word_1_163' title='bbox 2757 1844 2821 1906; x_wconf 92' lang='lat' dir='ltr'>et</span> <span class='ocrx_word' id='word_1_164' title='bbox 2852 1842 3110 1910; x_wconf 89' lang='lat' dir='ltr'>Corcule</span> 
     </span>
     <span class='ocr_line' id='line_1_18' title="bbox 393 1929 3112 2013; baseline 0.001 -20"><span class='ocrx_word' id='word_1_165' title='bbox 393 1947 536 1993; x_wconf 90' lang='lat' dir='ltr'>cum</span> <span class='ocrx_word' id='word_1_166' title='bbox 584 1930 803 1995; x_wconf 89' lang='lat' dir='ltr'>insulis</span> <span class='ocrx_word' id='word_1_167' title='bbox 851 1934 915 1995; x_wconf 90' lang='lat' dir='ltr'>et</span> <span class='ocrx_word' id='word_1_168' title='bbox 960 1931 1244 1995; x_wconf 91' lang='lat' dir='ltr'>omnibus</span> <span class='ocrx_word' id='word_1_169' title='bbox 1270 1930 1651 1995; x_wconf 88' lang='lat' dir='ltr'>utilitatibus</span> <span class='ocrx_word' id='word_1_170' title='bbox 1698 1932 1763 1995; x_wconf 92' lang='lat' dir='ltr'>et</span> <span class='ocrx_word' id='word_1_171' title='bbox 1809 1930 2204 2013; x_wconf 88' lang='lat' dir='ltr'>pertinenciis</span> <span class='ocrx_word' id='word_1_172' title='bbox 2230 1929 2557 2011; x_wconf 78' lang='lat' dir='ltr'>eorundem</span> <span class='ocrx_word' id='word_1_173' title='bbox 2614 1948 2683 1995; x_wconf 90' lang='lat' dir='ltr'>ac</span> <span class='ocrx_word' id='word_1_174' title='bbox 2725 1930 2932 1994; x_wconf 92' lang='lat' dir='ltr'>titulis</span> <span class='ocrx_word' id='word_1_175' title='bbox 2958 1931 3112 1997; x_wconf 91' lang='lat' dir='ltr'>Dal-</span> 
     </span>
     <span class='ocr_line' id='line_1_19' title="bbox 391 2016 3113 2100; baseline 0.002 -21"><span class='ocrx_word' id='word_1_176' title='bbox 391 2018 581 2080; x_wconf 90' lang='lat' dir='ltr'>matie</span> <span class='ocrx_word' id='word_1_177' title='bbox 626 2022 688 2081; x_wconf 93' lang='lat' dir='ltr'>et</span> <span class='ocrx_word' id='word_1_178' title='bbox 736 2017 1004 2095; x_wconf 90' lang='lat' dir='ltr'>Croatie,</span> <span class='ocrx_word' id='word_1_179' title='bbox 1054 2018 1287 2100; x_wconf 90' lang='lat' dir='ltr'>quibus</span> <span class='ocrx_word' id='word_1_180' title='bbox 1320 2019 1413 2082; x_wconf 89' lang='lat' dir='ltr'>uti</span> <span class='ocrx_word' id='word_1_181' title='bbox 1473 2019 1911 2083; x_wconf 89' lang='lat' dir='ltr'>consueverant</span> <span class='ocrx_word' id='word_1_182' title='bbox 1956 2020 2140 2081; x_wconf 89' lang='lat' dir='ltr'>duces</span> <span class='ocrx_word' id='word_1_183' title='bbox 2186 2016 2521 2096; x_wconf 89' lang='lat' dir='ltr'>antedicti,</span> <span class='ocrx_word' id='word_1_184' title='bbox 2588 2018 2652 2081; x_wconf 92' lang='lat' dir='ltr'>et</span> <span class='ocrx_word' id='word_1_185' title='bbox 2697 2017 2900 2081; x_wconf 87' lang='lat' dir='ltr'>totum</span> <span class='ocrx_word' id='word_1_186' title='bbox 2947 2018 3113 2100; x_wconf 89' lang='lat' dir='ltr'>ipso-</span> 
     </span>
     <span class='ocr_line' id='line_1_20' title="bbox 387 2103 3113 2188; baseline 0.002 -22"><span class='ocrx_word' id='word_1_187' title='bbox 387 2122 527 2167; x_wconf 88' lang='lat' dir='ltr'>rum</span> <span class='ocrx_word' id='word_1_188' title='bbox 576 2105 671 2169; x_wconf 91' lang='lat' dir='ltr'>ius</span> <span class='ocrx_word' id='word_1_189' title='bbox 718 2107 782 2170; x_wconf 87' lang='lat' dir='ltr'>et</span> <span class='ocrx_word' id='word_1_190' title='bbox 826 2105 1167 2169; x_wconf 90' lang='lat' dir='ltr'>dominium</span> <span class='ocrx_word' id='word_1_191' title='bbox 1214 2125 1285 2170; x_wconf 88' lang='lat' dir='ltr'>ac</span> <span class='ocrx_word' id='word_1_192' title='bbox 1329 2106 1789 2188; x_wconf 88' lang='lat' dir='ltr'>proprietatem,</span> <span class='ocrx_word' id='word_1_193' title='bbox 1854 2106 1908 2169; x_wconf 91' lang='lat' dir='ltr'>si</span> <span class='ocrx_word' id='word_1_194' title='bbox 1954 2124 2102 2187; x_wconf 90' lang='lat' dir='ltr'>quos</span> <span class='ocrx_word' id='word_1_195' title='bbox 2143 2105 2519 2178; x_wconf 85' lang='lat' dir='ltr'>habuissent,</span> <span class='ocrx_word' id='word_1_196' title='bbox 2586 2103 2649 2167; x_wconf 88' lang='lat' dir='ltr'>in</span> <span class='ocrx_word' id='word_1_197' title='bbox 2702 2122 2814 2168; x_wconf 90' lang='lat' dir='ltr'>nos</span> <span class='ocrx_word' id='word_1_198' title='bbox 2862 2106 2927 2169; x_wconf 89' lang='lat' dir='ltr'>et</span> <span class='ocrx_word' id='word_1_199' title='bbox 2970 2124 3113 2171; x_wconf 88' lang='lat' dir='ltr'>suc-</span> 
     </span>
     <span class='ocr_line' id='line_1_21' title="bbox 390 2189 3111 2275; baseline 0.001 -20"><span class='ocrx_word' id='word_1_200' title='bbox 390 2209 662 2257; x_wconf 87' lang='lat' dir='ltr'>cessores</span> <span class='ocrx_word' id='word_1_201' title='bbox 708 2194 947 2257; x_wconf 89' lang='lat' dir='ltr'>nostros</span> <span class='ocrx_word' id='word_1_202' title='bbox 993 2196 1229 2275; x_wconf 89' lang='lat' dir='ltr'>sponte,</span> <span class='ocrx_word' id='word_1_203' title='bbox 1300 2192 1638 2257; x_wconf 91' lang='lat' dir='ltr'>deliberate</span> <span class='ocrx_word' id='word_1_204' title='bbox 1683 2200 1749 2257; x_wconf 87' lang='lat' dir='ltr'>et</span> <span class='ocrx_word' id='word_1_205' title='bbox 1793 2193 1987 2257; x_wconf 90' lang='lat' dir='ltr'>animi</span> <span class='ocrx_word' id='word_1_206' title='bbox 2051 2192 2412 2257; x_wconf 88' lang='lat' dir='ltr'>maturitate</span> <span class='ocrx_word' id='word_1_207' title='bbox 2458 2189 2964 2272; x_wconf 87' lang='lat' dir='ltr'>transferrentes,</span> <span class='ocrx_word' id='word_1_208' title='bbox 3013 2213 3111 2258; x_wconf 92' lang='lat' dir='ltr'>re-</span> 
     </span>
     <span class='ocr_line' id='line_1_22' title="bbox 389 2278 3107 2362; baseline 0.002 -21"><span class='ocrx_word' id='word_1_209' title='bbox 389 2279 753 2344; x_wconf 85' lang='lat' dir='ltr'>nunciantes</span> <span class='ocrx_word' id='word_1_210' title='bbox 797 2280 1044 2362; x_wconf 88' lang='lat' dir='ltr'>insuper</span> <span class='ocrx_word' id='word_1_211' title='bbox 1089 2280 1255 2345; x_wconf 92' lang='lat' dir='ltr'>omni</span> <span class='ocrx_word' id='word_1_212' title='bbox 1302 2280 1527 2345; x_wconf 88' lang='lat' dir='ltr'>actioni</span> <span class='ocrx_word' id='word_1_213' title='bbox 1574 2283 1636 2344; x_wconf 89' lang='lat' dir='ltr'>et</span> <span class='ocrx_word' id='word_1_214' title='bbox 1671 2280 1840 2344; x_wconf 91' lang='lat' dir='ltr'>omni</span> <span class='ocrx_word' id='word_1_215' title='bbox 1886 2280 2009 2344; x_wconf 90' lang='lat' dir='ltr'>iuri</span> <span class='ocrx_word' id='word_1_216' title='bbox 2056 2282 2120 2344; x_wconf 89' lang='lat' dir='ltr'>et</span> <span class='ocrx_word' id='word_1_217' title='bbox 2167 2280 2321 2362; x_wconf 90' lang='lat' dir='ltr'>legis</span> <span class='ocrx_word' id='word_1_218' title='bbox 2349 2278 2658 2356; x_wconf 90' lang='lat' dir='ltr'>beneficio,</span> <span class='ocrx_word' id='word_1_219' title='bbox 2711 2279 2934 2360; x_wconf 90' lang='lat' dir='ltr'>quibus</span> <span class='ocrx_word' id='word_1_220' title='bbox 2979 2280 3107 2346; x_wconf 92' lang='lat' dir='ltr'>ullo</span> 
     </span>
     <span class='ocr_line' id='line_1_23' title="bbox 389 2366 3108 2450; baseline 0.001 -21"><span class='ocrx_word' id='word_1_221' title='bbox 389 2384 660 2449; x_wconf 89' lang='lat' dir='ltr'>unquam</span> <span class='ocrx_word' id='word_1_222' title='bbox 707 2370 985 2449; x_wconf 88' lang='lat' dir='ltr'>tempore</span> <span class='ocrx_word' id='word_1_223' title='bbox 1030 2367 1283 2450; x_wconf 90' lang='lat' dir='ltr'>possent</span> <span class='ocrx_word' id='word_1_224' title='bbox 1328 2369 1539 2432; x_wconf 88' lang='lat' dir='ltr'>contra</span> <span class='ocrx_word' id='word_1_225' title='bbox 1588 2369 1862 2449; x_wconf 88' lang='lat' dir='ltr'>predicta</span> <span class='ocrx_word' id='word_1_226' title='bbox 1907 2367 2005 2432; x_wconf 92' lang='lat' dir='ltr'>vel</span> <span class='ocrx_word' id='word_1_227' title='bbox 2038 2368 2455 2449; x_wconf 90' lang='lat' dir='ltr'>predictorum</span> <span class='ocrx_word' id='word_1_228' title='bbox 2487 2366 2733 2449; x_wconf 89' lang='lat' dir='ltr'>aliquod</span> <span class='ocrx_word' id='word_1_229' title='bbox 2768 2384 2832 2431; x_wconf 91' lang='lat' dir='ltr'>se</span> <span class='ocrx_word' id='word_1_230' title='bbox 2875 2367 3108 2446; x_wconf 89' lang='lat' dir='ltr'>iuvare,</span> 
     </span>
     <span class='ocr_line' id='line_1_24' title="bbox 389 2453 3108 2537; baseline 0.001 -20"><span class='ocrx_word' id='word_1_231' title='bbox 389 2454 454 2517; x_wconf 92' lang='lat' dir='ltr'>et</span> <span class='ocrx_word' id='word_1_232' title='bbox 492 2454 925 2535; x_wconf 77' lang='lat' dir='ltr'>promittentes</span> <span class='ocrx_word' id='word_1_233' title='bbox 971 2454 1330 2519; x_wconf 81' lang='lat' dir='ltr'>solemniter</span> <span class='ocrx_word' id='word_1_234' title='bbox 1378 2455 1492 2519; x_wconf 90' lang='lat' dir='ltr'>sub</span> <span class='ocrx_word' id='word_1_235' title='bbox 1540 2455 1788 2521; x_wconf 90' lang='lat' dir='ltr'>vinculo</span> <span class='ocrx_word' id='word_1_236' title='bbox 1836 2455 2205 2537; x_wconf 86' lang='lat' dir='ltr'>sacramenti</span> <span class='ocrx_word' id='word_1_237' title='bbox 2251 2473 2362 2537; x_wconf 88' lang='lat' dir='ltr'>pro</span> <span class='ocrx_word' id='word_1_238' title='bbox 2408 2473 2473 2518; x_wconf 90' lang='lat' dir='ltr'>se</span> <span class='ocrx_word' id='word_1_239' title='bbox 2522 2455 2585 2518; x_wconf 92' lang='lat' dir='ltr'>et</span> <span class='ocrx_word' id='word_1_240' title='bbox 2629 2453 2813 2517; x_wconf 89' lang='lat' dir='ltr'>dictis</span> <span class='ocrx_word' id='word_1_241' title='bbox 2860 2453 3013 2520; x_wconf 88' lang='lat' dir='ltr'>duce</span> <span class='ocrx_word' id='word_1_242' title='bbox 3043 2459 3108 2521; x_wconf 89' lang='lat' dir='ltr'>et</span> 
     </span>
     <span class='ocr_line' id='line_1_25' title="bbox 390 2540 3104 2625; baseline 0.001 -21"><span class='ocrx_word' id='word_1_243' title='bbox 390 2542 701 2605; x_wconf 92' lang='lat' dir='ltr'>communi</span> <span class='ocrx_word' id='word_1_244' title='bbox 749 2542 1148 2624; x_wconf 89' lang='lat' dir='ltr'>corporaliter</span> <span class='ocrx_word' id='word_1_245' title='bbox 1192 2542 1438 2625; x_wconf 89' lang='lat' dir='ltr'>prestiti</span> <span class='ocrx_word' id='word_1_246' title='bbox 1485 2543 1558 2606; x_wconf 90' lang='lat' dir='ltr'>de</span> <span class='ocrx_word' id='word_1_247' title='bbox 1606 2544 1741 2624; x_wconf 90' lang='lat' dir='ltr'>ipsa</span> <span class='ocrx_word' id='word_1_248' title='bbox 1788 2541 2130 2621; x_wconf 90' lang='lat' dir='ltr'>Dalmacia,</span> <span class='ocrx_word' id='word_1_249' title='bbox 2184 2541 2562 2619; x_wconf 81' lang='lat' dir='ltr'>civitatibus,</span> <span class='ocrx_word' id='word_1_250' title='bbox 2611 2540 2812 2619; x_wconf 80' lang='lat' dir='ltr'>tertia,</span> <span class='ocrx_word' id='word_1_251' title='bbox 2860 2545 3027 2606; x_wconf 88' lang='lat' dir='ltr'>castr</span> <span class='ocrx_word' id='word_1_252' title='bbox 3053 2561 3104 2622; x_wconf 91' lang='lat' dir='ltr'>s,</span> 
     </span>
     <span class='ocr_line' id='line_1_26' title="bbox 388 2626 3110 2712; baseline 0.002 -21"><span class='ocrx_word' id='word_1_253' title='bbox 388 2626 559 2706; x_wconf 87' lang='lat' dir='ltr'>locis,</span> <span class='ocrx_word' id='word_1_254' title='bbox 608 2629 850 2707; x_wconf 75' lang='lat' dir='ltr'>insuliS,</span> <span class='ocrx_word' id='word_1_255' title='bbox 898 2629 1135 2695; x_wconf 91' lang='lat' dir='ltr'>iuribus</span> <span class='ocrx_word' id='word_1_256' title='bbox 1195 2630 1260 2694; x_wconf 88' lang='lat' dir='ltr'>et</span> <span class='ocrx_word' id='word_1_257' title='bbox 1303 2629 1507 2696; x_wconf 90' lang='lat' dir='ltr'>titulis</span> <span class='ocrx_word' id='word_1_258' title='bbox 1566 2649 1638 2694; x_wconf 90' lang='lat' dir='ltr'>ac</span> <span class='ocrx_word' id='word_1_259' title='bbox 1699 2631 1971 2712; x_wconf 91' lang='lat' dir='ltr'>ipsorum</span> <span class='ocrx_word' id='word_1_260' title='bbox 2034 2629 2305 2695; x_wconf 91' lang='lat' dir='ltr'>dominio</span> <span class='ocrx_word' id='word_1_261' title='bbox 2359 2649 2467 2694; x_wconf 91' lang='lat' dir='ltr'>seu</span> <span class='ocrx_word' id='word_1_262' title='bbox 2517 2627 2862 2711; x_wconf 89' lang='lat' dir='ltr'>possesione</span> <span class='ocrx_word' id='word_1_263' title='bbox 2915 2629 3110 2702; x_wconf 65' lang='lat' dir='ltr'>nulllo</span> 
     </span>
     <span class='ocr_line' id='line_1_27' title="bbox 398 2715 3110 2800; baseline 0.001 -21"><span class='ocrx_word' id='word_1_264' title='bbox 398 2735 670 2799; x_wconf 91' lang='lat' dir='ltr'>unquam</span> <span class='ocrx_word' id='word_1_265' title='bbox 719 2720 994 2800; x_wconf 86' lang='lat' dir='ltr'>tempere</span> <span class='ocrx_word' id='word_1_266' title='bbox 1039 2738 1145 2799; x_wconf 93' lang='lat' dir='ltr'>per</span> <span class='ocrx_word' id='word_1_267' title='bbox 1188 2737 1252 2781; x_wconf 89' lang='lat' dir='ltr'>se</span> <span class='ocrx_word' id='word_1_268' title='bbox 1288 2718 1387 2782; x_wconf 92' lang='lat' dir='ltr'>vel</span> <span class='ocrx_word' id='word_1_269' title='bbox 1433 2737 1542 2800; x_wconf 86' lang='lat' dir='ltr'>por</span> <span class='ocrx_word' id='word_1_270' title='bbox 1586 2718 1741 2782; x_wconf 88' lang='lat' dir='ltr'>alios</span> <span class='ocrx_word' id='word_1_271' title='bbox 1801 2737 1866 2782; x_wconf 92' lang='lat' dir='ltr'>se</span> <span class='ocrx_word' id='word_1_272' title='bbox 1914 2718 2327 2782; x_wconf 86' lang='lat' dir='ltr'>intromittere</span> <span class='ocrx_word' id='word_1_273' title='bbox 2388 2717 2486 2781; x_wconf 86' lang='lat' dir='ltr'>vel</span> <span class='ocrx_word' id='word_1_274' title='bbox 2546 2715 2936 2798; x_wconf 87' lang='lat' dir='ltr'>aliquatenus</span> <span class='ocrx_word' id='word_1_275' title='bbox 2991 2718 3110 2783; x_wconf 93' lang='lat' dir='ltr'>im-</span> 
     </span>
     <span class='ocr_line' id='line_1_28' title="bbox 386 2803 3104 2887; baseline 0.001 -20"><span class='ocrx_word' id='word_1_276' title='bbox 386 2803 596 2884; x_wconf 90' lang='lat' dir='ltr'>pedire</span> <span class='ocrx_word' id='word_1_277' title='bbox 641 2823 833 2887; x_wconf 89' lang='lat' dir='ltr'>usque</span> <span class='ocrx_word' id='word_1_278' title='bbox 878 2805 1145 2869; x_wconf 90' lang='lat' dir='ltr'>confines</span> <span class='ocrx_word' id='word_1_279' title='bbox 1192 2805 1554 2870; x_wconf 88' lang='lat' dir='ltr'>antedictos.</span> <span class='ocrx_word' id='word_1_280' title='bbox 1625 2804 1992 2887; x_wconf 88' lang='lat' dir='ltr'>Obligantes</span> <span class='ocrx_word' id='word_1_281' title='bbox 2060 2822 2162 2882; x_wconf 90' lang='lat' dir='ltr'>se,</span> <span class='ocrx_word' id='word_1_282' title='bbox 2234 2822 2444 2869; x_wconf 88' lang='lat' dir='ltr'>omnes</span> <span class='ocrx_word' id='word_1_283' title='bbox 2504 2803 2821 2881; x_wconf 87' lang='lat' dir='ltr'>civitates,</span> <span class='ocrx_word' id='word_1_284' title='bbox 2885 2804 3104 2883; x_wconf 76' lang='lat' dir='ltr'>terrae,</span> 
     </span>
     <span class='ocr_line' id='line_1_29' title="bbox 390 2889 3105 2974; baseline 0.001 -21"><span class='ocrx_word' id='word_1_285' title='bbox 390 2899 611 2969; x_wconf 88' lang='lat' dir='ltr'>castra,</span> <span class='ocrx_word' id='word_1_286' title='bbox 661 2892 813 2968; x_wconf 91' lang='lat' dir='ltr'>loca,</span> <span class='ocrx_word' id='word_1_287' title='bbox 864 2898 1095 2974; x_wconf 82' lang='lat' dir='ltr'>portuS,</span> <span class='ocrx_word' id='word_1_288' title='bbox 1143 2891 1377 2957; x_wconf 89' lang='lat' dir='ltr'>insulas</span> <span class='ocrx_word' id='word_1_289' title='bbox 1424 2896 1609 2974; x_wconf 90' lang='lat' dir='ltr'>atque</span> <span class='ocrx_word' id='word_1_290' title='bbox 1656 2892 1790 2956; x_wconf 88' lang='lat' dir='ltr'>iura</span> <span class='ocrx_word' id='word_1_291' title='bbox 1837 2890 1997 2955; x_wconf 87' lang='lat' dir='ltr'>infra</span> <span class='ocrx_word' id='word_1_292' title='bbox 2041 2891 2207 2955; x_wconf 90' lang='lat' dir='ltr'>dicta</span> <span class='ocrx_word' id='word_1_293' title='bbox 2263 2889 2526 2955; x_wconf 91' lang='lat' dir='ltr'>confinia</span> <span class='ocrx_word' id='word_1_294' title='bbox 2570 2889 2940 2968; x_wconf 81' lang='lat' dir='ltr'>existencia‚</span> <span class='ocrx_word' id='word_1_295' title='bbox 2989 2911 3105 2974; x_wconf 91' lang='lat' dir='ltr'>que</span> 
     </span>
     <span class='ocr_line' id='line_1_30' title="bbox 400 2976 3109 3062; baseline 0.001 -22"><span class='ocrx_word' id='word_1_296' title='bbox 400 2979 545 3041; x_wconf 91' lang='lat' dir='ltr'>sunt</span> <span class='ocrx_word' id='word_1_297' title='bbox 586 2997 696 3061; x_wconf 91' lang='lat' dir='ltr'>pro</span> <span class='ocrx_word' id='word_1_298' title='bbox 745 2998 903 3043; x_wconf 90' lang='lat' dir='ltr'>nunc</span> <span class='ocrx_word' id='word_1_299' title='bbox 947 2981 1012 3043; x_wconf 93' lang='lat' dir='ltr'>in</span> <span class='ocrx_word' id='word_1_300' title='bbox 1059 2998 1232 3043; x_wconf 88' lang='lat' dir='ltr'>mera</span> <span class='ocrx_word' id='word_1_301' title='bbox 1275 2982 1579 3061; x_wconf 86' lang='lat' dir='ltr'>potestate</span> <span class='ocrx_word' id='word_1_302' title='bbox 1626 2981 1917 3062; x_wconf 91' lang='lat' dir='ltr'>ipsorum,</span> <span class='ocrx_word' id='word_1_303' title='bbox 1967 2978 2176 3056; x_wconf 87' lang='lat' dir='ltr'>libere,</span> <span class='ocrx_word' id='word_1_304' title='bbox 2226 2997 2374 3059; x_wconf 91' lang='lat' dir='ltr'>pure</span> <span class='ocrx_word' id='word_1_305' title='bbox 2422 2979 2487 3041; x_wconf 90' lang='lat' dir='ltr'>et</span> <span class='ocrx_word' id='word_1_306' title='bbox 2530 2976 2898 3057; x_wconf 87' lang='lat' dir='ltr'>simpliciter</span> <span class='ocrx_word' id='word_1_307' title='bbox 2934 2979 3109 3043; x_wconf 87' lang='lat' dir='ltr'>nobis</span> 
     </span>
     <span class='ocr_line' id='line_1_31' title="bbox 399 3063 3107 3149; baseline 0.001 -23"><span class='ocrx_word' id='word_1_308' title='bbox 399 3065 494 3127; x_wconf 87' lang='lat' dir='ltr'>vel</span> <span class='ocrx_word' id='word_1_309' title='bbox 542 3084 722 3147; x_wconf 93' lang='lat' dir='ltr'>quem</span> <span class='ocrx_word' id='word_1_310' title='bbox 771 3066 846 3131; x_wconf 91' lang='lat' dir='ltr'>ad</span> <span class='ocrx_word' id='word_1_311' title='bbox 893 3067 1008 3130; x_wconf 92' lang='lat' dir='ltr'>hoc</span> <span class='ocrx_word' id='word_1_312' title='bbox 1054 3067 1483 3148; x_wconf 83' lang='lat' dir='ltr'>deputavimus</span> <span class='ocrx_word' id='word_1_313' title='bbox 1531 3067 1761 3149; x_wconf 90' lang='lat' dir='ltr'>absque</span> <span class='ocrx_word' id='word_1_314' title='bbox 1799 3064 1967 3130; x_wconf 93' lang='lat' dir='ltr'>omni</span> <span class='ocrx_word' id='word_1_315' title='bbox 2014 3065 2151 3130; x_wconf 93' lang='lat' dir='ltr'>dolo</span> <span class='ocrx_word' id='word_1_316' title='bbox 2196 3065 2323 3129; x_wconf 91' lang='lat' dir='ltr'>sive</span> <span class='ocrx_word' id='word_1_317' title='bbox 2369 3063 2582 3127; x_wconf 86' lang='lat' dir='ltr'>fraude</span> <span class='ocrx_word' id='word_1_318' title='bbox 2629 3063 2786 3128; x_wconf 84' lang='lat' dir='ltr'>infra</span> <span class='ocrx_word' id='word_1_319' title='bbox 2830 3065 3107 3145; x_wconf 90' lang='lat' dir='ltr'>spacium</span> 
     </span>
     <span class='ocr_line' id='line_1_32' title="bbox 395 3151 3105 3237; baseline 0.001 -24"><span class='ocrx_word' id='word_1_320' title='bbox 395 3151 613 3233; x_wconf 85' lang='lat' dir='ltr'>viginti</span> <span class='ocrx_word' id='word_1_321' title='bbox 640 3156 899 3217; x_wconf 91' lang='lat' dir='ltr'>duorum</span> <span class='ocrx_word' id='word_1_322' title='bbox 944 3154 1182 3218; x_wconf 89' lang='lat' dir='ltr'>dierum</span> <span class='ocrx_word' id='word_1_323' title='bbox 1231 3155 1568 3237; x_wconf 90' lang='lat' dir='ltr'>atempore</span> <span class='ocrx_word' id='word_1_324' title='bbox 1616 3154 1758 3218; x_wconf 89' lang='lat' dir='ltr'>date</span> <span class='ocrx_word' id='word_1_325' title='bbox 1804 3153 2155 3218; x_wconf 89' lang='lat' dir='ltr'>litterarum</span> <span class='ocrx_word' id='word_1_326' title='bbox 2203 3151 2585 3234; x_wconf 90' lang='lat' dir='ltr'>presentium</span> <span class='ocrx_word' id='word_1_327' title='bbox 2633 3151 2962 3235; x_wconf 89' lang='lat' dir='ltr'>resignare.</span> <span class='ocrx_word' id='word_1_328' title='bbox 3011 3152 3105 3217; x_wconf 92' lang='lat' dir='ltr'>De</span> 
     </span>
     <span class='ocr_line' id='line_1_33' title="bbox 393 3238 3102 3325; baseline 0.001 -24"><span class='ocrx_word' id='word_1_329' title='bbox 393 3238 575 3303; x_wconf 88' lang='lat' dir='ltr'>terris</span> <span class='ocrx_word' id='word_1_330' title='bbox 616 3242 828 3305; x_wconf 88' lang='lat' dir='ltr'>autem</span> <span class='ocrx_word' id='word_1_331' title='bbox 871 3243 935 3305; x_wconf 89' lang='lat' dir='ltr'>et</span> <span class='ocrx_word' id='word_1_332' title='bbox 976 3240 1146 3319; x_wconf 88' lang='lat' dir='ltr'>locis,</span> <span class='ocrx_word' id='word_1_333' title='bbox 1196 3261 1312 3323; x_wconf 93' lang='lat' dir='ltr'>que</span> <span class='ocrx_word' id='word_1_334' title='bbox 1359 3241 1421 3305; x_wconf 93' lang='lat' dir='ltr'>in</span> <span class='ocrx_word' id='word_1_335' title='bbox 1469 3243 1745 3325; x_wconf 89' lang='lat' dir='ltr'>ipsorum</span> <span class='ocrx_word' id='word_1_336' title='bbox 1806 3242 2113 3323; x_wconf 88' lang='lat' dir='ltr'>potestate</span> <span class='ocrx_word' id='word_1_337' title='bbox 2174 3258 2293 3303; x_wconf 92' lang='lat' dir='ltr'>non</span> <span class='ocrx_word' id='word_1_338' title='bbox 2340 3240 2581 3317; x_wconf 88' lang='lat' dir='ltr'>essent,</span> <span class='ocrx_word' id='word_1_339' title='bbox 2637 3239 2745 3302; x_wconf 90' lang='lat' dir='ltr'>sed</span> <span class='ocrx_word' id='word_1_340' title='bbox 2807 3241 3102 3321; x_wconf 85' lang='lat' dir='ltr'>regentur</span> 
     </span>
     <span class='ocr_line' id='line_1_34' title="bbox 372 3326 3103 3410; baseline 0.001 -22"><span class='ocrx_word' id='word_1_341' title='bbox 372 3330 375 3333; x_wconf 51' lang='lat'><strong>⁴</strong></span> <span class='ocrx_word' id='word_1_342' title='bbox 388 3343 498 3406; x_wconf 91' lang='lat' dir='ltr'>per</span> <span class='ocrx_word' id='word_1_343' title='bbox 543 3330 809 3392; x_wconf 88' lang='lat' dir='ltr'>rectores</span> <span class='ocrx_word' id='word_1_344' title='bbox 857 3328 1204 3406; x_wconf 91' lang='lat' dir='ltr'>eorundem,</span> <span class='ocrx_word' id='word_1_345' title='bbox 1253 3347 1535 3393; x_wconf 89' lang='lat' dir='ltr'>revocare</span> <span class='ocrx_word' id='word_1_346' title='bbox 1582 3331 1647 3393; x_wconf 90' lang='lat' dir='ltr'>et</span> <span class='ocrx_word' id='word_1_347' title='bbox 1692 3328 2010 3392; x_wconf 84' lang='lat' dir='ltr'>extrahere</span> <span class='ocrx_word' id='word_1_348' title='bbox 2051 3326 2361 3410; x_wconf 91' lang='lat' dir='ltr'>quoslibet</span> <span class='ocrx_word' id='word_1_349' title='bbox 2383 3327 2650 3390; x_wconf 88' lang='lat' dir='ltr'>rectores</span> <span class='ocrx_word' id='word_1_350' title='bbox 2697 3327 2762 3390; x_wconf 92' lang='lat' dir='ltr'>et</span> <span class='ocrx_word' id='word_1_351' title='bbox 2806 3326 3103 3393; x_wconf 84' lang='lat' dir='ltr'>officiales</span> 
     </span>
     <span class='ocr_line' id='line_1_35' title="bbox 389 3413 3103 3497; baseline 0.002 -24"><span class='ocrx_word' id='word_1_352' title='bbox 389 3414 451 3474; x_wconf 91' lang='lat' dir='ltr'>et</span> <span class='ocrx_word' id='word_1_353' title='bbox 494 3417 712 3495; x_wconf 85' lang='lat' dir='ltr'>gentes</span> <span class='ocrx_word' id='word_1_354' title='bbox 760 3416 1069 3497; x_wconf 90' lang='lat' dir='ltr'>quaslibet</span> <span class='ocrx_word' id='word_1_355' title='bbox 1113 3433 1322 3479; x_wconf 91' lang='lat' dir='ltr'>eorum</span> <span class='ocrx_word' id='word_1_356' title='bbox 1375 3417 1615 3481; x_wconf 88' lang='lat' dir='ltr'>nomine</span> <span class='ocrx_word' id='word_1_357' title='bbox 1662 3416 1890 3480; x_wconf 91' lang='lat' dir='ltr'>ibidem</span> <span class='ocrx_word' id='word_1_358' title='bbox 1937 3416 2295 3492; x_wconf 81' lang='lat' dir='ltr'>residenteS,</span> <span class='ocrx_word' id='word_1_359' title='bbox 2345 3416 2409 3478; x_wconf 93' lang='lat' dir='ltr'>et</span> <span class='ocrx_word' id='word_1_360' title='bbox 2454 3414 2609 3497; x_wconf 90' lang='lat' dir='ltr'>quod</span> <span class='ocrx_word' id='word_1_361' title='bbox 2653 3413 2742 3477; x_wconf 93' lang='lat' dir='ltr'>eis</span> <span class='ocrx_word' id='word_1_362' title='bbox 2791 3415 2855 3478; x_wconf 93' lang='lat' dir='ltr'>in</span> <span class='ocrx_word' id='word_1_363' title='bbox 2898 3418 3103 3496; x_wconf 90' lang='lat' dir='ltr'>poste-</span> 
     </span>
     <span class='ocr_line' id='line_1_36' title="bbox 386 3501 3098 3585; baseline 0.002 -24"><span class='ocrx_word' id='word_1_364' title='bbox 386 3517 525 3563; x_wconf 89' lang='lat' dir='ltr'>rum</span> <span class='ocrx_word' id='word_1_365' title='bbox 572 3504 787 3566; x_wconf 83' lang='lat' dir='ltr'>contra</span> <span class='ocrx_word' id='word_1_366' title='bbox 849 3521 956 3567; x_wconf 89' lang='lat' dir='ltr'>nos</span> <span class='ocrx_word' id='word_1_367' title='bbox 1020 3502 1119 3566; x_wconf 90' lang='lat' dir='ltr'>vel</span> <span class='ocrx_word' id='word_1_368' title='bbox 1180 3504 1423 3567; x_wconf 88' lang='lat' dir='ltr'>nostros</span> <span class='ocrx_word' id='word_1_369' title='bbox 1484 3503 1730 3585; x_wconf 92' lang='lat' dir='ltr'>aliquod</span> <span class='ocrx_word' id='word_1_370' title='bbox 1794 3501 2094 3566; x_wconf 83' lang='lat' dir='ltr'>auxilium</span> <span class='ocrx_word' id='word_1_371' title='bbox 2156 3503 2256 3567; x_wconf 89' lang='lat' dir='ltr'>vel</span> <span class='ocrx_word' id='word_1_372' title='bbox 2309 3501 2595 3565; x_wconf 89' lang='lat' dir='ltr'>iuvamen</span> <span class='ocrx_word' id='word_1_373' title='bbox 2660 3518 2780 3564; x_wconf 93' lang='lat' dir='ltr'>non</span> <span class='ocrx_word' id='word_1_374' title='bbox 2826 3501 3098 3578; x_wconf 81' lang='lat' dir='ltr'>dabunt3</span> 
     </span>
     <span class='ocr_line' id='line_1_37' title="bbox 385 3588 3099 3672; baseline 0.001 -23"><span class='ocrx_word' id='word_1_375' title='bbox 385 3588 804 3668; x_wconf 88' lang='lat' dir='ltr'>supplicantes</span> <span class='ocrx_word' id='word_1_376' title='bbox 848 3609 922 3653; x_wconf 84' lang='lat' dir='ltr'>ex</span> <span class='ocrx_word' id='word_1_377' title='bbox 969 3608 1147 3666; x_wconf 91' lang='lat' dir='ltr'>nunc,</span> <span class='ocrx_word' id='word_1_378' title='bbox 1195 3590 1351 3670; x_wconf 92' lang='lat' dir='ltr'>quod</span> <span class='ocrx_word' id='word_1_379' title='bbox 1399 3591 1565 3672; x_wconf 91' lang='lat' dir='ltr'>ipsas</span> <span class='ocrx_word' id='word_1_380' title='bbox 1611 3590 1917 3667; x_wconf 77' lang='lat' dir='ltr'>civitatee,</span> <span class='ocrx_word' id='word_1_381' title='bbox 1966 3592 2198 3667; x_wconf 89' lang='lat' dir='ltr'>terras,</span> <span class='ocrx_word' id='word_1_382' title='bbox 2247 3591 2451 3653; x_wconf 91' lang='lat' dir='ltr'>castra</span> <span class='ocrx_word' id='word_1_383' title='bbox 2493 3590 2557 3652; x_wconf 89' lang='lat' dir='ltr'>et</span> <span class='ocrx_word' id='word_1_384' title='bbox 2602 3589 2771 3665; x_wconf 88' lang='lat' dir='ltr'>loca,</span> <span class='ocrx_word' id='word_1_385' title='bbox 2833 3606 2974 3653; x_wconf 95' lang='lat' dir='ltr'>cum</span> <span class='ocrx_word' id='word_1_386' title='bbox 3021 3590 3099 3654; x_wconf 88' lang='lat' dir='ltr'>ad</span> 
     </span>
     <span class='ocr_line' id='line_1_38' title="bbox 384 3675 3097 3759; baseline 0.002 -24"><span class='ocrx_word' id='word_1_387' title='bbox 384 3677 658 3739; x_wconf 90' lang='lat' dir='ltr'>nostram</span> <span class='ocrx_word' id='word_1_388' title='bbox 708 3676 1124 3740; x_wconf 88' lang='lat' dir='ltr'>obedientiam</span> <span class='ocrx_word' id='word_1_389' title='bbox 1185 3677 1543 3755; x_wconf 90' lang='lat' dir='ltr'>deveniant,</span> <span class='ocrx_word' id='word_1_390' title='bbox 1607 3677 2005 3759; x_wconf 90' lang='lat' dir='ltr'>dignaremur</span> <span class='ocrx_word' id='word_1_391' title='bbox 2058 3677 2172 3740; x_wconf 88' lang='lat' dir='ltr'>sub</span> <span class='ocrx_word' id='word_1_392' title='bbox 2232 3676 2543 3741; x_wconf 88' lang='lat' dir='ltr'>favoribus</span> <span class='ocrx_word' id='word_1_393' title='bbox 2604 3677 2666 3738; x_wconf 91' lang='lat' dir='ltr'>et</span> <span class='ocrx_word' id='word_1_394' title='bbox 2712 3675 2940 3757; x_wconf 86' lang='lat' dir='ltr'>graciis</span> <span class='ocrx_word' id='word_1_395' title='bbox 2988 3693 3097 3740; x_wconf 92' lang='lat' dir='ltr'>no-</span> 
     </span>
     <span class='ocr_line' id='line_1_39' title="bbox 384 3761 3095 3847; baseline 0.002 -25"><span class='ocrx_word' id='word_1_396' title='bbox 384 3761 529 3825; x_wconf 91' lang='lat' dir='ltr'>stris</span> <span class='ocrx_word' id='word_1_397' title='bbox 577 3764 867 3845; x_wconf 89' lang='lat' dir='ltr'>recipere,</span> <span class='ocrx_word' id='word_1_398' title='bbox 916 3765 1077 3828; x_wconf 91' lang='lat' dir='ltr'>sicut</span> <span class='ocrx_word' id='word_1_399' title='bbox 1122 3763 1287 3828; x_wconf 87' lang='lat' dir='ltr'>soliti</span> <span class='ocrx_word' id='word_1_400' title='bbox 1334 3784 1549 3829; x_wconf 87' lang='lat' dir='ltr'>sumus</span> <span class='ocrx_word' id='word_1_401' title='bbox 1596 3783 1729 3828; x_wconf 91' lang='lat' dir='ltr'>esse</span> <span class='ocrx_word' id='word_1_402' title='bbox 1776 3764 1917 3828; x_wconf 90' lang='lat' dir='ltr'>aliis</span> <span class='ocrx_word' id='word_1_403' title='bbox 1968 3763 2245 3847; x_wconf 90' lang='lat' dir='ltr'>gratiosi.</span> <span class='ocrx_word' id='word_1_404' title='bbox 2293 3763 2378 3826; x_wconf 88' lang='lat' dir='ltr'>Et</span> <span class='ocrx_word' id='word_1_405' title='bbox 2423 3779 2598 3827; x_wconf 85' lang='lat' dir='ltr'>versa</span> <span class='ocrx_word' id='word_1_406' title='bbox 2646 3762 2776 3825; x_wconf 87' lang='lat' dir='ltr'>vice</span> <span class='ocrx_word' id='word_1_407' title='bbox 2820 3780 2931 3825; x_wconf 92' lang='lat' dir='ltr'>nos</span> <span class='ocrx_word' id='word_1_408' title='bbox 2985 3781 3095 3828; x_wconf 90' lang='lat' dir='ltr'>vo-</span> 
     </span>
     <span class='ocr_line' id='line_1_40' title="bbox 383 3848 3094 3934; baseline 0.001 -22"><span class='ocrx_word' id='word_1_409' title='bbox 383 3850 581 3915; x_wconf 90' lang='lat' dir='ltr'>lentes</span> <span class='ocrx_word' id='word_1_410' title='bbox 627 3850 793 3933; x_wconf 90' lang='lat' dir='ltr'>ipsos</span> <span class='ocrx_word' id='word_1_411' title='bbox 833 3851 1054 3916; x_wconf 89' lang='lat' dir='ltr'>ducem</span> <span class='ocrx_word' id='word_1_412' title='bbox 1100 3853 1163 3915; x_wconf 89' lang='lat' dir='ltr'>et</span> <span class='ocrx_word' id='word_1_413' title='bbox 1206 3869 1530 3917; x_wconf 91' lang='lat' dir='ltr'>commune</span> <span class='ocrx_word' id='word_1_414' title='bbox 1576 3852 1799 3916; x_wconf 85' lang='lat' dir='ltr'>habere</span> <span class='ocrx_word' id='word_1_415' title='bbox 1836 3855 2128 3934; x_wconf 90' lang='lat' dir='ltr'>perpetuo</span> <span class='ocrx_word' id='word_1_416' title='bbox 2176 3852 2239 3914; x_wconf 89' lang='lat' dir='ltr'>in</span> <span class='ocrx_word' id='word_1_417' title='bbox 2284 3851 2513 3914; x_wconf 90' lang='lat' dir='ltr'>amicos</span> <span class='ocrx_word' id='word_1_418' title='bbox 2546 3848 2918 3927; x_wconf 90' lang='lat' dir='ltr'>carissimos,</span> <span class='ocrx_word' id='word_1_419' title='bbox 2954 3867 3094 3931; x_wconf 91' lang='lat' dir='ltr'>pro-</span> 
     </span>
     <span class='ocr_line' id='line_1_41' title="bbox 382 3936 3091 4022; baseline 0.001 -23"><span class='ocrx_word' id='word_1_420' title='bbox 382 3937 717 4015; x_wconf 76' lang='lat' dir='ltr'>mittimuS,</span> <span class='ocrx_word' id='word_1_421' title='bbox 767 3938 925 4020; x_wconf 88' lang='lat' dir='ltr'>quod</span> <span class='ocrx_word' id='word_1_422' title='bbox 974 3957 1186 4003; x_wconf 90' lang='lat' dir='ltr'>omnes</span> <span class='ocrx_word' id='word_1_423' title='bbox 1233 3942 1453 4015; x_wconf 89' lang='lat' dir='ltr'>terras,</span> <span class='ocrx_word' id='word_1_424' title='bbox 1500 3941 1706 4004; x_wconf 89' lang='lat' dir='ltr'>castra</span> <span class='ocrx_word' id='word_1_425' title='bbox 1751 3943 1816 4003; x_wconf 91' lang='lat' dir='ltr'>et</span> <span class='ocrx_word' id='word_1_426' title='bbox 1860 3938 2028 4017; x_wconf 91' lang='lat' dir='ltr'>loca,</span> <span class='ocrx_word' id='word_1_427' title='bbox 2081 3957 2232 4022; x_wconf 88' lang='lat' dir='ltr'>quas</span> <span class='ocrx_word' id='word_1_428' title='bbox 2278 3938 2399 4020; x_wconf 90' lang='lat' dir='ltr'>ipsi</span> <span class='ocrx_word' id='word_1_429' title='bbox 2446 3956 2553 4001; x_wconf 89' lang='lat' dir='ltr'>seu</span> <span class='ocrx_word' id='word_1_430' title='bbox 2600 3954 2810 4000; x_wconf 90' lang='lat' dir='ltr'>eorum</span> <span class='ocrx_word' id='word_1_431' title='bbox 2857 3936 3091 4001; x_wconf 91' lang='lat' dir='ltr'>subditi</span> 
     </span>
     <span class='ocr_line' id='line_1_42' title="bbox 381 4021 3090 4108; baseline 0 -20"><span class='ocrx_word' id='word_1_432' title='bbox 381 4026 446 4089; x_wconf 92' lang='lat' dir='ltr'>et</span> <span class='ocrx_word' id='word_1_433' title='bbox 489 4043 783 4106; x_wconf 86' lang='lat' dir='ltr'>sequaces</span> <span class='ocrx_word' id='word_1_434' title='bbox 829 4026 1122 4089; x_wconf 90' lang='lat' dir='ltr'>tenebant</span> <span class='ocrx_word' id='word_1_435' title='bbox 1166 4026 1230 4089; x_wconf 90' lang='lat' dir='ltr'>in</span> <span class='ocrx_word' id='word_1_436' title='bbox 1273 4026 1554 4108; x_wconf 87' lang='lat' dir='ltr'>partibus</span> <span class='ocrx_word' id='word_1_437' title='bbox 1599 4026 1917 4092; x_wconf 85' lang='lat' dir='ltr'>Trivisane</span> <span class='ocrx_word' id='word_1_438' title='bbox 1964 4027 2028 4091; x_wconf 92' lang='lat' dir='ltr'>et</span> <span class='ocrx_word' id='word_1_439' title='bbox 2072 4025 2426 4092; x_wconf 72' lang='lat' dir='ltr'>cenetensis</span> <span class='ocrx_word' id='word_1_440' title='bbox 2471 4042 2542 4088; x_wconf 91' lang='lat' dir='ltr'>ac</span> <span class='ocrx_word' id='word_1_441' title='bbox 2573 4022 2752 4087; x_wconf 91' lang='lat' dir='ltr'>Istrie</span> <span class='ocrx_word' id='word_1_442' title='bbox 2778 4042 2886 4087; x_wconf 90' lang='lat' dir='ltr'>seu</span> <span class='ocrx_word' id='word_1_443' title='bbox 2918 4021 3090 4103; x_wconf 92' lang='lat' dir='ltr'>alibi,</span> 
     </span>
     <span class='ocr_line' id='line_1_43' title="bbox 382 4111 3092 4193; baseline 0 -18"><span class='ocrx_word' id='word_1_444' title='bbox 382 4130 496 4193; x_wconf 89' lang='lat' dir='ltr'>que</span> <span class='ocrx_word' id='word_1_445' title='bbox 541 4113 617 4176; x_wconf 91' lang='lat' dir='ltr'>ad</span> <span class='ocrx_word' id='word_1_446' title='bbox 664 4114 904 4177; x_wconf 90' lang='lat' dir='ltr'>nostras</span> <span class='ocrx_word' id='word_1_447' title='bbox 953 4131 1170 4178; x_wconf 90' lang='lat' dir='ltr'>manus</span> <span class='ocrx_word' id='word_1_448' title='bbox 1217 4114 1608 4178; x_wconf 88' lang='lat' dir='ltr'>devenissent</span> <span class='ocrx_word' id='word_1_449' title='bbox 1653 4114 1748 4179; x_wconf 91' lang='lat' dir='ltr'>vel</span> <span class='ocrx_word' id='word_1_450' title='bbox 1794 4113 2152 4178; x_wconf 90' lang='lat' dir='ltr'>devenirent</span> <span class='ocrx_word' id='word_1_451' title='bbox 2199 4114 2297 4178; x_wconf 90' lang='lat' dir='ltr'>vel</span> <span class='ocrx_word' id='word_1_452' title='bbox 2343 4124 2690 4177; x_wconf 82' lang='lat' dir='ltr'>nostrorum</span> <span class='ocrx_word' id='word_1_453' title='bbox 2737 4112 2804 4174; x_wconf 90' lang='lat' dir='ltr'>et</span> <span class='ocrx_word' id='word_1_454' title='bbox 2848 4111 3092 4176; x_wconf 91' lang='lat' dir='ltr'>nomine</span> 
     </span>
     <span class='ocr_line' id='line_1_44' title="bbox 380 4198 3090 4279; baseline 0.001 -18"><span class='ocrx_word' id='word_1_455' title='bbox 380 4200 587 4262; x_wconf 86' lang='lat' dir='ltr'>nostro</span> <span class='ocrx_word' id='word_1_456' title='bbox 633 4200 988 4264; x_wconf 90' lang='lat' dir='ltr'>tenerentur</span> <span class='ocrx_word' id='word_1_457' title='bbox 1054 4203 1163 4264; x_wconf 92' lang='lat' dir='ltr'>aut</span> <span class='ocrx_word' id='word_1_458' title='bbox 1212 4204 1580 4277; x_wconf 89' lang='lat' dir='ltr'>nostrorum,</span> <span class='ocrx_word' id='word_1_459' title='bbox 1651 4201 1771 4265; x_wconf 91' lang='lat' dir='ltr'>sibi</span> <span class='ocrx_word' id='word_1_460' title='bbox 1820 4204 1882 4264; x_wconf 83' lang='lat' dir='ltr'>et</span> <span class='ocrx_word' id='word_1_461' title='bbox 1924 4200 2109 4266; x_wconf 89' lang='lat' dir='ltr'>dictis</span> <span class='ocrx_word' id='word_1_462' title='bbox 2178 4200 2308 4265; x_wconf 86' lang='lat' dir='ltr'>suis</span> <span class='ocrx_word' id='word_1_463' title='bbox 2379 4198 2641 4263; x_wconf 90' lang='lat' dir='ltr'>subditis</span> <span class='ocrx_word' id='word_1_464' title='bbox 2704 4201 2768 4261; x_wconf 91' lang='lat' dir='ltr'>et</span> <span class='ocrx_word' id='word_1_465' title='bbox 2829 4217 3090 4279; x_wconf 91' lang='lat' dir='ltr'>quorum</span> 
     </span>
     <span class='ocr_line' id='line_1_45' title="bbox 381 4284 3093 4370; baseline 0.001 -23"><span class='ocrx_word' id='word_1_466' title='bbox 381 4287 558 4349; x_wconf 91' lang='lat' dir='ltr'>erant</span> <span class='ocrx_word' id='word_1_467' title='bbox 603 4284 897 4351; x_wconf 87' lang='lat' dir='ltr'>faciemus</span> <span class='ocrx_word' id='word_1_468' title='bbox 967 4288 1161 4366; x_wconf 88' lang='lat' dir='ltr'>tradi,</span> <span class='ocrx_word' id='word_1_469' title='bbox 1226 4289 1475 4353; x_wconf 86' lang='lat' dir='ltr'>restitui</span> <span class='ocrx_word' id='word_1_470' title='bbox 1523 4290 1587 4352; x_wconf 91' lang='lat' dir='ltr'>et</span> <span class='ocrx_word' id='word_1_471' title='bbox 1630 4288 1822 4352; x_wconf 89' lang='lat' dir='ltr'>libere</span> <span class='ocrx_word' id='word_1_472' title='bbox 1886 4289 2188 4370; x_wconf 88' lang='lat' dir='ltr'>assignari</span> <span class='ocrx_word' id='word_1_473' title='bbox 2249 4287 2412 4350; x_wconf 89' lang='lat' dir='ltr'>infra</span> <span class='ocrx_word' id='word_1_474' title='bbox 2457 4284 2790 4349; x_wconf 88' lang='lat' dir='ltr'>terminum</span> <span class='ocrx_word' id='word_1_475' title='bbox 2837 4285 3093 4369; x_wconf 89' lang='lat' dir='ltr'>viginti-</span> 
     </span>
     <span class='ocr_line' id='line_1_46' title="bbox 379 4371 3089 4458; baseline 0.001 -22"><span class='ocrx_word' id='word_1_476' title='bbox 379 4371 640 4437; x_wconf 89' lang='lat' dir='ltr'>duorum</span> <span class='ocrx_word' id='word_1_477' title='bbox 689 4373 929 4438; x_wconf 92' lang='lat' dir='ltr'>dierum</span> <span class='ocrx_word' id='word_1_478' title='bbox 974 4375 1388 4456; x_wconf 88' lang='lat' dir='ltr'>predictorum</span> <span class='ocrx_word' id='word_1_479' title='bbox 1435 4395 1542 4440; x_wconf 88' lang='lat' dir='ltr'>seu</span> <span class='ocrx_word' id='word_1_480' title='bbox 1587 4376 1807 4458; x_wconf 91' lang='lat' dir='ltr'>quibus</span> <span class='ocrx_word' id='word_1_481' title='bbox 1852 4375 2137 4439; x_wconf 85' lang='lat' dir='ltr'>duxerint</span> <span class='ocrx_word' id='word_1_482' title='bbox 2184 4374 2587 4456; x_wconf 76' lang='lat' dir='ltr'>deputandos·</span> <span class='ocrx_word' id='word_1_483' title='bbox 2635 4372 2770 4437; x_wconf 87' lang='lat' dir='ltr'>Neo</span> <span class='ocrx_word' id='word_1_484' title='bbox 2815 4373 2890 4437; x_wconf 91' lang='lat' dir='ltr'>de</span> <span class='ocrx_word' id='word_1_485' title='bbox 2937 4374 3089 4455; x_wconf 89' lang='lat' dir='ltr'>ipsis</span> 
     </span>
     <span class='ocr_line' id='line_1_47' title="bbox 380 4458 3088 4545; baseline 0 -22"><span class='ocrx_word' id='word_1_486' title='bbox 380 4458 531 4524; x_wconf 89' lang='lat' dir='ltr'>locis</span> <span class='ocrx_word' id='word_1_487' title='bbox 578 4462 642 4524; x_wconf 91' lang='lat' dir='ltr'>et</span> <span class='ocrx_word' id='word_1_488' title='bbox 689 4462 871 4525; x_wconf 88' lang='lat' dir='ltr'>terris</span> <span class='ocrx_word' id='word_1_489' title='bbox 919 4461 1048 4526; x_wconf 91' lang='lat' dir='ltr'>ullo</span> <span class='ocrx_word' id='word_1_490' title='bbox 1096 4481 1366 4545; x_wconf 90' lang='lat' dir='ltr'>unquam</span> <span class='ocrx_word' id='word_1_491' title='bbox 1416 4465 1694 4545; x_wconf 88' lang='lat' dir='ltr'>tempore</span> <span class='ocrx_word' id='word_1_492' title='bbox 1742 4483 1847 4545; x_wconf 91' lang='lat' dir='ltr'>per</span> <span class='ocrx_word' id='word_1_493' title='bbox 1893 4481 2018 4538; x_wconf 80' lang='lat' dir='ltr'>neS‚</span> <span class='ocrx_word' id='word_1_494' title='bbox 2066 4479 2444 4526; x_wconf 88' lang='lat' dir='ltr'>successores</span> <span class='ocrx_word' id='word_1_495' title='bbox 2492 4460 2730 4524; x_wconf 90' lang='lat' dir='ltr'>nostros</span> <span class='ocrx_word' id='word_1_496' title='bbox 2773 4461 2877 4532; x_wconf 64' lang='lat' dir='ltr'>‚vel</span> <span class='ocrx_word' id='word_1_497' title='bbox 2933 4460 3088 4524; x_wconf 91' lang='lat' dir='ltr'>alios</span> 
     </span>
     <span class='ocr_line' id='line_1_48' title="bbox 378 4546 3084 4631; baseline 0 -21"><span class='ocrx_word' id='word_1_498' title='bbox 378 4565 487 4611; x_wconf 90' lang='lat' dir='ltr'>uos</span> <span class='ocrx_word' id='word_1_499' title='bbox 529 4547 1016 4613; x_wconf 89' lang='lat' dir='ltr'>intromittemus</span> <span class='ocrx_word' id='word_1_500' title='bbox 1062 4550 1162 4613; x_wconf 90' lang='lat' dir='ltr'>vel</span> <span class='ocrx_word' id='word_1_501' title='bbox 1205 4550 1635 4631; x_wconf 91' lang='lat' dir='ltr'>impediemus.</span> <span class='ocrx_word' id='word_1_502' title='bbox 1702 4551 2150 4615; x_wconf 86' lang='lat' dir='ltr'>Renuntiantes</span> <span class='ocrx_word' id='word_1_503' title='bbox 2218 4567 2290 4612; x_wconf 89' lang='lat' dir='ltr'>ac</span> <span class='ocrx_word' id='word_1_504' title='bbox 2336 4549 2399 4610; x_wconf 91' lang='lat' dir='ltr'>in</span> <span class='ocrx_word' id='word_1_505' title='bbox 2444 4563 2548 4611; x_wconf 90' lang='lat' dir='ltr'>eos</span> <span class='ocrx_word' id='word_1_506' title='bbox 2608 4546 3084 4611; x_wconf 80' lang='lat' dir='ltr'>transferrentes</span> 
     </span>
     <span class='ocr_line' id='line_1_49' title="bbox 375 4632 3090 4718; baseline -0.001 -22"><span class='ocrx_word' id='word_1_507' title='bbox 375 4632 491 4711; x_wconf 93' lang='lat' dir='ltr'>ius,</span> <span class='ocrx_word' id='word_1_508' title='bbox 539 4636 593 4699; x_wconf 89' lang='lat' dir='ltr'>si</span> <span class='ocrx_word' id='word_1_509' title='bbox 640 4635 802 4716; x_wconf 91' lang='lat' dir='ltr'>quod</span> <span class='ocrx_word' id='word_1_510' title='bbox 847 4636 1387 4718; x_wconf 88' lang='lat' dir='ltr'>acquisivissemus</span> <span class='ocrx_word' id='word_1_511' title='bbox 1432 4636 1498 4699; x_wconf 91' lang='lat' dir='ltr'>in</span> <span class='ocrx_word' id='word_1_512' title='bbox 1544 4636 1651 4700; x_wconf 89' lang='lat' dir='ltr'>eis.</span> <span class='ocrx_word' id='word_1_513' title='bbox 1699 4638 1798 4700; x_wconf 91' lang='lat' dir='ltr'>Ita</span> <span class='ocrx_word' id='word_1_514' title='bbox 1844 4639 2053 4702; x_wconf 89' lang='lat' dir='ltr'>tamen</span> <span class='ocrx_word' id='word_1_515' title='bbox 2093 4636 2253 4716; x_wconf 91' lang='lat' dir='ltr'>quod</span> <span class='ocrx_word' id='word_1_516' title='bbox 2297 4634 2464 4715; x_wconf 87' lang='lat' dir='ltr'>ipsas</span> <span class='ocrx_word' id='word_1_517' title='bbox 2508 4634 2726 4709; x_wconf 73' lang='lat' dir='ltr'>terrae,</span> <span class='ocrx_word' id='word_1_518' title='bbox 2776 4634 2979 4697; x_wconf 87' lang='lat' dir='ltr'>castra</span> <span class='ocrx_word' id='word_1_519' title='bbox 3023 4632 3090 4695; x_wconf 88' lang='lat' dir='ltr'>et</span> 
     </span>
     <span class='ocr_line' id='line_1_50' title="bbox 372 4718 3086 4804; baseline -0.001 -22"><span class='ocrx_word' id='word_1_520' title='bbox 372 4718 507 4786; x_wconf 90' lang='lat' dir='ltr'>loca</span> <span class='ocrx_word' id='word_1_521' title='bbox 552 4725 615 4786; x_wconf 92' lang='lat' dir='ltr'>et</span> <span class='ocrx_word' id='word_1_522' title='bbox 660 4721 940 4787; x_wconf 87' lang='lat' dir='ltr'>subditos</span> <span class='ocrx_word' id='word_1_523' title='bbox 986 4741 1234 4804; x_wconf 91' lang='lat' dir='ltr'>earum,</span> <span class='ocrx_word' id='word_1_524' title='bbox 1301 4741 1414 4788; x_wconf 88' lang='lat' dir='ltr'>nec</span> <span class='ocrx_word' id='word_1_525' title='bbox 1473 4740 1594 4786; x_wconf 93' lang='lat' dir='ltr'>non</span> <span class='ocrx_word' id='word_1_526' title='bbox 1661 4741 1872 4789; x_wconf 89' lang='lat' dir='ltr'>omnes</span> <span class='ocrx_word' id='word_1_527' title='bbox 1931 4721 2200 4798; x_wconf 69' lang='lat' dir='ltr'>amima,</span> <span class='ocrx_word' id='word_1_528' title='bbox 2262 4719 2626 4783; x_wconf 82' lang='lat' dir='ltr'>adherentes</span> <span class='ocrx_word' id='word_1_529' title='bbox 2688 4719 2752 4782; x_wconf 88' lang='lat' dir='ltr'>et</span> <span class='ocrx_word' id='word_1_530' title='bbox 2797 4734 3086 4800; x_wconf 87' lang='lat' dir='ltr'>sequaces</span> 
     </span>
    </p>
   </div>
   <div class='ocr_carea' id='block_1_3' title="bbox 459 4820 2842 4890">
    <p class='ocr_par' dir='ltr' id='par_1_3' title="bbox 459 4820 2842 4890">
     <span class='ocr_line' id='line_1_51' title="bbox 459 4820 2842 4890; baseline -0.003 0"><span class='ocrx_word' id='word_1_531' title='bbox 459 4840 656 4890; x_wconf 74' lang='lat' dir='ltr'>arou.</span> <span class='ocrx_word' id='word_1_532' title='bbox 687 4841 787 4889; x_wconf 90' lang='lat'>111.</span> <span class='ocrx_word' id='word_1_533' title='bbox 1897 4877 1902 4883; x_wconf 93' lang='lat'>.</span> <span class='ocrx_word' id='word_1_534' title='bbox 2755 4820 2842 4884; x_wconf 81' lang='lat'>24</span> 
     </span>
    </p>
   </div>
  </div>
 </body>
</html>
