3620 5282
2935 308 3065 376 207

326 477 653 545 ternitatis
702 479 766 543 et
810 495 921 561 pro
958 478 1116 543 bono
1183 477 1370 544 etiam
1420 477 1617 560 patrie
1682 478 2002 557 Foroiulii,
2052 480 2114 545 et
2159 481 2326 545 istud
2392 499 2503 545 sua
2547 483 3066 550 reverendissima

332 566 679 650 paternitas
724 567 900 649 plene
948 567 1142 644 novit,
1191 569 1254 630 et
1301 567 1353 630 si
1378 585 1571 649 usque
1618 587 1779 632 nnnc
1827 568 1975 631 talis
2023 568 2350 651 dispositio
2375 569 2435 633 in
2471 570 2647 634 nobis
2695 570 2833 650 fuit,
2863 575 3064 639 multo

330 656 471 738 plus
516 656 920 731 intendimuS,
973 656 1128 737 quod
1178 655 1262 718 sit
1305 654 1382 719 de
1425 657 1630 718 cetero
1662 673 1771 737 pro
1820 657 2342 739 contemplatione
2385 657 2678 740 reginalis
2710 659 3061 726 maiestatis

330 744 674 827 Hungarie,
723 741 820 807 cui
874 761 1110 820 sumuS,
1160 745 1232 807 ut
1274 761 1517 824 semper
1585 742 1834 822 fuimus,
1911 744 2190 825 dispositi
2238 745 2302 809 in
2349 746 2589 809 cunctis
2660 748 3063 829 possibilibus

324 829 483 897 cum'
516 829 938 896 sincerissimo
984 830 1190 894 animo
1253 830 1652 913 complacere.
1715 832 1796 895 Et
1842 831 2252 915 subiungatur
2298 832 2483 897 dictis
2531 835 3058 914 ambaxatoribuS,

335 920 499 1003 quod
538 920 591 983 si
639 918 756 1002 ipsi
830 918 1108 983 viderent
1179 918 1346 983 ultra
1415 918 1749 999 predictam
1821 938 1972 997 rem,
2043 939 2159 1003 que
2221 921 2532 986 videretur
2599 922 2687 985 eis
2757 924 2934 988 utilis
2983 926 3062 989 ad

330 1003 705 1090 possendum
756 1005 889 1071 fieri
958 1025 1068 1089 per
1131 1024 1259 1084 nos,
1320 1007 1477 1088 quod
1541 1006 1769 1079 dicant,
1827 1007 1971 1089 quia
2015 1007 2336 1073 audiemus
2388 1027 2488 1074 eos
2535 1008 2825 1075 alacriter
2874 1015 2938 1077 et
2983 1012 3064 1077 li-

328 1096 566 1161 beuter.

538 1183 701 1246 Item
748 1180 992 1246 dicatur
1057 1179 1247 1246 dictis
1313 1181 1837 1260 ambaxatoribuS,
1909 1183 2066 1266 quod
2132 1202 2348 1248 sumus
2395 1186 2687 1263 contenti,
2737 1186 2899 1269 quod
2942 1187 3059 1270 ipsi

321 1270 556 1335 facient
613 1270 845 1334 sentire
903 1269 1143 1352 utrique
1206 1271 1366 1351 parti
1424 1269 1499 1333 de
1567 1270 1985 1352 requisitione,
2057 1290 2243 1354 quam
2303 1273 2477 1337 nobis
2524 1273 2822 1354 fecerunt,
2872 1278 2938 1340 et
2982 1276 3058 1341 de

331 1359 545 1423 nostra
591 1359 980 1440 responsione
1027 1357 1305 1440 predicta
1354 1376 1458 1439 pro
1507 1376 1717 1422 eorum
1751 1358 2204 1424 informatione.

541 1444 642 1509 Ad
694 1445 1029 1509 secundum
1078 1444 1419 1527 capitulum
1469 1445 1697 1509 faciens
1747 1447 2122 1510 mentionem
2174 1444 2248 1511 de
2295 1448 2530 1514 duabus
2578 1449 2775 1532 galeis
2821 1451 3058 1517 domini

331 1534 496 1616 regis
540 1533 752 1611 Raxie,
802 1552 918 1617 que
965 1533 1243 1597 laborate
1289 1532 1542 1597 fuerunt
1585 1533 1650 1596 in
1699 1532 2003 1612 VeneciiS,
2046 1535 2203 1617 quod
2234 1553 2349 1599 non
2388 1535 2828 1619 dampnificent
2861 1543 3057 1605 terras

324 1625 389 1686 et
436 1622 714 1686 subditos
776 1621 1072 1704 reginalis
1133 1619 1477 1686 maiestatis
1541 1620 1863 1703 Hungarie
1904 1625 2043 1699 etc.,
2096 1623 2553 1707 respondeatur,
2614 1625 2773 1707 quod
2819 1627 3053 1692 veritas

323 1711 441 1788 est,
491 1712 649 1792 quod
698 1727 842 1773 cum
912 1709 1164 1773 licentia
1237 1711 1448 1773 nostra
1511 1707 1641 1790 ipse
1686 1708 1860 1790 galee
1913 1708 2165 1775 fuerunt
2211 1709 2488 1776 laborate
2533 1715 2597 1775 et
2643 1712 2942 1778 fabricate
2992 1715 3056 1779 in

322 1797 623 1875 Yeuetiis,
695 1797 800 1860 sed
848 1815 965 1860 non
1033 1796 1262 1861 debent
1330 1798 1556 1860 armari
1605 1796 1668 1860 in
1715 1796 1994 1861 Venetiis
2042 1798 2169 1862 ullo
2220 1800 2437 1877 modo,
2467 1802 2531 1864 et
2576 1800 2718 1882 quia
2764 1802 2895 1884 ipse
2943 1801 3054 1868 do·

319 1885 524 1950 minus
574 1904 676 1950 rex
725 1884 917 1949 Raxie
963 1886 1200 1966 accepit
1248 1885 1323 1949 ad
1369 1883 1694 1958 servitium
1744 1903 1925 1949 suum
1973 1904 2081 1968 pro
2128 1886 2433 1952 admirato
2489 1891 2822 1970 quemdam
2874 1890 3055 1955 nobi·

319 1971 444 2038 lem
491 1973 688 2038 civem
740 1973 1041 2049 nostrum,
1110 1974 1351 2055 quando
1410 1972 1543 2054 ipse
1603 1972 1779 2053 galee
1828 1979 2010 2036 erunt
2054 1975 2118 2037 in
2165 1979 2303 2040 actu
2354 1977 2697 2055 recedendi,
2748 1976 3052 2043 faciemus

318 2064 678 2145 preceptum
748 2060 917 2146 dicto
986 2059 1290 2125 admirato
1353 2060 1474 2124 civi
1522 2063 1751 2137 nostro,
1801 2061 1962 2143 quod
2009 2062 2229 2139 terras,
2258 2063 2541 2128 subditos
2585 2065 2650 2128 et
2694 2063 2910 2130 fideles
2962 2087 3056 2130 re·

318 2149 548 2232 ginalis
592 2148 941 2213 maiestatis
981 2147 1302 2230 Hungarie
1349 2146 1572 2212 debeat
1618 2150 1886 2212 tractare
1931 2149 2361 2227 amicabiliter,
2391 2150 2655 2216 dulciter
2700 2157 2765 2217 et
2789 2153 3053 2238 benigne

318 2243 381 2302 et
424 2236 560 2320 sine
630 2237 839 2319 aliqua
907 2234 1163 2313 lexione,
1237 2236 1386 2318 quia
1452 2235 1716 2300 intentio
1776 2236 1969 2301 nostri
2018 2237 2273 2302 dominii
2320 2237 2440 2303 fuit
2476 2241 2539 2303 et
2583 2241 2698 2318 est,
2749 2243 2904 2325 quod
2947 2261 3056 2325 per

319 2324 551 2407 galeae,
616 2324 886 2407 navigia,
950 2323 1231 2388 subditos
1297 2326 1362 2388 et
1420 2323 1633 2388 fideles
1694 2327 1939 2388 nostros
1980 2327 2328 2390 tractentur
2377 2329 2563 2404 terre,
2613 2328 2763 2405 loca,
2813 2328 3052 2395 subditi

322 2413 386 2475 et
432 2411 644 2476 fideles
714 2411 1008 2494 reginalis
1078 2412 1427 2476 maiestatis
1498 2411 1818 2494 Hungarie
1888 2414 2224 2496 tamquam·
2284 2417 2490 2479 nostra
2537 2415 2800 2497 propria,
2851 2419 2915 2481 et
2960 2419 3050 2482 sic

323 2498 556 2563 habent
600 2518 637 2563 a
684 2499 860 2563 nobis
907 2500 1261 2581 specialiter
1309 2500 1369 2563 in
1426 2499 1760 2564 mandatis.

528 2586 626 2652 Ad
674 2586 962 2652 ultimum
1004 2605 1144 2653 vero
1192 2587 1267 2651 de
1302 2586 1483 2679 facto·
1512 2587 1682 2652 illius
1730 2587 1996 2670 depositi
2058 2587 2207 2655 facti
2254 2590 2318 2656 in
2366 2591 2619 2657 civitate
2668 2596 2882 2658 nostra
2929 2592 3050 2658 Ve-

320 2673 629 2739 netiarum
678 2695 784 2756 per
831 2675 1011 2738 illum
1086 2677 1344 2740 Petrum
1394 2676 1468 2740 de
1512 2676 1770 2740 Yuanus
1836 2679 1981 2740 ante
2029 2696 2320 2760 guerram
2369 2681 2641 2762 proxime
2687 2683 3047 2763 preteritam

323 2765 465 2839 etc„
495 2763 959 2845 respondeatur,
1023 2764 1180 2845 quod
1237 2781 1346 2845 pro
1406 2764 1678 2845 presenti
1728 2769 1976 2844 propt-er
2017 2765 2288 2848 aliquem
2338 2771 2690 2850 respectum
2740 2786 2858 2832 non
2908 2786 3045 2850 pos-

319 2870 534 2916 sumus
568 2852 711 2916 dare
759 2851 1210 2933 expeditionem
1258 2849 1402 2914 huic
1460 2851 1641 2929 facte,
1706 2849 1813 2914 sed
1862 2852 2124 2917 intentio
2171 2854 2382 2918 nostra
2426 2854 2545 2918 fuit
2591 2860 2654 2917 et
2699 2859 2796 2919 est
2842 2856 3052 2920 obser-

319 2958 462 3004 vare
509 2938 775 3004 formam
821 2938 1012 3022 pacis,
1063 2940 1129 3003 et
1173 2937 1371 3002 facere
1418 2938 1477 3001 in
1524 2937 1639 3002 hoc
1683 2938 1866 3017 facto,
1907 2933 2206 3022 'quicquid
2258 2940 2334 3005 de
2380 2941 2512 3006 iure
2557 2940 2688 3006 fieri
2736 2942 2937 3008 debet.

400 3047 580 3106 Misti
630 3047 1021 3109 XXXVIII.
1074 3048 1217 3119 138,
1264 3065 1306 3105 u
1350 3047 1506 3107 mlet.
1551 3048 1786 3108 arkivu.

838 3269 1189 3357 CCXCI.
1244 3272 1462 3358 1384.
1524 3270 1618 3357 27
1671 3272 1982 3378 umisa,
2036 3300 2116 3359 ιι·
2148 3274 2539 3362 Mletcih.

316 3418 594 3498 Ιϋεέεκο,
642 3419 724 3478 da
768 3435 829 3478 se
873 3419 1157 3492 neizplati
1196 3419 1351 3488 mjed
1385 3420 1684 3493 zarobljm
1731 3422 2012 3509 rejaco-iim
2052 3423 2501 3497 dubrovcanom,
2547 3426 2822 3500 akoprem
2867 3445 2930 3489 se
2967 3446 3045 3490 aa

1114 3511 1170 3566 to
1214 3508 1555 3567 aauzimala
1599 3509 1928 3583 aqam-hro.
1978 3511 2259 3584 Ierab‘ica.

537 3627 721 3692 1384.
767 3627 1101 3693 indictione
1137 3628 1423 3711 septima,
1472 3629 1569 3694 die
1604 3629 1786 3694 XVII
1838 3630 2064 3694 mensis
2113 3630 2282 3695 iunii.
2332 3629 2443 3697 Ser
2491 3632 2767 3699 Donatus
2819 3636 3043 3702 Mauro

317 3714 742 3781 ConsiliarinS.
790 3713 1025 3798 Capta:
1074 3734 1214 3780 cum
1263 3718 1405 3781 ante
1463 3718 1831 3799 principium
1882 3737 2102 3801 guerre
2149 3720 2422 3801 proxime
2473 3723 2765 3803 preterite
2809 3725 3048 3807 reperi·

315 3806 530 3869 rentur
577 3804 636 3868 in
689 3806 899 3869 nostro
944 3804 1139 3886 gethu
1185 3804 1355 3867 rami
1390 3804 1553 3869 circa
1597 3804 1868 3869 miliaria
1911 3805 2360 3889 quinquaginta
2410 3810 2547 3872 octo
2610 3810 2765 3874 rami
2813 3813 2919 3877 fini
2971 3814 3044 3878 de

309 3893 545 3957 ratione
590 3910 690 3956 ser
737 3892 904 3956 Petri
928 3890 1181 3956 Yuanus
1210 3891 1495 3975 Ragusei,
1526 3910 1663 3973 pars
1688 3892 1980 3958 videlicet
2004 3894 2402 3977 scriptadicto
2437 3914 2535 3961 ser
2569 3895 2754 3962 Petro
2785 3898 3039 3965 Yuanus

308 3983 374 4045 et
419 3999 561 4061 pars
607 3998 706 4044 ser
769 3981 932 4044 Luce
1003 3980 1078 4043 de
1130 3979 1331 4043 Medio
1400 3979 1619 4044 factori
1687 3999 1817 4057 suo,
1882 3982 2041 4064 quod
2088 4001 2258 4047 rame
2314 3987 2781 4066 superveniente
2821 3997 3083 4069 guerra,
3161 3994 3164 3995 ’

309 4088 420 4151 per
464 4067 776 4151 sapientes
824 4068 1069 4132 nostros
1116 4069 1278 4130 terre
1326 4084 1481 4132 nove
1528 4069 1852 4150 tamquam
1903 4069 2061 4133 bona
2108 4072 2455 4135 nostrorum
2498 4071 2887 4137 inimicorum
2924 4073 3047 4138 fuit

307 4160 630 4238 acceptum
695 4155 770 4220 de
836 4156 999 4220 dicto
1061 4155 1252 4237 gethu
1300 4155 1364 4218 et
1409 4155 1749 4229 venditum,
1816 4158 1879 4220 et
1924 4157 2158 4221 denarii
2228 4158 2416 4240 positi
2466 4160 2527 4224 in
2572 4177 2901 4226 commune
2946 4180 3046 4226 se·

312 4245 580 4308 cundum
630 4242 889 4307 formam
941 4245 1132 4323 partis
1181 4242 1336 4306 alias
1382 4244 1559 4324 capte
1606 4262 1788 4324 super
1830 4243 1963 4321 hoc,
2014 4247 2077 4309 et
2123 4245 2319 4327 pridie
2367 4248 2787 4331 comparuerit
2832 4267 3042 4315 coram

308 4335 520 4396 nostro
584 4330 857 4395 dominio
925 4330 1292 4395 Franciscus
1339 4329 1413 4394 de
1466 4331 1792 4400 Bernardo,
1867 4331 2096 4408 dicenS,
2138 4333 2362 4398 habere
2421 4337 2911 4416 procurationem
2965 4339 3041 4402 ad

308 4419 560 4502 plenum
611 4418 687 4483 ab
724 4418 1050 4483 heredibus
1100 4418 1199 4483 vel
1230 4416 1675 4483 commissariis
1708 4419 1857 4482 dicti
1883 4436 1981 4482 ser
2006 4420 2175 4483 Petri
2211 4423 2284 4486 de
2315 4421 2567 4487 Yuanus
2610 4426 2674 4488 et
2720 4426 3041 4509 tamquam

306 4507 440 4576 eius
505 4506 772 4571 creditor
832 4508 911 4571 et‘
958 4504 1240 4583 aliorum,
1289 4506 1394 4588 qui
1441 4505 1653 4571 dicunt
1711 4525 1777 4571 se
1834 4505 1960 4569 fore
2006 4508 2339 4573 creditores
2385 4528 2525 4575 cum
2592 4510 2792 4578 literis
2876 4533 3044 4580 reco-

309 4594 728 4660 mendationis
775 4593 1071 4677 reginalis
1120 4592 1464 4658 maiestatis
1510 4593 1849 4677 Hungarie,
1878 4594 2154 4671 dicendo,
2185 4597 2340 4679 quod
2389 4617 2497 4680 per
2543 4599 2807 4666 sormam
2841 4603 3035 4685 paciS,

306 4701 492 4767 quam
539 4682 800 4747 fecimus
848 4700 990 4746 cum
1037 4682 1282 4746 domino
1329 4699 1471 4764 rege
1518 4681 1857 4768 Hungarie,
1905 4681 2185 4749 denarios
2217 4686 2526 4752 extractos
2560 4687 2636 4753 de
2667 4689 2832 4756 dicto
2865 4708 3037 4756 rame
