3620 5282
463 371 590 435 394

480 547 780 611 Dimitrio
826 547 958 628 regi
1012 553 1075 611 et
1122 550 1319 614 eidem
1369 550 1569 634 Ugoni
1620 552 1846 626 omnia,
1904 568 2020 632 que
2085 550 2147 613 in
2196 550 2433 615 cartula
2492 552 2618 615 ista'
2669 550 2831 616 facta
2875 571 2984 635 per
3028 553 3190 617 Her-

475 653 787 700 macoram
839 636 960 700 cito
1005 638 1415 719 presbiterum
1464 640 1529 702 et
1577 639 1879 702 notarium
1935 638 2396 716 continebatur,
2439 641 2616 702 tenor
2659 639 2833 703 cuius
2876 641 3022 704 talis
3071 645 3188 706 est.

473 723 545 786 In
598 723 842 787 nomine
890 725 1121 788 domini
1168 725 1267 789 dei
1316 729 1378 789 et
1424 725 1747 789 salvatoris
1796 726 1986 789 nostri
2040 725 2235 790 Jeshu
2284 724 2517 790 Christi
2564 744 2722 789 anno
2765 726 2997 791 domini
3041 727 3189 794 mil-

474 811 700 875 lesimo
748 808 1081 877 CCXXlV.
1132 832 1341 878 mense
1387 813 1640 890 marcio,
1690 813 2019 877 indictione
2066 813 2207 888 XII,
2259 813 2564 891 Rivoalto,
2627 814 3034 880 testificamur
3077 834 3185 881 nos

475 898 833 963 Demetrius
881 900 981 964 dei
1029 902 1231 983 gratia
1284 920 1388 965 rex
1437 898 1714 964 Saleniki
1762 904 1827 965 et
1873 902 2008 983 Ugo
2067 901 2246 965 miles
2290 900 2524 965 domini
2570 899 2819 966 Narzoli
2867 904 2931 967 et
2973 902 3037 967 in
3084 921 3185 967 ve-

470 987 658 1049 ritate
705 986 988 1064 dicimus,
1037 991 1191 1069 quod
1239 1007 1347 1053 nos
1394 988 1625 1052 fuimus
1674 990 1734 1052 in
1782 988 1889 1052 illo
1935 988 2066 1053 loco
2113 988 2315 1052 silicet
2361 989 2421 1052 in
2470 991 2635 1054 terra
2678 990 2841 1072 regis
2888 990 3179 1073 Ungarie,

463 1074 567 1138 ubi
618 1092 721 1137 rex
769 1074 946 1138 Bella
992 1076 1159 1141 filius
1207 1075 1439 1140 domini
1502 1075 1744 1141 Andree
1809 1077 1971 1158 regis
2032 1076 2306 1158 Ungarie
2365 1094 2505 1139 cum
2569 1078 2697 1141 suis
2755 1077 3060 1142 militibus
3118 1081 3182 1142 et

460 1161 711 1243 quidam
762 1162 993 1227 milites
1041 1163 1211 1228 ducis
1258 1162 1513 1227 Austrie
1557 1183 1664 1246 per
1686 1163 2044 1228 violentiam
2097 1165 2434 1245 rapuerunt
2456 1167 2702 1228 tantum
2749 1165 2911 1228 inter
2958 1183 3177 1229 aurum

461 1250 526 1313 et
569 1251 893 1332 argentum
943 1253 1005 1315 et
1044 1253 1205 1315 zoias
1250 1251 1325 1316 de
1372 1252 1555 1315 Petro
1600 1251 1858 1315 Alberto
1906 1251 1980 1314 de
2043 1251 2342 1328 Veneciis,
2392 1250 2550 1333 quod
2613 1250 2866 1316 fuerunt
2911 1252 3178 1317 valentia

462 1355 703 1401 marcas
751 1338 990 1421 argenti
1039 1341 1375 1416 sexcentae,
1425 1340 1612 1403 etiam
1662 1340 1910 1403 tantum
1958 1339 2119 1403 inter
2149 1340 2472 1422 argentum
2521 1340 2586 1403 et
2629 1357 2848 1403 aurum
2896 1344 2959 1404 et
3008 1341 3173 1405 zoias

464 1424 538 1488 de
587 1425 829 1489 Donato
875 1425 1101 1491 Aulivo
1146 1427 1219 1490 de
1267 1426 1568 1503 veneciis,
1619 1427 1779 1508 quod
1843 1426 2091 1491 fuerunt
2154 1427 2425 1490 valentia
2488 1445 2728 1491 marcas
2773 1427 3013 1511 argenti
3064 1429 3176 1492 du-

461 1513 691 1588 centae,
741 1515 806 1577 et
850 1516 1093 1579 tantum
1143 1513 1217 1579 de
1269 1514 1411 1578 Vito
1459 1515 1755 1578 Penetulo
1797 1514 1874 1577 de
1926 1514 2231 1584 Veneciis,
2280 1514 2436 1595 quod
2497 1513 2749 1578 fuerunt
2796 1533 3036 1580 marcas
3082 1535 3180 1581 ar-

458 1600 631 1682 genti
676 1604 939 1681 quatuor
985 1602 1183 1666 decim
1234 1603 1298 1665 et
1342 1604 1605 1683 quatuor
1665 1603 1913 1666 marche
1972 1602 2122 1666 auri
2185 1602 2267 1665 Et
2312 1602 2425 1665 hoc
2471 1621 2579 1683 per
2640 1621 2852 1667 verum
2905 1602 3177 1672 ,dicimus

459 1688 909 1752 testimonium.
964 1690 1223 1771 Signum
1265 1689 1754 1771 subscriptorum
1804 1689 2035 1753 domini
2071 1688 2369 1754 Demitrii
2405 1688 2570 1772 regis
2602 1688 2878 1754 Salaniki
2917 1693 2981 1754 et
3013 1690 3181 1773 Ugo-

459 1775 556 1839 nis
605 1775 847 1853 militie,
896 1778 1000 1857 qui
1047 1778 1161 1841 hec
1205 1778 1594 1859 rogaverunt.
1652 1773 1720 1863 -Ι-
1762 1778 1894 1859 Ego
1942 1777 2223 1841 Marinus
2284 1776 2509 1841 Natale
2573 1777 2755 1841 testis
2821 1777 3174 1859 subscripsi.

460 1865 537 1939 ÷
574 1863 707 1944 Ego
757 1863 1036 1928 Marinus
1099 1864 1363 1929 Pentulo
1426 1866 1603 1928 testis
1667 1864 2028 1946 subscripsi.
2099 1875 2171 1945 -ξ-
2222 1866 2351 1947 Ego
2402 1864 2813 1929 Hermacoras
2861 1865 2984 1930 cito
3031 1885 3174 1950 pre-

456 1950 655 2014 sbiter
700 1952 765 2015 et
811 1952 1085 2016 notarius
1132 1952 1432 2033 complevi
1483 1954 1546 2015 et
1591 1953 1891 2017 roboravi.

542 2041 727 2101 Liber
760 2042 1111 2118 Pleyiorum,
1159 2044 1260 2101 list
1303 2045 1407 2112 26,
1454 2043 1537 2101 br.
1583 2043 1732 2113 222,
1780 2061 1823 2103 ιι
1862 2044 2078 2102 arkivu
2119 2043 2476 2104 mletackom.

908 2231 1064 2311 IX.
1141 2230 1347 2313 God.
1396 2229 1620 2313 1224.
1664 2231 1772 2313 30
1829 2232 2168 2334 oquka,
2222 2254 2282 2313 u
2336 2230 2724 2313 Mleteih.

456 2355 779 2416 Zadranin
811 2358 1002 2430 ,iambi
1045 2373 1121 2416 za
1169 2356 1528 2416 Zadranina
1578 2358 1734 2431 pred
1791 2359 2132 2418 mletadkom
2197 2351 2432 2417 vladom
2494 2375 2535 2416 u
2574 2358 2757 2430 postu
2805 2359 3180 2433 brodarenja.

666 2475 781 2540 Die
851 2475 1114 2540 secundo
1161 2475 1411 2555 marcio,
1474 2475 1807 2541 indictione
1855 2477 1993 2541 XII.
2042 2476 2354 2542 Johannes
2413 2475 2490 2540 de
2551 2477 2745 2542 Jadra
2790 2477 2866 2542 de
2916 2477 3177 2542 confinio

456 2564 677 2627 sancte
724 2563 921 2627 Marie
969 2563 1377 2645 asumptionis
1440 2564 1619 2629 stetit
1665 2564 1916 2649 pregius
1981 2566 2044 2627 et
2104 2566 2360 2647 pagator
2423 2563 2670 2629 domino
2726 2565 2866 2630 duci
2912 2567 2986 2630 ad
3034 2583 3177 2647 par-

454 2653 585 2715 tem
631 2653 978 2716 communis
1023 2651 1428 2717 Veneciarum
1470 2654 1584 2717 sub
1633 2671 1787 2735 pena
1834 2652 2130 2718 librarum
2181 2653 2235 2715 D
2285 2650 2696 2718 Veneciarum
2741 2672 2851 2736 pro
2898 2654 3169 2718 demidio

452 2757 736 2822 panzono
783 2757 892 2821 pro
941 2739 1184 2803 Marino
1231 2740 1306 2804 de
1352 2740 1580 2817 Jadra3
1632 2740 1943 2824 Nycolans
1990 2739 2188 2805 Greco
2234 2739 2309 2804 de
2351 2741 2609 2805 confinio
2656 2743 2868 2806 sancte
2917 2740 3167 2824 Marga-

453 2827 572 2891 rite
620 2827 798 2892 stetit
843 2826 1083 2909 plegius
1132 2829 1196 2892 et
1241 2831 1503 2909 pagator
1564 2830 1763 2892 eidem
1813 2828 2058 2892 domino
2102 2828 2237 2892 duci
2286 2846 2396 2911 pro
2443 2846 2562 2892 uno
2609 2828 2920 2911 quarterio
2968 2829 3169 2910 ipsius

451 2914 745 2993 banzoni,
795 2915 998 2978 silicet
1046 2934 1153 2997 pro
1201 2915 1459 2982 Girardo
1520 2916 1596 2981 de
1661 2915 1961 2993 Rodulfo,
2027 2916 2143 2980 sub
2203 2934 2360 2998 pena
2418 2915 2716 2980 librarum
2761 2915 2912 2980 CCL
2961 2917 3163 2981 Vene-

453 3003 721 3076 ciarum3
772 3002 1038 3067 Michael
1086 3005 1159 3067 de
1206 3003 1493 3069 Rainerio
1539 3004 1613 3067 de
1663 3005 1877 3068 sancto
1927 3004 2069 3067 Vito
2126 3004 2305 3067 stetit
2352 3003 2589 3086 plegius
2636 3007 2701 3067 et
2747 3005 3006 3087 pagator
3051 3003 3159 3068 do-

452 3089 617 3153 mino
664 3090 800 3153 duci
847 3090 924 3152 ad
971 3093 1211 3172 partem
1258 3090 1602 3155 communis
1647 3092 2094 3167 veneciarum,
2158 3092 2228 3154 ut
2294 3090 2530 3155 dictum
2577 3094 2703 3168 est,
2767 3109 2877 3174 pro
2924 3092 3160 3174 reliquo

448 3179 759 3258 quarterio
806 3177 997 3258 ipsius
1046 3179 1301 3241 banzoni
1347 3180 1462 3242 sub
1509 3197 1665 3260 pena
1711 3178 1974 3243 aliarum
2017 3178 2320 3242 librarum
2345 3177 2513 3256 CCL,
2562 3179 2765 3243 silicet
2809 3197 2918 3262 pro
2947 3178 3157 3243 Marco

449 3265 619 3327 Bono
668 3265 742 3327 de
790 3266 1002 3328 sancto
1030 3266 1357 3345 Raphaele,
1406 3265 1690 3330 videlicet
1734 3266 1896 3346 quod
1943 3266 2246 3330 banzonus
2295 3266 2402 3331 ille
2449 3266 2510 3329 in
2558 3266 2676 3331 isto
2723 3266 2986 3349 vidagio,
3037 3286 3159 3349 quo

450 3350 599 3414 ituri
646 3352 788 3415 sunt
836 3371 941 3432 per
985 3352 1143 3415 hanc
1202 3355 1547 3433 presentem
1595 3353 1869 3430 mudam,
1929 3353 1991 3416 in
2043 3352 2417 3417 Alexandria
2476 3373 2673 3436 neque
2738 3356 2900 3418 terra
2946 3354 3159 3437 Egipti

455 3438 657 3516 ibunt,
706 3438 999 3503 similiter
1040 3458 1234 3521 neque
1280 3440 1537 3522 predicti
1585 3439 1864 3504 homines
1923 3441 1985 3504 in
2051 3445 2215 3505 terra
2274 3441 2485 3524 Egipti
2533 3441 2744 3518 ibunt,
2811 3442 2929 3505 nisi
2991 3442 3163 3524 prius

450 3544 760 3609 panzonus
806 3525 915 3589 ille
969 3526 1031 3590 in
1079 3526 1361 3591 Veneciis
1408 3528 1595 3592 fuerit
1639 3544 1942 3592 reversus.
2014 3528 2276 3593 Michael
2328 3548 2409 3593 m.
2456 3528 2532 3592 de
2580 3529 2866 3593 Rainerio
2911 3530 3166 3613 pagavit

451 3613 645 3678 libras
692 3613 937 3689 CXXV,
989 3633 1096 3696 pro
1143 3615 1362 3696 quibus
1410 3635 1446 3679 a
1490 3616 1734 3680 domino
1780 3615 1934 3680 duce
1980 3619 2043 3679 et
2089 3616 2344 3681 consilio
2389 3615 2575 3681 finem
2621 3617 2842 3681 habuit
2866 3619 3167 3699 quantum

450 3719 562 3786 pro
611 3700 878 3785 plegeria
923 3702 1116 3784 ipsius
1166 3702 1510 3768 Michaelis.

539 3792 725 3852 Liber
770 3792 1108 3868 Pleyiorum
1153 3794 1255 3853 list
1301 3796 1400 3865 10,
1448 3795 1534 3855 br.
1587 3797 1684 3861 60,
1734 3812 1775 3853 u
1821 3795 2037 3853 arkivu
2081 3794 2440 3854 mletael‘kom.

967 3982 1077 4063 X.
1156 3981 1363 4064 God.
1419 3983 1645 4066 1224.
1705 3983 1754 4068 5
1809 3984 2136 4085 srpnja,
2190 4007 2250 4066 u
2304 3984 2669 4067 Mletcih

447 4108 617 4168 Knez
660 4109 946 4169 zadarski
989 4110 1013 4167 i
1059 4109 1226 4167 detiri
1271 4110 1465 4185 druya
1527 4109 1886 4259 Zagran'ssna
1914 4112 2128 4259 ljcczgce
2179 4130 2254 4171 za
2293 4112 2488 4186 qaliju
2543 4112 2892 4185 ustupzjenu
2936 4113 3043 4181 iim
3087 4114 3163 4173 od

1554 4216 1611 4256 m
1668 4201 1762 4259 tae}
1801 4216 1833 4259 e
1877 4217 1912 4257 v
1938 4218 1977 4258 a
2052 4244 2064 4256 .

658 4316 775 4379 Die
813 4316 869 4377 V
915 4316 1187 4380 intrante
1252 4316 1422 4395 iulio,
1486 4320 1816 4383 indictione
1866 4319 2006 4383 XII.
2074 4319 2354 4384 Marinus
2421 4319 2701 4384 Dandulo
2763 4320 2838 4384 de
2897 4320 3159 4385 confinio

447 4403 645 4467 sancti
692 4403 872 4466 Pauli
919 4404 992 4467 de
1043 4404 1333 4468 mandato
1394 4405 1630 4470 domini
1686 4407 1862 4471 ducis
1925 4426 2130 4472 comes
2191 4407 2382 4473 Jadre
2445 4408 2509 4470 et
2571 4405 2798 4471 Cosma
2845 4408 3032 4473 Panis
3085 4409 3158 4473 de

445 4489 625 4553 Milio
672 4491 735 4554 et
783 4488 1067 4556 Stefanus
1119 4492 1193 4555 de
1242 4493 1468 4575 Picega
1514 4497 1577 4557 et
1623 4492 1820 4558 Cema
1867 4496 1940 4558 de
1987 4494 2267 4559 Carbone
2322 4497 2507 4576 atque
2580 4494 2894 4560 Johannes
2944 4496 3162 4579 Ragno

446 4577 752 4640 steterunt
797 4578 988 4661 plegii
1036 4581 1099 4642 et
1145 4581 1474 4662 pagatores
1516 4581 1680 4645 dicto
1730 4581 1975 4646 domino
2034 4583 2171 4646 duci
2238 4582 2314 4646 ad
2364 4585 2607 4664 partem
2656 4585 2997 4647 communis
3041 4584 3163 4647 Ve-

445 4664 759 4728 neciarum
808 4684 918 4747 pro
964 4666 1074 4728 illa
1118 4667 1299 4749 galea
1361 4687 1499 4732 cum
1565 4671 1694 4733 toto
1757 4688 1865 4733 suo
1929 4670 2224 4744 conredo,
2281 4689 2463 4753 quam
2512 4669 2801 4735 dominns
2857 4670 2976 4735 dux
3022 4690 3164 4736 cum

447 4769 556 4817 suo
604 4751 855 4817 consilio
903 4753 992 4817 eis
1038 4756 1359 4836 prostavit,
1405 4756 1624 4821 amodo
1681 4757 1757 4821 ad
1804 4758 2086 4822 sanctum
2136 4756 2508 4822 Michaelem
2555 4759 2900 4842 proximum
2950 4762 3168 4823 ventu·
