3620 5282
3006 385 3136 455 355

397 555 635 622 toribus
683 557 1107 622 advenietibus
1152 557 1249 622 vel
1293 557 1433 622 aliis
1481 558 1790 640 possimus
1839 577 1979 622 cum
2017 558 2236 624 maiori
2274 560 2565 625 claritate
2599 563 2661 625 et
2694 562 2936 626 meliori
2970 561 3126 627 deli-

401 645 719 709 beratione
768 645 1096 726 procedere
1143 644 1206 708 iu
1253 646 1416 709 facto
1462 645 1758 727 predicto,
1806 646 1891 710 Et
1938 667 2007 710 ex
2056 666 2217 712 nunc
2265 648 2455 712 etiam
2508 651 2759 731 captum
2816 650 2916 727 sit,
2967 651 3130 732 quod

399 734 644 818 quando
693 733 812 797 erit
858 733 919 797 in
963 733 1246 815 partibus
1305 732 1601 815 predictis
1674 731 1921 798 Scutari
1987 735 2080 799 vel
2129 735 2824 819 Dulcigni„licentiatis
2887 736 3128 803 duabus

400 821 597 903 galeis
645 821 897 903 grossiS,
948 840 1065 903 que
1107 822 1336 885 vadant
1385 822 1771 898 Mothonum,
1823 824 1888 885 et
1925 825 2247 903 expectent
2284 843 2424 888 eum
2457 823 2563 902 ibi,
2598 824 2822 889 debeat
2852 843 2992 888 cum
3020 827 3132 890 du—

402 910 555 973 obus
602 908 1159 973 ambassiatoribus
1207 910 1454 982 nostris,
1505 910 1608 992 qui
1655 910 1890 974 vadunt
1929 910 2008 972 ad
2056 912 2363 987 Basit-um,
2416 911 2565 975 dare
2613 931 2864 994 operam
2913 913 2987 976 de
3035 913 3127 977 lo-

404 996 642 1077 quendo
689 999 752 1059 et
797 996 1163 1060 conferendo
1210 1015 1349 1060 cum
1400 997 1563 1061 dicto
1611 997 1858 1060 domino
1907 997 2192 1079 Georgio,
2259 999 2311 1062 si
2377 998 2497 1063 erit
2543 1000 2605 1063 in
2652 999 2780 1064 illis
2843 1001 3127 1081 partibus

406 1084 725 1167 Dulcigni,
777 1088 844 1148 ut
890 1104 1024 1148 esse
1073 1083 1250 1162 solet,
1300 1086 1364 1147 et
1411 1085 1662 1149 dicendo
1712 1085 1829 1149 sibi
1880 1084 2057 1162 illud,
2108 1086 2268 1168 quod
2311 1085 2466 1151 alias
2531 1087 2753 1152 retulit
2801 1087 3126 1169 capitaneo

402 1177 609 1235 nostro
656 1172 901 1255 culphy,
952 1173 1190 1236 scilicet
1235 1171 1311 1236 de
1350 1173 1614 1236 'volendo
1664 1172 1858 1237 libere
1905 1191 2127 1255 ponere
2175 1176 2375 1237 totum
2441 1174 2786 1239 dominium
2835 1194 3020 1240 suum
3064 1177 3130 1241 in

398 1261 688 1323 manibus
737 1260 983 1337 nostriS,
1035 1262 1097 1324 et
1140 1261 1212 1323 de
1257 1260 1516 1325 volendo
1563 1260 1771 1325 venire
1819 1262 1893 1324 ad
1939 1260 2348 1326 habitandum
2397 1280 2537 1326 cum
2602 1281 2713 1326 sua
2759 1263 3002 1327 familia
3050 1264 3129 1329 ad

399 1347 719 1411 civitatem
795 1350 1074 1411 nostram
1122 1348 1566 1422 Venetiarum3
1632 1349 1695 1412 et
1756 1349 1917 1430 quod
1976 1351 2318 1430 propterea,
2386 1349 2437 1412 si
2500 1350 2691 1414 habet
2739 1349 3124 1416 voluntatem

399 1434 681 1499 veniendi
730 1437 804 1499 ad
850 1434 1358 1517 compositionem
1406 1435 1745 1513 nobiscum,
1801 1435 2026 1499 debeat
2088 1436 2340 1501 mittere
2387 1455 2534 1500 suos
2581 1441 3008 1519 procuratores
3054 1439 3131 1504 de

400 1523 529 1586 suis
576 1522 1020 1586 intentionibus
1069 1522 1360 1586 finalibus
1408 1522 1773 1586 informatos
1808 1542 1948 1586 cum
1998 1524 2177 1604 pleno
2233 1525 2526 1588 mandato
2576 1527 2639 1587 et
2701 1524 3012 1604 libertate,
3060 1531 3132 1592 ut

406 1610 607 1693 possit
650 1629 791 1674 cum
839 1609 935 1673 dei
981 1610 1183 1693 gratia
1229 1611 1366 1692 poni
1416 1611 1556 1674 finis
1604 1611 1788 1676 factis
1837 1611 2162 1692 predictis;
2213 1611 2495 1676 intrando
2522 1613 2713 1676 etiam
2747 1612 3122 1693 flumeriam,

409 1701 471 1761 et
519 1698 876 1780 accipiendo
921 1715 1166 1761 omnem
1218 1697 1713 1762 informationem
1760 1701 1892 1762 tam
1927 1699 2002 1763 de
2037 1700 2162 1764 situ
2195 1699 2313 1764 loci
2349 1718 2536 1781 quam
2569 1699 2757 1764 etiam
2792 1705 3129 1780 contracte,

408 1789 471 1847 et
517 1785 591 1848 de
633 1784 994 1850 introitibus
1041 1787 1104 1848 et
1150 1784 1447 1867 expensiS,
1494 1787 1557 1850 et
1599 1785 1891 1850 similiter
1937 1788 2238 1868 quomodo
2273 1792 2477 1868 potest
2508 1789 2757 1852 ascendi
2787 1807 2894 1869 per
2927 1788 3125 1871 ipsam

400 1872 746 1937 flumeriam
797 1876 860 1937 et
905 1872 1209 1955 quomodo
1255 1891 1576 1956 possemus
1624 1873 1952 1938 subvenire
1998 1874 2160 1938 dicto
2204 1875 2358 1951 loce,
2410 1876 2475 1939 et
2506 1874 2580 1940 de
2622 1875 2910 1939 omnibus
2959 1876 3125 1953 aliis,

403 1979 520 2042 que
566 1961 654 2025 eis
703 1961 1094 2036 videbuntur,
1145 1964 1208 2024 et
1245 1961 1421 2024 nobis
1468 1962 1675 2025 omnia
1722 1962 2121 2044 singulariter
2170 1965 2234 2027 et
2279 1963 2743 2044 particulariter
2776 1963 3124 2031 denotando

402 2065 510 2129 pro
561 2051 773 2113 nostra
820 2047 1272 2113 informatione.
1325 2049 1586 2131 Insuper
1631 2048 1822 2113 scribi
1869 2050 2088 2114 debeat
2151 2051 2475 2133 capitaneo
2542 2052 2750 2115 nostro
2805 2050 3125 2133 Durachii‚

400 2137 557 2218 quod
606 2137 713 2201 det
758 2154 1008 2219 operam
1059 2135 1135 2200 de
1183 2137 1546 2201 inveniendo
1577 2138 1783 2201 omnia
1816 2138 2145 2219 privilegia
2175 2137 2448 2220 antiqua,
2484 2157 2600 2220 que
2638 2138 2841 2238 forent
2880 2140 2942 2203 in
2975 2141 3126 2206 civi-

398 2227 530 2288 tate
581 2223 870 2288 Durachii
914 2223 1131 2287 tamin
1159 2226 1467 2289 communi
1494 2242 1675 2308 quam
1726 2225 1891 2307 apud
1939 2225 2234 2307 speciales
2282 2244 2589 2307 personae,
2626 2228 2950 2310 tangentia
2983 2247 3131 2293 con-

400 2311 551 2375 fines
621 2311 939 2390 Durachii‚
1000 2312 1064 2375 et
1130 2311 1269 2376 iura
1336 2331 1405 2376 ac
1473 2312 1933 2377 iurisdictiones
1995 2313 2155 2378 dicte
2218 2316 2381 2378 terre
2444 2316 2508 2378 et
2568 2333 2779 2379 eorum
2842 2316 3123 2381 omnium

401 2400 638 2480 copiam
676 2399 1064 2482 prestissime
1114 2400 1288 2464 nobis
1326 2400 1560 2477 mittat,
1610 2402 1682 2465 ut
1723 2400 1919 2464 simus
1964 2402 2036 2464 de
2070 2402 2357 2465 omnibus
2393 2401 2636 2466 a'visati.
2685 2405 2778 2468 De
2812 2405 2988 2485 parte
3022 2405 3120 2467 14.

610 2485 721 2551 Ser
764 2486 1029 2551 Michael
1079 2484 1419 2553 Contareno
1454 2487 1700 2569 sapiens
1750 2488 2012 2553 consilii.
2061 2487 2220 2568 Quia
2267 2492 2366 2554 est
2407 2508 2507 2554 res
2548 2488 2900 2564 laudabilis,
2948 2494 3119 2573 post-

398 2593 583 2656 quam
632 2594 846 2639 sumus
890 2574 949 2638 in
1000 2575 1138 2639 istis
1184 2576 1496 2655 terminiS,
1545 2575 1702 2640 velle
1748 2575 1975 2641 habere
2016 2577 2206 2641 talem
2268 2577 2753 2643 declarationem
2814 2580 2882 2643 et
2924 2577 3119 2644 infor-

398 2663 732 2728 mationem
780 2682 962 2745 super
1009 2662 1150 2727 istis
1198 2664 1400 2741 factis,
1451 2665 1611 2749 quod
1659 2666 1905 2729 animus
1952 2665 2227 2729 omniurn
2277 2667 2363 2730 sit
2394 2666 2599 2731 clarus
2632 2665 2923 2748 etpossit
2969 2668 3125 2734 bene

397 2750 739 2816 deliberare
785 2754 847 2815 et
893 2751 1224 2816 terminare
1271 2752 1446 2831 illud,
1526 2753 1687 2835 quod
1765 2754 1853 2817 sit
1930 2755 2156 2817 bonum
2229 2755 2294 2819 et
2363 2755 2513 2818 utile
2585 2755 2780 2818 nostri
2827 2754 3120 2833 dominii3

401 2839 573 2904 vadit
614 2858 777 2921 pam,
828 2839 1007 2923 quod,
1055 2841 1387 2922 antequam
1435 2842 1547 2905 fiat
1591 2840 1714 2905 alia
1755 2842 2067 2922 responsio
2113 2841 2253 2905 istis
2301 2842 2855 2906 ambassiatoribus
2889 2844 3122 2908 domiui

401 2925 652 3010 Georgii
695 2946 878 3010 super
940 2925 1079 2991 istis
1139 2927 1322 2992 factis
1391 2928 1723 3011 collegium
1791 2928 2046 3007 domini,
2118 2930 2636 3004 consiliariorum,
2707 2931 2985 3011 capitum
3061 2934 3127 2996 et

399 3017 751 3097 sapientum
823 3014 1144 3097 utriusque
1211 3034 1431 3079 manus
1500 3015 1750 3080 mittere
1820 3016 2044 3080 debeat
2102 3036 2212 3098 pro
2273 3016 2402 3080 illis
2468 3016 2766 3099 personiS,
2814 3036 2852 3082 a
2897 3018 3123 3101 quibus

405 3103 702 3166 videbunt
749 3120 922 3185 posse
972 3102 1215 3179 meliuS,
1266 3104 1508 3167 fidelius
1555 3104 1619 3168 et
1662 3104 1928 3168 lucidius
1963 3103 2284 3168 informari
2318 3104 2393 3167 de
2427 3102 2611 3169 factis
2662 3106 2971 3187 predictiS,
3006 3126 3128 3190 qua

402 3188 835 3255 informatione
882 3189 1113 3268 habita,
1163 3193 1377 3273 postea
1421 3209 1561 3255 cum
1606 3191 1844 3256 meliori
1892 3191 2332 3257 deliberatione
2380 3196 2443 3257 et
2489 3194 2818 3258 securitate
2866 3195 2997 3259 fieri
3032 3195 3124 3260 eis

399 3280 627 3359 poterit
674 3277 784 3341 illa
831 3278 1034 3342 finalis
1066 3279 1396 3362 responsi0‚
1449 3297 1567 3361 que
1616 3279 1723 3343 isti
1769 3279 2024 3345 consilio
2070 3280 2245 3359 bona,
2295 3281 2550 3345 honesta
2598 3286 2660 3345 et
2696 3281 2873 3346 utilis
2917 3300 3109 3366 appa·

399 3366 580 3432 rebit.
631 3366 722 3429 De
771 3369 945 3447 parte
994 3367 1053 3430 2.

608 3454 717 3519 Ser
762 3453 1064 3518 Leonardi
1112 3454 1395 3519 Dandulo
1441 3453 1685 3531 militis,
1736 3455 1839 3535 qui
1886 3456 2094 3538 posuit
2138 3456 2369 3521 iterum
2414 3457 2658 3540 partem
2700 3474 2811 3538 per
2856 3475 3000 3522 eum
3053 3461 3116 3523 et

398 3541 596 3607 socios
643 3542 945 3623 possitam
992 3541 1091 3604 die
1136 3542 1323 3606 XIIII
1370 3542 1651 3606 ianuarii.
1706 3542 1807 3606 12.
1858 3578 1939 3590 ——
1991 3545 2081 3607 De
2128 3546 2303 3626 parte
2351 3545 2544 3609 tercia
2586 3544 2961 3626 sapientium
3013 3564 3115 3610 or-

394 3631 605 3695 dinum
664 3631 758 3706 16,
811 3629 914 3706 21,
971 3630 1069 3705 19,
1117 3629 1220 3693 21.
1277 3666 1351 3676 ——
1406 3630 1517 3695 Ser
1563 3629 1807 3693 Nicolai
1871 3631 2218 3695 Lauredani
2272 3632 2573 3715 sapientis
2634 3632 2942 3713 ordinum,
3012 3633 3118 3714 23,

395 3718 498 3796 25,
550 3718 655 3798 23,
707 3718 825 3795 23;
874 3736 992 3782 non
1042 3721 1119 3799 ὃς
1167 3736 1284 3782 non
1331 3716 1557 3782 sinceri
1606 3717 1710 3796 22,
1761 3717 1867 3795 51,
1915 3719 2021 3797 52,
2069 3719 2173 3784 54.

482 3826 638 3887 Secr.
693 3825 866 3886 Cous.
915 3826 1064 3901 1309.
1112 3826 1188 3886 R.
1236 3823 1384 3902 121,
1433 3843 1475 3885 u
1519 3826 1677 3886 mlet.
1726 3828 1964 3887 arkivu.

834 4016 1009 4098 DV.
1065 4013 1270 4097 God.
1326 4015 1556 4098 1396.
1610 4015 1705 4098 21
1761 4013 2109 4118 sicema,
2165 4039 2223 4097 u
2259 4017 2667 4105 Mletcih.

996 4141 1144 4215 opat
1187 4143 1521 4222 primljenO,
1567 4143 1647 4201 da
1691 4160 1753 4203 se
1798 4144 2077 4223 neprima
2115 4144 2272 4217 yrad
2317 4145 2524 4203 Kotor.

602 4264 923 4346 Sapientes
956 4262 1201 4328 consilii
1237 4265 1300 4327 et
1332 4264 1638 4345 sapientes
1669 4262 1975 4327 ordinum,
2012 4261 2243 4347 Capta:
2279 4264 2421 4345 quia
2453 4265 2842 4331 ambassator
2877 4265 3111 4333 Chata-

391 4352 682 4429 rinorum,
732 4353 946 4416 audita
992 4351 1386 4433 responsione
1435 4354 1649 4415 nostra
1697 4352 1816 4416 sibi
1865 4352 2025 4416 facta
2071 4371 2179 4434 per
2223 4352 2588 4429 dominium,
2659 4374 2775 4436 que
2822 4354 2963 4433 fuit,
3014 4377 3120 4422 se-

392 4441 659 4504 cundum
710 4441 870 4522 quod
919 4438 1117 4521 pridie
1167 4442 1419 4521 captum
1467 4439 1586 4503 fuit
1634 4440 1696 4503 in
1742 4440 1858 4504 hoc
1904 4439 2180 4516 consilio,
2249 4440 2324 4502 de
2370 4440 2749 4504 luntanando
2811 4460 2919 4506 nos
2968 4462 3112 4508 cum

387 4526 515 4591 illis
560 4527 785 4605 verbiS,
834 4546 952 4610 que
1003 4528 1374 4603 viderentur,
1422 4528 1497 4591 de
1545 4528 1802 4591 volendo
1845 4546 1952 4608 pro
2000 4546 2161 4592 nunc
2207 4528 2522 4592 attendere
2554 4528 2631 4592 ad
2666 4546 2756 4603 ea,
2793 4548 2911 4611 que
2942 4532 3117 4595 nobis

388 4613 688 4691 dixerant,
737 4615 812 4678 de
863 4614 1116 4679 volendo
1163 4616 1343 4679 nobis
1392 4616 1536 4678 dare
1582 4614 1902 4679 civitatem
1940 4614 2212 4692 Chatari,
2248 4615 2469 4678 habuit
2500 4615 2723 4691 dicere,
2759 4618 2921 4698 quod
2953 4618 3118 4681 sicut

390 4703 501 4766 toli
548 4702 779 4767 mundo
829 4704 1067 4783 poterat
1109 4722 1240 4766 esse
1273 4703 1580 4766 notorium
1614 4701 1731 4782 ipsi
1767 4720 2008 4783 semper
2041 4702 2286 4766 fuerant
2318 4703 2431 4766 filii
2466 4705 2528 4765 et
2560 4704 2887 4767 servitores
2922 4705 3116 4768 nostri

389 4790 664 4869 dominii,
712 4791 776 4853 et
820 4791 910 4853 ita
951 4808 1082 4854 esse
1130 4789 1550 4868 intendebant,
1585 4791 1649 4854 et
1692 4794 2016 4871 propterea
2068 4788 2321 4854 volebat
2349 4791 2560 4872 aperte
2591 4788 2771 4854 nobis
2819 4790 3115 4933 tamquam
