3620 5282
3035 384 3162 452 227

440 557 699 638 ponente
745 556 843 622 vel
905 556 1323 623 consentiente
1381 559 1619 639 partem
1688 558 1747 621 in
1812 557 2220 633 contrarium;
2283 574 2402 622 non
2470 556 2884 641 intelligendo
2940 559 3004 623 in
3050 560 3165 626 hac

316 690 323 693 -
440 644 848 727 prohibitione
894 646 1143 710 venetos
1190 650 1450 725 nostroe,
1501 646 1604 727 qui
1648 664 1756 726 per
1801 663 1868 710 se
1916 645 2011 709 vel
2069 646 2274 727 patres
2338 646 2677 710 traxissent
2740 646 3045 729 originem
3091 650 3166 713 de

438 731 714 797 Venetiis
759 733 859 797 vel
904 734 1129 797 ducatu
1176 733 1607 798 veneciarum.

647 819 888 885 Gradus
936 821 1145 884 autem
1195 820 1569 902 parentelle:
1618 819 1841 884 fratres
1889 823 1951 884 et
1990 838 2227 885 sorores
2278 855 2356 866 -
2401 821 2677 903 germani
2725 822 3163 905 consanguinei

443 910 503 971 et
546 925 836 990 germane
885 908 1332 990 consanguinee
1385 946 1464 954 —
1513 909 1766 991 nepotes
1816 906 1930 971 filii
1976 908 2238 972 fratrum
2284 908 2347 972 et
2393 926 2630 972 sorores
2677 911 2741 973 et
2787 912 3038 992 nepotes
3076 949 3156 960 —

438 994 683 1078 cognati
733 995 797 1060 et
843 997 1123 1078 cognate,
1172 995 1459 1059 avuncali
1521 998 1585 1060 et
1646 998 1981 1060 matertere
2030 1031 2114 1043 —
2160 995 2358 1059 soceri
2418 996 2483 1059 et
2544 1014 2788 1070 socrus,
2854 999 3061 1078 patrui
3103 1000 3167 1063 et

436 1082 624 1148 amite
672 1119 754 1129 —
803 1082 1015 1166 generi
1062 1084 1125 1147 et
1164 1083 1331 1147 virus
1385 1120 1457 1131 —
1512 1083 1788 1166 patrigni
1837 1085 1898 1147 et
1937 1081 2220 1158 filiastri;
2269 1099 2526 1148 noverce
2570 1086 2632 1147 et
2669 1083 2952 1150 filiastro.

640 1171 723 1234 Et
767 1169 914 1252 quia
959 1170 1023 1233 in
1071 1171 1362 1253 predictis
1410 1173 1592 1235 torris
1637 1170 1829 1235 Jadre
1866 1172 1934 1235 et
1976 1170 2394 1252 Justinopolis
2419 1170 2719 1252 prohibiti
2767 1175 2913 1237 sunt
2936 1173 3165 1240 habere

431 1256 804 1340 stipendium
846 1276 1058 1323 omnes
1106 1258 1401 1324 habentes
1448 1258 1878 1341 parentellam,
1927 1259 1991 1321 et
2034 1256 2208 1322 istud
2239 1276 2459 1323 nomen
2509 1258 2599 1322 ita
2630 1260 2917 1341 generale
2963 1262 3163 1344 possit

436 1345 677 1410 extendi
725 1364 916 1428 usque
961 1345 1312 1410 infinitum:
1364 1346 1534 1410 vadit
1573 1364 1738 1428 parS,
1788 1345 1950 1427 quod
1999 1346 2190 1409 etiam
2254 1345 2318 1409 in
2365 1345 2664 1428 predictis
2729 1348 2909 1411 terris
2956 1346 3162 1413 decla-

435 1435 620 1510 retur,
671 1434 829 1515 quod
874 1432 1172 1497 habentes
1208 1433 1614 1516 parentellam
1663 1432 2094 1516 intelligantur
2137 1432 2337 1497 solum
2386 1434 2448 1497 in
2481 1433 2778 1516 gradibus
2808 1435 3158 1501 antedictis.

514 1522 693 1582 Misce?
742 1522 873 1581 XX
883 1523 985 1583 VI.
1020 1525 1123 1593 89,
1169 1542 1210 1583 u
1256 1525 1593 1584 mletad‘kom
1641 1525 1872 1583 arkivu.

695 1710 1299 1794 CCCXXXIX.
1357 1713 1563 1795 God.
1601 1712 1826 1797 1352.
1882 1713 1931 1795 3
1977 1712 2348 1813 travnja,
2400 1734 2460 1793 u
2517 1712 2913 1797 Mletcih.

438 1838 735 1915 Odrcdjen
783 1840 978 1911 odbor,
1020 1841 1098 1898 cla
1145 1840 1377 1899 razvidi
1422 1841 1733 1988 manige-ie
1785 1838 2064 1985 o'bcstojaee
2123 1839 2321 1912 naedju
2365 1839 2627 1898 obdinom
2671 1841 2695 1899 i
2738 1842 2978 1902 knezom
3026 1843 3162 1902 kor-

1707 1944 1819 1987 ans
1864 1946 1958 1987 zm.

412 2098 421 2103 s
643 2051 829 2115 1352.
878 2048 977 2114 die
1025 2049 1065 2112 3
1113 2048 1351 2131 aprilis,
1398 2046 1732 2113 indictione
1797 2048 2030 2133 quinta.
2096 2047 2435 2125 DominuS,
2488 2048 2854 2127 consiliarii,
2924 2050 3150 2134 capita,

433 2140 683 2222 excepto
733 2157 831 2203 ser
876 2136 1044 2201 Lisio
1091 2136 1355 2200 Vitalro.
1404 2134 1636 2217 Capta:
1684 2136 1845 2218 quod
1891 2155 2073 2217 super
2120 2136 2519 2217 petitionibus
2551 2137 2850 2218 porrectis
2879 2138 3152 2204 dominio

433 2244 537 2308 per
582 2227 723 2292 illos
766 2226 841 2291 de
889 2223 1168 2304 Cruzola‚
1217 2226 1281 2289 et
1326 2242 1510 2305 snper
1558 2223 1846 2288 omnibus
1908 2228 1973 2288 et
2019 2223 2283 2306 singulis
2344 2223 2645 2306 querelis,
2710 2243 2859 2307 quas
2921 2226 3159 2293 faciunt

432 2314 527 2379 vel
572 2313 771 2379 facere
821 2312 1057 2377 vellent
1103 2314 1318 2376 contra
1361 2310 1655 2374 comitem
1703 2329 1883 2375 suum
1933 2314 1997 2376 et
2044 2311 2205 2376 filios
2230 2329 2405 2386 suos;
2456 2313 2518 2375 et
2565 2331 2596 2375 e
2645 2329 2938 2377 converso
2985 2313 3152 2379 idem

433 2420 637 2467 comes
684 2403 750 2467 et
796 2400 893 2465 sui
938 2400 1176 2469 faciunt
1220 2402 1284 2464 et
1325 2398 1532 2463 facere
1579 2397 1813 2462 vellent
1872 2400 2089 2463 contra
2148 2398 2315 2482 ipsos
2371 2399 2447 2462 de
2499 2397 2790 2475 Cruzola;
2862 2403 2925 2465 et
2971 2420 3155 2484 super

430 2489 569 2568 hiis,
616 2508 733 2574 que
779 2489 1042 2572 utraque
1087 2506 1228 2569 pars
1274 2488 1406 2551 tam
1453 2487 1515 2549 in
1562 2485 1809 2567 scriptis
1859 2506 2042 2568 quam
2091 2487 2295 2551 verbis
2341 2486 2532 2552 vellet
2579 2486 2852 2569 allegare
2901 2490 2967 2552 et
3012 2507 3153 2571 pro-

431 2577 664 2657 ducere,
714 2576 1029 2660 eligantur
1075 2577 1203 2639 tres
1251 2574 1563 2657 sapientes
1612 2592 1719 2656 per
1758 2573 2124 2638 electionem
2154 2573 2218 2638 in
2252 2574 2375 2638 isto
2419 2574 2694 2654 consilio,
2749 2576 2850 2658 qui
2885 2576 3152 2656 videant,

430 2665 780 2730 examinent
823 2666 887 2727 et
929 2663 1189 2728 audiant
1233 2681 1447 2727 omnes
1494 2661 1845 2745 petitioneS‚
1896 2662 2176 2744 querelas
2222 2664 2286 2727 et
2331 2664 2466 2727 iura
2503 2663 2814 2744 partium,
2845 2665 2931 2728 -et
2975 2683 3158 2748 super

430 2752 515 2817 eis
561 2755 627 2818 et
672 2772 882 2818 earum
929 2751 1208 2834 qualibet
1253 2751 1400 2815 dent
1445 2749 1621 2814 nobis
1668 2768 1852 2815 suum
1904 2749 2231 2815 consilium
2293 2750 2354 2814 in
2402 2750 2651 2831 scriptis
2698 2751 2771 2815 de
2821 2751 2943 2816 hiis
2970 2800 2986 2829 ,
3035 2772 3153 2834 que

427 2859 534 2922 pro
595 2841 825 2906 honore
889 2842 1100 2904 nostro
1170 2840 1234 2904 et
1298 2838 1759 2903 conservatione
1820 2837 1985 2901 fame
2049 2839 2256 2902 nostre
2315 2837 2654 2902 secundum
2701 2838 2886 2905 deum
2951 2840 3016 2904 et
3058 2840 3157 2905 ius

425 2927 797 3008 providenda
844 2928 1072 3004 essent,
1123 2925 1423 2991 habentes
1471 2925 1817 3003 consilium,
1883 2944 2026 2989 cum
2075 2924 2299 3009 quibus
2367 2926 2455 2989 eis
2512 2924 2856 3004 videbitur,
2906 2928 2970 2991 et
3014 2945 3155 2993 cum

425 3033 631 3081 eorum
679 3014 1024 3099 provisione
1071 3016 1135 3079 et
1180 3014 1438 3078 consilio
1488 3013 1766 3078 venietur
1815 3012 1892 3077 ad
1941 3012 2107 3077 istud
2155 3011 2505 3090 consilium,
2551 3015 2615 3076 et
2660 3013 2803 3091 fiet,
2852 3014 3015 3079 sicut
3063 3014 3155 3081 vi-

423 3107 705 3181 debitur3
751 3109 815 3172 et
857 3103 1122 3189 quilibet
1165 3101 1367 3183 possit
1411 3118 1631 3183 ponere
1678 3103 1960 3183 partem;
2025 3103 2088 3163 et
2134 3100 2409 3165 habeant
2455 3100 2792 3165 terminum
2832 3121 3024 3184 usque
3071 3102 3151 3166 ad

422 3195 698 3260 medium
744 3212 1020 3259 mensem
1066 3188 1301 3274 apriliS.
1349 3188 1455 3253 30.

628 3283 834 3348 Electi
879 3280 1226 3365 sapientes:
1276 3294 1375 3342 ser
1421 3276 1690 3342 Joannes
1735 3275 2078 3341 Oontareuo
2104 3324 2120 3356 ‚
2185 3294 2285 3342 ser
2329 3275 2602 3341 Jacobus
2647 3275 3006 3356 T1·ivisano‚
3056 3296 3155 3344 ser

419 3371 746 3436 Bertucius
795 3369 1066 3434 Faletro.

626 3456 738 3523 Ser
783 3457 987 3522 Lisius
1031 3451 1264 3522 Vitalis
1312 3451 1699 3517 consiliarius
1748 3452 1883 3516 vult
1929 3453 2167 3533 partem
2211 3470 2315 3533 per
2344 3454 2566 3522 totum,
2613 3451 2780 3517 salvo
2826 3453 2988 3535 quod
3024 3470 3143 3517 non

420 3545 573 3624 vult,
622 3545 787 3628 quod
830 3543 1075 3626 possint
1115 3559 1337 3626 ponere
1384 3541 1649 3621 partem.
1694 3539 1754 3616 6,
1804 3557 1924 3604 non
1974 3539 2032 3617 8,
2079 3557 2199 3604 non
2246 3538 2468 3604 sinceri
2515 3540 2578 3602 5.

502 3636 681 3696 misti
730 3630 959 3697 XXVI
991 3637 1093 3712 90,
1128 3651 1171 3694 u
1215 3630 1554 3690 mletadkom
1601 3630 1835 3690 arkivu.

775 3825 1155 3908 CCCXL.
1210 3817 1418 3906 God.
1472 3819 1699 3902 1352.
1753 3819 1849 3901 12
1902 3819 2278 3920 travnja‚
2328 3840 2388 3899 u
2443 3817 2834 3900 Mletclh.

412 3951 596 4025 Njeki
627 3950 922 4029 Zadrani,
969 3950 1092 4023 koji
1122 3950 1294 4023 bjdm
1339 3949 1399 4007 iz
1434 3946 1647 4018 nv'esta
1690 3962 1870 4020 svoya
1902 3961 2178 4018 proyona
2216 3945 2494 4022 uzmakli,
2535 3944 2804 4018 pozivlju
2848 3960 2930 4022 se,
2977 3944 3056 4002 da
3087 3961 3149 4006 se

1323 4054 1364 4094 u
1406 4033 1786 4107 opredieljem·
1832 4033 1938 4091 rok
1966 4036 2236 4105 povrate.

628 4159 817 4224 1352.
865 4158 964 4224 die
1012 4157 1136 4222 XII
1184 4155 1418 4239 apriliS,
1470 4156 1685 4237 capta:
1735 4173 1876 4219 cum
1926 4150 2307 4234 infrascripti
2332 4150 2683 4230 Jadrenses,
2733 4151 2882 4216 olim
2916 4154 3146 4237 partim

415 4247 709 4312 confinati
758 4246 1037 4312 Venetiis
1083 4245 1315 4329 partim
1362 4244 1440 4307 ad
1492 4242 1725 4307 insulas
1774 4242 1839 4306 et
1884 4238 2008 4303 alia
2056 4238 2209 4321 loca,
2251 4241 2473 4320 spretis
2522 4239 2833 4304 mandatis
2893 4243 3144 4319 nostris»,

415 4335 709 4419 fregerint
759 4332 1022 4400 confinia
1070 4332 1189 4397 sibi
1235 4332 1398 4408 data,
1449 4331 1613 4394 sicut
1657 4327 1875 4394 scribit
1942 4344 2147 4391 comes
2215 4329 2425 4391 noster
2470 4327 2695 4392 Jadre:
2768 4327 2940 4393 vadit
2983 4349 3146 4412 pars,

414 4424 571 4505 quod
616 4422 877 4505 predicti
925 4420 1277 4485 clamentur
1326 4416 1663 4484 secundum
1709 4434 1910 4491 usum,
1963 4415 2123 4496 quod
2173 4433 2366 4496 usque
2413 4414 2488 4479 ad
2537 4415 2688 4480 duos
2751 4434 2994 4480 menses
3042 4417 3149 4482 de-

414 4510 599 4575 beant
644 4527 853 4575 coram
898 4508 1083 4573 nobis
1148 4524 1500 4588 comparere
1562 4505 1640 4569 ad
1701 4501 2054 4569 faciendum
2114 4503 2537 4567 excusationes
2600 4519 2777 4576 suas3
2849 4505 3143 4587 alioquin,

412 4597 621 4681 elapso
663 4596 953 4675 termino,
1000 4594 1371 4679 procedetur
1416 4593 1628 4658 contra
1674 4610 1794 4668 eoa,
1841 4607 1952 4654 sua
1999 4589 2388 4654 contumacia
2432 4608 2549 4653 non
2597 4588 2907 4655 obstante.

617 4685 887 4751 Nomina
933 4701 1146 4750 eorum
1194 4683 1375 4747 sunt:
1421 4679 1696 4745 Jacobus
1750 4678 1959 4742 dictus
2008 4676 2311 4741 Subichus
2358 4677 2433 4742 de
2466 4676 2746 4752 Oesanio,
2795 4679 3041 4743 Marcus
3075 4678 3147 4741 de

407 4771 598 4854 Bava,
646 4771 913 4839 Colanus
960 4770 1037 4836 de
1086 4769 1283 4849 Zoni,
1332 4767 1634 4851 Georgius
1680 4765 1757 4831 de
1805 4762 1997 4843 Zorzi,
2048 4761 2413 4829 Franciscus
2461 4764 2536 4829 de
2581 4763 2950 4903 Varicassii.
