3620 5282
526 332 656 400 316

527 509 758 575 auxilio
806 507 966 588 legis
1013 506 1132 572 sibi
1179 505 1559 589 competenti
1605 506 1705 571 vel
1750 503 2159 587 competituro
2204 502 2269 568 et
2313 504 2400 567 rei
2451 520 2571 568 non
2613 504 2707 569 sic
2763 505 2941 588 geste
2991 502 3057 567 et
3099 500 3261 569 facte

526 601 590 661 et
633 596 800 663 omni
842 595 961 660 alie
1008 594 1234 658 rationi
1281 597 1345 658 et
1391 593 1537 676 legi,
1588 593 1815 678 quibus
1863 593 2117 674 possent
2160 591 2622 674 quomodolibet
2667 610 2734 655 se
2780 591 2940 656 tueri
2991 591 3108 654 etc.

732 684 863 764 Ego
905 682 1222 749 ‚Iohannes
1270 682 1344 746 de
1392 680 1636 746 Andalo
1683 682 1999 764 quondam
2044 678 2278 744 domini
2327 680 2495 744 Petri
2541 679 2619 743 de
2655 678 2934 743 Venetiis
2968 676 3258 760 publicus

528 771 836 853 imperiali
886 770 1259 835 auctoritate
1308 770 1582 834 notarius
1631 771 1695 834 et
1741 770 2004 834 ducatus
2070 767 2477 833 Venetiarum
2541 768 2762 845 scriba,
2820 766 2919 831 his
2965 765 3255 830 omnibus

523 861 588 923 et
631 857 897 942 singulis
943 876 1194 940 presens
1238 857 1346 935 fui,
1395 859 1460 922 et
1498 859 1759 939 rogatus
1804 855 2024 938 scripsi
2072 858 2137 919 et
2182 854 2518 938 publicavi.

609 965 764 1026 Scor.
818 964 950 1028 Cos.
999 966 1148 1041 Roy.
1196 965 1270 1026 R.
1318 967 1424 1037 84,
1469 983 1511 1026 u
1554 965 1711 1026 ποῖοι.
1763 966 2004 1027 arkivu.

928 1151 1288 1236 OGOGL.
1343 1151 1550 1236 Gon.
1605 1152 1830 1236 1393.
1873 1151 1952 1256 7.
2003 1153 2292 1254 rujna,
2344 1173 2407 1233 u
2460 1151 2854 1236 Mletcih.

519 1297 821 1357 Mletabko
857 1298 1013 1357 viede
1049 1285 1378 1371 nepr’astqje
1409 1315 1493 1356 na
1530 1297 1783 1371 predloy
1820 1312 2001 1371 svoqa
2035 1295 2432 1372 pomorskoya
2458 1296 2644 1370 vodio,
2675 1297 2757 1356 da
2786 1314 2850 1358 sc
2877 1297 3054 1359 silom
3091 1313 3259 1357 ame

526 1382 705 1451 omis,
738 1402 881 1460 neyo
901 1403 981 1460 qa
1002 1385 1280 1458 upuaeuje,
1305 1390 1386 1444 da
1407 1386 1684 1458 nahtjeva
1706 1385 1782 1443 od
1807 1381 2097 1444 Omiffana
2117 1384 2495 1458 napuenjene
2531 1386 2742 1455 stum-i,
2778 1402 2818 1444 a
2852 1385 2976 1444 kad
3018 1401 3122 1443 mu
3154 1384 3255 1457 jib

520 1473 655 1531 nebi
703 1473 849 1549 doli,
895 1474 1052 1533 nelca
1085 1478 1353 1547 postupa
1380 1475 1551 1547 proti
1589 1472 1879 1547 njiloovim
1922 1473 2232 1533 brodwom
2277 1473 2392 1532 kao
2428 1472 2598 1546 proti
2639 1473 2920 1533 ωσι-35η»
2946 1488 3250 1547 yusaron.

743 1592 926 1672 1393,
973 1593 1308 1659 indictione
1359 1594 1576 1675 prima,
1627 1592 1727 1658 die
1777 1591 1897 1657 VII
1959 1594 2353 1676 septembris,
2422 1591 2654 1675 Capta:
2717 1591 2877 1676 quod
2942 1592 3252 1658 scribatur

524 1680 719 1745 nobili
767 1682 897 1745 viro
944 1679 1054 1746 Ser
1100 1680 1431 1746 Francisco
1478 1681 1714 1745 Bembo
1765 1682 2220 1765 vicecapitaneo
2268 1682 2480 1763 culphi
2531 1681 2594 1746 in
2641 1680 2756 1745 bac
2795 1680 3019 1757 forma,
3079 1679 3248 1744 vide-

522 1768 694 1834 licet:
747 1770 1121 1851 Accepimus
1168 1768 1412 1833 litteras
1459 1771 1697 1833 vestras
1744 1771 1924 1833 datas
1971 1769 2292 1848 Durachii,
2321 1769 2609 1851 'Pi-agurii
2636 1771 2700 1833 et
2747 1766 2985 1852 Spalati
3033 1767 3248 1833 diebus

530 1856 660 1932 Vll,
693 1856 938 1921 XVIIII
987 1859 1051 1920 et
1124 1856 1401 1923 XXVIII
1478 1857 1709 1921 mensis
1777 1856 1997 1937 elapsi,
2046 1856 2276 1921 seriose
2321 1857 2712 1921 continentes
2757 1861 2939 1940 gesta
2985 1875 3093 1939 per
3136 1872 3244 1920 vos

521 1950 850 2028 postquam
885 1945 1228 2009 recessistis
1264 1962 1300 2008 a
1338 1947 1546 2008 nostro
1577 1943 1970 2027 capitaneato
2008 1945 2174 2010 culfi.
2222 1943 2593 2009 Audivimus
2638 1943 2833 2008 etiam
2881 1943 3059 2010 nobis
3104 1962 3245 2026 pru-

519 2032 734 2096 denter
781 2033 954 2113 parte
1004 2034 1209 2096 vestra
1257 2033 1537 2113 exposita
1586 2050 1691 2111 per
1736 2031 2011 2097 nobilem
2062 2034 2263 2096 virum
2309 2031 2711 2098 Franciscum
2760 2030 3071 2108 Dandulo,
3103 2030 3249 2095 effe-

522 2120 775 2183 tualiter
823 2121 1244 2185 notificantem
1297 2119 1473 2184 nobis
1521 2119 1986 2202 dispositionem
2041 2124 2310 2185 vestram
2358 2121 2523 2185 circa
2566 2120 3023 2203 expugnatione
3055 2118 3243 2184 castri

521 2206 856 2282 Dalmisse,
903 2226 1087 2290 quam
1137 2213 1346 2271 tamen
1397 2206 1598 2272 facere
1647 2224 1766 2271 non
1815 2206 2236 2273 intendebatis
2286 2205 2405 2273 nisi
2451 2206 2667 2271 habito
2732 2208 2904 2290 prius
2953 2208 3239 2272 mondato

520 2299 731 2358 nostro
779 2293 1104 2377 superinde
1151 2299 1216 2359 et
1260 2294 1492 2359 habitis
1540 2294 1917 2373 bombardiS,
1968 2294 2418 2379 lignaminibus
2466 2298 2530 2360 et
2573 2294 2716 2359 aliis
2748 2314 2857 2378 per
2889 2296 3125 2359 dictum
3149 2313 3246 2358 ser

518 2382 917 2446 Franciscum
966 2401 1002 2445 a
1050 2383 1225 2447 nobis
1273 2383 1608 2464 requisitis,
1662 2400 1775 2466 pro
1822 2383 2047 2465 quibus
2088 2383 2379 2448 omnibus
2429 2384 2698 2447 vestram
2767 2382 3141 2465 sapientiam
3184 2382 3246 2446 et

517 2469 1092 2534 determinationem
1141 2472 1597 2545 comendantes,
1644 2470 2045 2536 rescribimus
2093 2471 2267 2536 vobis
2310 2487 2451 2535 cum
2499 2471 2730 2535 nostris
2760 2470 3039 2536 consiliis
3072 2486 3244 2552 roga-

513 2558 720 2621 torum
797 2560 861 2622 et
934 2558 1281 2631 additionis,
1354 2557 1516 2640 quod
1592 2557 1997 2624 consideratis
2076 2559 2296 2623 multis
2372 2558 2836 2623 considerandis
2916 2561 2981 2622 et
3056 2558 3241 2640 potis—

515 2645 706 2723 sime,
783 2645 944 2728 quod
1036 2646 1411 2728 expugnacio
1482 2645 1635 2710 dicti
1727 2648 1914 2711 castri
2022 2647 2380 2712 hominibus
2464 2648 2791 2731 galearum
2890 2648 3235 2711 nostrorum

516 2732 675 2797 foret
738 2732 1281 2815 periculosissima,
1345 2734 1899 2799 determinavimus
1963 2735 2138 2799 vobis
2197 2754 2313 2799 non
2378 2734 2693 2800 destinare
2755 2734 3124 2799 bombardas
3184 2736 3246 2797 et

513 2822 637 2886 alia
681 2840 788 2903 per
837 2839 946 2886 nos
992 2821 1312 2904 requisita,
1362 2824 1509 2904 quia
1543 2824 1750 2887 nostra
1783 2823 2050 2888 intencio
2112 2840 2228 2887 non
2292 2824 2408 2900 est,
2473 2823 2633 2907 quod
2666 2821 2905 2887 dictum
2970 2826 3242 2887 castrum

515 2909 643 2973 ullo
693 2908 873 2972 modo
919 2911 1324 2993 expugnetur,
1372 2910 1479 2973 sed
1527 2910 1678 2974 bene
1725 2909 2012 2974 volumus
2059 2910 2123 2974 et
2170 2910 2258 2975 sic
2304 2909 2478 2975 vobis
2527 2909 2892 2975 mandamus
2940 2927 3082 2975 cum
3115 2907 3245 2972 dic-

516 2997 597 3061 tis
644 2996 941 3073 consiliis,
992 2999 1150 3079 quod
1201 2999 1287 3062 ire
1335 2998 1608 3063 debeatis
1671 2998 1749 3062 ad
1796 2997 2001 3061 locum
2066 2997 2381 3062 Dalmisse
2439 2998 2516 3062 ad
2582 2998 3032 3081 procurandum
3103 3014 3243 3060 cum

514 3084 644 3149 illis
692 3084 1035 3149 rationibus
1080 3089 1145 3150 et
1185 3087 1410 3162 verbis,
1459 3104 1577 3168 que
1625 3087 1829 3149 vestre
1876 3086 2177 3166 sapientie
2211 3085 2607 3163 videbuntur,
2641 3085 2716 3150 de
2749 3085 3030 3150 habendo
3065 3083 3245 3148 resti-

514 3173 821 3238 tutionem
886 3171 1249 3237 damnorum
1314 3191 1423 3254 per
1485 3191 1587 3236 eos
1644 3171 1959 3237 illatorum
2006 3173 2103 3237 vel
2169 3174 2442 3237 valorem
2489 3173 2767 3256 ipsorum
2815 3172 3026 3238 subito
3074 3173 3249 3236 iuxta

513 3260 959 3324 continentiam
1008 3261 1073 3324 et
1119 3266 1392 3325 tenorem
1443 3260 1656 3324 cedule
1707 3261 1975 3341 presenti
2024 3261 2376 3336 intercluse,
2458 3279 2648 3344 quam
2693 3262 2747 3325 si
2790 3260 3073 3325 obtinere
3135 3277 3237 3342 po-

513 3347 742 3418 teritis,
787 3346 1024 3411 nullam
1071 3348 1162 3411 eis
1223 3345 1422 3412 facere
1484 3348 1765 3412 debeatis
1831 3348 2191 3413 novitatem.
2285 3347 2544 3427 Quando
2610 3367 2752 3413 vero
2810 3348 3012 3429 ipsam
3058 3347 3245 3413 resti-

514 3435 823 3499 tutionem
873 3435 1152 3499 obtinere
1201 3451 1319 3500 non
1361 3436 1648 3516 possetis,
1695 3439 1844 3500 tunc
1883 3437 2087 3501 dicere
2119 3436 2400 3501 debeatis
2436 3435 2566 3500 illis
2601 3438 2675 3501 de
2707 3435 3048 3510 Dalmissa,
3082 3434 3244 3518 quod

511 3521 757 3585 habetis
808 3523 867 3585 in
918 3522 1229 3586 mandatis
1275 3541 1312 3587 a
1359 3522 1531 3588 nobis
1581 3526 1645 3588 et
1689 3523 1778 3587 sic
1824 3542 1963 3587 cum
2030 3524 2216 3588 dictis
2278 3524 2555 3589 consiliis
2619 3524 2793 3587 vobis
2856 3524 3243 3600 mandamus,

511 3608 674 3691 quod
719 3609 999 3673 debeatis
1046 3628 1188 3674 cum
1238 3609 1461 3675 effectu
1521 3611 1884 3694 adimplere,
1948 3612 2107 3693 quod
2171 3612 2225 3686 si
2286 3611 2621 3694 contigerit
2689 3627 2799 3675 vos
2864 3608 3136 3693 reperire
3181 3608 3244 3672 in

514 3696 674 3760 mari
722 3696 966 3778 galeam
1025 3699 1092 3760 et
1135 3697 1447 3781 galeotam
1495 3701 1771 3763 armatas
1813 3717 1921 3780 per
1966 3717 2089 3771 eos,
2127 3702 2191 3763 et
2238 3701 2498 3781 utraque
2533 3717 2748 3763 earum
2782 3696 3246 3774 intromittetis,

512 3786 578 3848 et
625 3783 907 3848 homines
953 3802 1138 3866 super
1183 3786 1351 3865 ipsas
1398 3787 1733 3850 existentes
1813 3785 2168 3851 tractabitis
2216 3787 2377 3850 sicut
2422 3786 2702 3869 publicos
2750 3784 3079 3863 cursarioS,
3130 3802 3245 3848 non

518 3871 847 3936 nutriendo
887 3878 1210 3956 propterea
1255 3890 1362 3936 vos
1411 3874 1473 3936 in
1522 3873 1650 3937 illis
1711 3873 1909 3956 aquis,
1976 3873 2083 3937 sed
2146 3874 2346 3938 eundo
2420 3894 2526 3955 per
2585 3873 2821 3938 culfum
2870 3874 3246 3955 ubicumque

511 3960 795 4031 sentietis
839 3978 989 4041 opus
1037 3979 1171 4023 esse
1217 3961 1295 4023 ad
1359 3962 1816 4042 procurandum
1878 3962 2173 4026 honorem
2246 3961 2547 4038 nostrum,
2611 3961 2777 4026 sicut
2837 3960 3020 4025 nobis
3081 3960 3246 4025 noti-

510 4046 745 4112 ficastis
812 4067 916 4129 per
982 4048 1237 4112 ultimas
1302 4047 1550 4112 litteras
1615 4054 1871 4123 vestraS,
1941 4051 2206 4115 uniendo
2279 4068 2384 4115 vos
2449 4068 2589 4113 cum
2662 4049 2987 4132 capitaneo
3036 4051 3246 4112 nostro

511 4135 656 4200 culfi
704 4155 885 4218 quam
934 4136 1200 4216 prestius
1250 4135 1554 4218 poteritis,
1603 4137 1669 4200 et
1713 4136 1970 4202 essendo
2015 4138 2098 4202 ad
2137 4137 2554 4203 obedientiam
2600 4155 2801 4215 suam,
2836 4138 2909 4201 ut
2944 4135 3250 4201 debeatis.

597 4243 778 4302 Misti
826 4239 1048 4303 XLII.
1103 4245 1248 4321 128,
1297 4262 1338 4302 u
1384 4244 1539 4306 mlet.
1590 4245 1829 4304 arkivu.
