3620 5282
542 311 666 377 174

535 488 728 568 dines,
775 489 1099 555 libertates
1144 489 1208 551 et
1249 486 1511 567 ordines,
1555 486 1659 570 qui
1705 488 2108 553 servabantur
2154 488 2297 553 ante
2364 506 2653 573 guerram
2715 486 2987 571 proxime
3052 487 3259 570 prete-

535 579 741 655 ritam,
792 576 953 642 sicut
997 577 1060 641 in
1103 594 1250 659 pace
1298 594 1490 658 nuper
1535 575 1846 641 celebrata
1888 577 2070 659 plene
2115 577 2384 641 cavetur.
2453 576 2535 640 Et
2571 577 2648 641 ad
2691 576 2807 640 hoc
2859 576 3049 641 etiam
3114 592 3259 658 pro-

535 667 871 730 curandum
918 666 983 731 et
1022 665 1363 729 fatiendum
1411 664 1561 729 dicti
1609 666 1836 729 domini
1884 666 2151 747 episcopi
2196 684 2262 730 se
2308 665 2689 743 obtulerunt,
2738 663 2886 748 quia
2917 682 3029 729 nos
3077 663 3260 728 simi-

535 754 681 818 liter
725 772 940 818 sumus
986 751 1270 836 dispositi
1317 751 1513 818 facere
1562 770 1633 816 ex
1680 756 1853 835 parte
1902 757 2130 818 nostra.

746 842 903 906 Item
946 840 1377 924 procurabitiS‚
1426 840 1588 924 quod
1635 841 1860 906 nostris
1906 842 2163 921 civibuS‚
2214 840 2656 906 mercatoribus
2703 842 2767 906 et
2807 839 3095 906 fidelibus
3144 840 3260 905 fiat

535 928 848 994 restitutio
885 929 968 994 de
1015 930 1189 995 bonis
1236 930 1363 993 suis
1409 928 1835 994 immobilibus
1883 933 1946 992 et
2007 930 2199 994 etiam
2268 932 2341 995 de
2401 929 2628 994 debitis
2693 929 3053 1012 specialium
3115 948 3258 1012 per-

536 1035 848 1096 sonarum,
919 1019 1080 1084 sicut
1141 1018 1274 1082 fieri
1338 1018 1521 1083 debet
1580 1035 1687 1099 per
1746 1019 2004 1083 formam
2066 1019 2258 1102 pacm,
2321 1019 2384 1083 et
2441 1017 2707 1083 teneatis
2755 1017 3026 1094 modum,
3097 1017 3259 1099 quod

443 1143 450 1150 -
537 1106 705 1170 istud
750 1107 863 1172 fiat
904 1124 1042 1171 cum
1090 1105 1332 1184 effectu,
1380 1106 1471 1170 ita
1511 1107 1671 1189 quod
1715 1107 1913 1171 nostri
1958 1107 2320 1188 recuperent
2378 1112 2441 1171 et
2501 1105 2789 1186 habeant,
2847 1106 3006 1191 quod
3067 1123 3255 1169 suum

536 1197 648 1267 est,
681 1192 769 1259 'ut
810 1196 1044 1260 iustum
1090 1196 1222 1270 est;
1266 1198 1331 1259 et
1371 1194 1514 1277 qnia
1557 1194 1727 1259 istud
1790 1197 1889 1259 est
1950 1196 2214 1259 multum
2278 1194 2452 1259 nobis
2513 1194 2703 1273 cordi,
2764 1211 3086 1260 oneramus
3144 1211 3256 1258 vos

536 1283 611 1348 de
657 1281 769 1349 hoc
814 1285 1112 1366 quantum
1159 1282 1298 1366 plus
1345 1301 1690 1364 possumne,
1733 1286 1798 1347 et
1842 1286 2004 1366 quod
2044 1282 2156 1348 fiat
2215 1287 2278 1347 et
2338 1284 2528 1347 vadat
2582 1283 2658 1348 de
2720 1282 2835 1348 hoc
2895 1283 3255 1366 preceptum

536 1389 886 1454 expressum
934 1390 1005 1435 ex
1052 1377 1225 1454 parte
1267 1370 1500 1436 domini
1550 1371 1717 1454 regis
1763 1372 1839 1435 ad
1886 1389 2096 1436 omnes
2142 1374 2370 1455 parteS‚
2418 1374 2615 1436 terras
2654 1375 2718 1436 et
2746 1371 2882 1436 loca
2911 1389 3042 1435 sua.
3091 1370 3257 1435 Item
3294 1373 3299 1378 '

537 1460 920 1525 notificamus
966 1461 1158 1541 vobiS‚
1220 1460 1380 1543 quod
1437 1478 1640 1524 coram
1691 1459 1866 1524 nobis
1910 1460 2254 1541 comparuit
2297 1460 2393 1525 vir
2434 1459 2657 1525 nobilis
2705 1459 3020 1525 Johannes
3064 1457 3262 1525 Geor·

538 1549 641 1632 gio
688 1547 854 1613 filius
901 1549 1158 1614 condam
1207 1548 1432 1614 nobilis
1478 1547 1596 1612 viri
1643 1566 1743 1613 ser
1789 1547 1962 1612 Petri
2002 1549 2287 1632 Georgio,
2338 1549 2440 1631 qui
2485 1565 2582 1612 ser
2627 1549 2850 1613 Petrus
2895 1546 3017 1612 fuit
3086 1545 3255 1611 filius

536 1636 758 1701 nobilis
832 1635 946 1701 viri
1018 1637 1275 1702 condam
1339 1655 1439 1702 ser
1482 1635 1782 1701 Johannis
1831 1635 2094 1719 Georgio
2150 1637 2300 1701 olim
2345 1637 2587 1700 comitis
2637 1634 2910 1711 Curzole,
2957 1637 3172 1719 petens
3220 1652 3256 1698 a

539 1724 717 1789 nobis
762 1742 906 1789 cum
948 1724 1355 1790 attinentibus
1402 1724 1530 1789 suis
1578 1724 2043 1790 subventionem
2100 1743 2285 1808 super
2328 1724 2491 1790 facto
2548 1725 2747 1789 insule
2795 1723 3051 1790 Curzole
3112 1740 3257 1807 pre-

536 1813 719 1878 dicte.
765 1813 851 1877 Et
895 1816 1213 1896 propterea
1258 1811 1705 1878 committimus
1752 1813 1925 1878 vobis
1985 1814 2063 1876 ad
2125 1814 2485 1879 instantiam
2557 1813 2706 1878 dicti
2765 1811 3066 1879 Johannis
3128 1810 3256 1876 Ge-

537 1902 710 1986 orgio
757 1904 820 1965 et
861 1919 1072 1967 eorum
1117 1901 1539 1979 attinentium,
1588 1900 1666 1965 ad-
1710 1919 1863 1983 quos
1906 1903 2166 1983 spectat,
2211 1902 2371 1986 quod
2419 1901 2719 1983 expeditis
2757 1902 3039 1967 omnibus
3068 1898 3255 1965 factis

535 1989 830 2074 predictis
876 1990 1070 2055 nostri
1111 1988 1474 2067 communia,
1538 1987 1701 2055 sicut
1753 1989 1817 2053 et
1859 1990 2098 2071 quando
2159 1991 2331 2054 vobis
2392 1989 2720 2068 videbitur,
2783 1992 2847 2054 et
2908 1989 3254 2072 apparendo

539 2079 712 2145 vobis
776 2076 1012 2142 duobus
1072 2078 1185 2142 hoc
1245 2095 1378 2142 esse
1439 2076 1691 2155 bonum,
1754 2080 1820 2140 et
1869 2077 2223 2160 accipiendo
2268 2080 2512 2161 tempus
2581 2078 2862 2143 dextrum
2909 2080 2976 2143 et
3024 2076 3253 2156 habile,

537 2166 809 2233 debeatis
852 2183 1151 2248 exponere
1198 2165 1443 2230 domino
1489 2167 1637 2249 regi,
1683 2167 1863 2247 quod,
1902 2167 2066 2231 sicut
2110 2167 2208 2231 est
2250 2167 2579 2244 notorium,
2641 2167 2878 2232 nobiles
2935 2165 3053 2231 viri
3117 2183 3261 2247 pre-

538 2254 686 2320 dicti
738 2253 812 2318 de
858 2254 970 2321 cha
1014 2254 1277 2338 Georgio
1321 2273 1357 2319 a
1399 2255 1663 2318 maximo
1704 2259 1977 2335 tempore
2025 2254 2199 2335 citra,
2257 2256 2431 2320 cuius
2489 2273 2609 2320 non
2671 2258 2767 2320 est
2834 2255 3132 2319 memoria
3190 2253 3257 2317 in

536 2343 930 2422 contrarium,
979 2345 1303 2410 tenuerant
1348 2343 1411 2407 et
1455 2341 1841 2425 possiderant
1883 2342 2148 2409 insulam
2209 2343 2554 2426 predictam
2601 2340 2852 2408 Curzole
2911 2362 3054 2409 cum
3100 2341 3256 2406 iuri-

537 2432 652 2497 bus
699 2434 763 2496 et
804 2432 1190 2513 pertinentiis
1236 2429 1386 2496 suis,
1453 2430 1538 2494 Et
1581 2432 1873 2513 ternpore,
1940 2449 2058 2514 quo
2126 2431 2540 2497 conclusimus
2601 2432 2665 2495 in
2732 2432 2857 2496 alia
2918 2449 3067 2515 pace
3112 2448 3256 2495 cum

536 2519 784 2584 domino
829 2537 973 2600 rege
1017 2518 1354 2602 Hungarie‚
1404 2538 1520 2584 non
1567 2517 1939 2584 habentibus
1983 2519 2162 2585 nobis
2207 2539 2316 2585 nec
2384 2536 2709 2585 commune
2781 2521 2993 2585 nostro
3057 2518 3258 2584 Vene-

536 2608 765 2675 tiarum
811 2606 1056 2690 aliquod
1106 2608 1203 2673 ius
1249 2606 1314 2672 in
1361 2608 1526 2673 dicta
1571 2607 1792 2686 insula,
1840 2608 1907 2673 et
1949 2606 2011 2673 in
2060 2606 2232 2674 nullo
2288 2608 2464 2674 nobis
2510 2607 2807 2687 subiecta,
2877 2608 3078 2674 solum
3145 2623 3257 2691 pro

536 2695 1051 2778 contemplatione
1099 2698 1162 2761 et
1207 2698 1705 2762 contentamento
1748 2715 1856 2761 sue
1902 2696 2070 2780 regie
2120 2697 2467 2763 maiestatis
2535 2696 2766 2762 fuimus
2825 2697 3098 2763 contenti
3160 2714 3260 2760 re-

537 2786 824 2851 nuntiare
871 2785 1033 2850 dicte
1080 2783 1299 2864 insule,
1349 2786 1413 2850 et
1447 2787 1519 2849 de
1563 2783 1837 2849 fatiendo
1879 2787 2237 2869 preceptum
2275 2785 2491 2850 comiti
2536 2784 2831 2869 predict0‚
2879 2784 3036 2868 quod
3095 2801 3264 2848 rece-

537 2875 712 2940 deret
754 2874 829 2937 de
870 2873 1030 2938 inde.
1075 2873 1155 2937 Et
1192 2872 1337 2956 quia
1384 2872 1585 2938 insula
1628 2873 1762 2955 ipsa
1807 2891 2048 2955 semper
2092 2874 2213 2939 fuit
2258 2876 2606 2939 nostrorum
2654 2875 2952 2939 nobilium
3016 2872 3259 2957 predic-

535 2967 759 3040 torum,
814 2980 1099 3045 possessa
1142 2981 1250 3044 per
1291 2962 1458 3045 ipsos
1504 2961 1754 3045 pacifice
1800 2962 1865 3025 et
1909 2962 2133 3043 quiete,
2181 2961 2350 3028 salvo
2393 2981 2433 3026 a
2466 2964 2739 3044 tempore
2772 2963 3044 3045 predicto
3076 2962 3255 3040 citra,

537 3069 824 3135 rogamus
870 3051 1326 3116 serenissimam
1375 3050 1758 3116 maiestatem
1814 3067 2009 3125 suam,
2075 3051 2235 3133 quod
2295 3068 2405 3133 pro
2473 3050 2572 3116 dei
2622 3050 2961 3116 reverentia
3020 3054 3086 3116 et
3146 3066 3260 3134 pro

540 3140 953 3205 consolatione
1000 3140 1209 3204 nostra
1255 3138 1499 3222 placeat
1543 3138 1738 3202 dictos
1787 3137 2024 3202 nobiles
2068 3141 2143 3202 de
2189 3157 2262 3204 ca
2305 3138 2573 3227 Georgio
2618 3138 2693 3203 de
2740 3138 2903 3204 facto
2959 3139 3121 3204 dicte
3166 3139 3263 3203 in-

539 3229 671 3293 sule
715 3230 877 3311 apud
924 3229 1191 3312 gratiam
1240 3228 1303 3291 et
1351 3227 1790 3309 benignitatem
1839 3245 1947 3290 sue
1994 3228 2158 3309 regie
2208 3228 2552 3292 maiestatis
2594 3227 2819 3293 habere
2861 3226 3253 3304 recomissoS‚

541 3316 704 3381 sicut
749 3317 928 3398 plene
977 3333 1297 3399 speramus
1345 3314 1407 3378 in
1463 3315 1790 3379 serenitate
1852 3316 1915 3379 et
1958 3315 2130 3397 regia
2177 3316 2505 3381 maiestate
2550 3333 2681 3394 sua,
2730 3334 2870 3381 cum
2915 3334 3024 3398 pro
3070 3331 3256 3380 causa

542 3404 818 3487 predicta
862 3404 1089 3468 abillo
1137 3405 1412 3487 tempore
1460 3404 1616 3468 citra
1674 3401 1825 3466 dicti
1886 3402 2079 3466 nostri
2136 3403 2371 3470 nobiles
2424 3403 2500 3468 de
2561 3422 2633 3469 ca
2689 3404 2968 3488 Georgio‚
3031 3402 3258 3485 quibus

540 3493 800 3574 spectat,
848 3491 1097 3556 fuerunt
1142 3496 1206 3555 et
1249 3496 1394 3556 sunt
1437 3491 1499 3554 in
1547 3492 1819 3555 maxima
1862 3494 2244 3572 paupertate.

748 3578 1017 3645 Potestis
1064 3580 1396 3662 expendere
1441 3582 1559 3642 etc.
1607 3578 1881 3645 Jurastis
1927 3581 2043 3644 etc.
2091 3579 2258 3645 Data
2300 3582 2419 3645 etc.

625 3687 805 3749 Misti
851 3688 1202 3749 XXXVII.
1253 3691 1352 3759 17,
1391 3707 1433 3748 u
1472 3688 1626 3748 mlet.
1671 3689 1906 3750 arkivu.

671 3859 1198 3945 CCXLVIII.
1253 3861 1458 3945 God.
1512 3860 1724 3945 1381.
1779 3863 1884 3945 26
1940 3861 2431 3961 studcnoga‚
2495 3882 2556 3942 u
2604 3858 3110 3960 Diosgyoru.

1029 4008 1370 4083 Uyarehrv.
1417 4009 1580 4082 kralj
1622 4009 1910 4082 Ljudwit
1942 4008 2291 4083 potvrdq'tv'e
2342 4007 2605 4067 turinski
2647 4008 2780 4068 mir.

746 4111 1102 4178 Ratificatio
1149 4110 1382 4177 domini
1428 4114 1593 4196 regis
1635 4112 1957 4197 Hungarie
2003 4113 2075 4177 de
2124 4130 2269 4193 pace
2312 4110 2622 4176 celebrata
2667 4110 2731 4174 in
2777 4109 3064 4175 Taurino,

747 4201 821 4265 In
859 4199 1090 4266 Christi
1136 4201 1380 4265 nomine
1426 4219 1625 4266 amen.
1691 4202 1873 4266 Anno
1931 4201 2203 4265 eiusdem
2250 4218 2287 4264 a
2346 4200 2677 4264 nativitate
2738 4194 3250 4273 MCCCLXXXL

539 4289 868 4355 indictione
911 4291 1148 4373 quarta,
1191 4289 1288 4354 die
1335 4290 1554 4354 martis
1587 4288 1794 4353 XXVI
1826 4288 2176 4354 novembris
2220 4288 2371 4352 hora
2405 4288 2757 4353 terciarum.
2811 4284 3257 4353 serenissimus

539 4382 602 4442 et
670 4377 1219 4443 excellentissimus
1284 4378 1565 4460 princeps
1635 4380 1697 4442 et
1765 4377 2051 4442 dominus
2123 4377 2406 4441 dominus
2473 4375 2816 4441 Ludovicus
2886 4375 2986 4438 dei
3052 4372 3257 4457 gratia

539 4465 875 4549 Hungarie,
922 4465 1193 4543 Polonie‚
1244 4465 1582 4544 Dalmacie‚
1628 4464 1899 4544 Croacie‚
1948 4466 2164 4544 Reme,
2215 4463 2440 4539 Servis,
2487 4464 2870 4540 Ludomerie‚
2934 4462 3253 4545 Bulgarie‚

542 4550 838 4617 Cumanie
882 4573 1010 4632 rex,
1075 4553 1353 4636 princeps
1402 4552 1826 4620 Salernitanus
1888 4556 1951 4618 et
2010 4554 2256 4620 honoris
2312 4553 2539 4618 montis
2605 4552 2806 4618 sancti
2865 4550 3093 4635 Angeli
3149 4551 3261 4614 do-

538 4639 766 4715 minuS,
812 4642 941 4705 tam
988 4643 1230 4707 nomine
1278 4661 1387 4707 suo
1428 4662 1607 4725 quam
1656 4643 1950 4708 heredum
1997 4644 2061 4706 et
2102 4660 2528 4709 successorum
2573 4659 2643 4706 ac
2691 4639 2963 4706 omnium
3025 4640 3090 4703 et
3126 4636 3257 4702 sin·

540 4725 824 4810 gulorum
891 4727 1212 4811 baronum,
1280 4730 1604 4812 nobilium,
1672 4731 2064 4797 subditorum
2133 4732 2199 4797 et
2257 4730 2530 4797 fidelium
2592 4746 2918 4815 regnorum
2977 4743 3257 4808 suorum,
