<?xml version="1.0" encoding="UTF-8"?>
<!DOCTYPE html PUBLIC "-//W3C//DTD XHTML 1.0 Transitional//EN"
    "http://www.w3.org/TR/xhtml1/DTD/xhtml1-transitional.dtd">
<html xmlns="http://www.w3.org/1999/xhtml" xml:lang="en" lang="en">
 <head>
  <title>
</title>
<meta http-equiv="Content-Type" content="text/html;charset=utf-8" />
  <meta name='ocr-system' content='tesseract 3.04.00' />
  <meta name='ocr-capabilities' content='ocr_page ocr_carea ocr_par ocr_line ocrx_word'/>
</head>
<body>
  <div class='ocr_page' id='page_1' title='image "./monumentaspecta02umjegoog_0550.png"; bbox 0 0 3620 5282; ppageno 0'>
   <div class='ocr_carea' id='block_1_1' title="bbox 492 521 3220 960">
    <p class='ocr_par' dir='ltr' id='par_1_1' title="bbox 492 521 3220 960">
     <span class='ocr_line' id='line_1_1' title="bbox 492 521 3212 608; baseline -0.006 -6"><span class='ocrx_word' id='word_1_1' title='bbox 492 536 774 602; x_wconf 89' lang='lat' dir='ltr'><strong>nostrum</strong></span> <span class='ocrx_word' id='word_1_2' title='bbox 823 549 1147 599; x_wconf 87' lang='lat' dir='ltr'><strong>commune</strong></span> <span class='ocrx_word' id='word_1_3' title='bbox 1208 531 1424 595; x_wconf 91' lang='lat' dir='ltr'><strong>mutuo</strong></span> <span class='ocrx_word' id='word_1_4' title='bbox 1484 528 1561 594; x_wconf 85' lang='lat' dir='ltr'><strong>ab</strong></span> <span class='ocrx_word' id='word_1_5' title='bbox 1603 528 1769 592; x_wconf 90' lang='lat' dir='ltr'><strong>omni</strong></span> <span class='ocrx_word' id='word_1_6' title='bbox 1817 544 2074 608; x_wconf 88' lang='lat' dir='ltr'><strong>persona</strong></span> <span class='ocrx_word' id='word_1_7' title='bbox 2134 543 2242 606; x_wconf 90' lang='lat' dir='ltr'><strong>per</strong></span> <span class='ocrx_word' id='word_1_8' title='bbox 2298 521 2611 589; x_wconf 79' lang='lat' dir='ltr'><strong>cambium</strong></span> <span class='ocrx_word' id='word_1_9' title='bbox 2673 522 2771 586; x_wconf 85' lang='lat' dir='ltr'><strong>vel</strong></span> <span class='ocrx_word' id='word_1_10' title='bbox 2830 521 2907 585; x_wconf 87' lang='lat' dir='ltr'><strong>ad</strong></span> <span class='ocrx_word' id='word_1_11' title='bbox 2970 539 3212 604; x_wconf 78' lang='lat' dir='ltr'><strong>prosam</strong></span> 
     </span>
     <span class='ocr_line' id='line_1_2' title="bbox 493 609 3218 703; baseline -0.007 -14"><span class='ocrx_word' id='word_1_12' title='bbox 493 623 670 689; x_wconf 93' lang='lat' dir='ltr'><strong>illam</strong></span> <span class='ocrx_word' id='word_1_13' title='bbox 718 620 971 703; x_wconf 79' lang='lat' dir='ltr'>pecunie</span> <span class='ocrx_word' id='word_1_14' title='bbox 1029 617 1463 700; x_wconf 71' lang='lat' dir='ltr'><strong>quantitatem,</strong></span> <span class='ocrx_word' id='word_1_15' title='bbox 1532 633 1647 698; x_wconf 90' lang='lat' dir='ltr'><strong>que</strong></span> <span class='ocrx_word' id='word_1_16' title='bbox 1693 614 1814 678; x_wconf 91' lang='lat' dir='ltr'><strong>sibi</strong></span> <span class='ocrx_word' id='word_1_17' title='bbox 1862 613 2205 677; x_wconf 88' lang='lat' dir='ltr'><strong>necessaria</strong></span> <span class='ocrx_word' id='word_1_18' title='bbox 2269 610 2459 675; x_wconf 85' lang='lat' dir='ltr'><strong>suerit</strong></span> <span class='ocrx_word' id='word_1_19' title='bbox 2504 609 2821 674; x_wconf 80' lang='lat' dir='ltr'><strong>occasione</strong></span> <span class='ocrx_word' id='word_1_20' title='bbox 2890 610 3218 674; x_wconf 86' lang='lat' dir='ltr'><strong>ambaxate</strong></span> 
     </span>
     <span class='ocr_line' id='line_1_3' title="bbox 496 696 3216 794; baseline -0.006 -19"><span class='ocrx_word' id='word_1_21' title='bbox 496 709 789 794; x_wconf 88' lang='lat' dir='ltr'><strong>predicte,</strong></span> <span class='ocrx_word' id='word_1_22' title='bbox 836 725 906 773; x_wconf 92' lang='lat' dir='ltr'><strong>ac</strong></span> <span class='ocrx_word' id='word_1_23' title='bbox 953 705 1353 790; x_wconf 86' lang='lat' dir='ltr'><strong>promittendi</strong></span> <span class='ocrx_word' id='word_1_24' title='bbox 1419 703 1671 768; x_wconf 91' lang='lat' dir='ltr'><strong>nomine</strong></span> <span class='ocrx_word' id='word_1_25' title='bbox 1735 701 1931 766; x_wconf 80' lang='lat' dir='ltr'>nostri</span> <span class='ocrx_word' id='word_1_26' title='bbox 1996 699 2363 774; x_wconf 81' lang='lat' dir='ltr'><strong>communiS,</strong></span> <span class='ocrx_word' id='word_1_27' title='bbox 2426 696 2582 779; x_wconf 89' lang='lat' dir='ltr'><strong>quod</strong></span> <span class='ocrx_word' id='word_1_28' title='bbox 2632 697 2810 761; x_wconf 88' lang='lat' dir='ltr'><strong>illam</strong></span> <span class='ocrx_word' id='word_1_29' title='bbox 2870 697 3216 779; x_wconf 89' lang='lat' dir='ltr'><strong>pecuniam,</strong></span> 
     </span>
     <span class='ocr_line' id='line_1_4' title="bbox 496 783 3220 882; baseline -0.006 -20"><span class='ocrx_word' id='word_1_30' title='bbox 496 815 679 882; x_wconf 87' lang='lat' dir='ltr'><strong>quam</strong></span> <span class='ocrx_word' id='word_1_31' title='bbox 727 795 1049 877; x_wconf 88' lang='lat' dir='ltr'><strong>acceperit,</strong></span> <span class='ocrx_word' id='word_1_32' title='bbox 1113 790 1522 858; x_wconf 88' lang='lat' dir='ltr'><strong>creditoribus</strong></span> <span class='ocrx_word' id='word_1_33' title='bbox 1570 808 1678 853; x_wconf 89' lang='lat' dir='ltr'><strong>seu</strong></span> <span class='ocrx_word' id='word_1_34' title='bbox 1742 787 1978 854; x_wconf 85' lang='lat' dir='ltr'><strong>nuntiis</strong></span> <span class='ocrx_word' id='word_1_35' title='bbox 2041 805 2247 851; x_wconf 85' lang='lat' dir='ltr'><strong>eorum</strong></span> <span class='ocrx_word' id='word_1_36' title='bbox 2314 786 2445 850; x_wconf 89' lang='lat' dir='ltr'><strong>dari</strong></span> <span class='ocrx_word' id='word_1_37' title='bbox 2494 788 2556 849; x_wconf 88' lang='lat' dir='ltr'><strong>et</strong></span> <span class='ocrx_word' id='word_1_38' title='bbox 2623 783 2868 849; x_wconf 83' lang='lat' dir='ltr'><strong>restitui</strong></span> <span class='ocrx_word' id='word_1_39' title='bbox 2923 783 3220 848; x_wconf 87' lang='lat' dir='ltr'><strong>faciemus</strong></span> 
     </span>
     <span class='ocr_line' id='line_1_5' title="bbox 494 870 3218 960; baseline -0.006 -10"><span class='ocrx_word' id='word_1_40' title='bbox 494 932 511 950; x_wconf 91' lang='lat'><strong>.</strong></span> <span class='ocrx_word' id='word_1_41' title='bbox 561 932 577 949; x_wconf 93' lang='lat'><strong>.</strong></span> <span class='ocrx_word' id='word_1_42' title='bbox 626 931 642 948; x_wconf 93' lang='lat'><strong>.</strong></span> <span class='ocrx_word' id='word_1_43' title='bbox 690 883 855 948; x_wconf 89' lang='lat' dir='ltr'><strong>Data</strong></span> <span class='ocrx_word' id='word_1_44' title='bbox 899 882 961 946; x_wconf 94' lang='lat' dir='ltr'><strong>in</strong></span> <span class='ocrx_word' id='word_1_45' title='bbox 1010 883 1217 946; x_wconf 87' lang='lat' dir='ltr'><strong>nostro</strong></span> <span class='ocrx_word' id='word_1_46' title='bbox 1256 878 1457 943; x_wconf 84' lang='lat' dir='ltr'><strong>ducali</strong></span> <span class='ocrx_word' id='word_1_47' title='bbox 1507 875 1738 960; x_wconf 87' lang='lat' dir='ltr'><strong>palatio</strong></span> <span class='ocrx_word' id='word_1_48' title='bbox 1783 874 1881 939; x_wconf 90' lang='lat' dir='ltr'><strong>die</strong></span> <span class='ocrx_word' id='word_1_49' title='bbox 1944 873 2336 939; x_wconf 87' lang='lat' dir='ltr'><strong>decimonono</strong></span> <span class='ocrx_word' id='word_1_50' title='bbox 2398 872 2646 955; x_wconf 88' lang='lat' dir='ltr'><strong>augusti</strong></span> <span class='ocrx_word' id='word_1_51' title='bbox 2703 870 3034 936; x_wconf 89' lang='lat' dir='ltr'><strong>millesimo</strong></span> <span class='ocrx_word' id='word_1_52' title='bbox 3094 871 3218 934; x_wconf 90' lang='lat' dir='ltr'><strong>tre-</strong></span> 
     </span>
    </p>
   </div>
   <div class='ocr_carea' id='block_1_2' title="bbox 491 961 2464 1136">
    <p class='ocr_par' dir='ltr' id='par_1_2' title="bbox 491 961 2464 1136">
     <span class='ocr_line' id='line_1_6' title="bbox 491 961 2464 1052; baseline -0.007 -15"><span class='ocrx_word' id='word_1_53' title='bbox 491 969 827 1038; x_wconf 86' lang='lat' dir='ltr'><strong>centesimo</strong></span> <span class='ocrx_word' id='word_1_54' title='bbox 869 967 1379 1052; x_wconf 90' lang='lat' dir='ltr'><strong>quinquagesimo</strong></span> <span class='ocrx_word' id='word_1_55' title='bbox 1424 965 1657 1041; x_wconf 84' lang='lat' dir='ltr'><strong>octavo,</strong></span> <span class='ocrx_word' id='word_1_56' title='bbox 1704 961 2038 1027; x_wconf 80' lang='lat' dir='ltr'><strong>indictione</strong></span> <span class='ocrx_word' id='word_1_57' title='bbox 2087 961 2464 1025; x_wconf 59' lang='lat' dir='ltr'><strong>undecima·</strong></span> 
     </span>
     <span class='ocr_line' id='line_1_7' title="bbox 587 1055 1750 1136; baseline -0.005 -15"><span class='ocrx_word' id='word_1_58' title='bbox 587 1060 936 1121; x_wconf 78' lang='lat' dir='ltr'><strong>Sindicatus</strong></span> <span class='ocrx_word' id='word_1_59' title='bbox 980 1059 1039 1118; x_wconf 90' lang='lat'><strong>1.</strong></span> <span class='ocrx_word' id='word_1_60' title='bbox 1089 1061 1190 1136; x_wconf 83' lang='lat'><strong>77,</strong></span> <span class='ocrx_word' id='word_1_61' title='bbox 1237 1074 1281 1117; x_wconf 79' lang='lat' dir='ltr'><strong>u</strong></span> <span class='ocrx_word' id='word_1_62' title='bbox 1325 1056 1464 1115; x_wconf 80' lang='lat' dir='ltr'><strong>mlet</strong></span> <span class='ocrx_word' id='word_1_63' title='bbox 1516 1055 1750 1115; x_wconf 78' lang='lat' dir='ltr'><strong>arkivu.</strong></span> 
     </span>
    </p>
   </div>
   <div class='ocr_carea' id='block_1_3' title="bbox 843 1255 2881 1357">
    <p class='ocr_par' dir='ltr' id='par_1_3' title="bbox 843 1255 2881 1357">
     <span class='ocr_line' id='line_1_8' title="bbox 843 1255 2881 1357; baseline -0.005 -11"><span class='ocrx_word' id='word_1_64' title='bbox 843 1263 1156 1346; x_wconf 78' lang='lat' dir='ltr'><strong>xvln.</strong></span> <span class='ocrx_word' id='word_1_65' title='bbox 1213 1257 1420 1343; x_wconf 80' lang='lat' dir='ltr'><strong>God.</strong></span> <span class='ocrx_word' id='word_1_66' title='bbox 1474 1257 1699 1342; x_wconf 80' lang='grc'><strong>1358.</strong></span> <span class='ocrx_word' id='word_1_67' title='bbox 1760 1259 1817 1339; x_wconf 85' lang='grc'>4</span> <span class='ocrx_word' id='word_1_68' title='bbox 1871 1256 2324 1357; x_wconf 79' lang='lat' dir='ltr'><strong>listopada,</strong></span> <span class='ocrx_word' id='word_1_69' title='bbox 2376 1278 2437 1336; x_wconf 92' lang='lat' dir='ltr'><strong>u</strong></span> <span class='ocrx_word' id='word_1_70' title='bbox 2489 1255 2881 1338; x_wconf 82' lang='lat' dir='ltr'><strong>Mletclh.</strong></span> 
     </span>
    </p>
   </div>
   <div class='ocr_carea' id='block_1_4' title="bbox 502 1382 3221 1553">
    <p class='ocr_par' dir='ltr' id='par_1_4' title="bbox 502 1382 3221 1553">
     <span class='ocr_line' id='line_1_9' title="bbox 502 1382 3221 1465; baseline -0.006 -11"><span class='ocrx_word' id='word_1_71' title='bbox 502 1391 685 1454; x_wconf 75' lang='lat' dir='ltr'><strong>Glede</strong></span> <span class='ocrx_word' id='word_1_72' title='bbox 730 1390 1048 1463; x_wconf 68' lang='lat' dir='ltr'><strong>izvaiam&#39;a</strong></span> <span class='ocrx_word' id='word_1_73' title='bbox 1092 1389 1217 1447; x_wconf 77' lang='lat' dir='ltr'><strong>lesa</strong></span> <span class='ocrx_word' id='word_1_74' title='bbox 1257 1388 1315 1447; x_wconf 71' lang='lat' dir='ltr'><strong>iu</strong></span> <span class='ocrx_word' id='word_1_75' title='bbox 1362 1386 1636 1445; x_wconf 80' lang='lat' dir='ltr'><strong>Mletaka</strong></span> <span class='ocrx_word' id='word_1_76' title='bbox 1656 1384 1903 1465; x_wconf 58' lang='grc' dir='ltr'><em>ἠεέεηο,</em></span> <span class='ocrx_word' id='word_1_77' title='bbox 1933 1384 2014 1441; x_wconf 82' lang='lat' dir='ltr'><strong>da</strong></span> <span class='ocrx_word' id='word_1_78' title='bbox 2039 1400 2103 1441; x_wconf 80' lang='lat' dir='ltr'><strong>se</strong></span> <span class='ocrx_word' id='word_1_79' title='bbox 2145 1399 2175 1442; x_wconf 87' lang='lat' dir='ltr'><strong>s</strong></span> <span class='ocrx_word' id='word_1_80' title='bbox 2195 1382 2444 1457; x_wconf 72' lang='lat' dir='ltr'><strong>yradovi</strong></span> <span class='ocrx_word' id='word_1_81' title='bbox 2466 1382 2936 1441; x_wconf 74' lang='lat' dir='ltr'><strong>dalmatinskimi</strong></span> <span class='ocrx_word' id='word_1_82' title='bbox 2956 1385 3221 1455; x_wconf 75' lang='lat' dir='ltr'><strong>postupa</strong></span> 
     </span>
     <span class='ocr_line' id='line_1_10' title="bbox 665 1470 3054 1553; baseline -0.005 -13"><span class='ocrx_word' id='word_1_83' title='bbox 665 1497 750 1553; x_wconf 79' lang='lat' dir='ltr'><strong>po</strong></span> <span class='ocrx_word' id='word_1_84' title='bbox 794 1496 964 1539; x_wconf 81' lang='lat' dir='ltr'><strong>onom</strong></span> <span class='ocrx_word' id='word_1_85' title='bbox 1007 1477 1260 1547; x_wconf 71' lang='lat' dir='ltr'><strong>nakonu,</strong></span> <span class='ocrx_word' id='word_1_86' title='bbox 1305 1474 1405 1548; x_wconf 81' lang='lat' dir='ltr'><strong>koj</strong></span> <span class='ocrx_word' id='word_1_87' title='bbox 1438 1490 1505 1546; x_wconf 64' lang='grc' dir='ltr'>μ</span> <span class='ocrx_word' id='word_1_88' title='bbox 1546 1472 1761 1531; x_wconf 79' lang='lat' dir='ltr'><strong>vladao</strong></span> <span class='ocrx_word' id='word_1_89' title='bbox 1796 1472 1963 1544; x_wconf 58' lang='lat' dir='ltr'><strong>priie</strong></span> <span class='ocrx_word' id='word_1_90' title='bbox 2005 1487 2150 1545; x_wconf 75' lang='lat' dir='ltr'><strong>neyo</strong></span> <span class='ocrx_word' id='word_1_91' title='bbox 2194 1487 2268 1529; x_wconf 79' lang='lat' dir='ltr'><strong>su</strong></span> <span class='ocrx_word' id='word_1_92' title='bbox 2312 1486 2374 1529; x_wconf 81' lang='lat' dir='ltr'><strong>se</strong></span> <span class='ocrx_word' id='word_1_93' title='bbox 2419 1471 2714 1542; x_wconf 73' lang='lat' dir='ltr'><strong>republiki</strong></span> <span class='ocrx_word' id='word_1_94' title='bbox 2748 1470 3054 1543; x_wconf 66' lang='lat' dir='ltr'><strong>podloiili.</strong></span> 
     </span>
    </p>
   </div>
   <div class='ocr_carea' id='block_1_5' title="bbox 505 1606 3223 2120">
    <p class='ocr_par' dir='ltr' id='par_1_5' title="bbox 505 1606 3223 2039">
     <span class='ocr_line' id='line_1_11' title="bbox 717 1606 3223 1691; baseline -0.004 -10"><span class='ocrx_word' id='word_1_95' title='bbox 717 1613 883 1680; x_wconf 83' lang='lat'>1358</span> <span class='ocrx_word' id='word_1_96' title='bbox 931 1613 1029 1679; x_wconf 92' lang='lat' dir='ltr'><strong>die</strong></span> <span class='ocrx_word' id='word_1_97' title='bbox 1073 1613 1162 1678; x_wconf 90' lang='lat' dir='ltr'><strong>IV</strong></span> <span class='ocrx_word' id='word_1_98' title='bbox 1218 1610 1512 1687; x_wconf 90' lang='lat' dir='ltr'><strong>octubris,</strong></span> <span class='ocrx_word' id='word_1_99' title='bbox 1560 1608 1897 1674; x_wconf 75' lang='lat' dir='ltr'><strong>indictione</strong></span> <span class='ocrx_word' id='word_1_100' title='bbox 1947 1607 2088 1671; x_wconf 85' lang='grc' dir='ltr'><strong>ΧΠ.</strong></span> <span class='ocrx_word' id='word_1_101' title='bbox 2135 1606 2461 1684; x_wconf 77' lang='lat' dir='ltr'><strong>DominuS,</strong></span> <span class='ocrx_word' id='word_1_102' title='bbox 2509 1606 2869 1673; x_wconf 89' lang='lat' dir='ltr'><strong>consiliarii.</strong></span> <span class='ocrx_word' id='word_1_103' title='bbox 2919 1609 2982 1671; x_wconf 92' lang='lat' dir='ltr'><strong>et</strong></span> <span class='ocrx_word' id='word_1_104' title='bbox 3015 1608 3223 1691; x_wconf 89' lang='lat' dir='ltr'><strong>capita</strong></span> 
     </span>
     <span class='ocr_line' id='line_1_12' title="bbox 505 1694 3221 1786; baseline -0.004 -16"><span class='ocrx_word' id='word_1_105' title='bbox 505 1702 744 1786; x_wconf 84' lang='lat' dir='ltr'><strong>Capta:</strong></span> <span class='ocrx_word' id='word_1_106' title='bbox 792 1701 956 1786; x_wconf 89' lang='lat' dir='ltr'><strong>quod</strong></span> <span class='ocrx_word' id='word_1_107' title='bbox 995 1700 1282 1766; x_wconf 85' lang='lat' dir='ltr'><strong>civitates</strong></span> <span class='ocrx_word' id='word_1_108' title='bbox 1331 1696 1667 1775; x_wconf 88' lang='lat' dir='ltr'><strong>Dalmatie,</strong></span> <span class='ocrx_word' id='word_1_109' title='bbox 1717 1714 1835 1779; x_wconf 90' lang='lat' dir='ltr'><strong>que</strong></span> <span class='ocrx_word' id='word_1_110' title='bbox 1882 1701 2061 1760; x_wconf 88' lang='lat' dir='ltr'><strong>erant</strong></span> <span class='ocrx_word' id='word_1_111' title='bbox 2105 1695 2299 1760; x_wconf 89' lang='lat' dir='ltr'><strong>libere</strong></span> <span class='ocrx_word' id='word_1_112' title='bbox 2348 1713 2385 1759; x_wconf 87' lang='lat' dir='ltr'><strong>a</strong></span> <span class='ocrx_word' id='word_1_113' title='bbox 2433 1694 2599 1760; x_wconf 85' lang='lat' dir='ltr'><strong>datio</strong></span> <span class='ocrx_word' id='word_1_114' title='bbox 2645 1694 3026 1777; x_wconf 87' lang='lat' dir='ltr'><strong>lignaminis,</strong></span> <span class='ocrx_word' id='word_1_115' title='bbox 3060 1695 3221 1778; x_wconf 91' lang='lat' dir='ltr'><strong>quod</strong></span> 
     </span>
     <span class='ocr_line' id='line_1_13' title="bbox 505 1782 3223 1870; baseline -0.004 -13"><span class='ocrx_word' id='word_1_116' title='bbox 505 1790 911 1857; x_wconf 73' lang='lat' dir='ltr'><strong>extrahebant</strong></span> <span class='ocrx_word' id='word_1_117' title='bbox 955 1805 1063 1870; x_wconf 90' lang='lat' dir='ltr'><strong>pro</strong></span> <span class='ocrx_word' id='word_1_118' title='bbox 1110 1805 1219 1852; x_wconf 88' lang='lat' dir='ltr'><strong>uso</strong></span> <span class='ocrx_word' id='word_1_119' title='bbox 1280 1803 1391 1850; x_wconf 88' lang='lat' dir='ltr'><strong>suo</strong></span> <span class='ocrx_word' id='word_1_120' title='bbox 1444 1786 1694 1867; x_wconf 91' lang='lat' dir='ltr'><strong>propter</strong></span> <span class='ocrx_word' id='word_1_121' title='bbox 1756 1785 1964 1865; x_wconf 87' lang='lat' dir='ltr'><strong>pacta,</strong></span> <span class='ocrx_word' id='word_1_122' title='bbox 2035 1802 2152 1866; x_wconf 90' lang='lat' dir='ltr'><strong>que</strong></span> <span class='ocrx_word' id='word_1_123' title='bbox 2196 1783 2540 1847; x_wconf 87' lang='lat' dir='ltr'><strong>habuerant</strong></span> <span class='ocrx_word' id='word_1_124' title='bbox 2599 1782 2942 1860; x_wconf 86' lang='lat' dir='ltr'><strong>nobiscum,</strong></span> <span class='ocrx_word' id='word_1_125' title='bbox 2983 1784 3223 1866; x_wconf 90' lang='lat' dir='ltr'><strong>quando</strong></span> 
     </span>
     <span class='ocr_line' id='line_1_14' title="bbox 505 1870 3223 1953; baseline -0.003 -9"><span class='ocrx_word' id='word_1_126' title='bbox 505 1896 572 1944; x_wconf 87' lang='lat' dir='ltr'><strong>se</strong></span> <span class='ocrx_word' id='word_1_127' title='bbox 632 1877 812 1943; x_wconf 90' lang='lat' dir='ltr'><strong>nobis</strong></span> <span class='ocrx_word' id='word_1_128' title='bbox 876 1875 1323 1951; x_wconf 86' lang='lat' dir='ltr'><strong>submiserunt,</strong></span> <span class='ocrx_word' id='word_1_129' title='bbox 1388 1873 1732 1937; x_wconf 77' lang='lat' dir='ltr'><strong>tractentur</strong></span> <span class='ocrx_word' id='word_1_130' title='bbox 1788 1872 1864 1935; x_wconf 92' lang='lat' dir='ltr'><strong>de</strong></span> <span class='ocrx_word' id='word_1_131' title='bbox 1928 1870 2133 1935; x_wconf 90' lang='lat' dir='ltr'><strong>cetero</strong></span> <span class='ocrx_word' id='word_1_132' title='bbox 2198 1871 2359 1935; x_wconf 85' lang='lat' dir='ltr'><strong>sicut</strong></span> <span class='ocrx_word' id='word_1_133' title='bbox 2393 1870 2829 1935; x_wconf 81' lang='lat' dir='ltr'><strong>tractabantur</strong></span> <span class='ocrx_word' id='word_1_134' title='bbox 2890 1873 3223 1953; x_wconf 87' lang='lat' dir='ltr'><strong>antequam</strong></span> 
     </span>
     <span class='ocr_line' id='line_1_15' title="bbox 508 1956 3110 2039; baseline -0.004 -7"><span class='ocrx_word' id='word_1_135' title='bbox 508 1966 811 2032; x_wconf 86' lang='lat' dir='ltr'><strong>haberent</strong></span> <span class='ocrx_word' id='word_1_136' title='bbox 860 1963 1092 2027; x_wconf 90' lang='lat' dir='ltr'><strong>dictam</strong></span> <span class='ocrx_word' id='word_1_137' title='bbox 1141 1959 1607 2026; x_wconf 87' lang='lat' dir='ltr'><strong>immunitatem</strong></span> <span class='ocrx_word' id='word_1_138' title='bbox 1654 1960 1720 2023; x_wconf 91' lang='lat' dir='ltr'><strong>et</strong></span> <span class='ocrx_word' id='word_1_139' title='bbox 1764 1960 1947 2039; x_wconf 82' lang='lat' dir='ltr'><strong>pacta</strong></span> <span class='ocrx_word' id='word_1_140' title='bbox 1993 1957 2337 2023; x_wconf 89' lang='lat' dir='ltr'><strong>nobiscum.</strong></span> <span class='ocrx_word' id='word_1_141' title='bbox 2385 1956 2468 2021; x_wconf 85' lang='lat' dir='ltr'><strong>Et</strong></span> <span class='ocrx_word' id='word_1_142' title='bbox 2515 1957 2566 2021; x_wconf 88' lang='lat' dir='ltr'><strong>si</strong></span> <span class='ocrx_word' id='word_1_143' title='bbox 2622 1956 2946 2023; x_wconf 89' lang='lat' dir='ltr'><strong>consilium</strong></span> <span class='ocrx_word' id='word_1_144' title='bbox 2989 1959 3110 2022; x_wconf 88' lang='lat' dir='ltr'><strong>etc.</strong></span> 
     </span>
    </p>

    <p class='ocr_par' dir='ltr' id='par_1_6' title="bbox 593 2048 1864 2120">
     <span class='ocr_line' id='line_1_16' title="bbox 593 2048 1864 2120; baseline -0.009 -3"><span class='ocrx_word' id='word_1_145' title='bbox 593 2056 775 2117; x_wconf 69' lang='lat' dir='ltr'><strong>misti</strong></span> <span class='ocrx_word' id='word_1_146' title='bbox 822 2048 1133 2114; x_wconf 86' lang='lat' dir='ltr'><strong><em>XXVIII</em></strong></span> <span class='ocrx_word' id='word_1_147' title='bbox 1193 2052 1298 2120; x_wconf 80' lang='lat'><strong>25,</strong></span> <span class='ocrx_word' id='word_1_148' title='bbox 1346 2069 1387 2110; x_wconf 82' lang='lat' dir='ltr'><strong>u</strong></span> <span class='ocrx_word' id='word_1_149' title='bbox 1432 2049 1585 2109; x_wconf 78' lang='lat' dir='ltr'><strong>mlet.</strong></span> <span class='ocrx_word' id='word_1_150' title='bbox 1631 2049 1864 2108; x_wconf 72' lang='lat' dir='ltr'><strong>arkivu.</strong></span> 
     </span>
    </p>
   </div>
   <div class='ocr_carea' id='block_1_6' title="bbox 924 2254 2820 2356">
    <p class='ocr_par' dir='ltr' id='par_1_7' title="bbox 924 2254 2820 2356">
     <span class='ocr_line' id='line_1_17' title="bbox 924 2254 2820 2356; baseline -0.001 -16"><span class='ocrx_word' id='word_1_151' title='bbox 924 2259 1153 2341; x_wconf 78' lang='lat' dir='ltr'><strong>xlx.</strong></span> <span class='ocrx_word' id='word_1_152' title='bbox 1207 2255 1415 2338; x_wconf 77' lang='lat' dir='ltr'><strong>God.</strong></span> <span class='ocrx_word' id='word_1_153' title='bbox 1469 2254 1697 2340; x_wconf 81' lang='grc'><strong>1358.</strong></span> <span class='ocrx_word' id='word_1_154' title='bbox 1754 2257 1807 2338; x_wconf 81' lang='grc'><strong>6</strong></span> <span class='ocrx_word' id='word_1_155' title='bbox 1865 2254 2318 2356; x_wconf 78' lang='lat' dir='ltr'><strong>listopada,</strong></span> <span class='ocrx_word' id='word_1_156' title='bbox 2373 2278 2434 2336; x_wconf 92' lang='lat' dir='ltr'><strong>u</strong></span> <span class='ocrx_word' id='word_1_157' title='bbox 2487 2256 2820 2340; x_wconf 84' lang='lat' dir='ltr'><strong>Knlnu.</strong></span> 
     </span>
    </p>
   </div>
   <div class='ocr_carea' id='block_1_7' title="bbox 505 2372 3230 2618">
    <p class='ocr_par' dir='ltr' id='par_1_8' title="bbox 505 2372 3230 2618">
     <span class='ocr_line' id='line_1_18' title="bbox 505 2372 3230 2457; baseline -0.002 -8"><span class='ocrx_word' id='word_1_158' title='bbox 505 2389 666 2449; x_wconf 78' lang='lat' dir='ltr'><strong>1van</strong></span> <span class='ocrx_word' id='word_1_159' title='bbox 711 2387 831 2446; x_wconf 78' lang='lat' dir='ltr'><strong>ban</strong></span> <span class='ocrx_word' id='word_1_160' title='bbox 889 2384 1279 2444; x_wconf 76' lang='lat' dir='ltr'><strong>dalmatinski</strong></span> <span class='ocrx_word' id='word_1_161' title='bbox 1332 2384 1357 2442; x_wconf 78' lang='lat' dir='ltr'><strong>i</strong></span> <span class='ocrx_word' id='word_1_162' title='bbox 1394 2372 1668 2442; x_wconf 70' lang='lat' dir='ltr'><strong>hrvatski</strong></span> <span class='ocrx_word' id='word_1_163' title='bbox 1713 2382 1852 2442; x_wconf 82' lang='lat' dir='ltr'><strong>moli</strong></span> <span class='ocrx_word' id='word_1_164' title='bbox 1899 2382 2219 2451; x_wconf 64' lang='lat' dir='ltr'><strong>Mletoane,</strong></span> <span class='ocrx_word' id='word_1_165' title='bbox 2263 2383 2419 2441; x_wconf 77' lang='lat' dir='ltr'><strong>nelca</strong></span> <span class='ocrx_word' id='word_1_166' title='bbox 2458 2382 2693 2456; x_wconf 70' lang='lat' dir='ltr'><strong>njihove</strong></span> <span class='ocrx_word' id='word_1_167' title='bbox 2731 2383 2916 2457; x_wconf 55' lang='lat' dir='ltr'><strong>yazije</strong></span> <span class='ocrx_word' id='word_1_168' title='bbox 2960 2385 3230 2445; x_wconf 61' lang='lat' dir='ltr'><strong>nevriede</strong></span> 
     </span>
     <span class='ocr_line' id='line_1_19' title="bbox 508 2469 3230 2618; baseline -0.002 -81"><span class='ocrx_word' id='word_1_169' title='bbox 508 2477 627 2537; x_wconf 74' lang='lat' dir='ltr'><strong>niti</strong></span> <span class='ocrx_word' id='word_1_170' title='bbox 670 2473 838 2536; x_wconf 63' lang='lat' dir='ltr'><strong>meu</strong></span> <span class='ocrx_word' id='word_1_171' title='bbox 894 2472 1171 2546; x_wconf 73' lang='lat' dir='ltr'><strong>mprieke</strong></span> <span class='ocrx_word' id='word_1_172' title='bbox 1204 2488 1291 2545; x_wconf 76' lang='lat' dir='ltr'><strong>po</strong></span> <span class='ocrx_word' id='word_1_173' title='bbox 1351 2488 1521 2531; x_wconf 68' lang='lat' dir='ltr'><strong>mora</strong></span> <span class='ocrx_word' id='word_1_174' title='bbox 1579 2471 2097 2618; x_wconf 46' lang='grc' dir='ltr'><strong>οέῗῖἒιῇἒῖεὲἕῖζω</strong></span> <span class='ocrx_word' id='word_1_175' title='bbox 2109 2469 2329 2543; x_wconf 79' lang='lat' dir='ltr'><strong>kralja,</strong></span> <span class='ocrx_word' id='word_1_176' title='bbox 2389 2470 2489 2543; x_wconf 75' lang='lat' dir='ltr'><strong>koj</strong></span> <span class='ocrx_word' id='word_1_177' title='bbox 2533 2486 2596 2530; x_wconf 79' lang='lat' dir='ltr'><strong>se</strong></span> <span class='ocrx_word' id='word_1_178' title='bbox 2640 2471 2847 2531; x_wconf 75' lang='grc' dir='ltr'><strong>ηαῑαεί</strong></span> <span class='ocrx_word' id='word_1_179' title='bbox 2890 2489 2933 2530; x_wconf 81' lang='lat' dir='ltr'><strong>u</strong></span> <span class='ocrx_word' id='word_1_180' title='bbox 2972 2475 3115 2532; x_wconf 76' lang='lat' dir='ltr'><strong>ratu</strong></span> <span class='ocrx_word' id='word_1_181' title='bbox 3155 2489 3230 2532; x_wconf 83' lang='lat' dir='ltr'><strong>sa</strong></span> 
     </span>
    </p>
   </div>
   <div class='ocr_carea' id='block_1_8' title="bbox 502 2694 3230 3306">
    <p class='ocr_par' dir='ltr' id='par_1_9' title="bbox 502 2694 3230 3306">
     <span class='ocr_line' id='line_1_20' title="bbox 712 2694 3228 2780; baseline -0 -16"><span class='ocrx_word' id='word_1_182' title='bbox 712 2696 1084 2780; x_wconf 82' lang='lat' dir='ltr'><strong>Exemplum</strong></span> <span class='ocrx_word' id='word_1_183' title='bbox 1131 2696 1483 2762; x_wconf 89' lang='lat' dir='ltr'><strong>litterarum</strong></span> <span class='ocrx_word' id='word_1_184' title='bbox 1528 2695 1786 2761; x_wconf 81' lang='lat' dir='ltr'><strong>Joannis</strong></span> <span class='ocrx_word' id='word_1_185' title='bbox 1848 2694 2040 2762; x_wconf 88' lang='lat' dir='ltr'><strong>totius</strong></span> <span class='ocrx_word' id='word_1_186' title='bbox 2101 2695 2414 2760; x_wconf 90' lang='lat' dir='ltr'><strong>Dalmatie</strong></span> <span class='ocrx_word' id='word_1_187' title='bbox 2468 2700 2530 2761; x_wconf 92' lang='lat' dir='ltr'><strong>et</strong></span> <span class='ocrx_word' id='word_1_188' title='bbox 2590 2695 2835 2762; x_wconf 84' lang='lat' dir='ltr'><strong>Oroatie</strong></span> <span class='ocrx_word' id='word_1_189' title='bbox 2897 2696 3060 2775; x_wconf 91' lang='lat' dir='ltr'><strong>bani,</strong></span> <span class='ocrx_word' id='word_1_190' title='bbox 3120 2699 3228 2763; x_wconf 90' lang='lat' dir='ltr'><strong>do·</strong></span> 
     </span>
     <span class='ocr_line' id='line_1_21' title="bbox 503 2782 3225 2871; baseline -0.002 -17"><span class='ocrx_word' id='word_1_191' title='bbox 503 2786 778 2871; x_wconf 90' lang='lat' dir='ltr'><strong>minique</strong></span> <span class='ocrx_word' id='word_1_192' title='bbox 834 2787 996 2852; x_wconf 87' lang='lat' dir='ltr'><strong>terre</strong></span> <span class='ocrx_word' id='word_1_193' title='bbox 1055 2784 1285 2850; x_wconf 86' lang='lat' dir='ltr'><strong>Halme</strong></span> <span class='ocrx_word' id='word_1_194' title='bbox 1345 2784 1742 2849; x_wconf 79' lang='lat' dir='ltr'><strong>honorabilis,</strong></span> <span class='ocrx_word' id='word_1_195' title='bbox 1808 2782 1965 2849; x_wconf 86' lang='lat' dir='ltr'><strong>Cum</strong></span> <span class='ocrx_word' id='word_1_196' title='bbox 2027 2783 2309 2848; x_wconf 87' lang='lat' dir='ltr'><strong>domiuus</strong></span> <span class='ocrx_word' id='word_1_197' title='bbox 2371 2784 2579 2848; x_wconf 91' lang='lat' dir='ltr'><strong>noster</strong></span> <span class='ocrx_word' id='word_1_198' title='bbox 2633 2804 2739 2849; x_wconf 84' lang='lat' dir='ltr'><strong>rex</strong></span> <span class='ocrx_word' id='word_1_199' title='bbox 2785 2785 3104 2870; x_wconf 83' lang='lat' dir='ltr'><strong>Hungarie</strong></span> <span class='ocrx_word' id='word_1_200' title='bbox 3149 2784 3225 2851; x_wconf 91' lang='lat' dir='ltr'><strong>ad</strong></span> 
     </span>
     <span class='ocr_line' id='line_1_22' title="bbox 503 2871 3230 2959; baseline -0.001 -18"><span class='ocrx_word' id='word_1_201' title='bbox 503 2893 751 2959; x_wconf 83' lang='lat' dir='ltr'><strong>presens</strong></span> <span class='ocrx_word' id='word_1_202' title='bbox 810 2874 1038 2940; x_wconf 88' lang='lat' dir='ltr'><strong>habeat</strong></span> <span class='ocrx_word' id='word_1_203' title='bbox 1093 2890 1381 2956; x_wconf 86' lang='lat' dir='ltr'><strong>guerram</strong></span> <span class='ocrx_word' id='word_1_204' title='bbox 1443 2890 1583 2936; x_wconf 90' lang='lat' dir='ltr'><strong>cum</strong></span> <span class='ocrx_word' id='word_1_205' title='bbox 1645 2890 1788 2955; x_wconf 90' lang='lat' dir='ltr'><strong>rege</strong></span> <span class='ocrx_word' id='word_1_206' title='bbox 1848 2871 1978 2937; x_wconf 88' lang='lat' dir='ltr'><strong>sive</strong></span> <span class='ocrx_word' id='word_1_207' title='bbox 2040 2871 2407 2954; x_wconf 85' lang='lat' dir='ltr'><strong>imperatore</strong></span> <span class='ocrx_word' id='word_1_208' title='bbox 2467 2871 2658 2937; x_wconf 83' lang='lat' dir='ltr'><strong>Raxie</strong></span> <span class='ocrx_word' id='word_1_209' title='bbox 2717 2890 2826 2938; x_wconf 91' lang='lat' dir='ltr'><strong>seu</strong></span> <span class='ocrx_word' id='word_1_210' title='bbox 2890 2873 3122 2951; x_wconf 86' lang='lat' dir='ltr'><strong>Servie,</strong></span> <span class='ocrx_word' id='word_1_211' title='bbox 3166 2875 3230 2938; x_wconf 91' lang='lat' dir='ltr'><strong>et</strong></span> 
     </span>
     <span class='ocr_line' id='line_1_23' title="bbox 502 2957 3229 3046; baseline -0.001 -18"><span class='ocrx_word' id='word_1_212' title='bbox 502 2963 712 3046; x_wconf 89' lang='lat' dir='ltr'><strong>aliqua</strong></span> <span class='ocrx_word' id='word_1_213' title='bbox 754 2961 925 3045; x_wconf 89' lang='lat' dir='ltr'><strong>ligna</strong></span> <span class='ocrx_word' id='word_1_214' title='bbox 967 2963 1175 3027; x_wconf 87' lang='lat' dir='ltr'><strong>nostra</strong></span> <span class='ocrx_word' id='word_1_215' title='bbox 1219 2958 1610 3025; x_wconf 85' lang='lat' dir='ltr'><strong>intendamus</strong></span> <span class='ocrx_word' id='word_1_216' title='bbox 1675 2959 1924 3024; x_wconf 91' lang='lat' dir='ltr'><strong>mittere</strong></span> <span class='ocrx_word' id='word_1_217' title='bbox 1973 2964 2185 3024; x_wconf 90' lang='lat' dir='ltr'><strong>contra</strong></span> <span class='ocrx_word' id='word_1_218' title='bbox 2240 2957 2477 3024; x_wconf 89' lang='lat' dir='ltr'><strong>emulos</strong></span> <span class='ocrx_word' id='word_1_219' title='bbox 2544 2958 2775 3023; x_wconf 91' lang='lat' dir='ltr'><strong>domini</strong></span> <span class='ocrx_word' id='word_1_220' title='bbox 2824 2960 3016 3026; x_wconf 90' lang='lat' dir='ltr'><strong>nostri</strong></span> <span class='ocrx_word' id='word_1_221' title='bbox 3064 2961 3229 3045; x_wconf 88' lang='lat' dir='ltr'><strong>regis</strong></span> 
     </span>
     <span class='ocr_line' id='line_1_24' title="bbox 504 3045 3227 3134; baseline -0.001 -19"><span class='ocrx_word' id='word_1_222' title='bbox 504 3068 616 3134; x_wconf 89' lang='lat' dir='ltr'><strong>per</strong></span> <span class='ocrx_word' id='word_1_223' title='bbox 701 3067 886 3114; x_wconf 90' lang='lat' dir='ltr'><strong>mare.</strong></span> <span class='ocrx_word' id='word_1_224' title='bbox 954 3045 1157 3127; x_wconf 82' lang='lat' dir='ltr'><strong>Quare</strong></span> <span class='ocrx_word' id='word_1_225' title='bbox 1239 3045 1577 3112; x_wconf 88' lang='lat' dir='ltr'><strong>amicitiam</strong></span> <span class='ocrx_word' id='word_1_226' title='bbox 1644 3048 1918 3112; x_wconf 86' lang='lat' dir='ltr'><strong>vestram</strong></span> <span class='ocrx_word' id='word_1_227' title='bbox 1990 3047 2374 3128; x_wconf 90' lang='lat' dir='ltr'><strong>presentibus</strong></span> <span class='ocrx_word' id='word_1_228' title='bbox 2443 3045 2815 3130; x_wconf 80' lang='lat' dir='ltr'><strong>requirimus</strong></span> <span class='ocrx_word' id='word_1_229' title='bbox 2882 3048 3227 3133; x_wconf 87' lang='lat' dir='ltr'><strong>diligenter,</strong></span> 
     </span>
     <span class='ocr_line' id='line_1_25' title="bbox 504 3132 3228 3220; baseline -0.001 -17"><span class='ocrx_word' id='word_1_230' title='bbox 504 3138 805 3220; x_wconf 88' lang='lat' dir='ltr'><strong>quatenus</strong></span> <span class='ocrx_word' id='word_1_231' title='bbox 865 3135 1106 3219; x_wconf 89' lang='lat' dir='ltr'><strong>placeat</strong></span> <span class='ocrx_word' id='word_1_232' title='bbox 1166 3135 1382 3200; x_wconf 85' lang='lat' dir='ltr'><strong>vestris</strong></span> <span class='ocrx_word' id='word_1_233' title='bbox 1444 3132 1637 3217; x_wconf 90' lang='lat' dir='ltr'><strong>galeis</strong></span> <span class='ocrx_word' id='word_1_234' title='bbox 1700 3133 1988 3210; x_wconf 88' lang='lat' dir='ltr'><strong>scribere,</strong></span> <span class='ocrx_word' id='word_1_235' title='bbox 2057 3135 2129 3198; x_wconf 91' lang='lat' dir='ltr'><strong>ut</strong></span> <span class='ocrx_word' id='word_1_236' title='bbox 2192 3133 2418 3198; x_wconf 90' lang='lat' dir='ltr'><strong>nostris</strong></span> <span class='ocrx_word' id='word_1_237' title='bbox 2475 3133 2829 3200; x_wconf 90' lang='lat' dir='ltr'><strong>hominibus</strong></span> <span class='ocrx_word' id='word_1_238' title='bbox 2896 3155 3004 3218; x_wconf 91' lang='lat' dir='ltr'><strong>per</strong></span> <span class='ocrx_word' id='word_1_239' title='bbox 3063 3154 3228 3200; x_wconf 86' lang='lat' dir='ltr'><strong>mare</strong></span> 
     </span>
     <span class='ocr_line' id='line_1_26' title="bbox 506 3218 3228 3306; baseline -0.001 -18"><span class='ocrx_word' id='word_1_240' title='bbox 506 3224 796 3289; x_wconf 88' lang='lat' dir='ltr'><strong>euntibus</strong></span> <span class='ocrx_word' id='word_1_241' title='bbox 857 3242 934 3286; x_wconf 90' lang='lat' dir='ltr'><strong>ne</strong></span> <span class='ocrx_word' id='word_1_242' title='bbox 995 3221 1190 3287; x_wconf 83' lang='lat' dir='ltr'><strong>velint</strong></span> <span class='ocrx_word' id='word_1_243' title='bbox 1249 3239 1485 3297; x_wconf 89' lang='lat' dir='ltr'><strong>nocere,</strong></span> <span class='ocrx_word' id='word_1_244' title='bbox 1549 3238 1662 3284; x_wconf 88' lang='lat' dir='ltr'><strong>nec</strong></span> <span class='ocrx_word' id='word_1_245' title='bbox 1722 3218 1965 3284; x_wconf 86' lang='lat' dir='ltr'><strong>eosdem</strong></span> <span class='ocrx_word' id='word_1_246' title='bbox 2014 3221 2218 3302; x_wconf 88' lang='lat' dir='ltr'><strong>aliquo</strong></span> <span class='ocrx_word' id='word_1_247' title='bbox 2264 3220 2460 3286; x_wconf 91' lang='lat' dir='ltr'><strong>colore</strong></span> <span class='ocrx_word' id='word_1_248' title='bbox 2521 3222 2839 3304; x_wconf 90' lang='lat' dir='ltr'><strong>impedire.</strong></span> <span class='ocrx_word' id='word_1_249' title='bbox 2886 3223 3047 3288; x_wconf 91' lang='lat' dir='ltr'><strong>Nam</strong></span> <span class='ocrx_word' id='word_1_250' title='bbox 3110 3222 3228 3306; x_wconf 89' lang='lat' dir='ltr'><strong>ipsi</strong></span> 
     </span>
    </p>
   </div>
   <div class='ocr_carea' id='block_1_9' title="bbox 505 3305 3229 3553">
    <p class='ocr_par' dir='ltr' id='par_1_10' title="bbox 505 3305 3229 3553">
     <span class='ocr_line' id='line_1_27' title="bbox 505 3305 3229 3395; baseline 0 -21"><span class='ocrx_word' id='word_1_251' title='bbox 505 3309 786 3376; x_wconf 88' lang='lat' dir='ltr'><strong>homines</strong></span> <span class='ocrx_word' id='word_1_252' title='bbox 847 3309 1040 3373; x_wconf 88' lang='lat' dir='ltr'><strong>nostri</strong></span> <span class='ocrx_word' id='word_1_253' title='bbox 1106 3307 1259 3371; x_wconf 91' lang='lat' dir='ltr'><strong>nulli</strong></span> <span class='ocrx_word' id='word_1_254' title='bbox 1309 3306 1635 3383; x_wconf 88' lang='lat' dir='ltr'><strong>nocebunt,</strong></span> <span class='ocrx_word' id='word_1_255' title='bbox 1685 3305 1802 3371; x_wconf 90' lang='lat' dir='ltr'><strong>nisi</strong></span> <span class='ocrx_word' id='word_1_256' title='bbox 1849 3306 2072 3370; x_wconf 89' lang='lat' dir='ltr'><strong>emulis</strong></span> <span class='ocrx_word' id='word_1_257' title='bbox 2134 3306 2282 3371; x_wconf 90' lang='lat' dir='ltr'><strong>dicti</strong></span> <span class='ocrx_word' id='word_1_258' title='bbox 2341 3308 2572 3374; x_wconf 94' lang='lat' dir='ltr'><strong>domini</strong></span> <span class='ocrx_word' id='word_1_259' title='bbox 2636 3311 2827 3375; x_wconf 88' lang='lat' dir='ltr'><strong>nostri</strong></span> <span class='ocrx_word' id='word_1_260' title='bbox 2874 3310 3042 3395; x_wconf 90' lang='lat' dir='ltr'><strong>regis</strong></span> <span class='ocrx_word' id='word_1_261' title='bbox 3088 3330 3229 3393; x_wconf 92' lang='lat' dir='ltr'><strong>pre-</strong></span> 
     </span>
     <span class='ocr_line' id='line_1_28' title="bbox 506 3392 1890 3462; baseline -0.003 -1"><span class='ocrx_word' id='word_1_262' title='bbox 506 3396 724 3462; x_wconf 87' lang='lat' dir='ltr'><strong>notati.</strong></span> <span class='ocrx_word' id='word_1_263' title='bbox 782 3397 945 3461; x_wconf 84' lang='lat' dir='ltr'><strong>Data</strong></span> <span class='ocrx_word' id='word_1_264' title='bbox 989 3394 1194 3460; x_wconf 80' lang='lat' dir='ltr'><strong>Tinini</strong></span> <span class='ocrx_word' id='word_1_265' title='bbox 1242 3395 1411 3459; x_wconf 82' lang='lat' dir='ltr'><strong>sexto</strong></span> <span class='ocrx_word' id='word_1_266' title='bbox 1456 3392 1556 3459; x_wconf 92' lang='lat' dir='ltr'><strong>die</strong></span> <span class='ocrx_word' id='word_1_267' title='bbox 1602 3393 1890 3458; x_wconf 89' lang='lat' dir='ltr'><strong>octobris.</strong></span> 
     </span>
     <span class='ocr_line' id='line_1_29' title="bbox 606 3484 2054 3553; baseline -0.001 -7"><span class='ocrx_word' id='word_1_268' title='bbox 606 3484 1179 3547; x_wconf 73' lang='lat' dir='ltr'><strong>Commemorialium</strong></span> <span class='ocrx_word' id='word_1_269' title='bbox 1236 3484 1339 3545; x_wconf 86' lang='lat' dir='ltr'><strong>VI.</strong></span> <span class='ocrx_word' id='word_1_270' title='bbox 1385 3486 1486 3553; x_wconf 84' lang='lat'><strong>16,</strong></span> <span class='ocrx_word' id='word_1_271' title='bbox 1525 3502 1568 3543; x_wconf 81' lang='lat' dir='ltr'><strong>u</strong></span> <span class='ocrx_word' id='word_1_272' title='bbox 1612 3484 1768 3543; x_wconf 80' lang='lat' dir='ltr'><strong>mlet.</strong></span> <span class='ocrx_word' id='word_1_273' title='bbox 1818 3485 2054 3544; x_wconf 77' lang='lat' dir='ltr'><strong>arkivu.</strong></span> 
     </span>
    </p>
   </div>
   <div class='ocr_carea' id='block_1_10' title="bbox 910 3689 2834 3793">
    <p class='ocr_par' dir='ltr' id='par_1_11' title="bbox 910 3689 2834 3793">
     <span class='ocr_line' id='line_1_30' title="bbox 910 3689 2834 3793; baseline 0.002 -19"><span class='ocrx_word' id='word_1_274' title='bbox 910 3692 1090 3774; x_wconf 76' lang='lat' dir='ltr'><strong>XX.</strong></span> <span class='ocrx_word' id='word_1_275' title='bbox 1148 3689 1356 3774; x_wconf 77' lang='lat' dir='ltr'><strong>God.</strong></span> <span class='ocrx_word' id='word_1_276' title='bbox 1414 3689 1636 3774; x_wconf 80' lang='grc'><strong>1358.</strong></span> <span class='ocrx_word' id='word_1_277' title='bbox 1691 3689 1791 3774; x_wconf 76' lang='grc'><strong>23</strong></span> <span class='ocrx_word' id='word_1_278' title='bbox 1847 3692 2275 3793; x_wconf 70' lang='lat' dir='ltr'><strong>prosince,</strong></span> <span class='ocrx_word' id='word_1_279' title='bbox 2326 3716 2387 3774; x_wconf 93' lang='lat' dir='ltr'><strong>u</strong></span> <span class='ocrx_word' id='word_1_280' title='bbox 2444 3693 2834 3777; x_wconf 80' lang='lat' dir='ltr'><strong>Mletcib</strong></span> 
     </span>
    </p>
   </div>
   <div class='ocr_carea' id='block_1_11' title="bbox 506 3816 3233 4066">
    <p class='ocr_par' dir='ltr' id='par_1_12' title="bbox 506 3816 3233 4066">
     <span class='ocr_line' id='line_1_31' title="bbox 507 3816 3233 3895; baseline 0.001 -18"><span class='ocrx_word' id='word_1_281' title='bbox 507 3816 728 3877; x_wconf 69' lang='lat' dir='ltr'><strong>Buduo‘</strong></span> <span class='ocrx_word' id='word_1_282' title='bbox 782 3817 1010 3892; x_wconf 68' lang='grc' dir='ltr'><strong>,(1ονἱὲΙεί</strong></span> <span class='ocrx_word' id='word_1_283' title='bbox 1056 3818 1203 3877; x_wconf 72' lang='lat' dir='ltr'><strong>lmen</strong></span> <span class='ocrx_word' id='word_1_284' title='bbox 1263 3816 1564 3877; x_wconf 80' lang='lat' dir='ltr'><strong>Mainard</strong></span> <span class='ocrx_word' id='word_1_285' title='bbox 1622 3816 1736 3875; x_wconf 84' lang='grc' dir='ltr'><strong>ἀαο</strong></span> <span class='ocrx_word' id='word_1_286' title='bbox 1782 3833 1824 3875; x_wconf 80' lang='lat' dir='ltr'><strong>u</strong></span> <span class='ocrx_word' id='word_1_287' title='bbox 1867 3817 2035 3892; x_wconf 74' lang='lat' dir='ltr'><strong>zaloy</strong></span> <span class='ocrx_word' id='word_1_288' title='bbox 2092 3818 2284 3891; x_wconf 79' lang='lat' dir='ltr'><strong>Jurju</strong></span> <span class='ocrx_word' id='word_1_289' title='bbox 2329 3819 2519 3877; x_wconf 72' lang='lat' dir='ltr'><strong>knezu</strong></span> <span class='ocrx_word' id='word_1_290' title='bbox 2580 3818 3005 3879; x_wconf 80' lang='lat' dir='ltr'><strong>korbavskomu</strong></span> <span class='ocrx_word' id='word_1_291' title='bbox 3063 3824 3233 3895; x_wconf 81' lang='lat' dir='ltr'><strong>svoju</strong></span> 
     </span>
     <span class='ocr_line' id='line_1_32' title="bbox 506 3902 3228 3980; baseline 0.001 -16"><span class='ocrx_word' id='word_1_292' title='bbox 506 3905 787 3979; x_wconf 77' lang='lat' dir='ltr'><strong>tvrdjavu</strong></span> <span class='ocrx_word' id='word_1_293' title='bbox 834 3902 1146 3980; x_wconf 78' lang='lat' dir='ltr'><strong>Raspurh,</strong></span> <span class='ocrx_word' id='word_1_294' title='bbox 1193 3905 1486 3963; x_wconf 66' lang='lat' dir='ltr'><strong>Mletcani</strong></span> <span class='ocrx_word' id='word_1_295' title='bbox 1529 3920 1591 3963; x_wconf 84' lang='lat' dir='ltr'><strong>se</strong></span> <span class='ocrx_word' id='word_1_296' title='bbox 1635 3904 1918 3976; x_wconf 75' lang='lat' dir='ltr'><strong>obvezuju</strong></span> <span class='ocrx_word' id='word_1_297' title='bbox 1962 3906 2241 3977; x_wconf 66' lang='lat' dir='ltr'><strong>nepaeati</strong></span> <span class='ocrx_word' id='word_1_298' title='bbox 2288 3923 2350 3964; x_wconf 83' lang='lat' dir='ltr'><strong>se</strong></span> <span class='ocrx_word' id='word_1_299' title='bbox 2396 3923 2438 3963; x_wconf 80' lang='lat' dir='ltr'><strong>u</strong></span> <span class='ocrx_word' id='word_1_300' title='bbox 2483 3910 2550 3964; x_wconf 81' lang='lat' dir='ltr'><strong>tu</strong></span> <span class='ocrx_word' id='word_1_301' title='bbox 2593 3910 2762 3966; x_wconf 77' lang='lat' dir='ltr'><strong>stvar</strong></span> <span class='ocrx_word' id='word_1_302' title='bbox 2806 3909 3026 3968; x_wconf 78' lang='lat' dir='ltr'><strong>nikako</strong></span> <span class='ocrx_word' id='word_1_303' title='bbox 3072 3912 3096 3966; x_wconf 81' lang='lat' dir='ltr'><strong>i</strong></span> <span class='ocrx_word' id='word_1_304' title='bbox 3138 3912 3228 3968; x_wconf 79' lang='lat' dir='ltr'><strong>ni·</strong></span> 
     </span>
     <span class='ocr_line' id='line_1_33' title="bbox 1085 3992 2657 4066; baseline -0.001 -14"><span class='ocrx_word' id='word_1_305' title='bbox 1085 3992 1263 4061; x_wconf 71' lang='lat' dir='ltr'><strong>laada,</strong></span> <span class='ocrx_word' id='word_1_306' title='bbox 1310 3992 1478 4051; x_wconf 80' lang='lat' dir='ltr'><strong>‹lokle</strong></span> <span class='ocrx_word' id='word_1_307' title='bbox 1533 4008 1652 4050; x_wconf 79' lang='lat' dir='ltr'><strong>ona</strong></span> <span class='ocrx_word' id='word_1_308' title='bbox 1697 3992 1847 4051; x_wconf 70' lang='lat' dir='ltr'><strong>bade</strong></span> <span class='ocrx_word' id='word_1_309' title='bbox 1893 4010 1933 4050; x_wconf 79' lang='lat' dir='ltr'><strong>u</strong></span> <span class='ocrx_word' id='word_1_310' title='bbox 1977 3993 2177 4052; x_wconf 75' lang='lat' dir='ltr'><strong>rukuh</strong></span> <span class='ocrx_word' id='word_1_311' title='bbox 2221 3993 2408 4053; x_wconf 68' lang='lat' dir='ltr'><strong>knew</strong></span> <span class='ocrx_word' id='word_1_312' title='bbox 2451 3993 2657 4066; x_wconf 60' lang='lat' dir='ltr'><strong>Jurja.</strong></span> 
     </span>
    </p>
   </div>
   <div class='ocr_carea' id='block_1_12' title="bbox 505 4128 3236 4827">
    <p class='ocr_par' dir='ltr' id='par_1_13' title="bbox 505 4128 3236 4827">
     <span class='ocr_line' id='line_1_34' title="bbox 728 4128 3221 4216; baseline 0.002 -23"><span class='ocrx_word' id='word_1_313' title='bbox 728 4128 892 4195; x_wconf 84' lang='lat'>1358</span> <span class='ocrx_word' id='word_1_314' title='bbox 942 4128 1279 4196; x_wconf 86' lang='lat' dir='ltr'><strong>indictione</strong></span> <span class='ocrx_word' id='word_1_315' title='bbox 1324 4128 1467 4202; x_wconf 88' lang='lat' dir='ltr'>XII,</span> <span class='ocrx_word' id='word_1_316' title='bbox 1514 4129 1612 4195; x_wconf 90' lang='lat' dir='ltr'><strong>die</strong></span> <span class='ocrx_word' id='word_1_317' title='bbox 1658 4128 1876 4195; x_wconf 89' lang='lat' dir='ltr'>XXIII</span> <span class='ocrx_word' id='word_1_318' title='bbox 1948 4130 2310 4208; x_wconf 86' lang='lat' dir='ltr'><strong>decembris,</strong></span> <span class='ocrx_word' id='word_1_319' title='bbox 2358 4133 2576 4213; x_wconf 88' lang='lat' dir='ltr'><strong>capta:</strong></span> <span class='ocrx_word' id='word_1_320' title='bbox 2624 4130 2785 4214; x_wconf 90' lang='lat' dir='ltr'><strong>quod</strong></span> <span class='ocrx_word' id='word_1_321' title='bbox 2847 4133 2926 4196; x_wconf 88' lang='lat' dir='ltr'><strong>ad</strong></span> <span class='ocrx_word' id='word_1_322' title='bbox 2974 4132 3221 4216; x_wconf 88' lang='lat' dir='ltr'><strong>petitio-</strong></span> 
     </span>
     <span class='ocr_line' id='line_1_35' title="bbox 507 4216 3223 4301; baseline 0 -17"><span class='ocrx_word' id='word_1_323' title='bbox 507 4237 649 4284; x_wconf 89' lang='lat' dir='ltr'><strong>nem</strong></span> <span class='ocrx_word' id='word_1_324' title='bbox 707 4217 956 4283; x_wconf 89' lang='lat' dir='ltr'><strong>comitis</strong></span> <span class='ocrx_word' id='word_1_325' title='bbox 1024 4216 1272 4301; x_wconf 86' lang='lat' dir='ltr'><strong>Georgii</strong></span> <span class='ocrx_word' id='word_1_326' title='bbox 1334 4216 1444 4281; x_wconf 90' lang='lat' dir='ltr'><strong>filii</strong></span> <span class='ocrx_word' id='word_1_327' title='bbox 1508 4217 1755 4282; x_wconf 87' lang='lat' dir='ltr'><strong>comitis</strong></span> <span class='ocrx_word' id='word_1_328' title='bbox 1818 4216 2097 4301; x_wconf 90' lang='lat' dir='ltr'><strong>Gregorii</strong></span> <span class='ocrx_word' id='word_1_329' title='bbox 2161 4216 2458 4283; x_wconf 85' lang='lat' dir='ltr'><strong>Corbavie</strong></span> <span class='ocrx_word' id='word_1_330' title='bbox 2520 4219 2760 4301; x_wconf 88' lang='lat' dir='ltr'><strong>possint</strong></span> <span class='ocrx_word' id='word_1_331' title='bbox 2820 4221 2954 4284; x_wconf 88' lang='lat' dir='ltr'><strong>fieri</strong></span> <span class='ocrx_word' id='word_1_332' title='bbox 3016 4220 3223 4286; x_wconf 90' lang='lat' dir='ltr'><strong>littere</strong></span> 
     </span>
     <span class='ocr_line' id='line_1_36' title="bbox 507 4304 3227 4390; baseline 0.001 -20"><span class='ocrx_word' id='word_1_333' title='bbox 507 4305 905 4387; x_wconf 87' lang='lat' dir='ltr'><strong>infrascripte</strong></span> <span class='ocrx_word' id='word_1_334' title='bbox 958 4306 1263 4388; x_wconf 83' lang='lat' dir='ltr'><strong>patentes,</strong></span> <span class='ocrx_word' id='word_1_335' title='bbox 1331 4304 1653 4369; x_wconf 86' lang='lat' dir='ltr'><strong>videlicet:</strong></span> <span class='ocrx_word' id='word_1_336' title='bbox 1719 4306 1850 4370; x_wconf 90' lang='lat' dir='ltr'><strong>Nos</strong></span> <span class='ocrx_word' id='word_1_337' title='bbox 1913 4305 2225 4371; x_wconf 85' lang='lat' dir='ltr'><strong>Johannes</strong></span> <span class='ocrx_word' id='word_1_338' title='bbox 2274 4306 2595 4390; x_wconf 86' lang='lat' dir='ltr'><strong>Delphyno</strong></span> <span class='ocrx_word' id='word_1_339' title='bbox 2655 4306 2762 4370; x_wconf 86' lang='lat' dir='ltr'><strong>dei</strong></span> <span class='ocrx_word' id='word_1_340' title='bbox 2833 4308 3042 4390; x_wconf 88' lang='lat' dir='ltr'><strong>gratia</strong></span> <span class='ocrx_word' id='word_1_341' title='bbox 3105 4309 3227 4374; x_wconf 83' lang='lat' dir='ltr'><strong>dux</strong></span> 
     </span>
     <span class='ocr_line' id='line_1_37' title="bbox 508 4391 3230 4466; baseline 0.001 -10"><span class='ocrx_word' id='word_1_342' title='bbox 508 4391 912 4456; x_wconf 87' lang='lat' dir='ltr'><strong>Venetiarum</strong></span> <span class='ocrx_word' id='word_1_343' title='bbox 963 4393 1079 4456; x_wconf 90' lang='lat' dir='ltr'><strong>etc.</strong></span> <span class='ocrx_word' id='word_1_344' title='bbox 1129 4410 1273 4456; x_wconf 88' lang='lat' dir='ltr'><strong>cum</strong></span> <span class='ocrx_word' id='word_1_345' title='bbox 1322 4393 1529 4466; x_wconf 82' lang='lat' dir='ltr'><strong>nostro</strong></span> <span class='ocrx_word' id='word_1_346' title='bbox 1575 4392 1832 4458; x_wconf 88' lang='lat' dir='ltr'><strong>consilio</strong></span> <span class='ocrx_word' id='word_1_347' title='bbox 1878 4397 2092 4458; x_wconf 89' lang='lat' dir='ltr'><strong>notum</strong></span> <span class='ocrx_word' id='word_1_348' title='bbox 2141 4393 2269 4457; x_wconf 87' lang='lat' dir='ltr'><strong>fore</strong></span> <span class='ocrx_word' id='word_1_349' title='bbox 2318 4394 2596 4459; x_wconf 90' lang='lat' dir='ltr'><strong>volumus</strong></span> <span class='ocrx_word' id='word_1_350' title='bbox 2647 4395 2950 4460; x_wconf 88' lang='lat' dir='ltr'><strong>universis</strong></span> <span class='ocrx_word' id='word_1_351' title='bbox 2992 4398 3058 4458; x_wconf 92' lang='lat' dir='ltr'><strong>et</strong></span> <span class='ocrx_word' id='word_1_352' title='bbox 3101 4398 3230 4460; x_wconf 87' lang='lat' dir='ltr'><strong>sin-</strong></span> 
     </span>
     <span class='ocr_line' id='line_1_38' title="bbox 505 4476 3229 4565; baseline 0.003 -26"><span class='ocrx_word' id='word_1_353' title='bbox 505 4476 676 4562; x_wconf 85' lang='lat' dir='ltr'><strong>gulis</strong></span> <span class='ocrx_word' id='word_1_354' title='bbox 721 4481 1068 4558; x_wconf 87' lang='lat' dir='ltr'><strong>presentem</strong></span> <span class='ocrx_word' id='word_1_355' title='bbox 1117 4481 1414 4563; x_wconf 82' lang='lat' dir='ltr'><strong>paginam</strong></span> <span class='ocrx_word' id='word_1_356' title='bbox 1462 4477 1856 4561; x_wconf 89' lang='lat' dir='ltr'><strong>inspecturis,</strong></span> <span class='ocrx_word' id='word_1_357' title='bbox 1907 4483 2065 4563; x_wconf 90' lang='lat' dir='ltr'><strong>quod</strong></span> <span class='ocrx_word' id='word_1_358' title='bbox 2126 4500 2266 4544; x_wconf 91' lang='lat' dir='ltr'><strong>cum</strong></span> <span class='ocrx_word' id='word_1_359' title='bbox 2333 4480 2702 4563; x_wconf 84' lang='lat' dir='ltr'><strong>magnificus</strong></span> <span class='ocrx_word' id='word_1_360' title='bbox 2765 4486 2828 4546; x_wconf 92' lang='lat' dir='ltr'><strong>et</strong></span> <span class='ocrx_word' id='word_1_361' title='bbox 2873 4485 3089 4565; x_wconf 90' lang='lat' dir='ltr'><strong>potens</strong></span> <span class='ocrx_word' id='word_1_362' title='bbox 3137 4485 3229 4547; x_wconf 85' lang='lat' dir='ltr'><strong>vir</strong></span> 
     </span>
     <span class='ocr_line' id='line_1_39' title="bbox 507 4562 3229 4652; baseline 0.003 -24"><span class='ocrx_word' id='word_1_363' title='bbox 507 4562 790 4628; x_wconf 87' lang='lat' dir='ltr'><strong>dominus</strong></span> <span class='ocrx_word' id='word_1_364' title='bbox 832 4563 1250 4648; x_wconf 86' lang='lat' dir='ltr'><strong>Meynhardus</strong></span> <span class='ocrx_word' id='word_1_365' title='bbox 1296 4584 1502 4630; x_wconf 90' lang='lat' dir='ltr'><strong>comes</strong></span> <span class='ocrx_word' id='word_1_366' title='bbox 1548 4565 1794 4632; x_wconf 87' lang='lat' dir='ltr'><strong>Goricie</strong></span> <span class='ocrx_word' id='word_1_367' title='bbox 1840 4572 1904 4632; x_wconf 90' lang='lat' dir='ltr'><strong>et</strong></span> <span class='ocrx_word' id='word_1_368' title='bbox 1959 4568 2198 4652; x_wconf 73' lang='lat' dir='ltr'><strong>Tyr-olis</strong></span> <span class='ocrx_word' id='word_1_369' title='bbox 2245 4567 2748 4650; x_wconf 80' lang='lat' dir='ltr'><strong>impignoraverit</strong></span> <span class='ocrx_word' id='word_1_370' title='bbox 2808 4571 2871 4634; x_wconf 95' lang='lat' dir='ltr'><strong>et</strong></span> <span class='ocrx_word' id='word_1_371' title='bbox 2917 4569 3229 4652; x_wconf 85' lang='lat' dir='ltr'><strong>obligave-</strong></span> 
     </span>
     <span class='ocr_line' id='line_1_40' title="bbox 507 4649 3227 4741; baseline 0.003 -27"><span class='ocrx_word' id='word_1_372' title='bbox 507 4649 594 4714; x_wconf 90' lang='lat' dir='ltr'><strong>rit</strong></span> <span class='ocrx_word' id='word_1_373' title='bbox 640 4649 912 4713; x_wconf 90' lang='lat' dir='ltr'><strong>castrum</strong></span> <span class='ocrx_word' id='word_1_374' title='bbox 962 4670 1137 4716; x_wconf 89' lang='lat' dir='ltr'><strong>suum</strong></span> <span class='ocrx_word' id='word_1_375' title='bbox 1188 4652 1585 4736; x_wconf 88' lang='lat' dir='ltr'><strong>Rathspurch</strong></span> <span class='ocrx_word' id='word_1_376' title='bbox 1625 4653 1818 4719; x_wconf 90' lang='lat' dir='ltr'><strong>nobili</strong></span> <span class='ocrx_word' id='word_1_377' title='bbox 1851 4658 1913 4720; x_wconf 92' lang='lat' dir='ltr'><strong>et</strong></span> <span class='ocrx_word' id='word_1_378' title='bbox 1943 4654 2181 4738; x_wconf 88' lang='lat' dir='ltr'><strong>potenti</strong></span> <span class='ocrx_word' id='word_1_379' title='bbox 2233 4656 2362 4719; x_wconf 85' lang='lat' dir='ltr'><strong>viro</strong></span> <span class='ocrx_word' id='word_1_380' title='bbox 2409 4655 2657 4720; x_wconf 91' lang='lat' dir='ltr'><strong>domino</strong></span> <span class='ocrx_word' id='word_1_381' title='bbox 2703 4656 2969 4741; x_wconf 89' lang='lat' dir='ltr'><strong>Georgio</strong></span> <span class='ocrx_word' id='word_1_382' title='bbox 3010 4657 3227 4722; x_wconf 88' lang='lat' dir='ltr'><strong>comiti</strong></span> 
     </span>
     <span class='ocr_line' id='line_1_41' title="bbox 506 4732 3236 4827; baseline 0.003 -25"><span class='ocrx_word' id='word_1_383' title='bbox 506 4737 582 4802; x_wconf 84' lang='lat' dir='ltr'><strong>de</strong></span> <span class='ocrx_word' id='word_1_384' title='bbox 628 4732 931 4802; x_wconf 83' lang='lat' dir='ltr'><strong>Curbavia</strong></span> <span class='ocrx_word' id='word_1_385' title='bbox 975 4755 1045 4803; x_wconf 82' lang='lat' dir='ltr'><strong>ac</strong></span> <span class='ocrx_word' id='word_1_386' title='bbox 1090 4737 1335 4805; x_wconf 91' lang='lat' dir='ltr'><strong>domine</strong></span> <span class='ocrx_word' id='word_1_387' title='bbox 1397 4739 1713 4807; x_wconf 79' lang='lat' dir='ltr'><strong>Elisabete</strong></span> <span class='ocrx_word' id='word_1_388' title='bbox 1778 4742 1909 4807; x_wconf 89' lang='lat' dir='ltr'><strong>eius</strong></span> <span class='ocrx_word' id='word_1_389' title='bbox 1974 4743 2147 4807; x_wconf 84' lang='lat' dir='ltr'><strong>uxori</strong></span> <span class='ocrx_word' id='word_1_390' title='bbox 2211 4760 2350 4807; x_wconf 90' lang='lat' dir='ltr'><strong>cum</strong></span> <span class='ocrx_word' id='word_1_391' title='bbox 2410 4743 2607 4827; x_wconf 89' lang='lat' dir='ltr'><strong>pactis</strong></span> <span class='ocrx_word' id='word_1_392' title='bbox 2665 4745 2729 4808; x_wconf 89' lang='lat' dir='ltr'><strong>et</strong></span> <span class='ocrx_word' id='word_1_393' title='bbox 2786 4744 3236 4810; x_wconf 89' lang='lat' dir='ltr'><strong>conditionibus</strong></span> 
     </span>
    </p>
   </div>
  </div>
 </body>
</html>
