3620 5282
533 413 663 481 212

528 585 886 655 celebrande
931 581 1095 648 inter
1160 582 1504 666 reginalem
1573 582 1967 646 maiestatem
2039 580 2362 663 Hungarie
2409 581 2476 644 et
2516 597 2626 643 nos
2667 581 2734 644 et
2777 597 3103 644 commune
3149 596 3254 642 no-

522 669 747 749 strum,
771 673 847 736 ad
894 688 1044 753 quas
1091 669 1306 734 literas
1352 670 1557 734 dictus
1609 689 1709 733 ser
1756 669 2023 734 Karolus
2078 668 2247 733 Geno
2295 669 2358 731 et
2401 668 2550 731 sotii
2597 667 2670 730 de
2717 668 2921 730 nostro
2964 666 3254 729 mandato

523 762 801 826 fecerunt
846 758 1302 838 responsionem
1350 757 1468 838 ipsi
1516 756 1842 821 Francisco
1888 755 1964 818 de
2013 754 2343 831 Bernardo‚
2394 755 2661 837 qualiter
2723 752 2880 818 illud
2931 754 3252 835 negotium

526 847 813 933 placebat
873 847 1045 908 nobis
1106 850 1241 922 etc„
1291 846 1364 907 de
1411 862 1530 925 qua
1576 849 1787 907 nostra
1854 843 2246 923 responsione
2318 860 2436 907 non
2505 842 2882 916 dubitamus,
2931 841 3054 904 imo
3101 837 3257 902 certi

528 954 763 1011 summm,
811 932 970 1014 quod
1017 931 1385 994 excellentia
1430 949 1540 994 sua
1586 933 1683 995 est
1733 931 1908 1011 plene
1957 929 2324 1003 informata;
2372 931 2437 992 et
2483 929 2631 1011 quia
2677 926 2756 990 ad
2804 927 3045 990 factum
3079 926 3254 1008 prin-

529 1023 726 1103 cipale
774 1038 890 1082 non
935 1018 1056 1081 fuit
1103 1019 1275 1081 nobis
1328 1017 1518 1080 missa
1562 1018 1773 1099 aliqua
1819 1018 2149 1096 responsi0,
2199 1016 2362 1097 quod
2423 1015 2649 1080 leviter
2692 1015 2899 1096 potuit
2945 1014 3256 1078 occurisse

530 1110 782 1192 propter
824 1104 1131 1182 nuntium,
1179 1105 1282 1186 qui
1331 1104 1623 1169 defecerit
1671 1107 1731 1168 in
1756 1106 1858 1169 via
1898 1104 1995 1167 vel
2021 1104 2147 1166 alia
2179 1105 2345 1168 iusta
2374 1106 2438 1167 et
2469 1102 2796 1184 legiptima
2827 1119 3032 1178 causa,
3068 1118 3258 1181 prop-

529 1203 698 1260 terea
741 1191 1216 1256 deliberavimus
1266 1193 1510 1255 mittere
1557 1190 1759 1273 ipsum
1805 1209 1904 1254 ser
1944 1189 2249 1255 Jacobum
2296 1190 2369 1254 ad
2417 1189 2793 1270 presentiam
2855 1208 2962 1266 sue
3012 1188 3258 1268 magni-

532 1280 765 1346 tudinis
840 1278 918 1342 ad
987 1278 1420 1343 notificandum
1491 1278 1973 1364 sincerissimam
2042 1281 2104 1341 et
2150 1278 2453 1359 optimam
2523 1276 2989 1357 dispositionem
3059 1274 3258 1336 nostri

531 1366 809 1444 dominii,
857 1366 1163 1441 videlicet,
1191 1366 1350 1447 quod
1391 1365 1691 1429 existente
1740 1365 2000 1446 reginali
2051 1365 2376 1428 maiestate
2409 1362 2710 1443 disposita
2744 1361 2823 1426 ad
2859 1363 3089 1426 factum
3129 1361 3259 1442 lige

533 1456 805 1538 predicte
874 1453 1214 1516 dominatio
1278 1456 1483 1515 nostra
1546 1452 1665 1516 erit
1726 1456 2013 1515 contenta
2072 1452 2322 1514 mittere
2384 1453 2447 1513 et
2495 1451 2706 1514 mittet
2751 1449 2827 1512 ad
2878 1448 3260 1531 presentiam

536 1544 731 1624 ipsius
786 1539 1075 1622 reginalis
1138 1539 1492 1602 maiestatis
1554 1541 1830 1602 nostram
1878 1541 2272 1602 ambaxatam
2321 1556 2428 1620 pro
2479 1536 2641 1601 facto
2688 1537 2962 1618 predicto
3009 1537 3072 1599 et
3114 1553 3262 1598 cum

541 1628 875 1694 sufficienti
922 1626 1212 1690 mandato
1257 1630 1319 1689 et
1361 1626 1650 1689 libertate
1680 1625 1772 1688 ‘ad
1825 1624 2095 1706 plenum.

742 1713 883 1778 Hiis
924 1731 1065 1776 vero
1110 1712 1402 1793 expositis
1471 1713 1686 1776 audiat
1753 1730 1852 1775 ser
1892 1711 2162 1776 Jacobus
2209 1709 2461 1789 Quirino
2530 1711 2986 1792 responsionem
3036 1712 3253 1790 magni

538 1802 805 1876 comiti3‚
854 1802 918 1863 et
960 1801 1014 1863 si
1061 1819 1170 1881 per
1215 1798 1420 1873 verba,
1483 1818 1603 1881 que
1650 1798 1995 1862 conferrent
2041 1801 2104 1862 in
2151 1800 2357 1877 simul,
2419 1798 2725 1862 videbitur
2772 1815 2998 1879 magno
3024 1798 3260 1870 comiti,

541 1887 701 1970 quod
743 1888 877 1969 ipse
924 1905 1026 1949 ser
1068 1886 1340 1950 Jacobus
1412 1882 1670 1962 Quirino
1738 1888 1997 1966 exponat
2065 1885 2297 1948 similia
2358 1885 2542 1947 verba
2611 1884 2874 1965 reginali
2944 1883 3265 1947 maiestati

535 1975 853 2057 Hungarie
897 1990 1006 2054 pro
1068 1973 1225 2036 bono
1288 1973 1590 2036 dictorum
1638 1975 2037 2055 agendorum,
2082 1990 2182 2035 ser
2225 1971 2497 2036 Jacobus
2543 1969 2800 2049 Quirino
2847 1972 3012 2035 dicat
3059 1975 3121 2033 et
3167 1990 3267 2035 ex·

537 2073 723 2144 ponat
790 2061 1124 2124 secundum
1193 2060 1521 2123 consilium
1593 2061 1805 2142 magni
1874 2061 2136 2122 comitis.
2205 2057 2270 2122 Si
2319 2077 2459 2123 vero
2508 2077 2624 2122 non
2677 2059 2988 2123 videretur
3036 2077 3265 2138 magno

537 2149 768 2225 comiti,
832 2146 994 2228 quod
1059 2150 1226 2210 esset
1285 2148 1698 2209 necessarium
1756 2146 1879 2211 dici
1924 2147 2135 2227 aliqua
2179 2145 2367 2209 verba
2416 2145 2675 2228 reginali
2725 2145 3037 2210 maiestati
3083 2144 3265 2209 Hun—

536 2237 725 2319 garie,
775 2236 921 2316 quia
957 2234 1082 2296 iam
1130 2232 1347 2297 habita
1392 2232 1611 2296 fuisset
1656 2235 1967 2314 responsio
2014 2232 2328 2296 sufficiens
2376 2234 2441 2296 et
2485 2233 2564 2296 ad
2612 2233 2862 2313 plenum
2913 2251 2950 2296 a
2998 2232 3262 2313 reginali

541 2322 869 2387 maiestate
930 2319 1251 2402 Hungarie
1313 2321 1650 2383 secundnm
1714 2326 1989 2383 nostram
2056 2321 2458 2383 intentionem
2524 2320 2620 2383 vel
2664 2337 2774 2401 pro
2821 2320 2944 2383 alia
2989 2320 3154 2383 iusta
3199 2324 3267 2381 et

536 2409 865 2492 legiptima
911 2403 1114 2494 causa,
1165 2414 1311 2470 tunc
1357 2426 1456 2470 ser
1503 2405 1770 2471 Jacobus
1836 2405 2090 2483 Quirino
2137 2426 2252 2470 non
2302 2410 2547 2471 moveat
2587 2407 2775 2471 verba
2818 2406 2895 2470 de
2942 2407 3058 2470 hoc
3104 2408 3267 2488 regi-

538 2496 663 2559 nali
714 2496 1047 2571 maiestati‚
1095 2494 1202 2556 sed
1250 2495 1335 2557 sit
1382 2495 1441 2557 in
1489 2512 1603 2556 sua
1627 2494 1921 2558 libertate
1969 2493 2277 2557 scribendi
2342 2495 2550 2556 subito
2606 2493 2781 2556 nobis
2830 2495 2927 2557 vel
2975 2494 3260 2558 veniendi

533 2583 831 2648 Venetias
874 2599 1014 2646 cum
1061 2597 1150 2658 e0‚
1199 2581 1361 2663 quod
1406 2580 1620 2645 fecerit
1665 2587 1729 2645 et
1773 2581 2079 2656 habuerit,
2130 2581 2202 2643 de
2248 2581 2531 2645 omnibus
2564 2580 2921 2662 plenissime
2972 2581 3267 2646 informa-

528 2675 653 2749 tus,
701 2674 764 2734 et
806 2670 882 2732 ad
928 2668 1234 2732 cautelam
1262 2684 1389 2750 ‘pro
1434 2669 1546 2732 hac
1568 2687 1753 2733 causa
1798 2669 1953 2732 fiant
1997 2669 2117 2733 sibi
2165 2667 2346 2732 litere
2393 2669 2779 2733 credulitatis
2822 2669 3083 2752 reginali
3132 2687 3267 2733 ma-

537 2757 752 2822 iestati
796 2755 1135 2839 Hungarie.

748 2841 820 2906 In
868 2842 983 2906 hoc
1031 2861 1170 2905 vero
1217 2843 1420 2906 medio
1465 2844 1742 2924 tempore
1787 2843 2221 2906 committatur
2245 2842 2604 2907 ser-Jacobo
2629 2840 2903 2920 Quirino,
2953 2842 3113 2925 quod
3163 2861 3261 2905 so-

541 2930 715 2995 licite
759 2934 824 2993 et
862 2930 1191 3011 diligenter
1238 2931 1345 2993 det
1368 2948 1614 3011 operam
1665 2931 1737 2994 de
1783 2929 2123 3006 sentiendo,
2173 2930 2225 2992 si
2272 2930 2333 2992 in
2382 2930 2657 3010 partibus
2722 2928 2848 2993 illis
2890 2948 2999 3010 per
3045 2931 3263 2993 amba—

543 3019 753 3081 xatam
817 3016 914 3080 vel
975 3016 1223 3080 nuntios
1282 3015 1693 3081 Januensium
1754 3017 2129 3080 veldomini
2175 3016 2382 3080 Padue
2427 3015 2693 3080 fuissent
2735 3016 2946 3098 aliqua
2991 3020 3264 3080 tractata

536 3104 636 3169 vel
682 3105 1097 3167 tractarentur
1142 3106 1207 3167 et
1252 3103 1470 3167 fierent
1514 3108 1728 3167 contra
1771 3104 2066 3167 honorem
2113 3106 2178 3166 et
2224 3107 2459 3167 statum
2508 3105 2701 3175 nostri
2749 3103 3029 3166 dominii.
3077 3104 3157 3166 Et
3205 3104 3263 3166 si

536 3192 659 3256 erit
703 3191 1138 3267 necessarium,
1200 3191 1546 3255 substineat
1607 3191 1896 3254 honorem
1960 3194 2024 3255 et
2071 3192 2202 3254 iura
2250 3197 2460 3254 nostra
2504 3209 2709 3254 coram
2760 3190 3024 3273 reginali
3074 3191 3267 3255 maie-

537 3278 700 3342 state
735 3275 1073 3360 Hungarie‚
1122 3277 1324 3341 dando
1372 3277 1490 3341 sibi
1539 3279 1616 3340 ad
1664 3278 2138 3360 intelligendum
2176 3280 2249 3343 de
2293 3277 2709 3342 sincerissimo
2752 3296 2962 3341 amore
3009 3281 3073 3341 et
3105 3278 3266 3341 bona

540 3364 943 3446 dispositione
993 3365 1189 3427 nostri
1251 3365 1507 3428 dominii
1554 3381 1696 3428 cum
1758 3365 2047 3430 omnibus
2119 3365 2338 3440 verbis,
2401 3375 2535 3446 que
2571 3365 2872 3447 sapientie
2922 3383 3031 3427 sue
3078 3364 3263 3429 utilia

541 3451 931 3527 videbuntur,
978 3454 1043 3513 et
1084 3452 1161 3515 ad
1208 3452 1664 3533 impediendum
1711 3454 1774 3514 et
1821 3452 2193 3518 turbandum
2243 3454 2402 3515 toto'
2441 3469 2619 3534 posse
2667 3468 2776 3516 suo
2821 3451 2981 3516 tales
3031 3453 3265 3516 tracta—

538 3540 662 3615 tus,
710 3535 1179 3602 informationes
1238 3544 1301 3601 et
1362 3539 1550 3602 verba
1608 3541 1824 3603 contra
1880 3542 2117 3602 statum
2165 3544 2466 3611 nostrum.
2515 3539 2678 3603 sicut
2713 3539 2788 3603 de
2839 3557 3099 3621 persona
3150 3556 3263 3603 sua

538 3625 718 3707 plene
764 3624 1129 3688 confidimus
1176 3627 1240 3689 et
1283 3643 1625 3705 speramus.
2900 3687 2903 3690 ,

745 3712 903 3775 Item
950 3711 1380 3776 committatur
1441 3731 1541 3776 ser
1598 3711 1828 3777 Jacobo
1873 3710 2146 3790 Quirine,
2196 3711 2355 3795 quod
2401 3713 2453 3778 si
2501 3712 2754 3777 habebit
2801 3731 2837 3777 a
2882 3732 3110 3796 magno
3158 3733 3264 3779 co-

537 3799 692 3863 mite
740 3798 838 3863 vel
883 3815 922 3860 a
966 3799 1292 3863 Francisco
1338 3802 1412 3863 de
1458 3799 1794 3877 Bernard0‚
1858 3800 2209 3881 reperiente
2245 3820 2311 3876 se
2357 3800 2461 3873 ibi,
2504 3799 2668 3882 quod
2716 3803 3035 3881 responsio
3080 3803 3260 3866 nobis

538 3885 734 3951 missa
777 3884 966 3949 suerit
1022 3885 1098 3948 ad
1157 3886 1394 3951 sactum
1452 3887 1786 3969 principale
1834 3887 1958 3969 lige
2005 3888 2345 3957 secundum
2394 3892 2670 3951 nostram
2721 3888 3145 3963 intentionem,
3196 3892 3260 3953 in

535 3973 648 4038 hoc
694 3990 843 4037 casu
890 3989 989 4036 ser
1032 3973 1303 4038 Jacobus
1374 3972 1628 4052 Quirino
1689 3973 1892 4038 dicere
1937 3973 2177 4049 debeat,
2227 3974 2388 4057 quod
2428 3992 2549 4037 non
2591 3972 2837 4039 dubitat
2884 3975 3011 4039 ullo
3060 3975 3260 4054 modo,

534 4060 659 4123 imo
712 4061 921 4124 certus
982 4064 1096 4134 est,
1159 4059 1317 4141 quod
1365 4066 1608 4143 recepta
1652 4062 1823 4124 dicta
1892 4063 2284 4142 responsione
2333 4081 2439 4141 per
2490 4080 2616 4135 nos,
2664 4061 3005 4126 dominatio
3051 4068 3268 4127 nostra

533 4146 666 4210 sine
713 4145 862 4211 fallo
908 4145 1055 4209 illuc
1097 4149 1309 4211 mittet
1372 4166 1548 4212 suam
1602 4149 2005 4212 ambaxatam
2052 4167 2195 4212 cum
2245 4149 2534 4213 mandato
2594 4148 2675 4211 ad
2720 4149 2993 4230 plenum,
3027 4153 3115 4213 *ut
3162 4169 3268 4213 su-

539 4234 747 4315 perius
788 4233 1027 4296 dictum
1073 4236 1186 4296 est.
2757 4254 2762 4255 ff

743 4319 906 4384 Item
946 4322 1022 4383 ad
1053 4320 1359 4384 cautelam
1395 4321 1825 4386 committatur
1867 4341 1965 4385 ser
2011 4320 2243 4386 Jacobo
2283 4320 2560 4400 Quirino,
2597 4323 2779 4402 quod,
2825 4322 2877 4386 si
2937 4325 3266 4405 antequam

535 4409 891 4486 compareat
934 4406 1012 4469 ad
1064 4408 1431 4488 presentiam
1482 4410 1775 4489 reginalis
1841 4409 2184 4473 maiestatis
2224 4408 2546 4489 Hungarie
2593 4409 2690 4472 vel
2737 4410 2945 4491 magni
2993 4412 3261 4486 comme,

533 4492 803 4573 reperiet
846 4512 912 4557 se
951 4512 1092 4557 cum
1143 4495 1472 4559 Francisco
1517 4496 1592 4558 de
1641 4497 1975 4569 Bernardo,
2023 4499 2089 4560 et
2133 4497 2497 4577 Franciscns
2544 4496 2709 4560 dicet
2753 4497 2893 4571 sibi,
2941 4498 3104 4578 quod
3154 4497 3267 4561 ha-

534 4578 743 4642 buerit
787 4586 1267 4659 responsionem,
1315 4584 1380 4645 et
1426 4583 1626 4662 ipsam
1672 4585 1851 4647 nobis
1877 4583 2119 4647 miserit
2150 4583 2488 4665 secundum
2524 4589 2798 4647 nostram
2833 4584 3262 4661 intentionem,

533 4664 600 4726 in
639 4663 754 4728 hoc
801 4684 947 4730 casu
995 4685 1112 4731 non
1161 4667 1384 4732 debeat
1429 4668 1503 4731 de
1550 4669 1668 4734 hoc
1715 4672 1942 4751 puncto
1988 4670 2111 4753 lige
2159 4688 2406 4734 movere
2439 4688 2556 4733 nec
2593 4669 2795 4733 dicere
2839 4669 3092 4752 aliquod
3125 4689 3264 4734 ver—

531 4748 704 4829 bum,
752 4752 858 4816 sed
899 4752 977 4816 de
1015 4753 1139 4818 alio
1184 4752 1348 4821 facto
1390 4757 1697 4837 procuret,
1746 4756 1998 4837 sentiat,
2045 4756 2255 4836 faciat,
2283 4758 2355 4821 ut
2399 4756 2683 4838 superius
2724 4756 2958 4821 dictum
3003 4759 3113 4821 est
3181 4758 3267 4822 Et
