3620 5282
480 348 570 416 74

837 525 1290 609 cxxvm.
1345 525 1549 609 eod.
1607 522 1837 606 1364.
1896 525 1939 605 7
1992 524 2279 629 rinna,
2333 542 2391 603 ι
2446 521 2836 603 motem.

473 673 769 732 M'lctdani
813 672 962 744 dnju
1000 687 1192 743 pravo
1237 670 1595 743 mlctackoya
1621 669 2020 743 qradjanstva
2065 668 2455 726 bosanskomu
2517 667 2679 725 bama
2724 666 2970 734 Tvrtku,
3030 666 3209 724 brata

1229 775 1327 815 mu
1388 755 1539 815 Vlku
1583 759 1607 815 i
1650 756 1866 815 meteri
1909 756 2172 829 njihovqj
2214 756 2435 814 Jeleni.

685 858 1091 943 Privilegium
1141 858 1461 923 civilitatis
1508 858 1580 921 de
1622 858 1829 942 gratia
1876 859 2106 922 domini
2149 856 2333 921 banni
2380 855 2648 921 Bosniae
2694 857 2948 939 eiusque
2993 856 3203 920 fratris

478 952 542 1015 et
589 949 809 1030 matris
854 966 1085 1012 eorum.
1136 945 1506 1011 Laurentius
1556 944 1719 1011 Celsi
1791 945 1887 1009 dei
1951 947 2156 1028 gratia
2215 946 2332 1008 dux
2398 943 2800 1007 Venetiarum
2861 946 2980 1008 etc.
3052 944 3208 1009 Uni-

476 1037 669 1103 versis
716 1039 780 1100 et
828 1034 1092 1116 singulis
1141 1036 1272 1098 tam
1320 1033 1712 1117 presentibus
1760 1052 1944 1115 quam
1995 1033 2237 1102 futuris,
2283 1035 2347 1094 et
2393 1033 2523 1095 tam
2570 1032 2790 1094 amicis
2837 1050 3018 1115 quam
3054 1030 3204 1097 fide-

475 1126 640 1190 libus
686 1141 936 1206 presens
978 1121 1369 1205 privilegium
1397 1122 1793 1202 inspecturiS,
1843 1122 2111 1185 salutem
2146 1124 2210 1184 et
2240 1120 2475 1184 sincere
2509 1118 2858 1183 dilectionis
2890 1119 3205 1183 affectum.

474 1208 668 1278 Tanto
705 1209 1033 1293 benignius
1080 1209 1316 1274 ducalis
1364 1209 1752 1291 providentia
1802 1207 2123 1274 consuevit
2172 1224 2459 1295 personas
2505 1206 2783 1270 illustres
2851 1210 2916 1271 et
2962 1206 3205 1288 magni-

475 1302 622 1366 ficas
667 1299 786 1363 sibi
834 1299 1085 1363 devotas
1131 1298 1196 1362 et
1243 1298 1455 1363 fideles
1504 1297 1835 1362 honoribus
1881 1297 2220 1379 prevenire,
2273 1296 2666 1376 ipsorumque
2727 1295 2911 1358 fidem
2972 1296 3037 1357 et
3101 1295 3206 1358 de-

475 1387 788 1453 votionem
835 1385 1043 1468 dignis
1104 1384 1616 1450 retributionibus
1689 1403 2107 1467 compensare,
2174 1402 2247 1448 ac
2294 1383 2456 1464 ipsas
2518 1381 2828 1446 dotalibus
2893 1381 3208 1449 favoribus

479 1475 848 1551 convallare,
897 1476 962 1537 et
1005 1473 1335 1556 petitiones
1379 1490 1593 1537 earum
1642 1468 1960 1537 liberalius
2016 1469 2321 1546 exaudire,
2387 1473 2615 1553 quanto
2680 1470 2933 1534 ducatui
2995 1470 3205 1534 nostro

479 1562 824 1628 devotiores
848 1560 966 1625 fide
1013 1564 1078 1625 et
1125 1561 1416 1643 operibus
1466 1579 1530 1629 se
1565 1561 1918 1625 ostendunt.
1968 1557 2381 1624 Attendentes
2430 1557 2621 1640 igitur
2647 1557 3015 1639 multiplicis
3065 1556 3207 1621 fidei

482 1651 817 1733 puritatem
864 1652 929 1714 et
974 1648 1308 1713 devotionis
1356 1648 1829 1729 plenitudinem,
1892 1666 2076 1729 quam
2142 1648 2420 1711 illustres
2478 1649 2543 1710 et
2607 1644 2917 1727 magnifici
2974 1643 3208 1708 domiui

486 1739 747 1803 Tuercto
792 1737 890 1800 dei
938 1736 1143 1820 gratia
1192 1736 1386 1800 totius
1433 1736 1689 1801 Bossiue
1737 1735 1956 1812 banuo,
2001 1754 2204 1799 comes
2248 1733 2427 1797 Wolf
2464 1734 2598 1797 eius
2644 1732 2831 1798 frater
2874 1741 2939 1797 et
2973 1732 3209 1797 Helena

477 1826 818 1903 comitissa,
847 1843 1055 1888 earum
1084 1825 1370 1908 genitrix,
1404 1824 1479 1888 ad
1514 1826 1719 1888 nostre
1745 1822 2198 1906 magnitudinis
2216 1821 2640 1886 excellentiam
2663 1820 2889 1885 habere
2909 1819 3209 1902 promptis

479 1913 806 1978 affectibus
851 1932 916 1976 se
965 1911 1317 1986 ostendunt,
1368 1912 1467 1993 qui
1520 1912 1581 1974 in
1616 1912 1875 1994 agendis
1922 1928 2051 1988 nos,
2103 1912 2394 1974 ducatum
2430 1910 2712 1973 nostrum
2758 1911 2822 1972 et
2862 1908 3210 1991 singulares

479 2011 772 2084 personas
834 2004 1085 2065 venetas
1147 1998 1586 2082 tangentibus,
1653 2000 1907 2062 devotos
1979 2000 2042 2061 et
2108 1999 2426 2080 promptos
2505 2015 2577 2061 se>
2634 1995 3017 2060 incessanter
3077 2014 3212 2076 pre-

479 2089 747 2154 buerunt
792 2087 1193 2153 laudabiliter
1239 2089 1424 2169 atque
1474 2086 1751 2168 prebent,
1803 2105 2014 2149 eorum
2082 2084 2637 2166 supplicationibus
2704 2083 3038 2165 gratiosius
3099 2102 3210 2147 an-

481 2178 756 2250 nuentes,
806 2177 973 2258 ipsos
1020 2177 1084 2239 et
1129 2176 1402 2257 ipsorum
1454 2174 1797 2256 quemlibet
1842 2193 1980 2241 cum
2019 2173 2146 2237 suis
2179 2172 2509 2236 heredibus
2545 2173 2891 2235 nostrorum
2927 2171 3203 2234 omnium

479 2264 878 2329 consiliorum
926 2264 992 2327 et
1035 2263 1596 2328 ordinamentorum
1648 2261 1994 2325 necessaria
2034 2260 2437 2324 solemnitate
2483 2260 2729 2323 servata
2785 2261 3081 2340 perpetuo
3146 2258 3210 2321 in

480 2356 722 2416 nostros
766 2351 932 2426 cives
977 2352 1042 2414 et
1089 2351 1358 2415 Venetos
1406 2349 1770 2431 recepimuS,
1835 2350 2018 2431 atque
2065 2347 2419 2429 recipimus,
2465 2351 2529 2411 et
2589 2346 2860 2411 Venetos
2922 2348 2989 2409 et
3046 2345 3213 2410 cives

483 2442 725 2504 nostros
772 2438 1029 2502 fecimus
1086 2439 1149 2501 et
1196 2437 1478 2513 facimus,
1527 2440 1591 2500 et
1625 2454 1761 2525 ,pro
1808 2435 2062 2500 Venetis
2125 2438 2188 2498 et
2249 2434 2488 2499 civibus
2548 2435 2774 2498 nostris
2829 2433 2891 2496 in
2935 2432 3212 2497 Venetiis

479 2530 543 2591 et
588 2528 762 2591 extra
806 2525 1071 2589 ubilibet
1137 2525 1423 2606 deinceps
1488 2525 1699 2588 haberi
1740 2527 1805 2588 et
1851 2525 2159 2606 procurari
2204 2522 2370 2586 omni
2420 2522 2642 2587 effectu
2707 2521 2772 2584 et
2832 2520 3213 2602 plenitudine

484 2613 767 2680 volumus
814 2614 878 2677 et
925 2613 1204 2690 tractari,
1232 2614 1500 2677 eosdem
1549 2613 1783 2677 sincere
1833 2611 2258 2677 benevolentie
2314 2608 2580 2675 brachiis
2642 2608 3091 2692 amplectantes
3151 2608 3216 2673 et

483 2702 749 2768 firmiter
792 2702 1158 2778 statuenteS,
1199 2702 1355 2782 quod
1402 2701 1666 2784 singulis
1732 2699 2065 2776 beneficiis,
2132 2698 2531 2764 libertatibus
2586 2699 2649 2761 et
2710 2697 3213 2761 immunitatibus

480 2809 555 2855 ac
614 2788 948 2855 honoribus
1011 2790 1538 2872 quibuscumque,
1603 2789 1828 2870 quibus
1889 2787 1997 2851 alii
2058 2788 2250 2850 nostri
2311 2787 2477 2850 cives
2542 2784 2761 2850 Veneti
2820 2783 3092 2867 gaudent
3151 2785 3218 2847 et

481 2879 712 2961 perfrui
759 2879 1228 2962 dignoscuntur,
1274 2877 1499 2958 prefati
1546 2877 1780 2940 domini
1828 2874 2010 2941 Wolf
2045 2875 2110 2938 et
2154 2873 2394 2937 Helena
2440 2892 2579 2937 cum
2627 2872 2814 2937 dictis
2860 2890 3070 2936 eorum
3107 2872 3216 2935 he-

485 2966 735 3030 redibus
783 2966 844 3029 in
895 2965 1170 3029 Venetiis
1217 2968 1283 3028 et
1327 2969 1502 3027 extra
1573 2967 1869 3045 perpetuo
1930 2961 2203 3045 gaudent
2259 2964 2324 3025 et
2379 2963 2655 3025 utantur.
2722 2958 2917 3024 Nobis
2975 2976 3215 3041 quoque

481 3072 589 3136 per
636 3053 902 3117 nobilem
946 3053 1143 3118 virum
1193 3053 1477 3117 Marcum
1530 3051 1717 3115 Bonzi
1781 3052 1978 3116 civem
2040 3051 2319 3113 nostrum
2363 3067 2572 3112 eorum
2638 3046 2884 3112 fidelem
2946 3046 3217 3110 familia-

481 3159 612 3205 rem
669 3140 1029 3205 solemniter
1090 3141 1165 3203 ad
1229 3142 1444 3203 sancta
1505 3138 1606 3201 dei
1673 3138 1996 3222 evangelia
2059 3137 2467 3219 prestiterunt
2529 3135 2850 3201 fidelitatis
2932 3133 3214 3197 debitum

484 3229 919 3292 iuramentum.
983 3227 1052 3288 In
1095 3244 1357 3310 quorum
1406 3227 1681 3290 omnium
1747 3225 1928 3290 fidem
1994 3230 2057 3287 et
2117 3223 2488 3289 evidentiam
2558 3223 2891 3306 pleniorem
2963 3239 3216 3303 presens

483 3314 878 3397 privilegium
926 3313 1059 3377 fieri
1110 3312 1561 3388 mandavimus,
1609 3316 1937 3395 nostraque
1985 3311 2156 3376 bulla
2215 3311 2520 3393 pendente
2583 3329 2768 3375 aurea
2830 3308 3215 3372 communiri.

696 3402 929 3465 Datum
983 3401 1043 3464 in
1092 3402 1299 3465 nostro
1356 3401 1560 3465 ducali
1618 3400 1851 3483 palatio
1914 3418 2072 3464 anno
2129 3398 2434 3463 dominice
2495 3398 2939 3462 incarnationis
3007 3394 3212 3457 mille-

486 3488 1126 3640 iiffPtFmPffl‘ssflsim
1172 3489 1556 3572 sexagesimo
1589 3492 1829 3571 quarto,
1881 3488 1977 3551 die
2013 3488 2279 3570 septimo
2322 3485 2552 3550 mensis
2593 3485 2985 3568 septembris,
3033 3482 3218 3546 tertie
3256 3535 3259 3536 f

488 3596 549 3640 1n
598 3595 653 3640 ic
683 3593 862 3639 ionis.

578 3665 1149 3726 Commemorialium
1206 3667 1335 3725 1⁷11
1378 3667 1480 3736 37,
1527 3684 1570 3724 u
1615 3666 1766 3725 mlet.
1814 3665 2047 3724 arkivu.

789 3852 1165 3938 cxxlx.
1223 3853 1428 3937 God.
1486 3854 1704 3938 1365.
1766 3856 1853 3935 11
1908 3851 2263 3956 siecnja,
2316 3875 2376 3934 u
2431 3851 2933 3950 visegradu.

487 3999 846 4071 Nadbiskup
891 3999 1259 4074 ostroyonslci
1302 4000 1524 4059 Nikola
1571 4001 1594 4058 i
1643 4001 1891 4073 uyarski
1946 4000 2192 4071 palatin
2236 3997 2461 4057 Nikola
2505 3996 2708 4054 Konth
2755 3995 3037 4067 odpisuju
3081 3993 3218 4050 mle-

491 4088 686 4159 tadkoj
730 4087 912 4164 υῑιξάἰ,
955 4087 1036 4144 da
1081 4089 1222 4145 nisu
1269 4088 1518 4159 oiijednu
1579 4089 1725 4146 viest
1766 4104 1799 4145 o
1844 4087 2070 4145 skodah
2115 4085 2416 4158 ueinjenth
2477 4085 2806 4141 mletackim
2859 4081 3220 4154 podanikom

487 4192 530 4232 u
570 4174 917 4246 Hrvatskoj,
956 4192 990 4233 o
1026 4175 1189 4248 kojih
1211 4193 1326 4234 ona
1348 4175 1493 4250 pise,
1529 4175 1783 4247 primiti,
1815 4176 1931 4233 niti
1953 4174 2034 4232 da
2055 4173 2151 4232 sta
2172 4173 2373 4233 znadu
2398 4190 2439 4230 u
2451 4171 2633 4245 postu
2668 4170 2863 4243 pucke
2906 4169 3035 4238 soli,
3081 4183 3222 4239 neyo

490 4261 572 4318 da
614 4261 677 4320 be
715 4278 778 4320 se
824 4262 1078 4322 doskora
1122 4264 1331 4321 vratiti
1377 4263 1539 4334 kralj
1580 4262 1640 4321 in
1697 4261 2024 4330 Van-adina,
2065 4264 2119 4320 te
2163 4261 2244 4319 da
2274 4258 2337 4319 dc
2353 4260 2450 4332 joi
2482 4276 2563 4317 na
2593 4274 2749 4316 svem
2786 4256 3039 4330 odyovor
3075 4254 3220 4312 dati.

701 4379 1068 4463 Exemplum
1115 4381 1464 4445 litterarum
1514 4380 1847 4445 missarum
1895 4380 2143 4445 domino
2190 4377 2558 4444 cancellario
2634 4396 2743 4458 per
2788 4373 3065 4437 dominos
3110 4371 3221 4434 Ni-

493 4465 737 4529 colaum
779 4468 1300 4551 archiepiscopum
1350 4467 1836 4551 strigoniensem
1887 4471 1950 4531 et
1991 4467 2316 4532 Nicolaum
2362 4464 2573 4529 Konth
2640 4464 2981 4546 palatinum
3049 4457 3222 4539 regni

495 4551 836 4633 Hungarie.
885 4556 1233 4620 Reverendo
1267 4556 1484 4619 amice.
1533 4556 1803 4621 Litteras
1838 4559 2043 4619 vestra
2089 4557 2251 4619 iuter
2281 4553 2406 4617 alia
2454 4552 2617 4617 facta
2659 4548 3073 4633 quarumdam
3117 4564 3227 4609 no·

496 4639 787 4714 vitatum,
838 4646 907 4706 ut
952 4642 1244 4719 scribitis,
1296 4645 1355 4706 in
1391 4643 1708 4708 Dalmatia
1752 4642 1831 4707 ad
1880 4645 2152 4706 vestrum
2195 4640 2601 4723 preiudicium
2643 4639 2983 4712 illatarum,
3033 4633 3228 4716 quod-

499 4745 618 4809 que
667 4727 870 4809 pridie
921 4728 1098 4793 nobis
1142 4730 1301 4811 apud
1344 4731 1656 4796 dominum
1705 4732 1982 4795 nostrum
2032 4748 2242 4812 regem
2270 4727 2698 4800 existentibuS,
2745 4725 2911 4790 idem
2942 4721 3231 4787 dominus
