3620 5282
3063 335 3194 402 339

673 503 871 586 Super
915 505 1186 587 presenti
1231 504 1505 588 capitulo
1565 504 1897 570 consulunt
1960 505 2289 588 sapienteS‚
2336 507 2500 589 quod
2559 526 2664 589 per
2705 506 2921 573 ducale
2988 509 3192 575 domi-

464 590 635 656 nium
680 591 1030 657 scribantur
1077 592 1286 657 littere
1333 592 1449 657 toti
1491 593 1918 657 communitati
1963 593 2236 672 Cruzole,
2287 595 2635 677 agravando
2682 615 2747 659 se
2797 596 2871 659 de
2919 595 3188 663 inhobe-

464 679 701 744 diencia
746 679 1118 761 supradicta,
1167 680 1232 744 et
1277 679 1619 745 mandando
1667 680 1956 761 predictis
2004 682 2078 744 de
2128 680 2420 760 Cruzola,
2468 682 2632 765 quod
2691 682 2958 748 debeant
3007 703 3044 748 a
3092 686 3188 749 ta-

461 766 623 830 libus
696 766 1075 832 novitatibus
1139 766 1483 846 abstinere,
1555 767 1662 831 sed
1738 787 1881 832 cum
1934 769 2284 834 reverencia
2345 771 2553 835 debita
2613 770 2873 836 debeant
2952 770 3190 835 dictum

464 853 757 919 comitem
803 854 1103 919 honorare
1149 855 1215 919 et
1259 854 1460 919 eidem
1506 854 1773 932 obedire,
1816 856 1980 920 sicut
2025 857 2243 921 decens
2289 860 2353 921 et
2400 858 2763 922 conveniens
2813 861 2944 937 est,
3000 857 3190 923 aliter

465 943 676 1006 contra
722 941 1141 1007 inobedientes
1188 943 1617 1024 procederetur
1658 961 1695 1007 a
1720 943 1883 1007 dicto
1909 942 2113 1008 ducali
2138 944 2429 1025 domini0,
2481 945 2552 1009 ut
2596 945 2846 1010 iusticia
2880 945 3190 1012 suaderet.

551 1031 754 1103 Misti,
801 1032 1083 1093 XXVII.
1134 1034 1278 1104 104,
1324 1051 1367 1092 u
1414 1034 1631 1092 arkivu
1666 1033 2028 1094 mletackom.

1304 1220 1497 1302 DII.
1571 1220 1774 1303 God.
1832 1220 2355 1307 lala—1356.

996 1346 1247 1420 Priseya
1287 1347 1582 1421 rabskoya
1626 1347 1814 1407 tenena
1859 1365 1903 1406 u
1936 1350 2195 1424 poqeeau
2239 1351 2397 1423 svoje
2441 1348 2655 1410 stubba.

685 1462 1039 1547 Capitulare
1104 1464 1233 1529 sive
1290 1465 1576 1529 comissio
1640 1465 1886 1531 comitis
1932 1466 2108 1531 Arbi.
2166 1466 2207 1532 J
2215 1486 2320 1531 uro
2364 1466 2443 1531 ad
2490 1485 2669 1532 sacra
2726 1466 2826 1531 dei
2872 1469 3197 1553 evangelia

482 1570 594 1636 ego
643 1570 851 1617 comes
896 1551 1220 1629 Arbensis,
1258 1554 1417 1633 quod
1463 1571 1704 1636 semper
1768 1571 1870 1618 ero
1917 1554 2119 1619 fidelis
2165 1553 2413 1619 domino
2478 1574 2611 1620 meo
2657 1552 2903 1620 domino
2942 1605 2957 1621 .
2991 1605 3007 1620 .
3045 1605 3060 1621 .
3095 1557 3196 1622 dei

482 1641 685 1723 gratia
732 1639 997 1723 glorioso
1043 1639 1183 1704 duci
1229 1638 1659 1719 veneciarum,
1709 1641 2022 1706 Dalmatie
2069 1644 2252 1723 atque
2288 1641 2583 1706 Chroacie
2629 1645 2694 1706 et
2738 1645 2955 1725 quarte
2995 1646 3191 1727 partis

475 1729 540 1791 et
586 1727 839 1792 dimidie
886 1726 1081 1791 totius
1129 1726 1376 1808 imperii
1423 1727 1724 1792 Romanie
1771 1728 2020 1793 domino
2065 1729 2130 1793 et
2174 1730 2305 1793 eius
2355 1729 2829 1794 successoribus,
2898 1730 2983 1795 Et
3026 1732 3188 1815 quod

475 1814 638 1880 bona
682 1814 801 1880 fide
848 1815 978 1878 sine
1039 1814 1253 1878 fraude
1316 1832 1530 1897 regam
1594 1817 1658 1879 et
1708 1816 1929 1881 tenebo
1992 1816 2313 1881 civitatem
2372 1816 2717 1881 Arbensem
2777 1818 2854 1881 ad
2897 1817 3192 1884 honorem

475 1901 707 1966 domini
744 1901 916 1966 ducis
964 1900 1029 1965 et
1072 1904 1415 1966 communis
1463 1902 1869 1967 Veneciarum
1924 1905 1987 1967 et
2032 1904 2441 1968 salvationem
2488 1904 2643 1968 Arbi
2704 1907 2769 1968 et
2827 1904 3022 1987 ipsius
3088 1924 3191 1971 co-

475 1990 755 2054 mitatus.
824 1990 924 2068 Et,
977 1988 1123 2053 dum
1173 1989 1404 2053 stetero
1451 1991 1515 2053 et
1559 2006 1662 2054 ero
1726 1989 1789 2053 in
1851 1989 2128 2073 regimen
2190 1990 2334 2055 dicti
2402 1992 2733 2055 comitatus
2782 1991 2846 2055 et
2890 1992 3188 2074 civitatis,

476 2078 759 2142 tractabo
802 2079 866 2142 et
912 2076 1175 2159 operabo
1220 2076 1285 2139 in
1329 2079 1499 2141 recta
1543 2075 1659 2141 fide
1708 2076 1841 2141 sine
1895 2077 2107 2143 fraude
2153 2079 2496 2161 proficuum
2547 2080 2611 2142 et
2656 2078 2943 2143 honorem
2992 2080 3193 2145 Vene-

474 2165 750 2241 ciarum3
798 2181 1049 2247 operam
1090 2162 1248 2228 dabo
1295 2163 1426 2228 sine
1471 2163 1684 2229 fraude
1731 2166 1794 2228 et
1855 2164 2117 2244 faciam,
2190 2166 2350 2248 quod
2415 2184 2741 2231 commune
2788 2165 3194 2233 Veneciarum

473 2269 684 2317 omnes
731 2253 1027 2330 rationes,
1076 2268 1229 2334 quas
1273 2250 1481 2330 habet,
1532 2251 1596 2316 in
1643 2252 1775 2316 toto
1823 2252 2125 2317 comitatu
2172 2253 2441 2318 Arbensi
2485 2271 2626 2317 cum
2659 2251 3021 2337 integritate
3054 2274 3194 2338 per-

476 2339 684 2422 cipiat.
731 2339 815 2403 Et
857 2338 1016 2403 infra
1063 2338 1195 2403 dies
1236 2338 1375 2417 XV,
1424 2357 1497 2402 ex
1542 2356 1661 2421 quo
1709 2338 1992 2403 homines
2031 2339 2190 2404 Arbi
2235 2340 2515 2405 venerint
2557 2357 2667 2422 pro
2707 2359 2806 2406 me
2850 2342 2962 2406 aut
3006 2342 3194 2407 mise-

470 2427 615 2507 rint,
659 2426 882 2493 vadam
930 2445 1072 2490 cum
1122 2425 1267 2504 illis,
1316 2425 1438 2490 nisi
1483 2425 1852 2491 remanserit
1911 2446 2019 2508 per
2062 2427 2382 2493 dominum
2441 2427 2662 2491 ducem
2716 2428 2814 2492 vel
2859 2446 2966 2511 per
3011 2429 3188 2495 illam

463 2532 811 2597 personam,
859 2532 976 2596 que
1021 2515 1086 2577 in
1130 2514 1264 2578 loco
1312 2515 1444 2577 eius
1486 2513 1623 2591 erit,
1676 2514 1741 2578 et
1785 2514 2085 2579 maiorem
2129 2516 2367 2596 partem
2414 2513 2676 2580 consilii.
2725 2514 2810 2578 Et
2854 2520 3188 2599 postquam

466 2601 557 2667 ibi
603 2619 725 2680 ero,
776 2602 1036 2667 manebo
1083 2599 1172 2665 ibi
1218 2620 1327 2683 per
1373 2603 1508 2666 octo
1548 2619 1792 2666 menses
1842 2601 2198 2684 completos,
2249 2602 2417 2668 omni
2458 2619 2617 2667 anno
2665 2620 2855 2685 usque
2900 2601 3049 2669 dum
3083 2621 3186 2670 ero

465 2689 529 2754 in
573 2691 856 2773 regimen
903 2688 1176 2754 civitatis
1222 2688 1524 2753 Arbensis
1570 2690 1637 2754 et
1677 2690 2052 2768 comitatuS,
2117 2690 2238 2754 nisi
2301 2691 2671 2755 remanserit
2715 2709 2825 2772 per
2869 2691 3187 2757 dominum

462 2778 681 2842 ducem
731 2776 829 2843 vel
869 2776 1191 2858 perillam
1237 2794 1581 2859 personam,
1631 2796 1746 2859 que
1793 2776 1927 2841 loco
1961 2779 2091 2840 eius
2138 2778 2275 2856 erit,
2326 2779 2390 2841 et
2436 2776 2732 2842 maiorem
2767 2780 3008 2858 partem
3040 2797 3188 2843 con-

460 2864 629 2946 silii;
675 2863 776 2930 vel
817 2862 941 2927 nisi
986 2861 1145 2928 mihi
1191 2867 1253 2927 et
1300 2862 1447 2943 illis,
1497 2864 1600 2946 qui
1646 2863 1940 2946 preelecti
2002 2866 2186 2929 erunt
2230 2864 2291 2928 iu
2343 2865 2508 2928 dicto
2556 2863 2855 2945 regimine
2906 2864 3184 2932 civitatis

461 2952 539 3015 ad
587 2950 1032 3017 consulendum
1079 2950 1236 3015 mihi
1281 2953 1346 3015 et
1383 2950 1627 3016 civitati
1674 2950 1960 3030 Arbensi,
2007 2950 2215 3033 aliquo
2263 2952 2349 3015 ire
2399 2951 2627 3017 bonum
2669 2953 3025 3033 apparuerit
3070 2971 3180 3036 pro

459 3038 735 3104 utilitate
781 3038 951 3103 illius
997 3039 1332 3103 comitatus
1378 3039 1509 3103 sine
1552 3038 1929 3103 detrimento
1976 3038 2402 3104 Veneciarum.
2472 3038 2626 3104 Juro
2674 3041 2974 3120 preterea,
3025 3042 3184 3123 qnod

458 3146 774 3210 nunquam
820 3125 1189 3191 fidelitatem
1240 3125 1358 3190 feci
1403 3126 1589 3191 alicui
1635 3129 1919 3191 coronate
1966 3143 2258 3208 persone,
2325 3145 2520 3208 neque
2565 3124 2827 3205 faciam,
2889 3126 3079 3192 donec
3118 3129 3185 3193 in

447 3215 641 3297 ipsius
704 3214 1008 3298 regimine
1055 3213 1329 3278 civitatis
1378 3214 1671 3292 manebo,
1741 3219 1804 3277 et
1864 3213 2027 3296 quod
2090 3214 2328 3278 nullam
2393 3213 2864 3278 conventionem
2910 3214 3026 3279 feci
3074 3234 3182 3299 pro

453 3302 586 3385 ipso
634 3303 939 3366 comitatu
983 3301 1282 3381 habendo,
1332 3319 1442 3366 nec
1484 3301 1755 3382 pretium
1805 3302 1946 3367 inde
1991 3300 2134 3365 dedi
2179 3320 2290 3366 nec
2338 3302 2471 3365 dari
2517 3300 2654 3380 feci,
2714 3301 2813 3366 vel
2859 3302 2992 3366 dari
3037 3322 3182 3386 pro-

447 3390 610 3455 misi.
659 3390 793 3454 Hec
841 3389 1068 3468 omnia,
1116 3408 1232 3471 que
1278 3388 1557 3470 superius
1620 3389 1852 3472 scripta
1913 3393 2099 3468 sunt,
2164 3388 2501 3454 secundum
2568 3388 2844 3454 ordinem
2892 3392 3176 3472 superius

447 3478 963 3560 comprehensum
1012 3477 1168 3541 bona
1214 3477 1334 3541 fide
1392 3477 1533 3540 sine‘
1570 3476 1782 3542 fraude
1832 3480 2216 3557 (observabo).
2278 3476 2411 3541 Hec
2456 3477 2687 3554 autem,
2738 3496 2854 3561 que
2899 3480 3172 3561 recipere

355 3602 359 3606 ·
444 3567 508 3629 et
548 3565 775 3630 habere
813 3565 996 3629 debet
1041 3582 1367 3629 commune
1416 3564 1843 3642 Veneciarum,
1891 3566 2036 3629 sunt
2081 3566 2229 3629 hec:
2292 3563 2454 3647 quod
2515 3565 2783 3648 recipere
2831 3566 2894 3629 et
2940 3566 3167 3632 habere

442 3653 625 3718 debet
670 3652 745 3716 de
787 3652 1089 3717 comitatu
1133 3651 1290 3715 Arbi
1337 3651 1526 3716 libras
1573 3649 1797 3715 CLXX
1827 3669 2003 3720 ,anuo
2050 3652 2326 3735 quolibet
2364 3653 2429 3716 in
2459 3651 2617 3717 festo
2651 3652 2851 3717 sancti
2885 3651 3167 3736 Georgii,

441 3743 516 3806 de
558 3740 782 3825 quibus
829 3743 978 3805 sunt
1032 3739 1192 3804 libre
1239 3738 1337 3804 CL
1387 3756 1493 3819 pro
1539 3737 1744 3803 insula
1804 3741 1877 3803 de
1926 3737 2097 3803 Colle
2161 3742 2224 3804 et
2282 3739 2439 3804 Arte
2504 3745 2567 3804 et
2629 3739 2851 3822 viginti
2908 3757 3016 3820 pro
3068 3759 3165 3807 re-

441 3831 629 3911 galia.
677 3829 840 3893 Item
889 3846 1009 3893 non
1052 3845 1305 3909 possum
1344 3844 1456 3890 nec
1501 3825 1693 3890 debeo
1740 3827 2007 3892 tractare
2054 3846 2165 3892 nec
2213 3827 2468 3891 tractari
2514 3825 2713 3890 facere
2761 3845 2870 3908 per
2914 3845 3013 3891 me
3062 3827 3162 3893 vel

441 3918 632 3983 alium
677 3916 885 3999 aliquo
932 3915 1112 3980 modo
1158 3915 1257 3979 vel
1302 3915 1547 3995 ingenio
1594 3913 1670 3976 de
1712 3915 1921 3997 aliqua
1987 3914 2282 3979 electione
2327 3913 2605 3978 facienda
2665 3912 2741 3977 de
2786 3913 3036 3988 comite,
3061 3915 3159 3980 fu-

439 4007 593 4083 turo,
640 4023 835 4086 neque
879 4003 1080 4068 facere
1123 4002 1259 4067 fieri
1305 4020 1379 4066 ex
1425 4002 1536 4066 hoc
1582 4001 1854 4084 aliquam
1902 4002 2346 4084 obligationem
2392 4015 2499 4064 seu
2541 4000 3010 4082 promissionem
3045 4022 3158 4085 per

439 4111 761 4157 commune
802 4091 1119 4166 Arbense;
1183 4090 1248 4155 et
1293 4089 1345 4153 si
1390 4088 1596 4171 aliqua
1649 4088 1980 4171 promissio
2042 4108 2149 4153 seu
2208 4088 2502 4170 obligatio
2565 4087 2774 4170 aliqua
2834 4089 3159 4156 occasione

438 4180 613 4245 fieret
658 4199 764 4262 per
810 4179 1046 4244 dictum
1091 4195 1410 4242 commune
1457 4193 1567 4258 pro
1613 4176 1823 4259 aliqua
1879 4175 2176 4241 electione
2240 4175 2439 4239 fienda
2503 4174 2578 4239 de
2642 4176 2845 4257 aliquo
2913 4178 3159 4258 comite,

439 4287 562 4333 non
608 4267 821 4332 teneat
863 4284 975 4332 nec
1019 4265 1242 4344 valeat,
1291 4263 1400 4329 sed
1446 4264 1532 4328 sit
1577 4263 1806 4329 nullius
1855 4264 2082 4329 valoris
2129 4264 2225 4328 vel
2273 4262 2586 4327 momenti.
2652 4262 2816 4326 Item
2860 4281 2982 4327 non
3013 4284 3156 4348 pos-

440 4373 581 4419 sum
628 4373 829 4419 emere
872 4372 982 4419 nec
1042 4353 1266 4418 habere
1329 4351 1454 4416 ullo
1518 4349 1699 4415 modo
1765 4351 2041 4433 aliquam
2102 4351 2548 4433 possessionem
2610 4349 2672 4413 in
2742 4350 2943 4415 insula
2995 4352 3154 4419 Arbi

437 4461 634 4525 neque
677 4443 744 4507 in
786 4443 918 4507 eius
963 4440 1276 4522 districtu,
1325 4439 1494 4503 salvo
1538 4438 1698 4521 quod
1743 4457 2014 4520 possum,
2087 4457 2202 4521 que
2249 4439 2425 4502 hodie
2475 4440 2620 4500 sunt
2663 4437 3042 4528 Venetorum
3089 4443 3155 4506 in

437 4530 738 4595 comitatu
782 4532 847 4594 et
891 4528 1179 4593 districtu
1223 4525 1509 4603 Arbensi,
1558 4543 1813 4608 possum
1862 4543 2062 4589 emere
2123 4526 2200 4590 ab
2269 4524 2419 4607 ipsis
2467 4524 2741 4589 Venetis.
2807 4524 2969 4591 Item
3040 4545 3162 4593 non

439 4617 630 4682 debeo
678 4633 791 4700 ego
857 4634 968 4682 nec
1014 4632 1156 4680 mea
1222 4613 1462 4679 familia
1521 4631 1586 4676 se
1648 4612 2064 4677 intromittere
2124 4611 2325 4693 aliquo
2387 4610 2567 4675 modo
2633 4612 2730 4676 vel
2794 4612 3038 4693 ingenio
3085 4613 3161 4678 de

437 4704 649 4788 aliqua
693 4723 758 4772 re
806 4703 1084 4783 emenda,
1135 4720 1253 4784 que
1299 4700 1377 4766 ad
1420 4699 1737 4766 incantum
1799 4698 2002 4766 vadat.
2074 4698 2238 4763 Item
2277 4717 2417 4763 ·non
2477 4716 2728 4780 possum
2793 4698 2995 4765 facere
3058 4697 3156 4766 vel

2919 4801 2955 4840 ⁸·
