3620 5282
3016 364 3145 430 329

415 544 734 627 capitaneo
779 544 926 609 culfi
964 544 1026 610 in
1071 562 1281 609 eorum
1327 542 1598 609 favorem
1646 543 1709 608 in
1756 542 1871 607 illa
1915 544 2131 622 forma,
2181 560 2296 625 que
2344 541 2653 608 videbitur
2709 541 3143 622 dominacioni,

415 650 534 697 non
583 633 961 719 sinistrando
1008 634 1336 697 armatam.

503 724 683 783 Misti
735 724 1016 784 XXVII.
1066 725 1168 794 89,
1205 740 1249 783 u
1291 721 1632 782 mletackom
1679 723 1912 782 arkivu.

709 911 1229 996 CCCCXCII.
1309 912 1492 996 God
1548 911 1774 996 1356.
1832 913 1926 995 31
1983 912 2309 1014 srpnja,
2361 934 2423 993 u
2476 910 2866 993 Mletcih.

425 1039 737 1125 Οᾱὶιιόεηο,
777 1041 858 1099 da
903 1040 1113 1098 obcina
1141 1041 1427 1113 spljetska
1457 1041 1666 1113 izplati
1689 1057 1869 1114 svoqa
1901 1041 2088 1099 kneza
2117 1056 2161 1097 u
2191 1038 2442 1097 dukatih
2480 1038 2725 1098 zlatm'h.
2778 1035 2827 1096 Ο
2872 1035 3147 1097 ἁαέηοειί

557 1130 824 1204 chnoya
870 1127 1227 1187 Zadranina
1270 1128 1661 1203 stanuduccya
1706 1145 1747 1186 u
1786 1127 2021 1201 Sph'etu
2066 1146 2109 1187 u
2142 1126 2402 1201 poqzedu
2442 1126 2730 1200 yradskih
2775 1126 2994 1185 robola.

632 1247 820 1312 1356.
868 1247 967 1312 die
1012 1246 1234 1312 ultimo
1279 1245 1436 1326 iulii,
1485 1250 1706 1330 capta:
1769 1266 1912 1311 cum
1971 1265 2175 1311 comes
2233 1243 2469 1327 Spaleti
2532 1245 2758 1310 habere
2806 1246 3025 1311 debeat
3073 1246 3147 1309 de

418 1335 642 1400 salario
688 1355 726 1401 a
770 1334 1081 1400 communi
1128 1335 1290 1399 dicte
1345 1336 1505 1399 terre
1550 1335 1745 1400 libras
1795 1329 1964 1400 MCC
2029 1334 2104 1399 ad
2151 1333 2459 1398 racionem
2524 1351 2854 1414 parvorum
2902 1333 3147 1398 XXXII

417 1441 526 1505 pro
574 1424 853 1506 quolibet
898 1440 1129 1504 grosso,
1191 1425 1252 1487 et
1312 1421 1594 1501 dicatur,
1643 1422 1802 1506 quod
1870 1441 2014 1505 sepe
2076 1421 2358 1486 oriuntur
2424 1421 2613 1486 dubia
2674 1422 2738 1485 et
2795 1421 3146 1487 differentis

418 1512 581 1575 inter
626 1511 921 1576 comitem
968 1511 1032 1575 et
1075 1510 1217 1575 illos
1263 1511 1337 1575 de
1385 1508 1637 1593 Spaleto
1682 1529 1869 1593 super
1900 1511 2065 1574 facto
2089 1509 2240 1574 dicti
2272 1508 2521 1573 salarii:
2574 1508 2745 1574 vadit
2780 1527 2942 1592 pam,
2980 1508 3142 1592 quod

420 1597 802 1677 declaretur,
864 1596 1026 1681 quod
1089 1598 1324 1663 dictum
1388 1598 1689 1662 salarium
1752 1598 1992 1680 precise
2055 1596 2141 1661 sit
2200 1597 2563 1662 ducatorum
2625 1597 2946 1680 quingenti
2993 1598 3133 1662 auri

413 1705 478 1750 1n
523 1705 690 1752 auro.

467 1787 472 1791 ’
629 1774 863 1857 Capta:
911 1792 1053 1838 cum
1099 1772 1321 1839 Gallus
1369 1772 1631 1838 condam
1678 1770 1929 1855 Georgii
1975 1772 2050 1837 de
2095 1771 2293 1838 Jadra
2336 1769 2579 1837 habitet
2618 1770 2874 1855 Spaleti,
2923 1774 2988 1838 et
3031 1773 3147 1837 du-

417 1860 593 1925 bium
640 1864 770 1940 fiat,
818 1862 928 1927 ubi
973 1861 1197 1925 debeat
1242 1860 1443 1925 facere
1503 1859 1796 1925 factiones
1858 1865 1922 1923 iu
1984 1859 2178 1926 Jadra
2237 1860 2337 1925 vel
2393 1858 2672 1942 Spaleto:
2745 1860 2922 1925 vadit
2979 1879 3144 1943 pars,
3250 1877 3255 1881 ·

418 1950 582 2032 quod
629 1952 683 2015 si
728 1950 850 2014 iste
895 1948 1115 2015 Gallus
1163 1949 1314 2013 facit
1359 1947 1655 2013 factiones
1699 1947 1763 2013 in
1809 1947 2023 2025 Jadra,
2069 1949 2200 2012 tam
2247 1949 2319 2013 de
2366 1948 2819 2030 possesionibus
2866 1949 2931 2014 et
2968 1948 3146 2013 bonis

418 2036 549 2102 suis
596 2057 782 2120 quam
830 2038 902 2101 de
946 2054 1206 2119 persona
1246 2054 1368 2100 non
1413 2039 1707 2118 gravetur
1750 2035 1812 2100 in
1861 2035 2134 2119 Spalet0.
2199 2036 2290 2100 De
2338 2053 2408 2100 eo
2457 2054 2633 2113 ver0,
2683 2036 2839 2119 quod
2888 2054 3004 2101 non
3054 2034 3147 2102 sa·

422 2126 588 2190 ceret
629 2125 694 2190 in
739 2126 954 2203 Jadra,
1003 2123 1192 2188 faciet
1236 2124 1299 2187 in
1350 2122 1621 2206 Spaleto.
1671 2124 1765 2187 De
1812 2142 1930 2188 non
1984 2123 2083 2204 17,
2128 2141 2249 2188 non
2293 2124 2516 2188 sinceri
2570 2123 2666 2188 13.

504 2216 684 2275 Misti
736 2216 866 2274 XX
875 2215 1016 2275 VII.
1065 2215 1168 2286 89,
1214 2231 1258 2273 u
1300 2215 1643 2275 mletackom
1689 2215 1922 2274 arkivu.

636 2401 1202 2501 CCCCXCIII.
1283 2403 1490 2485 God.
1544 2403 1773 2487 1356.
1830 2405 1887 2485 4
1937 2403 2388 2503 kolovoza‚
2439 2425 2501 2484 u
2551 2402 2945 2485 llIletcih.

418 2531 557 2591 Ρίἔο
605 2547 668 2590 se
712 2532 1015 2604 kapetanu
1047 2531 1483 2603 pomorskomu,
1537 2531 1691 2589 nelca
1735 2531 1906 2604 svoJ‘u
1954 2530 2167 2604 pomo&
2198 2530 2383 2603 pruzi
2430 2531 2704 2605 melcoma
2747 2528 3149 2599 Mletdam‘nu,

418 2621 518 2694 koj
551 2619 821 2694 povjerio
891 2619 1042 2694 bJ'ese
1098 2619 1256 2693 svoje
1314 2618 1951 2767 ίνρουαόἠεθρέἓῑοιυίέα
1970 2636 2014 2679 u
2082 2620 2279 2679 istoku
2337 2620 2509 2680 skoro
2567 2617 2902 2678 umrvffemu
2946 2618 3148 2678 Ivanu

1661 2725 1701 2766 u
1787 2725 1830 2767 u
1953 2751 1968 2766 .

634 2826 823 2892 1356.
874 2827 1204 2892 indictione
1254 2826 1364 2904 IX,
1412 2826 1513 2892 die
1560 2828 1779 2910 quarto
1829 2827 2060 2892 mensis
2094 2825 2370 2911 augusti.
2421 2825 2745 2905 Dominu8‚
2790 2825 3147 2905 consiliarii,

419 2915 627 2998 capita
685 2920 746 2980 st
792 2915 1119 2997 sapientes.
1190 2913 1423 2997 Capta:
1495 2933 1636 2979 cum
1699 2913 1980 2978 Marinus
2041 2915 2116 2979 de
2178 2914 2329 2979 Gozi
2373 2914 2755 2979 commiserit
2815 2915 2943 2979 iam
2989 2914 3149 2981 bono

421 3007 698 3086 tempore
746 3002 914 3068 facta
961 3022 1073 3069 sua
1119 3002 1368 3067 cuidam
1417 3003 1561 3067 Zive
1609 3004 1681 3067 de
1729 3001 2008 3068 Gondola
2057 3003 2120 3067 et
2165 3001 2376 3066 Marco
2432 3003 2711 3068 Lovarno
2758 3003 2821 3066 in
2869 3003 3149 3084 partibus

419 3090 700 3171 Gazarie,
750 3093 811 3155 et
859 3091 1064 3156 dictus
1113 3090 1258 3155 Zive
1305 3092 1378 3155 de
1426 3085 1702 3157 Gondola
1751 3091 1837 3155 sit
1882 3090 2247 3164 defunctuS,
2309 3108 2420 3173 pro
2468 3109 2585 3174 quo
2636 3089 2918 3169 dubitat,
2986 3091 3150 3175 quod

419 3179 669 3262 negotia
706 3197 817 3245 sua
862 3179 990 3243 sint
1029 3178 1333 3261 impedita
1379 3179 1439 3243 in
1488 3178 1672 3242 dietis
1722 3178 2036 3261 partibus:
2076 3177 2250 3244 vadit
2295 3197 2456 3259 pars,
2505 3178 2667 3262 quod
2716 3179 3150 3243 committatur

423 3267 743 3349 capitaneo
791 3269 999 3331 nostro
1046 3266 1321 3350 generali
1368 3267 1690 3346 Romanis,
1754 3266 1914 3350 quod
1963 3284 2069 3348 pro
2117 3264 2496 3349 expeditione
2560 3269 2625 3330 et
2685 3267 3149 3349 recuperatione

420 3355 727 3419 rationum
775 3353 929 3419 dicti
977 3354 1209 3419 Marini
1255 3357 1560 3437 operetur,
1610 3354 1896 3436 quicquid
1941 3352 2086 3419 boni
2131 3355 2394 3438 poterit,
2459 3354 2661 3420 dando
2713 3355 2949 3420 nuntiis
2995 3353 3148 3421 dicti

417 3441 646 3508 Marini
690 3442 854 3507 circa
899 3441 1014 3506 hoc
1061 3441 1362 3507 auxilium
1407 3444 1473 3506 et
1518 3442 1812 3507 favorem.
2647 3436 2656 3447 ’

503 3532 685 3592 Misti
735 3532 865 3591 XX
873 3532 1016 3593 VII.
1054 3535 1160 3602 91,
1204 3550 1246 3592 u
1290 3533 1630 3593 mletadkom
1661 3533 1893 3592 arkivu.

505 3676 508 3677 f
564 3666 1126 3804 ccccxcm
1180 3720 1788 3805 ooo.135e.1o
1839 3721 2286 3821 kolovoza,
2338 3744 2400 3803 u
2454 3721 2697 3804 vina
2749 3741 2998 3803 nova.

416 3849 590 3923 Papa
623 3849 882 3922 pozivbe
924 3848 1243 3918 Mletefane,
1288 3851 1443 3909 nelca
1475 3849 1725 3921 privole,
1772 3849 1854 3907 da
1899 3867 1976 3908 on
2019 3849 2164 3909 rie-§i
2208 3850 2454 3922 njihovu
2498 3848 2837 3919 razmiricu,
2883 3848 3026 3920 koju
3065 3864 3142 3906 su

781 3972 784 3975 »
1322 3953 1353 3994 s
1393 3937 1720 4010 nyma-hrt).
1762 3937 2013 4011 krah'em
2058 3938 2241 3996 imali.

625 4056 1022 4122 Innocentius
1070 4055 1391 4138 episcopus
1437 4075 1650 4120 servus
1704 4075 2024 4123 servorum
2069 4057 2188 4122 dei.
2251 4056 2492 4121 Dilecto
2537 4053 2702 4132 filio,
2771 4054 2965 4119 nobili
3011 4054 3142 4121 viro

416 4142 686 4209 Johanni
732 4143 1078 4209 Gradonico
1123 4135 1264 4208 duci
1314 4142 1738 4218 Veneciarum,
1787 4144 2055 4210 salutem
2090 4147 2154 4210 et
2190 4144 2597 4228 apostolicam
2630 4141 3145 4207 benedictionem.

416 4229 593 4295 Sicut
636 4250 744 4313 per
783 4233 941 4296 alias
988 4230 1239 4296 litteras
1282 4232 1523 4295 nostras
1571 4235 1634 4294 et
1681 4232 2095 4297 venerabilem
2168 4234 2425 4298 fratrem
2472 4232 2755 4296 nostrum
2801 4229 3151 4295 Boniohan-

416 4336 557 4383 nem
606 4319 958 4403 episcopum
1005 4319 1459 4398 firmanensem,
1503 4320 1839 4402 apostolice
1886 4319 2409 4393 sedis'nuncium,
2467 4318 2962 4402 significavimus
3008 4317 3147 4397 tibi,

418 4425 614 4489 nuper
660 4406 987 4483 discordia,
1037 4426 1222 4490 quam
1286 4408 1450 4472 inter
1511 4406 1902 4472 carissimum
1968 4408 2031 4471 in
2072 4406 2303 4472 Christi
2366 4407 2565 4471 filium
2615 4408 2897 4471 nostrum
2944 4406 3148 4470 Ludo-

415 4494 621 4560 vicum
669 4513 881 4578 regem
928 4494 1248 4578 Hungarie
1306 4495 1617 4560 illustrem
1682 4496 1746 4559 et
1804 4498 1868 4559 te
1907 4496 2078 4577 pacis
2140 4494 2385 4560 emulus
2449 4495 2819 4573 suscitavit,
2883 4493 3149 4559 molesta

410 4581 589 4647 nobis
636 4584 735 4647 est
798 4583 1126 4647 admodum
1191 4584 1255 4647 et
1297 4601 1367 4647 eo
1413 4582 1701 4647 tediosior
1762 4582 2079 4660 redditur,
2147 4601 2268 4666 quo
2332 4583 2426 4646 dei
2488 4581 2755 4664 negotiis
2818 4582 3146 4664 presertim

412 4669 683 4755 partium
732 4669 987 4734 orientis
1032 4669 1301 4752 amplius
1348 4672 1446 4735 est
1490 4671 1722 4736 nociva.
1771 4669 1874 4734 Ad
1923 4670 2362 4735 succidendum
2424 4670 2632 4751 itaque
2684 4668 2859 4733 illam
2906 4669 3040 4734 vias
3086 4670 3152 4733 et
3197 4715 3207 4723 .

416 4757 626 4823 modos
674 4758 916 4823 solicite
962 4757 1407 4840 perquirenteS,
1474 4775 1511 4821 a
1555 4756 1929 4839 quibusdam
1990 4755 2232 4823 nunciis
2278 4757 2431 4823 dicti
2492 4756 2657 4841 regis
2715 4757 2876 4839 apud
2936 4757 3147 4821 sedem
