<?xml version="1.0" encoding="UTF-8"?>
<!DOCTYPE html PUBLIC "-//W3C//DTD XHTML 1.0 Transitional//EN"
    "http://www.w3.org/TR/xhtml1/DTD/xhtml1-transitional.dtd">
<html xmlns="http://www.w3.org/1999/xhtml" xml:lang="en" lang="en">
 <head>
  <title>
</title>
<meta http-equiv="Content-Type" content="text/html;charset=utf-8" />
  <meta name='ocr-system' content='tesseract 3.04.00' />
  <meta name='ocr-capabilities' content='ocr_page ocr_carea ocr_par ocr_line ocrx_word'/>
</head>
<body>
  <div class='ocr_page' id='page_1' title='image "./monumentaspecta02umjegoog_1030.png"; bbox 0 0 3620 5282; ppageno 0'>
   <div class='ocr_carea' id='block_1_1' title="bbox 553 316 758 418">
    <p class='ocr_par' dir='ltr' id='par_1_1' title="bbox 553 316 758 418">
     <span class='ocr_line' id='line_1_1' title="bbox 553 316 758 418; baseline 0.01 -34"><span class='ocrx_word' id='word_1_1' title='bbox 553 316 682 386; x_wconf 80' lang='lat'><strong>472</strong></span> <span class='ocrx_word' id='word_1_2' title='bbox 751 405 758 418; x_wconf 18' lang='grc' dir='ltr'>δ</span> 
     </span>
    </p>
   </div>
   <div class='ocr_carea' id='block_1_2' title="bbox 548 493 3262 1199">
    <p class='ocr_par' dir='ltr' id='par_1_2' title="bbox 548 493 3262 1199">
     <span class='ocr_line' id='line_1_2' title="bbox 552 493 3254 573; baseline -0.001 -9"><span class='ocrx_word' id='word_1_3' title='bbox 552 500 624 564; x_wconf 88' lang='lat' dir='ltr'><strong>ut</strong></span> <span class='ocrx_word' id='word_1_4' title='bbox 665 496 866 562; x_wconf 83' lang='lat' dir='ltr'><strong>dietus</strong></span> <span class='ocrx_word' id='word_1_5' title='bbox 913 493 1193 561; x_wconf 81' lang='lat' dir='ltr'><strong>dominus</strong></span> <span class='ocrx_word' id='word_1_6' title='bbox 1241 515 1342 560; x_wconf 85' lang='lat' dir='ltr'><strong>rex</strong></span> <span class='ocrx_word' id='word_1_7' title='bbox 1387 494 1595 561; x_wconf 83' lang='lat' dir='ltr'><strong>videat</strong></span> <span class='ocrx_word' id='word_1_8' title='bbox 1640 496 1864 560; x_wconf 90' lang='lat' dir='ltr'><strong>bonam</strong></span> <span class='ocrx_word' id='word_1_9' title='bbox 1909 496 2291 561; x_wconf 84' lang='lat' dir='ltr'><strong>voluntatem</strong></span> <span class='ocrx_word' id='word_1_10' title='bbox 2339 497 2635 573; x_wconf 85' lang='lat' dir='ltr'><strong>nostram,</strong></span> <span class='ocrx_word' id='word_1_11' title='bbox 2704 514 2919 560; x_wconf 87' lang='lat' dir='ltr'><strong>sumus</strong></span> <span class='ocrx_word' id='word_1_12' title='bbox 2966 496 3254 561; x_wconf 88' lang='lat' dir='ltr'><strong>contenti</strong></span> 
     </span>
     <span class='ocr_line' id='line_1_3' title="bbox 548 582 3257 669; baseline -0.001 -18"><span class='ocrx_word' id='word_1_13' title='bbox 548 589 615 652; x_wconf 87' lang='lat' dir='ltr'><strong>et</strong></span> <span class='ocrx_word' id='word_1_14' title='bbox 653 586 854 668; x_wconf 87' lang='lat' dir='ltr'><strong>placet</strong></span> <span class='ocrx_word' id='word_1_15' title='bbox 898 585 1092 660; x_wconf 89' lang='lat' dir='ltr'><strong>nobis,</strong></span> <span class='ocrx_word' id='word_1_16' title='bbox 1141 586 1297 667; x_wconf 91' lang='lat' dir='ltr'><strong>quod</strong></span> <span class='ocrx_word' id='word_1_17' title='bbox 1344 584 1398 649; x_wconf 93' lang='lat' dir='ltr'><strong>si</strong></span> <span class='ocrx_word' id='word_1_18' title='bbox 1448 583 1610 649; x_wconf 87' lang='lat' dir='ltr'><strong>infra</strong></span> <span class='ocrx_word' id='word_1_19' title='bbox 1655 587 1916 667; x_wconf 82' lang='lat' dir='ltr'><strong>quatuor</strong></span> <span class='ocrx_word' id='word_1_20' title='bbox 1962 603 2202 649; x_wconf 86' lang='lat' dir='ltr'><strong>menses</strong></span> <span class='ocrx_word' id='word_1_21' title='bbox 2244 586 2516 669; x_wconf 86' lang='lat' dir='ltr'><strong>proxime</strong></span> <span class='ocrx_word' id='word_1_22' title='bbox 2555 582 2797 650; x_wconf 88' lang='lat' dir='ltr'><strong>futuros</strong></span> <span class='ocrx_word' id='word_1_23' title='bbox 2831 584 3069 649; x_wconf 82' lang='lat' dir='ltr'><strong>venerit</strong></span> <span class='ocrx_word' id='word_1_24' title='bbox 3106 605 3257 667; x_wconf 86' lang='lat' dir='ltr'><strong>per·-</strong></span> 
     </span>
     <span class='ocr_line' id='line_1_4' title="bbox 549 672 3261 757; baseline -0.001 -17"><span class='ocrx_word' id='word_1_25' title='bbox 549 692 699 741; x_wconf 87' lang='lat' dir='ltr'><strong>sona</strong></span> <span class='ocrx_word' id='word_1_26' title='bbox 738 674 1051 757; x_wconf 89' lang='lat' dir='ltr'><strong>legittima</strong></span> <span class='ocrx_word' id='word_1_27' title='bbox 1097 692 1236 737; x_wconf 90' lang='lat' dir='ltr'><strong>cum</strong></span> <span class='ocrx_word' id='word_1_28' title='bbox 1283 672 1615 738; x_wconf 75' lang='lat' dir='ltr'><strong>sufficienti</strong></span> <span class='ocrx_word' id='word_1_29' title='bbox 1667 672 1956 738; x_wconf 87' lang='lat' dir='ltr'><strong>mandato</strong></span> <span class='ocrx_word' id='word_1_30' title='bbox 2012 675 2076 738; x_wconf 93' lang='lat' dir='ltr'><strong>et</strong></span> <span class='ocrx_word' id='word_1_31' title='bbox 2119 672 2412 739; x_wconf 87' lang='lat' dir='ltr'><strong>libertate</strong></span> <span class='ocrx_word' id='word_1_32' title='bbox 2456 674 2620 738; x_wconf 87' lang='lat' dir='ltr'><strong>eirca</strong></span> <span class='ocrx_word' id='word_1_33' title='bbox 2664 673 3082 756; x_wconf 76' lang='lat' dir='ltr'><strong>quant-itatem</strong></span> <span class='ocrx_word' id='word_1_34' title='bbox 3131 672 3261 738; x_wconf 84' lang='lat' dir='ltr'><strong>XX</strong></span> 
     </span>
     <span class='ocr_line' id='line_1_5' title="bbox 551 760 3262 844; baseline -0.001 -16"><span class='ocrx_word' id='word_1_35' title='bbox 551 764 752 828; x_wconf 89' lang='lat' dir='ltr'><strong>millia</strong></span> <span class='ocrx_word' id='word_1_36' title='bbox 797 762 1161 827; x_wconf 74' lang='lat' dir='ltr'><strong>ducatorum</strong></span> <span class='ocrx_word' id='word_1_37' title='bbox 1202 762 1644 844; x_wconf 89' lang='lat' dir='ltr'><strong>promissorum</strong></span> <span class='ocrx_word' id='word_1_38' title='bbox 1691 780 1800 844; x_wconf 90' lang='lat' dir='ltr'><strong>pro</strong></span> <span class='ocrx_word' id='word_1_39' title='bbox 1847 760 2123 844; x_wconf 85' lang='lat' dir='ltr'><strong>predicta</strong></span> <span class='ocrx_word' id='word_1_40' title='bbox 2170 762 2393 839; x_wconf 87' lang='lat' dir='ltr'><strong>insula,</strong></span> <span class='ocrx_word' id='word_1_41' title='bbox 2441 762 2713 827; x_wconf 84' lang='lat' dir='ltr'><strong>inveniet</strong></span> <span class='ocrx_word' id='word_1_42' title='bbox 2744 764 3023 826; x_wconf 84' lang='lat' dir='ltr'><strong>nostrum</strong></span> <span class='ocrx_word' id='word_1_43' title='bbox 3054 763 3262 826; x_wconf 86' lang='lat' dir='ltr'><strong>domi·</strong></span> 
     </span>
     <span class='ocr_line' id='line_1_6' title="bbox 554 848 3253 935; baseline -0.001 -18"><span class='ocrx_word' id='word_1_44' title='bbox 554 853 722 917; x_wconf 90' lang='lat' dir='ltr'><strong>nium</strong></span> <span class='ocrx_word' id='word_1_45' title='bbox 772 868 1159 933; x_wconf 76' lang='lat' dir='ltr'><strong>perseverare</strong></span> <span class='ocrx_word' id='word_1_46' title='bbox 1204 850 1267 914; x_wconf 92' lang='lat' dir='ltr'><strong>in</strong></span> <span class='ocrx_word' id='word_1_47' title='bbox 1337 849 1762 932; x_wconf 81' lang='lat' dir='ltr'><strong>promissione,</strong></span> <span class='ocrx_word' id='word_1_48' title='bbox 1831 867 2016 935; x_wconf 89' lang='lat' dir='ltr'><strong>quam</strong></span> <span class='ocrx_word' id='word_1_49' title='bbox 2062 849 2319 915; x_wconf 80' lang='lat' dir='ltr'><strong>fecimus</strong></span> <span class='ocrx_word' id='word_1_50' title='bbox 2369 851 2442 914; x_wconf 92' lang='lat' dir='ltr'><strong>de</strong></span> <span class='ocrx_word' id='word_1_51' title='bbox 2485 848 2671 914; x_wconf 89' lang='lat' dir='ltr'><strong>dictis</strong></span> <span class='ocrx_word' id='word_1_52' title='bbox 2720 849 2840 915; x_wconf 89' lang='lat' dir='ltr'><strong>XX</strong></span> <span class='ocrx_word' id='word_1_53' title='bbox 2885 849 3091 914; x_wconf 87' lang='lat' dir='ltr'><strong>millia</strong></span> <span class='ocrx_word' id='word_1_54' title='bbox 3135 851 3253 914; x_wconf 88' lang='lat' dir='ltr'><strong>du-</strong></span> 
     </span>
     <span class='ocr_line' id='line_1_7' title="bbox 552 936 3258 1021; baseline -0.001 -15"><span class='ocrx_word' id='word_1_55' title='bbox 552 944 847 1006; x_wconf 80' lang='lat' dir='ltr'><strong>catorum.</strong></span> <span class='ocrx_word' id='word_1_56' title='bbox 895 938 975 1003; x_wconf 87' lang='lat' dir='ltr'><strong>Et</strong></span> <span class='ocrx_word' id='word_1_57' title='bbox 1023 939 1169 1021; x_wconf 92' lang='lat' dir='ltr'><strong>quia</strong></span> <span class='ocrx_word' id='word_1_58' title='bbox 1213 956 1331 1003; x_wconf 91' lang='lat' dir='ltr'><strong>non</strong></span> <span class='ocrx_word' id='word_1_59' title='bbox 1380 937 1758 1015; x_wconf 78' lang='lat' dir='ltr'><strong>dubitamus,</strong></span> <span class='ocrx_word' id='word_1_60' title='bbox 1808 937 1968 1021; x_wconf 88' lang='lat' dir='ltr'><strong>quod</strong></span> <span class='ocrx_word' id='word_1_61' title='bbox 2014 936 2135 1021; x_wconf 88' lang='lat' dir='ltr'><strong>ipsi</strong></span> <span class='ocrx_word' id='word_1_62' title='bbox 2175 939 2462 1020; x_wconf 88' lang='lat' dir='ltr'><strong>poterunt</strong></span> <span class='ocrx_word' id='word_1_63' title='bbox 2506 957 2643 1003; x_wconf 87' lang='lat' dir='ltr'><strong>esse</strong></span> <span class='ocrx_word' id='word_1_64' title='bbox 2689 939 2847 1003; x_wconf 88' lang='lat' dir='ltr'><strong>bona</strong></span> <span class='ocrx_word' id='word_1_65' title='bbox 2890 957 3077 1003; x_wconf 87' lang='lat' dir='ltr'><strong>causa</strong></span> <span class='ocrx_word' id='word_1_66' title='bbox 3109 955 3258 1003; x_wconf 85' lang='lat' dir='ltr'><strong>cou-</strong></span> 
     </span>
     <span class='ocr_line' id='line_1_8' title="bbox 553 1025 3259 1111; baseline -0.001 -19"><span class='ocrx_word' id='word_1_67' title='bbox 553 1028 844 1092; x_wconf 87' lang='lat' dir='ltr'><strong>clusionis</strong></span> <span class='ocrx_word' id='word_1_68' title='bbox 889 1026 1074 1091; x_wconf 87' lang='lat' dir='ltr'><strong>huius</strong></span> <span class='ocrx_word' id='word_1_69' title='bbox 1121 1025 1382 1111; x_wconf 81' lang='lat' dir='ltr'><strong>negocii,</strong></span> <span class='ocrx_word' id='word_1_70' title='bbox 1431 1044 1646 1091; x_wconf 89' lang='lat' dir='ltr'><strong>sumus</strong></span> <span class='ocrx_word' id='word_1_71' title='bbox 1690 1027 1963 1092; x_wconf 89' lang='lat' dir='ltr'><strong>contenti</strong></span> <span class='ocrx_word' id='word_1_72' title='bbox 2032 1027 2223 1092; x_wconf 91' lang='lat' dir='ltr'><strong>etiam</strong></span> <span class='ocrx_word' id='word_1_73' title='bbox 2281 1043 2391 1108; x_wconf 87' lang='lat' dir='ltr'><strong>pro</strong></span> <span class='ocrx_word' id='word_1_74' title='bbox 2442 1028 2571 1092; x_wconf 88' lang='lat' dir='ltr'><strong>suis</strong></span> <span class='ocrx_word' id='word_1_75' title='bbox 2615 1025 2931 1092; x_wconf 80' lang='lat' dir='ltr'><strong>laboribus</strong></span> <span class='ocrx_word' id='word_1_76' title='bbox 2979 1029 3045 1091; x_wconf 83' lang='lat' dir='ltr'><strong>et</strong></span> <span class='ocrx_word' id='word_1_77' title='bbox 3090 1027 3259 1091; x_wconf 88' lang='lat' dir='ltr'><strong>bona</strong></span> 
     </span>
     <span class='ocr_line' id='line_1_9' title="bbox 549 1113 3262 1199; baseline -0 -19"><span class='ocrx_word' id='word_1_78' title='bbox 549 1117 864 1182; x_wconf 86' lang='lat' dir='ltr'><strong>voluntate</strong></span> <span class='ocrx_word' id='word_1_79' title='bbox 906 1114 1074 1180; x_wconf 85' lang='lat' dir='ltr'><strong>ultra</strong></span> <span class='ocrx_word' id='word_1_80' title='bbox 1118 1114 1346 1180; x_wconf 88' lang='lat' dir='ltr'><strong>dictam</strong></span> <span class='ocrx_word' id='word_1_81' title='bbox 1397 1115 1839 1199; x_wconf 75' lang='lat' dir='ltr'><strong>quantitatem,</strong></span> <span class='ocrx_word' id='word_1_82' title='bbox 1885 1116 1938 1179; x_wconf 89' lang='lat' dir='ltr'><strong>si</strong></span> <span class='ocrx_word' id='word_1_83' title='bbox 1985 1113 2093 1179; x_wconf 87' lang='lat' dir='ltr'><strong>fiet</strong></span> <span class='ocrx_word' id='word_1_84' title='bbox 2136 1113 2461 1193; x_wconf 84' lang='lat' dir='ltr'><strong>conclusio,</strong></span> <span class='ocrx_word' id='word_1_85' title='bbox 2509 1115 2736 1181; x_wconf 89' lang='lat' dir='ltr'><strong>donare</strong></span> <span class='ocrx_word' id='word_1_86' title='bbox 2765 1116 2856 1180; x_wconf 88' lang='lat' dir='ltr'><strong>eis</strong></span> <span class='ocrx_word' id='word_1_87' title='bbox 2884 1114 3262 1181; x_wconf 80' lang='lat' dir='ltr'><strong>ducatorum</strong></span> 
     </span>
    </p>
   </div>
   <div class='ocr_carea' id='block_1_3' title="bbox 479 1201 2748 1388">
    <p class='ocr_par' dir='ltr' id='par_1_3' title="bbox 479 1201 2748 1388">
     <span class='ocr_line' id='line_1_10' title="bbox 479 1201 2748 1300; baseline -0.001 -31"><span class='ocrx_word' id='word_1_88' title='bbox 479 1293 490 1300; x_wconf 30' lang='grc' dir='ltr'><strong>ο</strong></span> <span class='ocrx_word' id='word_1_89' title='bbox 549 1205 721 1269; x_wconf 91' lang='lat' dir='ltr'><strong>mille</strong></span> <span class='ocrx_word' id='word_1_90' title='bbox 753 1204 888 1269; x_wconf 89' lang='lat' dir='ltr'><strong>auri</strong></span> <span class='ocrx_word' id='word_1_91' title='bbox 934 1202 1096 1268; x_wconf 89' lang='lat' dir='ltr'><strong>inter</strong></span> <span class='ocrx_word' id='word_1_92' title='bbox 1142 1204 1376 1268; x_wconf 87' lang='lat' dir='ltr'><strong>ambos.</strong></span> <span class='ocrx_word' id='word_1_93' title='bbox 1424 1204 1518 1269; x_wconf 88' lang='lat' dir='ltr'><strong>De</strong></span> <span class='ocrx_word' id='word_1_94' title='bbox 1561 1205 1736 1285; x_wconf 85' lang='lat' dir='ltr'><strong>parte</strong></span> <span class='ocrx_word' id='word_1_95' title='bbox 1783 1201 1885 1281; x_wconf 88' lang='lat'><strong>19,</strong></span> <span class='ocrx_word' id='word_1_96' title='bbox 1932 1221 2050 1269; x_wconf 90' lang='lat' dir='ltr'><strong>non</strong></span> <span class='ocrx_word' id='word_1_97' title='bbox 2096 1202 2159 1284; x_wconf 86' lang='lat'><strong>3,</strong></span> <span class='ocrx_word' id='word_1_98' title='bbox 2209 1222 2326 1269; x_wconf 91' lang='lat' dir='ltr'><strong>non</strong></span> <span class='ocrx_word' id='word_1_99' title='bbox 2371 1204 2594 1270; x_wconf 86' lang='lat' dir='ltr'><strong>sinceri</strong></span> <span class='ocrx_word' id='word_1_100' title='bbox 2651 1204 2748 1270; x_wconf 88' lang='lat'><strong>13.</strong></span> 
     </span>
     <span class='ocr_line' id='line_1_11' title="bbox 635 1310 2118 1388; baseline 0.001 -13"><span class='ocrx_word' id='word_1_101' title='bbox 635 1313 873 1375; x_wconf 76' lang='lat' dir='ltr'><strong>Secreta</strong></span> <span class='ocrx_word' id='word_1_102' title='bbox 922 1310 1098 1374; x_wconf 74' lang='lat' dir='ltr'><strong>Gom.</strong></span> <span class='ocrx_word' id='word_1_103' title='bbox 1144 1312 1294 1388; x_wconf 69' lang='lat' dir='ltr'><strong>Ray.</strong></span> <span class='ocrx_word' id='word_1_104' title='bbox 1341 1313 1398 1374; x_wconf 93' lang='lat'><strong>1.</strong></span> <span class='ocrx_word' id='word_1_105' title='bbox 1449 1314 1549 1384; x_wconf 83' lang='lat'><strong>72,</strong></span> <span class='ocrx_word' id='word_1_106' title='bbox 1592 1330 1636 1373; x_wconf 81' lang='lat' dir='ltr'><strong>u</strong></span> <span class='ocrx_word' id='word_1_107' title='bbox 1679 1314 1837 1376; x_wconf 77' lang='lat' dir='ltr'><strong>mlet.</strong></span> <span class='ocrx_word' id='word_1_108' title='bbox 1883 1314 2118 1376; x_wconf 68' lang='lat' dir='ltr'><strong>arbim.</strong></span> 
     </span>
    </p>
   </div>
   <div class='ocr_carea' id='block_1_4' title="bbox 778 1459 3037 1626">
    <p class='ocr_par' dir='ltr' id='par_1_4' title="bbox 778 1459 3037 1626">
     <span class='ocr_line' id='line_1_12' title="bbox 778 1459 3037 1626; baseline -0.003 -37"><span class='ocrx_word' id='word_1_109' title='bbox 778 1503 1289 1589; x_wconf 78' lang='lat' dir='ltr'><strong>ncxxxn.</strong></span> <span class='ocrx_word' id='word_1_110' title='bbox 1342 1502 1547 1590; x_wconf 72' lang='lat' dir='ltr'><strong>eod.</strong></span> <span class='ocrx_word' id='word_1_111' title='bbox 1603 1505 1835 1588; x_wconf 81' lang='lat'><strong>1402.</strong></span> <span class='ocrx_word' id='word_1_112' title='bbox 1887 1505 1983 1588; x_wconf 79' lang='lat'><strong>31</strong></span> <span class='ocrx_word' id='word_1_113' title='bbox 2035 1459 2483 1626; x_wconf 65' lang='lat' dir='ltr'><strong>kolo&#39;voza,</strong></span> <span class='ocrx_word' id='word_1_114' title='bbox 2535 1528 2593 1588; x_wconf 88' lang='lat' dir='ltr'><strong>u</strong></span> <span class='ocrx_word' id='word_1_115' title='bbox 2648 1504 3037 1589; x_wconf 68' lang='lat' dir='ltr'><strong>motem.</strong></span> 
     </span>
    </p>
   </div>
   <div class='ocr_carea' id='block_1_5' title="bbox 539 1649 3261 1888">
    <p class='ocr_par' dir='ltr' id='par_1_5' title="bbox 539 1649 3261 1888">
     <span class='ocr_line' id='line_1_13' title="bbox 539 1649 3261 1728; baseline -0 -18"><span class='ocrx_word' id='word_1_116' title='bbox 539 1649 643 1710; x_wconf 86' lang='lat' dir='ltr'><strong>Na</strong></span> <span class='ocrx_word' id='word_1_117' title='bbox 687 1649 866 1710; x_wconf 64' lang='lat' dir='ltr'><strong>tuibu</strong></span> <span class='ocrx_word' id='word_1_118' title='bbox 909 1650 1098 1709; x_wconf 72' lang='lat' dir='ltr'><strong>lenem</strong></span> <span class='ocrx_word' id='word_1_119' title='bbox 1140 1649 1469 1728; x_wconf 73' lang='lat' dir='ltr'><strong>senjskoqa,</strong></span> <span class='ocrx_word' id='word_1_120' title='bbox 1516 1649 1597 1710; x_wconf 81' lang='lat' dir='ltr'><strong>da</strong></span> <span class='ocrx_word' id='word_1_121' title='bbox 1639 1667 1741 1709; x_wconf 80' lang='lat' dir='ltr'><strong>mu</strong></span> <span class='ocrx_word' id='word_1_122' title='bbox 1793 1650 1980 1726; x_wconf 68' lang='lat' dir='ltr'><strong>yazije</strong></span> <span class='ocrx_word' id='word_1_123' title='bbox 2037 1650 2354 1725; x_wconf 51' lang='grc' dir='ltr'><strong>παραθείη</strong></span> <span class='ocrx_word' id='word_1_124' title='bbox 2419 1650 2604 1711; x_wconf 75' lang='grc' dir='ltr'><strong>υεΖιἹεο</strong></span> <span class='ocrx_word' id='word_1_125' title='bbox 2647 1650 2823 1711; x_wconf 67' lang='lat' dir='ltr'><strong>§leode</strong></span> <span class='ocrx_word' id='word_1_126' title='bbox 2866 1651 3105 1720; x_wconf 74' lang='lat' dir='ltr'><strong>domae,</strong></span> <span class='ocrx_word' id='word_1_127' title='bbox 3152 1650 3261 1710; x_wconf 77' lang='lat' dir='ltr'><strong>od-</strong></span> 
     </span>
     <span class='ocr_line' id='line_1_14' title="bbox 545 1737 3259 1888; baseline 0.001 -91"><span class='ocrx_word' id='word_1_128' title='bbox 545 1755 770 1813; x_wconf 69' lang='lat' dir='ltr'><strong>yovara</strong></span> <span class='ocrx_word' id='word_1_129' title='bbox 814 1738 1143 1812; x_wconf 77' lang='lat' dir='ltr'><strong>republika,</strong></span> <span class='ocrx_word' id='word_1_130' title='bbox 1189 1738 1270 1798; x_wconf 80' lang='lat' dir='ltr'><strong>da</strong></span> <span class='ocrx_word' id='word_1_131' title='bbox 1298 1738 1395 1812; x_wconf 70' lang='lat' dir='ltr'><strong>Joj</strong></span> <span class='ocrx_word' id='word_1_132' title='bbox 1424 1739 1480 1809; x_wconf 70' lang='lat' dir='ltr'><strong>ie</strong></span> <span class='ocrx_word' id='word_1_133' title='bbox 1509 1741 1565 1798; x_wconf 78' lang='lat' dir='ltr'><strong>to</strong></span> <span class='ocrx_word' id='word_1_134' title='bbox 1610 1737 1979 1888; x_wconf 53' lang='grc' dir='ltr'>υεοηιαωίιὲιὲ,</span> <span class='ocrx_word' id='word_1_135' title='bbox 2023 1756 2166 1814; x_wconf 70' lang='lat' dir='ltr'><strong>neqo</strong></span> <span class='ocrx_word' id='word_1_136' title='bbox 2209 1739 2289 1798; x_wconf 82' lang='lat' dir='ltr'><strong>da</strong></span> <span class='ocrx_word' id='word_1_137' title='bbox 2325 1756 2429 1799; x_wconf 77' lang='lat' dir='ltr'><strong>mu</strong></span> <span class='ocrx_word' id='word_1_138' title='bbox 2471 1756 2591 1800; x_wconf 80' lang='lat' dir='ltr'><strong>ona</strong></span> <span class='ocrx_word' id='word_1_139' title='bbox 2633 1757 2676 1798; x_wconf 71' lang='lat' dir='ltr'><strong>u</strong></span> <span class='ocrx_word' id='word_1_140' title='bbox 2722 1743 2838 1800; x_wconf 72' lang='lat' dir='ltr'><strong>tom</strong></span> <span class='ocrx_word' id='word_1_141' title='bbox 2870 1740 3110 1814; x_wconf 64' lang='lat' dir='ltr'><strong>pomerii</strong></span> <span class='ocrx_word' id='word_1_142' title='bbox 3153 1757 3259 1800; x_wconf 75' lang='lat' dir='ltr'><strong>ne—</strong></span> 
     </span>
    </p>
   </div>
   <div class='ocr_carea' id='block_1_6' title="bbox 537 1947 3256 2917">
    <p class='ocr_par' dir='ltr' id='par_1_6' title="bbox 537 1947 3256 2917">
     <span class='ocr_line' id='line_1_15' title="bbox 758 1947 3252 2033; baseline 0 -21"><span class='ocrx_word' id='word_1_143' title='bbox 758 1947 943 2015; x_wconf 81' lang='lat'><strong>1402.</strong></span> <span class='ocrx_word' id='word_1_144' title='bbox 992 1948 1091 2014; x_wconf 91' lang='lat' dir='ltr'><strong>die</strong></span> <span class='ocrx_word' id='word_1_145' title='bbox 1136 1948 1356 2015; x_wconf 90' lang='lat' dir='ltr'><strong>ultimo</strong></span> <span class='ocrx_word' id='word_1_146' title='bbox 1401 1950 1671 2033; x_wconf 87' lang='lat' dir='ltr'><strong>augusti.</strong></span> <span class='ocrx_word' id='word_1_147' title='bbox 1717 1948 2039 2033; x_wconf 85' lang='lat' dir='ltr'><strong>Sapientes</strong></span> <span class='ocrx_word' id='word_1_148' title='bbox 2086 1948 2325 2014; x_wconf 89' lang='lat' dir='ltr'><strong>consilii</strong></span> <span class='ocrx_word' id='word_1_149' title='bbox 2364 1950 2429 2014; x_wconf 88' lang='lat' dir='ltr'><strong>et</strong></span> <span class='ocrx_word' id='word_1_150' title='bbox 2471 1950 2775 2015; x_wconf 88' lang='lat' dir='ltr'><strong>ordinum.</strong></span> <span class='ocrx_word' id='word_1_151' title='bbox 2820 1948 3051 2032; x_wconf 84' lang='lat' dir='ltr'><strong>Capta:</strong></span> <span class='ocrx_word' id='word_1_152' title='bbox 3102 1968 3252 2014; x_wconf 90' lang='lat' dir='ltr'><strong>cum</strong></span> 
     </span>
     <span class='ocr_line' id='line_1_16' title="bbox 550 2038 3253 2122; baseline -0.001 -19"><span class='ocrx_word' id='word_1_153' title='bbox 550 2038 913 2121; x_wconf 88' lang='lat' dir='ltr'><strong>magnificus</strong></span> <span class='ocrx_word' id='word_1_154' title='bbox 959 2039 1245 2102; x_wconf 89' lang='lat' dir='ltr'><strong>dominus</strong></span> <span class='ocrx_word' id='word_1_155' title='bbox 1290 2055 1494 2102; x_wconf 88' lang='lat' dir='ltr'><strong>comes</strong></span> <span class='ocrx_word' id='word_1_156' title='bbox 1543 2039 1744 2122; x_wconf 86' lang='lat' dir='ltr'><strong>Segne</strong></span> <span class='ocrx_word' id='word_1_157' title='bbox 1789 2058 1899 2121; x_wconf 87' lang='lat' dir='ltr'><strong>per</strong></span> <span class='ocrx_word' id='word_1_158' title='bbox 1922 2055 2065 2103; x_wconf 91' lang='lat' dir='ltr'><strong>suos</strong></span> <span class='ocrx_word' id='word_1_159' title='bbox 2095 2039 2541 2103; x_wconf 83' lang='lat' dir='ltr'><strong>ambaxiatores</strong></span> <span class='ocrx_word' id='word_1_160' title='bbox 2576 2038 2751 2102; x_wconf 89' lang='lat' dir='ltr'><strong>nobis</strong></span> <span class='ocrx_word' id='word_1_161' title='bbox 2782 2038 3253 2119; x_wconf 79' lang='lat' dir='ltr'><strong>significaverit,</strong></span> 
     </span>
     <span class='ocr_line' id='line_1_17' title="bbox 548 2125 3256 2210; baseline -0.001 -19"><span class='ocrx_word' id='word_1_162' title='bbox 548 2127 755 2210; x_wconf 88' lang='lat' dir='ltr'><strong>galeas</strong></span> <span class='ocrx_word' id='word_1_163' title='bbox 799 2126 1033 2191; x_wconf 91' lang='lat' dir='ltr'><strong>domini</strong></span> <span class='ocrx_word' id='word_1_164' title='bbox 1080 2127 1246 2209; x_wconf 87' lang='lat' dir='ltr'><strong>regis</strong></span> <span class='ocrx_word' id='word_1_165' title='bbox 1290 2125 1569 2191; x_wconf 87' lang='lat' dir='ltr'><strong>Ladislai</strong></span> <span class='ocrx_word' id='word_1_166' title='bbox 1617 2127 1903 2192; x_wconf 88' lang='lat' dir='ltr'><strong>intulisse</strong></span> <span class='ocrx_word' id='word_1_167' title='bbox 1948 2126 2121 2203; x_wconf 86' lang='lat' dir='ltr'><strong>locis,</strong></span> <span class='ocrx_word' id='word_1_168' title='bbox 2166 2126 2353 2191; x_wconf 87' lang='lat' dir='ltr'><strong>terris</strong></span> <span class='ocrx_word' id='word_1_169' title='bbox 2399 2128 2466 2191; x_wconf 88' lang='lat' dir='ltr'><strong>et</strong></span> <span class='ocrx_word' id='word_1_170' title='bbox 2532 2127 2799 2192; x_wconf 89' lang='lat' dir='ltr'><strong>subditis</strong></span> <span class='ocrx_word' id='word_1_171' title='bbox 2846 2125 2974 2190; x_wconf 87' lang='lat' dir='ltr'><strong>suis</strong></span> <span class='ocrx_word' id='word_1_172' title='bbox 3022 2143 3256 2209; x_wconf 88' lang='lat' dir='ltr'><strong>magna</strong></span> 
     </span>
     <span class='ocr_line' id='line_1_18' title="bbox 542 2214 3252 2299; baseline -0 -19"><span class='ocrx_word' id='word_1_173' title='bbox 542 2217 785 2292; x_wconf 86' lang='lat' dir='ltr'><strong>damna,</strong></span> <span class='ocrx_word' id='word_1_174' title='bbox 838 2216 903 2278; x_wconf 89' lang='lat' dir='ltr'><strong>et</strong></span> <span class='ocrx_word' id='word_1_175' title='bbox 969 2217 1145 2298; x_wconf 89' lang='lat' dir='ltr'><strong>roget</strong></span> <span class='ocrx_word' id='word_1_176' title='bbox 1203 2233 1334 2290; x_wconf 91' lang='lat' dir='ltr'><strong>nos,</strong></span> <span class='ocrx_word' id='word_1_177' title='bbox 1398 2214 1556 2297; x_wconf 90' lang='lat' dir='ltr'><strong>quod</strong></span> <span class='ocrx_word' id='word_1_178' title='bbox 1617 2216 1862 2298; x_wconf 84' lang='lat' dir='ltr'><strong>placeat</strong></span> <span class='ocrx_word' id='word_1_179' title='bbox 1927 2215 2248 2299; x_wconf 89' lang='lat' dir='ltr'><strong>providere</strong></span> <span class='ocrx_word' id='word_1_180' title='bbox 2293 2214 2639 2297; x_wconf 86' lang='lat' dir='ltr'><strong>superinde,</strong></span> <span class='ocrx_word' id='word_1_181' title='bbox 2690 2215 2833 2298; x_wconf 88' lang='lat' dir='ltr'><strong>quia</strong></span> <span class='ocrx_word' id='word_1_182' title='bbox 2878 2217 3139 2296; x_wconf 88' lang='lat' dir='ltr'><strong>reputat</strong></span> <span class='ocrx_word' id='word_1_183' title='bbox 3185 2233 3252 2279; x_wconf 88' lang='lat' dir='ltr'><strong>se</strong></span> 
     </span>
     <span class='ocr_line' id='line_1_19' title="bbox 541 2301 3251 2386; baseline -0.001 -18"><span class='ocrx_word' id='word_1_184' title='bbox 541 2304 739 2369; x_wconf 88' lang='lat' dir='ltr'><strong>filium</strong></span> <span class='ocrx_word' id='word_1_185' title='bbox 788 2306 1062 2367; x_wconf 88' lang='lat' dir='ltr'><strong>nostrum</strong></span> <span class='ocrx_word' id='word_1_186' title='bbox 1111 2304 1278 2378; x_wconf 69' lang='lat' dir='ltr'><strong>etos:</strong></span> <span class='ocrx_word' id='word_1_187' title='bbox 1326 2301 1500 2367; x_wconf 86' lang='lat' dir='ltr'><strong>vadit</strong></span> <span class='ocrx_word' id='word_1_188' title='bbox 1543 2322 1703 2385; x_wconf 91' lang='lat' dir='ltr'><strong>pars,</strong></span> <span class='ocrx_word' id='word_1_189' title='bbox 1754 2303 1912 2386; x_wconf 88' lang='lat' dir='ltr'><strong>quod</strong></span> <span class='ocrx_word' id='word_1_190' title='bbox 1957 2304 2400 2385; x_wconf 89' lang='lat' dir='ltr'><strong>respondeatur</strong></span> <span class='ocrx_word' id='word_1_191' title='bbox 2466 2303 2650 2367; x_wconf 87' lang='lat' dir='ltr'><strong>dictis</strong></span> <span class='ocrx_word' id='word_1_192' title='bbox 2693 2302 3251 2380; x_wconf 74' lang='lat' dir='ltr'><strong>ambaxiatoribu3‚</strong></span> 
     </span>
     <span class='ocr_line' id='line_1_20' title="bbox 539 2390 3250 2475; baseline -0 -20"><span class='ocrx_word' id='word_1_193' title='bbox 539 2392 699 2474; x_wconf 90' lang='lat' dir='ltr'><strong>quod</strong></span> <span class='ocrx_word' id='word_1_194' title='bbox 745 2392 917 2456; x_wconf 87' lang='lat' dir='ltr'><strong>nobis</strong></span> <span class='ocrx_word' id='word_1_195' title='bbox 957 2390 1246 2473; x_wconf 86' lang='lat' dir='ltr'><strong>displicet</strong></span> <span class='ocrx_word' id='word_1_196' title='bbox 1285 2393 1348 2455; x_wconf 84' lang='lat' dir='ltr'><strong>et</strong></span> <span class='ocrx_word' id='word_1_197' title='bbox 1392 2391 1657 2456; x_wconf 91' lang='lat' dir='ltr'><strong>multum</strong></span> <span class='ocrx_word' id='word_1_198' title='bbox 1706 2394 1942 2475; x_wconf 84' lang='lat' dir='ltr'><strong>gravat,</strong></span> <span class='ocrx_word' id='word_1_199' title='bbox 1992 2392 2045 2457; x_wconf 86' lang='lat' dir='ltr'><strong>si</strong></span> <span class='ocrx_word' id='word_1_200' title='bbox 2091 2392 2189 2456; x_wconf 88' lang='lat' dir='ltr'><strong>est</strong></span> <span class='ocrx_word' id='word_1_201' title='bbox 2232 2391 2476 2456; x_wconf 89' lang='lat' dir='ltr'><strong>illatum</strong></span> <span class='ocrx_word' id='word_1_202' title='bbox 2512 2391 2662 2456; x_wconf 84' lang='lat' dir='ltr'><strong>locis</strong></span> <span class='ocrx_word' id='word_1_203' title='bbox 2706 2394 2770 2455; x_wconf 89' lang='lat' dir='ltr'><strong>et</strong></span> <span class='ocrx_word' id='word_1_204' title='bbox 2813 2392 3079 2455; x_wconf 87' lang='lat' dir='ltr'><strong>subditis</strong></span> <span class='ocrx_word' id='word_1_205' title='bbox 3110 2394 3250 2457; x_wconf 86' lang='lat' dir='ltr'><strong>suis</strong></span> 
     </span>
     <span class='ocr_line' id='line_1_21' title="bbox 540 2478 3247 2564; baseline 0 -21"><span class='ocrx_word' id='word_1_206' title='bbox 540 2499 647 2562; x_wconf 89' lang='lat' dir='ltr'><strong>per</strong></span> <span class='ocrx_word' id='word_1_207' title='bbox 694 2478 895 2544; x_wconf 88' lang='lat' dir='ltr'><strong>dictas</strong></span> <span class='ocrx_word' id='word_1_208' title='bbox 943 2480 1156 2561; x_wconf 85' lang='lat' dir='ltr'><strong>galeas</strong></span> <span class='ocrx_word' id='word_1_209' title='bbox 1202 2478 1453 2562; x_wconf 85' lang='lat' dir='ltr'><strong>aliquod</strong></span> <span class='ocrx_word' id='word_1_210' title='bbox 1501 2480 1792 2544; x_wconf 92' lang='lat' dir='ltr'><strong>damnum</strong></span> <span class='ocrx_word' id='word_1_211' title='bbox 1843 2480 1939 2545; x_wconf 85' lang='lat' dir='ltr'><strong>vel</strong></span> <span class='ocrx_word' id='word_1_212' title='bbox 1987 2479 2233 2555; x_wconf 86' lang='lat' dir='ltr'><strong>iniuria,</strong></span> <span class='ocrx_word' id='word_1_213' title='bbox 2270 2479 2414 2562; x_wconf 92' lang='lat' dir='ltr'><strong>quia</strong></span> <span class='ocrx_word' id='word_1_214' title='bbox 2460 2479 2777 2564; x_wconf 89' lang='lat' dir='ltr'><strong>diligimus</strong></span> <span class='ocrx_word' id='word_1_215' title='bbox 2823 2479 3060 2543; x_wconf 85' lang='lat' dir='ltr'><strong>dictum</strong></span> <span class='ocrx_word' id='word_1_216' title='bbox 3110 2497 3247 2544; x_wconf 86' lang='lat' dir='ltr'><strong>ma·</strong></span> 
     </span>
     <span class='ocr_line' id='line_1_22' title="bbox 537 2567 3251 2653; baseline -0 -22"><span class='ocrx_word' id='word_1_217' title='bbox 537 2568 831 2652; x_wconf 87' lang='lat' dir='ltr'><strong>gnificum</strong></span> <span class='ocrx_word' id='word_1_218' title='bbox 881 2567 1194 2634; x_wconf 90' lang='lat' dir='ltr'><strong>dominum</strong></span> <span class='ocrx_word' id='word_1_219' title='bbox 1238 2569 1531 2653; x_wconf 88' lang='lat' dir='ltr'><strong>tauquam</strong></span> <span class='ocrx_word' id='word_1_220' title='bbox 1579 2568 1852 2633; x_wconf 90' lang='lat' dir='ltr'><strong>amicum</strong></span> <span class='ocrx_word' id='word_1_221' title='bbox 1902 2570 2180 2632; x_wconf 88' lang='lat' dir='ltr'><strong>nostrum</strong></span> <span class='ocrx_word' id='word_1_222' title='bbox 2227 2568 2637 2641; x_wconf 83' lang='lat' dir='ltr'><strong>carissimum,</strong></span> <span class='ocrx_word' id='word_1_223' title='bbox 2684 2568 2748 2631; x_wconf 85' lang='lat' dir='ltr'><strong>et</strong></span> <span class='ocrx_word' id='word_1_224' title='bbox 2792 2568 2954 2651; x_wconf 90' lang='lat' dir='ltr'><strong>quod</strong></span> <span class='ocrx_word' id='word_1_225' title='bbox 2998 2586 3122 2632; x_wconf 86' lang='lat' dir='ltr'><strong>non</strong></span> <span class='ocrx_word' id='word_1_226' title='bbox 3160 2568 3251 2630; x_wconf 81' lang='lat' dir='ltr'><strong>vi-</strong></span> 
     </span>
     <span class='ocr_line' id='line_1_23' title="bbox 541 2655 3253 2741; baseline 0 -20"><span class='ocrx_word' id='word_1_227' title='bbox 541 2658 777 2735; x_wconf 89' lang='lat' dir='ltr'><strong>demus,</strong></span> <span class='ocrx_word' id='word_1_228' title='bbox 828 2658 986 2740; x_wconf 88' lang='lat' dir='ltr'><strong>quod</strong></span> <span class='ocrx_word' id='word_1_229' title='bbox 1034 2675 1140 2738; x_wconf 88' lang='lat' dir='ltr'><strong>per</strong></span> <span class='ocrx_word' id='word_1_230' title='bbox 1185 2675 1297 2723; x_wconf 89' lang='lat' dir='ltr'><strong>nos</strong></span> <span class='ocrx_word' id='word_1_231' title='bbox 1345 2657 1580 2740; x_wconf 88' lang='lat' dir='ltr'><strong>aliquid</strong></span> <span class='ocrx_word' id='word_1_232' title='bbox 1627 2658 1822 2740; x_wconf 87' lang='lat' dir='ltr'><strong>possit</strong></span> <span class='ocrx_word' id='word_1_233' title='bbox 1867 2656 2018 2735; x_wconf 86' lang='lat' dir='ltr'><strong>fieri,</strong></span> <span class='ocrx_word' id='word_1_234' title='bbox 2067 2655 2174 2721; x_wconf 89' lang='lat' dir='ltr'><strong>sed</strong></span> <span class='ocrx_word' id='word_1_235' title='bbox 2232 2674 2343 2722; x_wconf 87' lang='lat' dir='ltr'><strong>sua</strong></span> <span class='ocrx_word' id='word_1_236' title='bbox 2414 2657 2884 2741; x_wconf 87' lang='lat' dir='ltr'><strong>magnificentia</strong></span> <span class='ocrx_word' id='word_1_237' title='bbox 2950 2656 3141 2721; x_wconf 87' lang='lat' dir='ltr'><strong>debet</strong></span> <span class='ocrx_word' id='word_1_238' title='bbox 3187 2676 3253 2721; x_wconf 85' lang='lat' dir='ltr'><strong>se</strong></span> 
     </span>
     <span class='ocr_line' id='line_1_24' title="bbox 540 2744 3252 2829; baseline 0 -19"><span class='ocrx_word' id='word_1_239' title='bbox 540 2744 793 2810; x_wconf 89' lang='lat' dir='ltr'><strong>reddere</strong></span> <span class='ocrx_word' id='word_1_240' title='bbox 839 2745 1279 2823; x_wconf 88' lang='lat' dir='ltr'><strong>certissimam,</strong></span> <span class='ocrx_word' id='word_1_241' title='bbox 1326 2746 1486 2829; x_wconf 88' lang='lat' dir='ltr'><strong>quod</strong></span> <span class='ocrx_word' id='word_1_242' title='bbox 1525 2746 1718 2810; x_wconf 83' lang='lat' dir='ltr'><strong>nobis&#39;</strong></span> <span class='ocrx_word' id='word_1_243' title='bbox 1749 2745 2041 2826; x_wconf 89' lang='lat' dir='ltr'><strong>displicet</strong></span> <span class='ocrx_word' id='word_1_244' title='bbox 2086 2750 2150 2809; x_wconf 92' lang='lat' dir='ltr'><strong>et</strong></span> <span class='ocrx_word' id='word_1_245' title='bbox 2191 2744 2550 2828; x_wconf 87' lang='lat' dir='ltr'><strong>displiceret</strong></span> <span class='ocrx_word' id='word_1_246' title='bbox 2597 2764 2858 2828; x_wconf 91' lang='lat' dir='ltr'><strong>semper,</strong></span> <span class='ocrx_word' id='word_1_247' title='bbox 2891 2745 3052 2828; x_wconf 90' lang='lat' dir='ltr'><strong>quod</strong></span> <span class='ocrx_word' id='word_1_248' title='bbox 3085 2745 3252 2810; x_wconf 83' lang='lat' dir='ltr'><strong>dicte</strong></span> 
     </span>
     <span class='ocr_line' id='line_1_25' title="bbox 541 2832 3249 2917; baseline -0 -20"><span class='ocrx_word' id='word_1_249' title='bbox 541 2833 719 2917; x_wconf 92' lang='lat' dir='ltr'><strong>galee</strong></span> <span class='ocrx_word' id='word_1_250' title='bbox 767 2832 1032 2899; x_wconf 81' lang='lat' dir='ltr'><strong>inferent</strong></span> <span class='ocrx_word' id='word_1_251' title='bbox 1078 2833 1140 2898; x_wconf 90' lang='lat' dir='ltr'><strong>in</strong></span> <span class='ocrx_word' id='word_1_252' title='bbox 1187 2835 1301 2899; x_wconf 89' lang='lat' dir='ltr'><strong>hoc</strong></span> <span class='ocrx_word' id='word_1_253' title='bbox 1347 2833 1542 2917; x_wconf 89' lang='lat' dir='ltr'><strong>cupho</strong></span> <span class='ocrx_word' id='word_1_254' title='bbox 1588 2834 1859 2917; x_wconf 86' lang='lat' dir='ltr'><strong>aliquam</strong></span> <span class='ocrx_word' id='word_1_255' title='bbox 1905 2832 2194 2898; x_wconf 89' lang='lat' dir='ltr'><strong>iniuriam</strong></span> <span class='ocrx_word' id='word_1_256' title='bbox 2243 2835 2341 2900; x_wconf 85' lang='lat' dir='ltr'><strong>vel</strong></span> <span class='ocrx_word' id='word_1_257' title='bbox 2388 2836 2721 2900; x_wconf 83' lang='lat' dir='ltr'><strong>novitatem</strong></span> <span class='ocrx_word' id='word_1_258' title='bbox 2767 2833 2886 2898; x_wconf 89' lang='lat' dir='ltr'><strong>sibi</strong></span> <span class='ocrx_word' id='word_1_259' title='bbox 2921 2834 3013 2898; x_wconf 86' lang='lat' dir='ltr'><strong>vel</strong></span> <span class='ocrx_word' id='word_1_260' title='bbox 3059 2833 3249 2898; x_wconf 89' lang='lat' dir='ltr'><strong>alicui</strong></span> 
     </span>
    </p>
   </div>
   <div class='ocr_carea' id='block_1_7' title="bbox 548 2919 2176 3110">
    <p class='ocr_par' dir='ltr' id='par_1_7' title="bbox 548 2919 2176 3110">
     <span class='ocr_line' id='line_1_26' title="bbox 548 2919 2176 3011; baseline -0.001 -23"><span class='ocrx_word' id='word_1_261' title='bbox 548 2923 747 2988; x_wconf 89' lang='lat' dir='ltr'><strong>alteri.</strong></span> <span class='ocrx_word' id='word_1_262' title='bbox 801 2921 894 2987; x_wconf 89' lang='lat' dir='ltr'><strong>De</strong></span> <span class='ocrx_word' id='word_1_263' title='bbox 940 2925 1117 3005; x_wconf 87' lang='lat' dir='ltr'><strong>parte</strong></span> <span class='ocrx_word' id='word_1_264' title='bbox 1164 2922 1270 3000; x_wconf 83' lang='lat'><strong>62,</strong></span> <span class='ocrx_word' id='word_1_265' title='bbox 1315 2939 1431 3011; x_wconf 82' lang='lat' dir='ltr'><strong>npn</strong></span> <span class='ocrx_word' id='word_1_266' title='bbox 1479 2919 1583 3003; x_wconf 88' lang='lat'><strong>32,</strong></span> <span class='ocrx_word' id='word_1_267' title='bbox 1633 2940 1754 2986; x_wconf 94' lang='lat' dir='ltr'><strong>non</strong></span> <span class='ocrx_word' id='word_1_268' title='bbox 1800 2921 2026 3006; x_wconf 86' lang='lat' dir='ltr'><strong>sinceri</strong></span> <span class='ocrx_word' id='word_1_269' title='bbox 2076 2921 2176 2987; x_wconf 82' lang='lat'><strong>12.</strong></span> 
     </span>
     <span class='ocr_line' id='line_1_27' title="bbox 621 3027 2110 3110; baseline -0.002 -16"><span class='ocrx_word' id='word_1_270' title='bbox 621 3032 863 3094; x_wconf 75' lang='lat' dir='ltr'><strong>Secreta</strong></span> <span class='ocrx_word' id='word_1_271' title='bbox 908 3031 1083 3093; x_wconf 81' lang='lat' dir='ltr'><strong>Cons.</strong></span> <span class='ocrx_word' id='word_1_272' title='bbox 1128 3029 1280 3107; x_wconf 68' lang='grc' dir='ltr'><strong>Καρ.</strong></span> <span class='ocrx_word' id='word_1_273' title='bbox 1330 3027 1384 3091; x_wconf 93' lang='grc' dir='ltr'><strong>Ι.</strong></span> <span class='ocrx_word' id='word_1_274' title='bbox 1435 3032 1538 3110; x_wconf 78' lang='lat'><strong>72,</strong></span> <span class='ocrx_word' id='word_1_275' title='bbox 1585 3049 1626 3090; x_wconf 82' lang='lat' dir='ltr'><strong>u</strong></span> <span class='ocrx_word' id='word_1_276' title='bbox 1673 3031 1827 3091; x_wconf 81' lang='lat' dir='ltr'><strong>mlet.</strong></span> <span class='ocrx_word' id='word_1_277' title='bbox 1875 3031 2110 3091; x_wconf 78' lang='lat' dir='ltr'><strong>arkivu.</strong></span> 
     </span>
    </p>
   </div>
   <div class='ocr_carea' id='block_1_8' title="bbox 809 3220 2968 3325">
    <p class='ocr_par' dir='ltr' id='par_1_8' title="bbox 809 3220 2968 3325">
     <span class='ocr_line' id='line_1_28' title="bbox 809 3220 2968 3325; baseline 0 -20"><span class='ocrx_word' id='word_1_278' title='bbox 809 3221 1376 3305; x_wconf 83' lang='lat' dir='ltr'><strong>DCXXXIII.</strong></span> <span class='ocrx_word' id='word_1_279' title='bbox 1431 3222 1632 3305; x_wconf 64' lang='lat'><strong>(3011.</strong></span> <span class='ocrx_word' id='word_1_280' title='bbox 1690 3220 1920 3304; x_wconf 80' lang='lat'><strong>1402.</strong></span> <span class='ocrx_word' id='word_1_281' title='bbox 1971 3220 2070 3305; x_wconf 77' lang='lat'><strong>22</strong></span> <span class='ocrx_word' id='word_1_282' title='bbox 2124 3224 2404 3325; x_wconf 65' lang='lat' dir='ltr'><strong>ruma,</strong></span> <span class='ocrx_word' id='word_1_283' title='bbox 2458 3243 2519 3303; x_wconf 87' lang='lat' dir='ltr'><strong>u</strong></span> <span class='ocrx_word' id='word_1_284' title='bbox 2578 3221 2968 3305; x_wconf 78' lang='lat' dir='ltr'><strong>Mletcih.</strong></span> 
     </span>
    </p>
   </div>
   <div class='ocr_carea' id='block_1_9' title="bbox 531 3362 3248 4050">
    <p class='ocr_par' dir='ltr' id='par_1_9' title="bbox 531 3362 3248 4050">
     <span class='ocr_line' id='line_1_29' title="bbox 744 3362 3240 3448; baseline -0.002 -17"><span class='ocrx_word' id='word_1_285' title='bbox 744 3365 900 3431; x_wconf 87' lang='lat' dir='ltr'><strong>Cum</strong></span> <span class='ocrx_word' id='word_1_286' title='bbox 947 3365 1195 3448; x_wconf 89' lang='lat' dir='ltr'><strong>quidam</strong></span> <span class='ocrx_word' id='word_1_287' title='bbox 1243 3362 1554 3446; x_wconf 87' lang='lat' dir='ltr'><strong>Gasparus</strong></span> <span class='ocrx_word' id='word_1_288' title='bbox 1600 3363 1911 3447; x_wconf 90' lang='lat' dir='ltr'><strong>quondam</strong></span> <span class='ocrx_word' id='word_1_289' title='bbox 1959 3364 2131 3428; x_wconf 89' lang='lat' dir='ltr'><strong>Petri</strong></span> <span class='ocrx_word' id='word_1_290' title='bbox 2177 3362 2363 3429; x_wconf 90' lang='lat' dir='ltr'><strong>Come</strong></span> <span class='ocrx_word' id='word_1_291' title='bbox 2418 3364 2494 3429; x_wconf 91' lang='lat' dir='ltr'><strong>de</strong></span> <span class='ocrx_word' id='word_1_292' title='bbox 2554 3362 2761 3429; x_wconf 87' lang='lat' dir='ltr'><strong>Comis</strong></span> <span class='ocrx_word' id='word_1_293' title='bbox 2829 3363 2905 3428; x_wconf 87' lang='lat' dir='ltr'><strong>de</strong></span> <span class='ocrx_word' id='word_1_294' title='bbox 2960 3364 3240 3446; x_wconf 84' lang='lat' dir='ltr'><strong>Spalato,</strong></span> 
     </span>
     <span class='ocr_line' id='line_1_30' title="bbox 536 3450 3247 3536; baseline -0.001 -17"><span class='ocrx_word' id='word_1_295' title='bbox 536 3454 811 3520; x_wconf 85' lang='lat' dir='ltr'><strong>exititius</strong></span> <span class='ocrx_word' id='word_1_296' title='bbox 849 3457 912 3519; x_wconf 89' lang='lat' dir='ltr'><strong>et</strong></span> <span class='ocrx_word' id='word_1_297' title='bbox 958 3452 1204 3518; x_wconf 83' lang='lat' dir='ltr'><strong>abitans</strong></span> <span class='ocrx_word' id='word_1_298' title='bbox 1251 3454 1311 3516; x_wconf 89' lang='lat' dir='ltr'><strong>in</strong></span> <span class='ocrx_word' id='word_1_299' title='bbox 1337 3451 1656 3536; x_wconf 80' lang='lat' dir='ltr'><strong>TraguriO,</strong></span> <span class='ocrx_word' id='word_1_300' title='bbox 1697 3452 2115 3517; x_wconf 83' lang='lat' dir='ltr'><strong>derobavisset</strong></span> <span class='ocrx_word' id='word_1_301' title='bbox 2153 3455 2394 3517; x_wconf 91' lang='lat' dir='ltr'><strong>nostros</strong></span> <span class='ocrx_word' id='word_1_302' title='bbox 2438 3452 2715 3518; x_wconf 88' lang='lat' dir='ltr'><strong>subditos</strong></span> <span class='ocrx_word' id='word_1_303' title='bbox 2745 3454 2809 3516; x_wconf 86' lang='lat' dir='ltr'><strong>in</strong></span> <span class='ocrx_word' id='word_1_304' title='bbox 2859 3451 3062 3518; x_wconf 87' lang='lat' dir='ltr'><strong>valore</strong></span> <span class='ocrx_word' id='word_1_305' title='bbox 3110 3450 3247 3517; x_wconf 85' lang='lat'><strong>500</strong></span> 
     </span>
     <span class='ocr_line' id='line_1_31' title="bbox 535 3538 3248 3624; baseline -0.001 -16"><span class='ocrx_word' id='word_1_306' title='bbox 535 3543 764 3620; x_wconf 88' lang='lat' dir='ltr'><strong>ducat.,</strong></span> <span class='ocrx_word' id='word_1_307' title='bbox 817 3545 880 3607; x_wconf 92' lang='lat' dir='ltr'><strong>et</strong></span> <span class='ocrx_word' id='word_1_308' title='bbox 924 3540 1254 3624; x_wconf 82' lang='lat' dir='ltr'><strong>Tragurini</strong></span> <span class='ocrx_word' id='word_1_309' title='bbox 1301 3542 1376 3604; x_wconf 89' lang='lat' dir='ltr'><strong>ad</strong></span> <span class='ocrx_word' id='word_1_310' title='bbox 1423 3541 1784 3604; x_wconf 84' lang='lat' dir='ltr'><strong>instantiam</strong></span> <span class='ocrx_word' id='word_1_311' title='bbox 1834 3540 2051 3605; x_wconf 87' lang='lat' dir='ltr'><strong>Jacobi</strong></span> <span class='ocrx_word' id='word_1_312' title='bbox 2100 3538 2387 3606; x_wconf 86' lang='lat' dir='ltr'><strong>Ceruario</strong></span> <span class='ocrx_word' id='word_1_313' title='bbox 2435 3542 2740 3623; x_wconf 89' lang='lat' dir='ltr'><strong>capitanei</strong></span> <span class='ocrx_word' id='word_1_314' title='bbox 2803 3541 3022 3606; x_wconf 86' lang='lat' dir='ltr'><strong>Istriae</strong></span> <span class='ocrx_word' id='word_1_315' title='bbox 3069 3560 3248 3606; x_wconf 88' lang='lat' dir='ltr'><strong>recu-</strong></span> 
     </span>
     <span class='ocr_line' id='line_1_32' title="bbox 535 3628 3245 3711; baseline -0.001 -14"><span class='ocrx_word' id='word_1_316' title='bbox 535 3631 839 3697; x_wconf 85' lang='lat' dir='ltr'><strong>savissent</strong></span> <span class='ocrx_word' id='word_1_317' title='bbox 886 3628 1241 3695; x_wconf 86' lang='lat' dir='ltr'><strong>satisfacere</strong></span> <span class='ocrx_word' id='word_1_318' title='bbox 1287 3629 1420 3709; x_wconf 85' lang='lat' dir='ltr'><strong>ipsa</strong></span> <span class='ocrx_word' id='word_1_319' title='bbox 1469 3629 1712 3706; x_wconf 89' lang='lat' dir='ltr'><strong>damna,</strong></span> <span class='ocrx_word' id='word_1_320' title='bbox 1761 3629 1906 3711; x_wconf 90' lang='lat' dir='ltr'><strong>quia</strong></span> <span class='ocrx_word' id='word_1_321' title='bbox 1951 3630 2083 3711; x_wconf 90' lang='lat' dir='ltr'><strong>ipse</strong></span> <span class='ocrx_word' id='word_1_322' title='bbox 2127 3628 2440 3711; x_wconf 85' lang='lat' dir='ltr'><strong>Gasparus</strong></span> <span class='ocrx_word' id='word_1_323' title='bbox 2501 3630 2686 3695; x_wconf 89' lang='lat' dir='ltr'><strong>habet</strong></span> <span class='ocrx_word' id='word_1_324' title='bbox 2747 3628 2977 3695; x_wconf 89' lang='lat' dir='ltr'><strong>multos</strong></span> <span class='ocrx_word' id='word_1_325' title='bbox 3020 3629 3245 3693; x_wconf 76' lang='lat' dir='ltr'><strong>affines</strong></span> 
     </span>
     <span class='ocr_line' id='line_1_33' title="bbox 534 3716 3243 3803; baseline -0.001 -19"><span class='ocrx_word' id='word_1_326' title='bbox 534 3720 595 3784; x_wconf 90' lang='lat' dir='ltr'><strong>in</strong></span> <span class='ocrx_word' id='word_1_327' title='bbox 639 3718 960 3803; x_wconf 85' lang='lat' dir='ltr'><strong>Tragurio,</strong></span> <span class='ocrx_word' id='word_1_328' title='bbox 1010 3722 1206 3800; x_wconf 87' lang='lat' dir='ltr'><strong>capta,</strong></span> <span class='ocrx_word' id='word_1_329' title='bbox 1257 3719 1410 3799; x_wconf 89' lang='lat' dir='ltr'><strong>quod</strong></span> <span class='ocrx_word' id='word_1_330' title='bbox 1460 3717 1819 3798; x_wconf 88' lang='lat' dir='ltr'><strong>capitaneus</strong></span> <span class='ocrx_word' id='word_1_331' title='bbox 1862 3716 2072 3801; x_wconf 89' lang='lat' dir='ltr'><strong>culphi</strong></span> <span class='ocrx_word' id='word_1_332' title='bbox 2120 3719 2224 3781; x_wconf 89' lang='lat' dir='ltr'><strong>eat</strong></span> <span class='ocrx_word' id='word_1_333' title='bbox 2264 3717 2632 3802; x_wconf 80' lang='lat' dir='ltr'><strong>Tragurium</strong></span> <span class='ocrx_word' id='word_1_334' title='bbox 2682 3719 2758 3781; x_wconf 86' lang='lat' dir='ltr'><strong>ad</strong></span> <span class='ocrx_word' id='word_1_335' title='bbox 2805 3716 3243 3800; x_wconf 86' lang='lat' dir='ltr'><strong>postulandam</strong></span> 
     </span>
     <span class='ocr_line' id='line_1_34' title="bbox 535 3806 3243 3888; baseline -0.001 -15"><span class='ocrx_word' id='word_1_336' title='bbox 535 3808 1023 3873; x_wconf 82' lang='lat' dir='ltr'><strong>emendationem</strong></span> <span class='ocrx_word' id='word_1_337' title='bbox 1073 3806 1440 3870; x_wconf 86' lang='lat' dir='ltr'><strong>damnorum</strong></span> <span class='ocrx_word' id='word_1_338' title='bbox 1494 3809 1557 3869; x_wconf 90' lang='lat' dir='ltr'><strong>et</strong></span> <span class='ocrx_word' id='word_1_339' title='bbox 1602 3806 1985 3888; x_wconf 90' lang='lat' dir='ltr'><strong>punitionem</strong></span> <span class='ocrx_word' id='word_1_340' title='bbox 2049 3824 2325 3880; x_wconf 86' lang='lat' dir='ltr'><strong>reorum;</strong></span> <span class='ocrx_word' id='word_1_341' title='bbox 2389 3808 2454 3870; x_wconf 88' lang='lat' dir='ltr'><strong>et</strong></span> <span class='ocrx_word' id='word_1_342' title='bbox 2514 3808 2566 3870; x_wconf 91' lang='lat' dir='ltr'><strong>si</strong></span> <span class='ocrx_word' id='word_1_343' title='bbox 2631 3807 2749 3871; x_wconf 90' lang='lat' dir='ltr'><strong>hoc</strong></span> <span class='ocrx_word' id='word_1_344' title='bbox 2795 3806 3075 3870; x_wconf 83' lang='lat' dir='ltr'><strong>obtinere</strong></span> <span class='ocrx_word' id='word_1_345' title='bbox 3121 3825 3243 3871; x_wconf 90' lang='lat' dir='ltr'><strong>non</strong></span> 
     </span>
     <span class='ocr_line' id='line_1_35' title="bbox 531 3892 3239 3982; baseline -0 -21"><span class='ocrx_word' id='word_1_346' title='bbox 531 3897 758 3979; x_wconf 88' lang='lat' dir='ltr'><strong>posset,</strong></span> <span class='ocrx_word' id='word_1_347' title='bbox 803 3897 949 3960; x_wconf 90' lang='lat' dir='ltr'><strong>tunc</strong></span> <span class='ocrx_word' id='word_1_348' title='bbox 995 3895 1162 3959; x_wconf 89' lang='lat' dir='ltr'><strong>dicat</strong></span> <span class='ocrx_word' id='word_1_349' title='bbox 1206 3892 1358 3976; x_wconf 92' lang='lat' dir='ltr'><strong>ipsis</strong></span> <span class='ocrx_word' id='word_1_350' title='bbox 1405 3914 1438 3959; x_wconf 91' lang='lat' dir='ltr'><strong>e</strong></span> <span class='ocrx_word' id='word_1_351' title='bbox 1489 3896 1660 3976; x_wconf 85' lang='lat' dir='ltr'><strong>parte</strong></span> <span class='ocrx_word' id='word_1_352' title='bbox 1705 3894 2100 3976; x_wconf 89' lang='lat' dir='ltr'><strong>reipublicae,</strong></span> <span class='ocrx_word' id='word_1_353' title='bbox 2174 3895 2334 3978; x_wconf 88' lang='lat' dir='ltr'><strong>quod</strong></span> <span class='ocrx_word' id='word_1_354' title='bbox 2397 3894 2822 3982; x_wconf 84' lang='lat' dir='ltr'><strong>providebitur</strong></span> <span class='ocrx_word' id='word_1_355' title='bbox 2868 3913 3052 3979; x_wconf 88' lang='lat' dir='ltr'><strong>super</strong></span> <span class='ocrx_word' id='word_1_356' title='bbox 3102 3895 3239 3973; x_wconf 85' lang='lat' dir='ltr'><strong>hoc,</strong></span> 
     </span>
     <span class='ocr_line' id='line_1_36' title="bbox 533 3981 1653 4050; baseline -0.004 0"><span class='ocrx_word' id='word_1_357' title='bbox 533 3989 596 4050; x_wconf 88' lang='lat' dir='ltr'><strong>et</strong></span> <span class='ocrx_word' id='word_1_358' title='bbox 643 3984 859 4049; x_wconf 89' lang='lat' dir='ltr'><strong>deinde</strong></span> <span class='ocrx_word' id='word_1_359' title='bbox 907 3983 980 4048; x_wconf 91' lang='lat' dir='ltr'><strong>de</strong></span> <span class='ocrx_word' id='word_1_360' title='bbox 1027 3981 1315 4048; x_wconf 88' lang='lat' dir='ltr'><strong>omnibus</strong></span> <span class='ocrx_word' id='word_1_361' title='bbox 1363 3982 1653 4048; x_wconf 87' lang='lat' dir='ltr'><strong>infernet.</strong></span> 
     </span>
    </p>
   </div>
   <div class='ocr_carea' id='block_1_10' title="bbox 610 4090 2103 4171">
    <p class='ocr_par' dir='ltr' id='par_1_10' title="bbox 610 4090 2103 4171">
     <span class='ocr_line' id='line_1_37' title="bbox 610 4090 2103 4171; baseline -0.003 -14"><span class='ocrx_word' id='word_1_362' title='bbox 610 4092 850 4157; x_wconf 75' lang='lat' dir='ltr'><strong>Secreta</strong></span> <span class='ocrx_word' id='word_1_363' title='bbox 899 4091 1075 4154; x_wconf 80' lang='lat' dir='ltr'><strong>Gens.</strong></span> <span class='ocrx_word' id='word_1_364' title='bbox 1118 4091 1266 4171; x_wconf 70' lang='lat'><strong>1209.</strong></span> <span class='ocrx_word' id='word_1_365' title='bbox 1318 4092 1376 4153; x_wconf 92' lang='lat' dir='ltr'><strong>I.</strong></span> <span class='ocrx_word' id='word_1_366' title='bbox 1428 4093 1531 4163; x_wconf 79' lang='lat'><strong>80,</strong></span> <span class='ocrx_word' id='word_1_367' title='bbox 1575 4108 1616 4150; x_wconf 79' lang='lat' dir='ltr'><strong>u</strong></span> <span class='ocrx_word' id='word_1_368' title='bbox 1661 4090 1818 4152; x_wconf 80' lang='lat' dir='ltr'><strong>mlet.</strong></span> <span class='ocrx_word' id='word_1_369' title='bbox 1867 4091 2103 4153; x_wconf 80' lang='lat' dir='ltr'><strong>arkivu.</strong></span> 
     </span>
    </p>
   </div>
  </div>
 </body>
</html>
