3620 5282
512 329 644 400 272

512 509 809 574 auxilium
857 508 923 574 et
964 506 1234 574 favorem
1282 508 1360 574 ad
1391 509 1793 575 obtinendum
1826 527 2006 574 suam
2031 507 2459 576 intentionem.
2505 510 2588 575 Et
2632 527 2741 593 pro
2774 509 3000 575 honore
3029 511 3241 576 nostro

510 594 723 674 faciat,
770 594 1176 661 consideratis
1224 596 1343 674 his,
1392 616 1512 680 que
1557 616 1803 680 semper
1849 597 1978 679 ipse
2024 598 2309 663 dominus
2377 616 2581 663 comes
2625 597 2775 663 fecit
2826 599 2889 662 in
2943 597 3236 664 honorem

509 687 573 749 et
617 688 853 752 statum
902 687 1206 763 nostrum,
1276 685 1598 751 ostendere
1666 686 1743 759 ei,
1813 682 1973 768 quod
2042 704 2152 751 nos
2198 685 2536 751 habeamus
2585 686 2951 752 memoriam
2999 686 3245 769 predic-

509 774 736 852 torum,
782 775 849 837 et
892 771 1055 857 quod
1102 790 1219 837 non
1266 792 1481 838 sumus
1529 773 1787 856 ingrati;
1836 773 2010 837 vadit
2053 792 2216 856 pars,
2264 773 2430 859 quod
2475 775 2918 857 respondeatur
2983 774 3231 839 muncio

512 859 725 943 ipsine,
770 862 926 944 quod
972 860 1243 925 multum
1290 863 1516 944 gravat
1561 862 1842 926 nostrum
1894 861 2257 940 dominium,
2321 865 2480 946 quod
2514 863 2674 927 inter
2708 861 3234 946 magnificentiam

509 966 685 1014 suam
734 951 801 1014 et
843 948 985 1014 illos
1031 949 1313 1015 dominos
1361 950 1436 1015 de
1483 948 1785 1015 Corbavia
1831 952 1961 1014 orte
2007 951 2135 1015 sint
2182 951 2302 1017 iste
2345 951 2689 1016 differentie
2735 956 2798 1015 et
2828 969 3081 1029 erroreS,
3115 971 3235 1035 que

510 1038 761 1120 possent
798 1056 931 1102 esse
972 1055 1157 1103 causa
1202 1039 1362 1103 tanti
1412 1038 1581 1117 mali,
1628 1040 1695 1103 et
1725 1056 1848 1103 non
1878 1036 2257 1116 dubitamus,
2294 1039 2452 1122 quod
2479 1039 2912 1104 serenissimus
2946 1039 3230 1105 dominus

510 1144 611 1190 rex
653 1124 966 1209 predictus
1013 1127 1334 1209 tamquam
1380 1126 1881 1209 sapientissimus
1926 1125 2211 1192 dominus
2260 1128 2610 1209 providebit
2653 1128 2729 1193 de
2799 1127 3074 1193 remedio
3121 1148 3234 1212 op-

508 1215 773 1297 portuno
819 1214 1353 1291 reconciliationis
1403 1215 1628 1298 quietis
1672 1218 1737 1281 et
1781 1213 1986 1298 pacis;
2032 1215 2136 1280 sed
2183 1216 2236 1280 si
2282 1219 2535 1299 propter
2581 1215 2736 1280 alias
2800 1217 3229 1299 occupationes

511 1320 632 1367 non
678 1304 893 1386 posset
934 1302 1013 1367 ad
1059 1302 1122 1367 id
1166 1301 1503 1383 attendere,
1553 1321 1660 1368 nos
1707 1302 1786 1368 ob
1834 1302 2215 1386 singularem
2262 1321 2557 1382 amorem,
2605 1324 2790 1388 quem
2829 1306 3109 1387 gerimus
3154 1305 3234 1370 ad

508 1390 1032 1474 magnificentiam
1092 1408 1290 1469 suam,
1357 1409 1466 1457 nos
1528 1390 1842 1457 offerimus
1890 1392 1966 1455 ad
2020 1393 2392 1457 mittendum
2432 1394 2713 1460 nostrum
2761 1393 3227 1458 ambaxatorem

508 1496 617 1561 pro
663 1479 1125 1562 interpositione
1171 1480 1398 1562 quietis
1443 1480 1508 1544 et
1551 1479 1740 1561 pacis,
1782 1479 2023 1562 quando
2069 1473 2360 1563 procedat
2421 1481 2498 1547 de
2563 1481 2943 1563 beneplacito
3011 1500 3121 1547 suo
3166 1485 3233 1547 et

509 1566 893 1633 dominorum
941 1566 1016 1633 de
1062 1565 1361 1633 Corbavia
1405 1567 1845 1650 predictorum.
1906 1567 1987 1632 Et
2047 1573 2371 1652 propterea
2431 1571 2496 1635 in
2540 1568 2704 1634 dicto
2752 1586 2900 1637 casu
2945 1569 3077 1652 ipse
3123 1588 3233 1652 po-

508 1656 659 1720 terit
702 1654 1022 1720 notificare
1067 1655 1244 1720 nobis
1293 1673 1470 1721 suam
1517 1656 1946 1731 intentionem,
2009 1673 2129 1738 qua
2187 1656 2425 1739 habita,
2488 1656 2954 1741 procurabimus
3000 1658 3232 1724 sentire

507 1743 581 1808 de
627 1744 970 1809 intentione
1017 1743 1272 1808 illorum
1321 1744 1707 1809 dominorum
1756 1742 2079 1821 Corbavie,
2129 1747 2193 1809 et
2237 1747 2636 1829 procedemus
2682 1744 3020 1811 secundum
3066 1750 3230 1830 quod

507 1831 720 1898 honori
762 1833 970 1897 nostro
1018 1833 1081 1895 et
1125 1849 1233 1898 suo
1271 1831 1494 1897 melius
1544 1831 1889 1897 videbimus
1937 1833 2286 1900 convenire.
2335 1834 2430 1899 De
2476 1836 2650 1919 parte
2697 1834 2979 1898 24-26,

592 1940 774 2001 Misit·
820 1939 999 2000 XLI.
1044 1941 1147 2012 40,
1192 1958 1235 2000 u
1273 1941 1429 2003 mlet.
1480 1941 1715 2002 arkivu.

820 2126 1155 2214 000Χο
1210 2130 1411 2214 God.
1466 2129 1693 2213 1389.
1749 2131 1837 2214 17
1891 2129 2360 2233 listopada,
2414 2155 2474 2215 u
2527 2131 2917 2216 Mletcih.

506 2274 792 2351 Dopus'da
833 2291 898 2335 sc
940 2276 1129 2335 knezu
1170 2274 1371 2335 Ivanu
1416 2274 1755 2350 Scnjkomu,
1802 2276 1885 2335 da
1933 2293 1976 2335 u
2027 2275 2280 2336 M'letcih
2332 2279 2583 2337 unovads'
2624 2278 2697 2337 do
2747 2279 2832 2337 50
2875 2280 3162 2340 striezaca
3205 2282 3232 2341 i

506 2365 586 2424 da
631 2366 687 2425 si
727 2365 952 2425 nabavi
1006 2364 1319 2424 lumbar-da
1387 2365 1411 2422 i
1476 2365 1743 2440 ἄναρθρα
1786 2363 2029 2437 ornava,
2076 2365 2163 2424 ali
2222 2383 2324 2425 mu
2368 2383 2429 2426 sc
2474 2367 2674 2440 odbr‘ja
2718 2367 2911 2427 molba
2946 2386 2980 2428 ο
3024 2372 3234 2443 najmu

1741 2471 1988 2513 novaca.

684 2572 874 2638 1389.
923 2572 1252 2639 indictione
1300 2573 1477 2651 XIII,
1544 2574 1645 2638 die
1693 2574 1877 2640 XV11
1924 2573 2216 2639 octobriS.
2289 2571 2613 2658 Sapientes
2677 2575 2942 2641 consilii.
2993 2575 3232 2660 Capta:

507 2662 667 2746 quod
711 2664 1152 2745 respondeatur
1196 2663 1303 2728 isti
1363 2663 1750 2729 ambaxatori
1797 2666 1864 2729 et
1906 2663 2127 2729 nuncio
2175 2662 2489 2746 magnifici
2537 2665 2769 2730 domini
2818 2667 3067 2731 comitis
3115 2666 3235 2733 Jo-

506 2750 726 2817 hannis
773 2748 970 2834 Segne
1013 2751 1090 2816 ad
1135 2751 1589 2835 requisitiones,
1639 2770 1791 2834 quas
1842 2753 2017 2817 nobis
2065 2753 2239 2817 modo
2284 2750 2361 2816 de
2408 2770 2561 2816 novo
2605 2752 2773 2817 fecit.

486 2888 491 2895 .
715 2838 798 2904 Et
841 2838 1042 2922 primo
1087 2840 1160 2904 ad
1205 2840 1473 2922 primam
1523 2846 1757 2921 partem
1807 2840 2095 2922 posseudi
2145 2839 2384 2904 soldare
2430 2845 2676 2905 centum
2727 2841 3110 2907 ballistarios
3159 2843 3229 2908 in

507 2926 806 3004 VenetiiS,
861 2946 1009 3011 quos
1053 2929 1388 2994 conducere
1434 2929 1632 3011 possit
1678 2930 1755 2993 ad
1802 2928 1942 2993 loca
1987 2946 2134 3002 sua;
2186 2928 2350 3012 quod
2395 2928 2561 3005 licet,
2611 2930 2774 2993 sicut
2820 2930 2940 3012 ipsi
2973 2930 3226 2998 domino

507 3015 721 3081 comiti
767 3020 974 3098 potest
1018 3017 1373 3099 plenissime
1422 3017 1637 3081 notum
1687 3034 1839 3094 esse,
1888 3020 2056 3081 terra
2101 3021 2311 3081 nostra
2356 3020 2602 3098 propter
2645 3036 2900 3099 guerras
2947 3024 3011 3082 et
3057 3038 3229 3083 mor-

507 3103 787 3168 talitates
858 3104 1185 3187 preteritas
1252 3105 1335 3169 sit
1397 3105 1668 3169 multum
1733 3104 2000 3187 spoliata
2046 3106 2111 3169 et
2176 3105 2504 3168 diminuit-a
2550 3105 2780 3170 talibus
2828 3106 3226 3185 ballistariis,

508 3209 737 3275 nosque
785 3210 903 3257 non
950 3211 1166 3256 sumus
1214 3193 1387 3257 soliti
1436 3193 1629 3269 velle,
1695 3191 1857 3275 quod
1909 3193 2344 3273 disperdantur
2410 3212 2518 3274 per
2592 3194 2746 3258 alias
2794 3198 3026 3277 partes,
3074 3196 3226 3295 quia

507 3284 656 3345 suut
699 3280 969 3345 multum
1018 3281 1341 3345 necessarii
1389 3283 1580 3344 statui
1654 3283 1885 3358 nostro,
1934 3282 2140 3345 tamen
2216 3280 2294 3345 ob
2370 3281 2956 3364 contemplationem
3026 3283 3224 3364 ipsius

505 3367 741 3433 domini
781 3369 1026 3433 comitis
1070 3368 1394 3445 Johannis,
1445 3372 1510 3433 et
1556 3371 1625 3432 ut
1664 3368 1874 3433 videat
1918 3368 2222 3433 sinceram
2258 3368 2735 3461 dispositionem
2782 3375 3082 3450 nostram,
3117 3390 3227 3435 su-

505 3475 646 3521 mus
691 3458 982 3532 contenti,
1029 3456 1535 3539 quandocumque
1581 3456 1700 3520 sibi
1748 3475 1998 3521 necesse
2045 3448 2285 3530 fuerit,
2300 3459 2458 3539 quod
2508 3460 2706 3540 possit
2739 3459 2965 3523 soldari
3011 3459 3219 3524 facere

507 3543 956 3627 quinquaginta
1003 3544 1379 3610 ballistarios
1426 3563 1534 3627 pro
1581 3547 1841 3627 pecunia
1890 3563 2019 3622 sua,
2079 3548 2143 3609 et
2193 3547 2527 3609 conducere
2574 3547 2648 3610 ad
2700 3546 2838 3612 loca
2884 3566 3014 3627 sua,
3056 3549 3223 3612 sicut

508 3631 787 3716 requirit.

716 3720 812 3784 Ad
860 3719 1192 3785 secundam
1254 3722 1495 3803 partem
1566 3720 1641 3786 de
1689 3720 2074 3798 bombardis,
2126 3738 2278 3803 quas
2329 3720 2588 3804 requirit
2645 3725 2863 3787 mutuo
2922 3741 2961 3787 a
3007 3728 3218 3788 nostro

505 3811 838 3888 communi,
918 3810 1373 3890 respondeatur,
1421 3809 1577 3892 quod
1623 3808 1700 3873 ad
1748 3828 1998 3892 presens
2044 3827 2365 3873 commune
2413 3812 2692 3875 nostrum
2743 3816 2839 3876 est
2884 3811 3050 3875 male
3095 3811 3222 3876 ful·

505 3898 700 3965 citum
747 3895 929 3962 dictis
975 3896 1344 3975 bomdardis,
1389 3897 1535 3980 quia
1583 3898 1778 3962 multe
1827 3899 1998 3962 nobis
2044 3898 2388 3962 necessarie
2448 3898 2699 3963 fuerunt
2753 3899 2815 3963 in
2860 3900 3215 3978 Tervisana,

505 4005 689 4071 quam
738 3985 977 4051 noviter
1023 3984 1370 4063 habuimus,
1419 3987 1484 4050 et
1528 3986 1693 4050 omni
1748 3984 1847 4049 die
1909 3984 2042 4051 fieri
2098 3984 2397 4049 faciamus
2443 3984 2518 4051 de
2562 3986 2732 4062 aliis3
2780 3990 2886 4053 sed
2933 3988 3219 4053 dominus

505 4094 710 4142 comes
756 4073 909 4139 bene
954 4073 1225 4139 inveniet
1271 4074 1344 4138 de
1389 4073 1480 4137 eis
1528 4075 1588 4137 in
1634 4072 1933 4151 Venetiis,
1983 4075 2056 4137 de
2103 4072 2328 4157 quibus
2373 4073 2504 4138 fieri
2552 4075 2851 4141 faciemus
2885 4076 3212 4155 bulletum‚

506 4167 571 4231 et
612 4162 904 4228 similiter
950 4162 1021 4226 de
1070 4160 1337 4226 ballistis
1388 4164 1452 4226 et
1495 4161 1713 4238 armis,
1757 4181 1877 4245 que
1924 4160 2047 4226 sibi
2091 4161 2323 4227 suerint
2370 4163 2740 4245 opportuna.

713 4252 809 4317 Ad
855 4250 1115 4315 alteram
1174 4252 1418 4333 partem
1480 4251 1553 4315 de
1619 4251 1896 4332 pecunia,
1944 4267 2128 4332 quam
2187 4250 2447 4332 requirit
2486 4270 2522 4316 a
2571 4252 2744 4315 nobis
2792 4252 3006 4317 mutuo
3053 4253 3208 4331 etc„

504 4339 939 4423 respondeatur
982 4338 1103 4421 ipsi
1149 4340 1373 4403 nuncio
1418 4354 1559 4402 cum
1624 4338 1751 4403 illis
1798 4338 2042 4415 verbis,
2108 4357 2223 4422 que
2284 4338 2531 4404 domino
2586 4341 2976 4419 videbuntur,
3026 4358 3211 4405 excu-

504 4430 690 4494 sando
735 4446 801 4492 se
844 4425 921 4491 de
965 4426 1078 4491 hoc
1124 4427 1371 4508 propter
1409 4424 1635 4509 longas
1681 4444 1939 4509 guerras
1986 4428 2227 4491 nostras
2277 4428 2342 4493 et
2386 4427 2664 4494 infinitas
2708 4446 3020 4512 expensas,
3054 4444 3208 4511 quas

504 4517 668 4598 passi
741 4513 995 4592 fuimus,
1041 4514 1133 4579 ita
1176 4514 1335 4597 quod
1384 4531 1503 4579 non
1553 4516 1769 4597 gravet
1814 4531 1924 4579 nos
1973 4514 2045 4579 de
2091 4515 2225 4579 hoc.

591 4624 772 4685 meti
818 4623 1236 4694 XL1.42,u
1278 4622 1436 4684 mlct.
1487 4624 1723 4685 arkivu.
