3620 5282
508 337 595 401 80

506 511 641 575 loca
686 510 941 575 condam
991 510 1236 574 comitis
1280 509 1623 588 Maladini3
1680 511 1743 572 et
1790 508 2095 585 scribatur
2144 509 2340 573 eciam
2388 507 2604 573 comiti
2649 508 2955 591 Tragurii,
3007 526 3241 572 recom-

511 599 852 662 mendando
901 617 1041 661 eum
1091 598 1164 660 de
1213 597 1521 674 omnibus,
1581 616 1697 679 que
1742 597 1873 678 egit
1921 599 1983 661 et
2030 595 2176 660 fecit
2223 596 2287 659 in
2334 596 2515 661 factis
2575 596 2907 679 predictis;
2976 598 3039 659 et
3085 595 3240 660 scri-

388 682 405 715 ”’
513 689 694 749 batur
738 688 803 749 et
846 685 1174 748 mandetur
1198 684 1533 749 comitibus
1569 688 1871 748 terrarum
1908 686 2255 747 nostrarum
2287 683 2626 761 Sclavenie,
2670 684 2908 747 scilicet
2930 683 3235 766 Tragurii,

510 772 749 856 Spalati
796 776 859 835 et
908 771 1217 856 Sybenici,
1269 773 1430 854 quod
1478 771 1620 852 quia
1668 772 2059 847 dubitamus,
2125 771 2286 853 quod
2334 771 2563 835 forsam
2614 771 2720 834 ille
2771 771 2889 834 due
2945 771 3235 834 banderie

510 862 698 924 misse
746 880 853 941 per
903 860 1193 925 comitem
1232 860 1423 926 Jadre
1475 877 1592 922 non
1641 861 1820 921 erunt
1852 858 2230 922 sufficientes
2278 860 2353 921 ad
2390 860 2734 923 custodiam
2769 859 3038 921 locorum
3079 859 3239 939 ipso-

511 967 665 1027 rum,
715 949 768 1011 si
816 947 1098 1012 viderent
1150 965 1299 1029 opus
1347 965 1479 1011 esse
1527 946 1603 1009 de
1649 947 1937 1028 gentibus
1984 948 2148 1023 suis,
2216 946 2574 1026 provideant
2625 948 2689 1009 et
2752 945 3009 1009 mittant
3062 944 3124 1009 in
3170 963 3242 1008 ea

508 1035 877 1118 quantitate,
928 1054 1045 1116 que
1096 1034 1476 1098 neccessaria
1522 1032 1834 1098 videbitur
1874 1034 2144 1109 eisdem,
2210 1034 2332 1111 sic,
2381 1035 2540 1116 quod
2588 1033 2867 1097 custodia
2927 1032 3238 1096 dictorum

511 1123 783 1187 locorum
831 1122 915 1185 sit
962 1123 1145 1203 plene
1191 1140 1425 1198 secura,
1476 1140 1585 1185 nec
1633 1122 1705 1185 de
1755 1122 1843 1185 eis
1887 1121 2084 1203 possit
2115 1120 2471 1202 aliqualiter
2502 1121 2790 1197 dubitari,
2841 1138 2991 1202 quas
3028 1123 3240 1202 gentes

514 1228 657 1275 suas
704 1211 780 1273 ad
827 1210 1055 1273 dictam
1102 1209 1442 1273 custodiam
1493 1211 1701 1272 tenere
1748 1208 2015 1272 debeant
2076 1210 2139 1271 et
2193 1208 2438 1285 habere,
2489 1209 2678 1272 donec
2720 1208 2871 1271 illuc
2918 1207 3241 1272 transmit-

516 1300 721 1362 temus
775 1298 990 1380 gentes
1050 1297 1310 1360 nostras.
1379 1297 1461 1360 Et
1522 1296 1831 1360 scribatur
1894 1295 2106 1360 comiti
2170 1295 2457 1379 Tragurii
2519 1296 2863 1371 antedicto,
2929 1295 3090 1377 quod
3138 1295 3243 1358 det

515 1404 764 1468 operam
835 1385 909 1448 de
972 1384 1271 1466 loquendo
1327 1403 1467 1447 cum
1528 1384 1753 1448 comite
1810 1384 2005 1447 Paulo
2068 1383 2396 1461 antedicto,
2456 1383 2711 1447 dicendo
2774 1383 2894 1447 sibi
2941 1384 3013 1447 de
3081 1382 3241 1445 bona

515 1475 723 1538 nostra
766 1472 1137 1535 intencione.
1190 1490 1372 1554 quam
1420 1471 1719 1535 habemus
1783 1488 1931 1553 erga
1991 1470 2198 1553 ipsum
2251 1471 2314 1534 et
2374 1472 2902 1535 conservacionem
2966 1468 3239 1534 locorum

514 1560 949 1643 predictorum,
1003 1561 1068 1622 et
1116 1558 1190 1622 de
1238 1559 1583 1641 provisione
1630 1578 1739 1640 per
1788 1577 1897 1623 nos
1945 1559 2065 1623 sibi
2120 1558 2333 1622 taliter
2393 1558 2702 1634 facienda,
2751 1557 2910 1638 quod
2953 1559 3130 1640 plene
3179 1559 3242 1619 et

517 1649 739 1712 merito
786 1666 856 1711 ex
904 1647 1044 1709 inde
1094 1648 1419 1710 contentus
1467 1646 1816 1723 rederetur3
1866 1665 2006 1710 cum
2053 1646 2173 1710 hiis
2221 1650 2283 1708 et
2331 1645 2491 1721 aliis,
2541 1666 2656 1728 que
2705 1645 3077 1709 videbuntur
3123 1643 3242 1708 sibi

520 1754 629 1817 pro
677 1735 834 1799 bono
879 1733 1204 1797 factorum.
1254 1735 1334 1798 Et
1376 1754 1446 1797 ex
1493 1752 1652 1797 nunc
1700 1734 1780 1797 sit
1820 1734 2090 1815 captum,
2141 1734 2302 1814 quod
2326 1733 2712 1798 venientibus
2751 1733 3060 1797 banderiis
3094 1750 3245 1814 qua-

517 1820 656 1886 tuor
702 1822 777 1886 de
826 1821 1051 1903 riperia
1100 1821 1423 1897 Brixiensi,
1472 1840 1620 1902 quas
1669 1824 2083 1903 expectamuS,
2147 1822 2487 1885 dominacio
2531 1820 2672 1884 illos
2727 1820 3118 1884 transmittat
3164 1820 3241 1882 ad

516 1910 654 1973 loca
699 1909 992 1991 predicta,
1041 1909 1319 1973 faciendo
1367 1909 1619 1980 famam,
1663 1911 1823 1991 quod
1870 1908 2068 1973 solum
2115 1926 2225 1991 pro
2276 1909 2740 1972 conservacione
2773 1908 3020 1971 comitis
3053 1907 3237 1971 Pauli

522 1998 1033 2060 transmittuntur
1081 2001 1132 2059 ei
1188 2014 1308 2059 non
1353 1997 1477 2059 alia
1502 1998 1845 2060 occaxione.
1895 1996 1988 2059 De
2026 2015 2141 2059 non
2177 1996 2272 2074 10,
2316 2015 2435 2060 non
2458 1996 2677 2060 sinceri
2702 1996 2764 2073 O,
2814 1994 2921 2059 alii
2947 1996 3020 2059 de
3048 1995 3241 2076 parte.

603 2088 760 2147 Scor.
807 2103 962 2146 cons·
1008 2104 1130 2160 roy.
1179 2087 1253 2144 B.
1304 2090 1360 2156 6,
1407 2104 1449 2144 u
1496 2088 1711 2145 arkivu
1755 2088 2113 2145 mletackom.

905 2301 1165 2382 CXX.
1219 2301 1425 2383 God.
1479 2303 1710 2384 1348.
1764 2301 1867 2383 10
1921 2303 2292 2403 svibnja‚
2342 2326 2405 2385 ιι
2457 2302 2848 2385 Mletcih.

701 2426 963 2487 Odredbe
1008 2446 1051 2485 u
1096 2428 1271 2500 peslu·
1314 2445 1538 2499 etprave
1580 2429 1806 2486 dobara
1852 2430 2144 2502 biskupije
2191 2431 2441 2488 hvarske
2485 2430 2510 2488 i
2552 2430 2755 2489 ‘labora
2800 2429 3070 2502 biskupa.

737 2564 920 2628 1348.
969 2563 1068 2627 die
1114 2564 1349 2628 decimo
1401 2563 1569 2641 maii,
1624 2564 1845 2648 capta:
1895 2563 2054 2647 quod
2099 2564 2174 2627 ad
2240 2565 2681 2628 removendum
2743 2583 2924 2629 omne
2987 2562 3247 2629 scanda-

518 2654 651 2717 lum
693 2655 761 2716 et
806 2671 1091 2728 errorem,
1141 2653 1246 2734 qui
1293 2654 1497 2735 potest
1528 2670 1847 2716 occurrere
1894 2652 2208 2716 occasione
2255 2652 2574 2716 electionis
2623 2653 2785 2716 facte
2832 2654 2895 2716 in
2939 2652 3240 2716 divisione

525 2741 599 2805 de
650 2742 1005 2823 episcopatu
1051 2740 1256 2818 Farre,
1307 2740 1615 2804 scribatur
1670 2741 1876 2804 nostro
1942 2739 2237 2820 potestati
2283 2742 2468 2805 Farre
2536 2743 2598 2804 et
2659 2741 2886 2818 Braze,
2932 2740 3093 2822 quod
3141 2759 3245 2804 su-

521 2828 845 2912 persedeat
891 2829 966 2892 de
1014 2830 1179 2909 omni
1228 2830 1531 2909 precept0,
1580 2828 2090 2892 condemnatione
2142 2827 2234 2891 vel
2276 2846 2583 2910 processu,
2627 2827 2787 2910 quod
2836 2827 3086 2892 fecisset
3126 2827 3246 2891 ista

523 2915 842 2980 occasione
905 2915 967 2978 in
1034 2933 1351 2996 personam
1398 2915 1678 2992 alicuiuS,
1729 2921 1792 2979 et
1838 2914 2019 2997 quod,
2070 2934 2144 2979 ne
2194 2915 2354 2979 bona
2415 2916 2805 2998 episcopatus
2867 2915 3243 2997 lapidantur,

518 3003 711 3068 faciat
756 3022 900 3066 cum
946 3002 1260 3067 voluntate
1303 3003 1579 3085 capituli,
1631 3005 1786 3086 quod
1831 3003 2244 3067 communiter
2289 3003 2603 3069 convocari
2641 3003 2846 3080 faciet,
2896 3002 3246 3068 conservari

517 3093 680 3156 bona
720 3091 874 3173 ipsa,
922 3089 1196 3154 faciendo
1241 3091 1373 3154 fieri
1415 3109 1741 3174 yconomos
1773 3093 1838 3154 et
1869 3094 2348 3169 conservatoreS,
2387 3094 2457 3155 ut
2503 3092 2598 3155 est
2640 3092 2701 3153 in
2734 3092 2966 3155 talibus
2998 3109 3248 3154 consue-

524 3180 683 3255 tum,
734 3179 797 3241 et
842 3178 1136 3253 inhibeat,
1186 3178 1345 3260 quod
1393 3178 1619 3260 aliquis
1668 3178 1879 3262 laycus
1929 3198 2042 3242 non
2096 3198 2161 3242 se
2227 3178 2523 3260 impediat
2583 3178 2658 3240 de
2705 3179 2869 3242 dicta
2929 3177 3243 3252 electione,

523 3285 635 3330 nec
684 3264 889 3329 faveat
934 3266 1121 3328 alicui
1162 3266 1452 3347 partium,
1503 3266 1778 3347 ponendo
1830 3285 2017 3347 penas
2064 3269 2128 3330 et
2174 3267 2463 3348 precepta
2511 3264 2641 3329 fieri
2690 3264 2986 3341 faciendo,
3025 3265 3095 3327 ut
3124 3263 3244 3326 sibi

520 3352 833 3417 videbitur
880 3371 987 3435 pro
1037 3353 1192 3417 bono
1240 3352 1429 3427 facti;
1480 3357 1542 3417 et
1588 3355 1899 3417 scribatur
1946 3354 2110 3418 dicto
2173 3352 2470 3435 potestati
2517 3353 2580 3414 et
2624 3352 2853 3414 nostris
2916 3350 3245 3414 comitibus

519 3440 806 3523 Tragurii
856 3444 921 3505 et
962 3440 1222 3522 Spalati,
1275 3401 1433 3522 quod
1478 3441 1653 3505 nobis
1717 3442 1983 3505 debeant
2045 3440 2500 3523 particulariter
2560 3438 2887 3514 denotare,
2937 3437 3236 3519 quomodo

521 3529 825 3612 processit
873 3531 934 3592 et
980 3528 1100 3592 fuit
1141 3528 1376 3592 factum
1426 3528 1589 3592 dicte
1637 3528 1989 3606 electiones,
2040 3546 2147 3593 nos
2190 3526 2576 3591 informando
2624 3526 2916 3588 distincte
2964 3525 3038 3587 de
3085 3522 3245 3588 divi-

522 3617 715 3694 sione,
765 3635 879 3698 que
929 3616 1170 3680 videtur
1215 3614 1405 3679 fuisse
1453 3617 1513 3678 in
1560 3616 1725 3681 dicta
1769 3616 2085 3692 electione,
2136 3616 2200 3679 et
2242 3615 2317 3679 de
2365 3632 2554 3678 causa
2600 3613 2764 3677 dicte
2811 3611 3149 3689 divisioniS,
3185 3613 3248 3675 et

520 3705 597 3769 de
647 3705 973 3786 preceptiS,
1024 3703 1639 3768 condemnationibus
1684 3704 1782 3768 vel
1828 3664 2212 3802 processibus
2260 3703 2337 3766 ob
2384 3701 2447 3765 id
2499 3700 2727 3765 secutis
2777 3700 2874 3765 vel
2913 3699 3131 3776 factis,
3181 3701 3245 3763 et

520 3793 596 3856 de
645 3794 775 3855 toto
823 3793 990 3868 facti,
1041 3792 1111 3853 ut
1150 3791 1364 3856 habita
1410 3810 1619 3855 eorum
1667 3791 2060 3873 responsione
2108 3792 2172 3854 et
2214 3789 2666 3866 informatione,
2715 3790 2910 3871 possit
2943 3750 3253 3871 provideri

523 3882 587 3944 et
636 3879 906 3943 ordinari
950 3898 1018 3943 ac
1068 3879 1202 3942 fieri
1248 3879 1310 3942 in
1358 3879 1668 3961 predictiS,
1718 3878 1881 3962 quod
1932 3878 2239 3942 videbitur
2265 3878 2546 3960 expedire
2595 3895 2704 3959 pro
2745 3878 2973 3942 honore
3019 3879 3251 3956 nostre,

521 3966 982 4031 conservatione
1031 3969 1096 4030 et
1139 3966 1296 4030 bono
1343 3968 1650 4030 terrarum
1696 3968 1761 4030 et
1806 3965 2197 4030 subditorum
2244 3970 2616 4031 nostrorum.

611 4057 790 4116 Misti
840 4057 1005 4115 XXI
1020 4057 1081 4116 V.
1132 4060 1170 4114 7
1176 4060 1230 4129 4,
1277 4075 1320 4116 u
1364 4059 1705 4117 mletac'kom
1740 4058 1971 4118 arkivu.

894 4270 1198 4354 CXXI.
1251 4271 1457 4357 God.
1512 4273 1743 4354 1348.
1798 4271 1893 4354 12
1949 4272 2317 4373 svibnja,
2370 4294 2432 4353 u
2486 4271 2877 4354 Mletcih.

1307 4399 1487 4471 NJekz·
1524 4400 1806 4460 zadarski
1852 4400 2121 4475 bjequnci
2147 4399 2469 4474 proquam.

742 4533 928 4600 1348.
975 4535 1072 4601 die
1114 4535 1238 4602 XII
1282 4536 1491 4615 madii,
1541 4537 1757 4618 capta:
1806 4537 1969 4620 quod
2013 4534 2394 4617 infrascripti
2425 4535 2781 4614 JadrenseS,
2828 4538 2927 4618 qui
2977 4536 3077 4598 hic
3108 4552 3241 4599 mo-

525 4625 650 4689 rari
696 4623 1003 4688 debebant
1048 4625 1126 4688 ad
1173 4628 1462 4708 precepta
1505 4628 1570 4689 et
1616 4624 1907 4689 mandata
1952 4627 2183 4702 nostra,
2232 4628 2295 4688 et
2341 4629 2781 4703 reccesserunt,
2840 4624 3053 4688 fractis
3102 4640 3240 4685 con-

529 4713 773 4791 finibuS,
822 4711 1168 4777 clamentur
1208 4712 1453 4794 publice
1498 4711 1562 4775 in
1601 4712 1784 4778 scalis
1831 4711 2128 4790 Rivoalti,
2180 4712 2252 4776 ut
2296 4710 2458 4774 infra
2520 4713 2656 4775 octo
2702 4712 2833 4776 dies
2881 4729 3088 4776 coram
3131 4710 3242 4772 ad-
