3620 5282
2987 341 3074 407 55

373 520 759 584 notificatum
808 520 992 585 fuerit
1038 539 1144 602 per
1189 520 1476 584 nuncium
1524 519 1781 584 dominii
1826 519 1985 584 infra
2029 521 2259 584 dictum
2307 519 2674 596 terminum;
2722 537 2838 582 non
2887 517 3072 583 intel-

372 607 612 692 ligendo
655 608 718 672 in
764 609 876 673 hoc
923 609 1165 673 nostros
1211 609 1497 686 rectoreS,
1542 608 1645 691 qui
1694 608 2091 672 recessissent
2135 608 2209 672 de
2257 607 2532 672 Venetiis
2579 625 2687 690 pro
2734 606 2932 671 eundo
2985 608 3072 671 ad

372 715 478 761 sna
517 696 839 778 regimina,
889 698 953 760 et
998 695 1267 760 habeant
1311 715 1500 760 unum
1546 697 1855 760 notarium
1903 715 2044 760 cum
2088 695 2339 772 famulo,
2389 715 2579 760 unum
2641 695 3066 777 interpretem,

370 803 555 848 unum
599 784 1078 868 expensatorem,
1132 803 1319 848 unum
1367 785 1803 861 narescalcum,
1853 803 2039 848 unum
2082 785 2372 859 cochum,
2421 785 2636 859 subtus
2703 783 2962 847 cochum
3011 784 3075 847 et

368 892 468 936 sex
516 871 870 937 domicellos
914 892 1022 954 pro
1067 872 1360 954 quolibet,
1409 876 1471 936 et
1516 874 1754 955 possint
1800 871 2136 955 expendere
2181 890 2288 953 per
2325 871 2589 947 modum,
2639 889 2759 953 quo
2806 870 2913 935 alii
2964 889 3071 934 no·

367 961 478 1025 stri
525 962 954 1026 ambaxatores
1003 959 1283 1044 solepnes
1329 960 1496 1024 soliti
1543 960 1631 1024 ire
1678 960 1753 1026 ad
1800 960 2175 1025 creationem
2206 959 2440 1024 domini
2485 978 2676 1042 pape3
2726 960 2790 1023 et
2834 960 2886 1023 si
2919 959 3072 1023 dicti

364 1049 794 1113 ambaxatores
842 1049 1021 1113 ibunt
1057 1067 1163 1129 per
1210 1051 1437 1113 terram
1464 1097 1479 1125 ,
1533 1048 1800 1113 habeant
1862 1049 2012 1112 duos
2072 1067 2254 1130 equos
2316 1065 2425 1130 pro
2472 1046 2746 1130 quolibet
2805 1066 2914 1129 pro
2962 1064 3070 1111 suo

365 1139 637 1219 equitare
683 1141 747 1200 et
797 1154 978 1219 equos
1024 1140 1090 1202 et
1119 1137 1391 1201 sarcinas
1425 1138 1797 1201 necessarios
1840 1137 1903 1201 et
1946 1135 2315 1200 necessarias
2354 1153 2462 1217 pro
2492 1134 2730 1199 familia
2777 1138 2840 1199 et
2886 1135 3066 1199 rebus

370 1225 513 1291 suis
564 1226 656 1289 De
703 1226 878 1307 parte
922 1224 1027 1303 59,
1077 1244 1195 1289 non
1240 1224 1458 1289 sinceri
1504 1225 1567 1301 O,
1604 1224 1678 1289 de
1726 1242 1844 1288 non
1888 1224 1951 1288 Ο.

572 1330 773 1395 Ambe
822 1348 1037 1394 manus
1083 1329 1467 1413 sapientum:
1516 1330 1676 1412 quod
1722 1330 2032 1413 eligantur
2077 1332 2138 1393 et
2187 1329 2512 1394 mittantur
2564 1328 2714 1393 dicti
2760 1329 2887 1393 tres
2933 1347 3066 1393 arn-

367 1419 683 1483 baxatores
729 1438 836 1500 per
875 1419 1126 1483 modum
1177 1436 1360 1500 supra
1406 1421 1796 1496 contentum,
1865 1418 2037 1482 salvo
2098 1417 2259 1501 quod
2321 1435 2440 1481 non
2500 1417 2737 1500 possint
2798 1415 3065 1482 refutare

364 1507 475 1571 sub
523 1525 679 1589 pena
722 1507 1025 1571 librarum
1072 1506 1493 1571 ducentarum.
1541 1506 1645 1571 31.

575 1612 902 1695 Sapientes
952 1611 1231 1694 predicti.
1281 1610 1508 1695 Capta:
1573 1612 1732 1695 quod
1796 1612 1850 1676 si
1898 1610 2072 1694 galee
2116 1611 2297 1675 ibunt
2355 1610 2471 1675 hac
2534 1612 2749 1689 nocte,
2813 1612 3066 1675 vocetur

366 1699 636 1767 crastina
685 1700 782 1765 die
826 1699 996 1765 istud
1044 1700 1365 1765 consilium
1411 1704 1765 1784 rogatorum
1828 1700 1941 1764 sub
1987 1718 2140 1781 pena
2200 1699 2534 1764 solidorum
2581 1698 2699 1763 XX
2746 1717 2853 1781 pro
2901 1716 3068 1763 com-

369 1788 589 1871 plendo
637 1807 726 1868 ea,
776 1807 889 1871 que
936 1790 1171 1853 restant
1215 1788 1290 1853 de
1334 1787 1455 1852 ista
1501 1789 1864 1864 ambaxata3
1915 1789 1978 1852 et
2023 1788 2074 1852 si
2120 1806 2241 1852 non
2272 1789 2640 1866 recederent,
2689 1789 2936 1851 vocetur
2968 1786 3065 1853 die

367 1877 653 1941 mercurii
697 1878 810 1941 sub
855 1895 1012 1959 pena
1057 1876 1334 1959 predicta
1378 1895 1488 1959 pro
1539 1877 1721 1942 dictis
1766 1875 1969 1940 factis.

571 1982 896 2061 Dominus,
946 1982 1304 2058 consiliarii,
1355 1983 1579 2064 capita,
1616 1981 1942 2065 sapientes,
1990 1980 2216 2064 Capta:
2265 1981 2422 2064 quod
2455 1980 2882 2068 ambaxatores
2917 1981 3065 2044 ituri

364 2072 438 2135 ad
485 2070 803 2135 dominum
850 2089 1059 2151 regem
1106 2069 1423 2153 Hungarie
1455 2072 1758 2153 exponant
1789 2071 2176 2136 ambaxatam
2210 2072 2506 2153 quantum
2539 2068 2599 2132 in
2631 2068 2752 2133 isto
2789 2068 3060 2152 introytu

365 2177 506 2223 cum
553 2158 679 2222 illis
730 2158 951 2237 verbiS,
1000 2177 1114 2241 que
1185 2158 1551 2223 videbuntur
1596 2159 1860 2238 domin0,
1927 2158 2296 2224 consiliariis
2359 2160 2422 2221 et
2467 2156 2772 2239 capitibus
2825 2158 2887 2220 et
2928 2175 3061 2221 am-

365 2247 558 2311 babus
604 2245 891 2310 manibus
939 2246 1289 2329 sapientum
1344 2246 1440 2311 vel
1488 2246 1706 2312 maiori
1751 2249 1933 2331 parti,
1995 2246 2344 2330 accipiendo
2409 2244 2485 2309 de
2545 2244 2749 2311 verbis
2810 2243 3060 2327 scriptis

360 2354 467 2418 per
514 2336 832 2418 utramque
874 2353 1125 2399 manum
1171 2335 1536 2417 sapientum.

575 2438 805 2523 Capta:
854 2440 1268 2524 intelligendo,
1317 2440 1476 2523 quod
1524 2440 1716 2505 nostri
1760 2440 2184 2506 ambaxatores
2232 2439 2465 2504 faciant
2509 2439 2668 2503 hunc
2715 2437 3062 2516 introitum,

372 2530 435 2592 et
481 2528 692 2593 dicant
734 2529 846 2593 hec
892 2529 1077 2593 verba
1121 2527 1316 2611 primo
1362 2547 1615 2611 persone
1661 2529 1903 2611 proprie
1950 2527 2179 2594 domini
2227 2528 2410 2610 regiS,
2463 2528 2526 2591 et
2569 2528 2644 2590 ad
2690 2527 2804 2591 hoc
2838 2526 3068 2591 saciant

366 2635 538 2700 posse
587 2636 785 2683 suum.
833 2615 948 2682 Sed
993 2616 1046 2681 si
1095 2615 1378 2682 dominus
1425 2637 1530 2682 rex
1575 2618 1806 2683 diceret
1851 2619 1947 2683 vel
1992 2616 2112 2681 dici
2159 2615 2416 2694 faceret,
2466 2614 2623 2698 quod
2683 2613 2824 2680 aliis
2887 2632 3065 2680 occu-

360 2707 562 2788 patu8‚
600 2724 702 2771 eos
745 2706 1149 2787 personaliter
1186 2724 1306 2770 non
1348 2709 1556 2789 posset
1598 2707 1697 2771 vel
1741 2706 1936 2771 nollet
1968 2706 2199 2782 audire,
2248 2706 2311 2770 et
2358 2703 2544 2769 vellet
2574 2703 2663 2768 eis
2695 2703 2841 2769 dare
2888 2706 3057 2767 trac-

362 2797 608 2872 tatoreS,
653 2795 714 2859 et
760 2812 880 2858 non
926 2793 1009 2858 sit
1045 2794 1269 2858 bonum
1315 2813 1426 2877 per
1467 2794 1625 2858 hanc
1671 2813 1920 2859 cansam
1970 2793 2247 2858 recedere
2298 2793 2373 2856 ab
2421 2811 2490 2857 eo
2538 2792 2667 2856 sine
2712 2790 3055 2869 concordio,

360 2883 552 2946 nostri
601 2882 1024 2947 ambaxatores
1067 2882 1364 2960 videntes,
1414 2882 1570 2964 qnod
1615 2882 1798 2947 aliter
1845 2901 1978 2948 esse
2025 2898 2143 2946 non
2191 2883 2414 2964 posset,
2462 2880 2730 2945 finaliter
2762 2880 2838 2944 de
2869 2878 3057 2944 dictis

358 2971 800 3036 tractatoribus
841 2969 1294 3034 sint‘contenti.
1354 2971 1443 3033 De
1491 2973 1662 3053 parte
1706 2969 1815 3034 56.

573 3076 684 3142 Ser
729 3075 978 3140 Marcus
1024 3074 1402 3153 Lauredano,
1447 3094 1545 3140 ser
1583 3075 1831 3140 Marcus
1877 3075 1920 3141 J
1924 3075 2245 3153 ustiniano,
2295 3093 2392 3138 ser
2423 3073 2794 3138 Benedictus
2827 3072 2902 3138 de
2928 3072 3058 3138 Mo-

360 3163 527 3228 lino:
574 3164 846 3247 exposito
892 3164 1090 3246 primo
1139 3164 1392 3228 introitu
1439 3164 1761 3228 ambaxate
1810 3183 2061 3246 persone
2106 3164 2350 3246 proprie
2397 3161 2631 3226 domini
2677 3161 2864 3245 regiS,
2918 3179 3061 3244 pos-

359 3253 483 3317 sint
528 3252 726 3317 nostri
774 3253 1198 3317 ambaxatores
1245 3251 1373 3316 sive
1420 3253 1806 3335 requirentur
1846 3269 1956 3335 pro
1991 3254 2165 3333 parte
2210 3251 2360 3314 dicti
2408 3251 2570 3333 regis
2616 3250 2716 3315 vel
2761 3268 2898 3328 non,
2936 3249 3059 3329 ubi,

358 3342 521 3405 sicut
567 3342 631 3405 et
681 3340 924 3423 quando
972 3341 1059 3404 eis
1107 3338 1204 3403 vel
1251 3339 1466 3404 maiori
1513 3339 1676 3423 parti
1741 3359 1951 3405 eorum
2008 3339 2349 3415 videbitur,
2414 3339 2478 3402 et
2539 3357 2643 3420 per
2689 3338 2873 3402 illum
2918 3338 3060 3419 pul-

356 3429 636 3506 criorem,
690 3429 1098 3493 decentiorem
1145 3429 1209 3491 et
1252 3429 1551 3510 aptiorem
1575 3429 1843 3506 modum,
1890 3427 1995 3511 qui
2041 3428 2129 3491 eis
2176 3428 2273 3491 vel
2308 3425 2523 3490 maiori
2548 3427 2707 3507 parti
2743 3424 3054 3491 videbitur

355 3535 465 3600 pro
489 3517 713 3581 honore
742 3520 948 3581 nostro
996 3518 1059 3581 et
1105 3516 1261 3580 bono
1287 3516 1667 3598 negotiorum
1707 3519 2080 3592 nostrorum,
2133 3515 2334 3579 venire
2380 3516 2445 3578 et
2487 3533 2618 3578 esse
2665 3532 2847 3597 snper
2879 3512 3061 3577 factis

359 3604 696 3683 Sclavonie,
746 3623 927 3686 super
969 3603 1190 3686 quibus
1231 3604 1501 3669 tractent
1544 3606 1608 3667 et
1649 3605 1991 3684 procurent.
2032 3603 2384 3668 sustinendo
2416 3605 2479 3667 et
2509 3600 2884 3666 defendendo
2914 3602 3048 3665 iura
3087 3601 3106 3630 ἲ

354 3696 588 3769 nostra,
640 3696 710 3757 ut
756 3693 1007 3757 inferius
1052 3690 1479 3776 distinguetur.
1527 3692 1756 3756 Verum
1791 3692 1844 3756 si
1876 3691 2037 3755 idem
2082 3691 2362 3755 dominus
2408 3710 2510 3754 rex
2558 3691 2870 3754 recusaret
2913 3708 3043 3770 per—

353 3782 648 3846 sonaliter
699 3781 908 3845 audire
954 3781 1190 3845 nostros
1242 3781 1687 3854 ambaxatoreS,
1738 3782 1802 3844 et
1846 3779 2035 3844 vellet
2080 3780 2165 3843 eis
2203 3780 2347 3843 dare
2393 3780 2761 3847 tractatores
2783 3827 2798 3852 ,
2850 3794 3057 3841 rema-

353 3872 498 3936 neat
542 3869 606 3933 in
655 3868 1018 3933 discretione
1076 3870 1423 3933 nostrorum
1485 3868 1952 3932 ambaxatorum
2001 3867 2096 3931 vel
2161 3866 2410 3932 maioris
2475 3865 2670 3949 partis
2735 3883 2867 3930 esse
2913 3883 3056 3928 cum

352 3957 538 4023 dictis
583 3956 1053 4032 tractatoribuS,
1116 3956 1277 4021 sicut
1321 3957 1408 4020 eis
1455 3956 1551 4022 vel
1601 3956 1820 4021 maiori
1865 3956 2028 4039 parti
2089 3973 2197 4039 pro
2246 3956 2399 4020 bono
2448 3954 2839 4037 negotiorum
2886 3951 3057 4017 vide-

356 4046 540 4112 bitur.
588 4045 682 4110 De
728 4047 904 4128 parte
948 4044 1056 4123 47,
1102 4044 1177 4109 de
1225 4062 1346 4109 non
1393 4045 1453 4121 2,
1497 4063 1616 4109 non
1662 4045 1884 4109 sinceri
1931 4044 1990 4107 3.

437 4137 596 4197 Scor.
642 4153 797 4196 cons.
841 4155 962 4212 roy.
1005 4134 1081 4195 A.
1121 4139 1222 4205 97,
1266 4155 1310 4195 u
1352 4135 1691 4196 mletackom
1736 4136 1969 4194 arkivu.

643 4379 1120 4462 LXXXVI.
1176 4378 1382 4462 God.
1436 4378 1661 4461 1348.
1714 4378 1816 4461 22
1869 4376 2228 4479 venece,
2277 4399 2337 4459 u
2391 4375 2777 4458 Mletcih.

829 4525 1120 4598 Naputak
1154 4541 1229 4586 aa
1264 4524 1580 4598 postauam
1619 4522 1882 4583 oazazeaee
1927 4523 1966 4581 k
2008 4522 2331 4596 aqua-mv.
2378 4520 2595 4595 teram.

567 4664 755 4729 1347.
821 4663 916 4729 die
976 4663 1163 4729 XXII
1222 4662 1532 4728 februarii.
1614 4661 1725 4728 Ser
1787 4661 2039 4727 Marcus
2099 4659 2490 4725 Lauredanus
2554 4658 2830 4741 sapiens:
2894 4653 3052 4739 quod

347 4755 601 4838 propter
647 4755 845 4833 nova,'
872 4771 988 4836 que
1032 4752 1153 4818 huc
1196 4753 1621 4835 pervenerunt,
1669 4751 1857 4833 utque
1897 4750 2059 4815 clare
2113 4747 2471 4832 procedatur
2517 4748 2582 4813 in
2629 4746 2830 4825 factis,
2875 4741 3051 4807 indu-
