3620 5282
361 556 432 601 ex
455 555 639 601 causa
670 535 872 601 mutui
897 539 1125 602 certam
1152 538 1404 619 pecunie
1427 537 1845 620 quantitatem
1867 536 2034 602 dicte
2053 537 2376 621 magnifice
2401 536 2648 603 domine
2673 553 2783 620 pro
2813 556 3063 603 conser-

362 627 606 690 vatione
632 627 697 690 et
740 627 1070 690 securitate
1097 627 1191 690 sui
1220 626 1423 690 status
1456 645 1528 690 ac
1562 625 1870 708 magnifici
1907 628 2034 691 nati
2070 626 2166 690 sui
2201 631 2265 691 et
2299 645 2406 709 pro
2449 625 2865 709 recuperando
2893 627 3068 692 certa

362 733 471 777 sua
507 715 729 778 iocalia
759 718 943 796 atque
970 714 1129 779 bona
1166 733 1275 797 per
1307 714 1541 778 dictum
1576 714 1887 796 quondam
1937 714 2332 797 magnificum
2361 714 2561 778 virum
2610 733 2794 778 suum
2821 713 3068 799 pignori

364 803 654 884 obligata,
684 805 753 866 ut
776 804 1061 867 asserunt
1087 803 1494 866 necessariam
1536 807 1599 866 et
1646 803 2068 884 opportunam,
2117 802 2439 867 offerentes
2477 803 2549 866 de
2587 802 2724 885 ipsa
2763 803 3069 885 quatitate

366 892 619 970 pecunie
643 891 875 955 dictum
904 890 1216 955 illustrem
1242 890 1559 953 dominum
1600 893 1814 954 ducem
1860 895 1924 954 et
1970 910 2152 955 suum
2193 890 2505 954 excelsum
2544 889 2887 954 dominium
2931 890 3071 955 red-

365 978 508 1041 dere
535 980 687 1043 bene
722 979 976 1043 cautum
1019 981 1084 1044 et
1116 997 1423 1043 securum.
1472 979 1553 1042 Et
1586 980 1713 1058 ipse
1747 978 2015 1043 illustris
2042 979 2106 1042 et
2132 978 2408 1042 excelsus
2452 978 2738 1043 dominus
2778 978 3066 1043 dominus

368 1063 679 1130 Antonius
726 1066 987 1131 Venerio
1043 1067 1140 1131 dei
1185 1067 1387 1147 gratia
1432 1067 1550 1130 dux
1599 1067 2004 1131 Venetiarum
2050 1069 2165 1131 etc.
2214 1086 2356 1130 oum
2404 1085 2513 1131 suo
2582 1066 2854 1131 dominio
2902 1066 3054 1131 moti

369 1155 666 1237 singulari
714 1155 1031 1219 affectione
1079 1158 1143 1219 et
1186 1156 1426 1219 sincera
1472 1154 1753 1232 caritate,
1801 1174 1989 1238 quam
2038 1173 2282 1236 semper
2346 1154 2691 1219 habuerunt
2734 1155 2808 1219 ad
2858 1155 3064 1238 ipsum

364 1242 670 1324 quondam
720 1243 1120 1325 magnificum
1168 1244 1480 1307 domiuum
1530 1242 1817 1307 comitem
1866 1243 2234 1320 Johannem‚
2284 1243 2347 1305 et
2392 1241 2623 1306 habent
2667 1242 2957 1307 similiter
2989 1243 3067 1308 ad

365 1331 613 1394 eandem
660 1330 970 1395 dominam
1012 1332 1393 1394 comitissam
1442 1331 1692 1412 eiusque
1740 1334 1956 1395 natum
1997 1331 2076 1394 ad
2122 1331 2644 1394 conservationem
2714 1331 2810 1395 sui
2867 1333 3070 1396 status

373 1422 436 1482 et
482 1420 895 1495 securitatem,
945 1421 1113 1482 iuxta
1153 1418 1493 1501 predictam
1541 1437 1714 1483 suam
1762 1420 2223 1503 requisitionem
2252 1419 2379 1481 sint
2418 1417 2536 1482 sibi
2576 1418 2858 1500 dispositi
2905 1437 3075 1484 com-

367 1506 629 1588 placere,
680 1507 1033 1589 fuerintque
1081 1510 1145 1570 et
1190 1506 1251 1569 in
1300 1507 1479 1571 modo
1540 1507 1843 1571 cautionis
1905 1507 2229 1589 prestando
2291 1509 2354 1569 et
2409 1508 2756 1594 quantitate
2820 1509 3074 1588 pecunie

372 1597 542 1658 certa
589 1595 896 1677 colloquia
943 1598 1005 1657 et
1052 1594 1563 1660 ratiocinamenta
1605 1588 1823 1676 habita
1871 1596 2030 1659 inter
2057 1596 2285 1677 partes,
2329 1595 2602 1658 Tandem
2651 1595 2965 1675 predictus
2997 1595 3074 1658 il-

370 1681 584 1747 lustris
633 1684 696 1746 et
741 1683 1014 1747 excelsus
1063 1682 1344 1747 dominus
1370 1685 1489 1748 dux
1537 1685 1602 1747 et
1646 1701 1758 1747 sua
1812 1684 2028 1748 inclita
2087 1682 2424 1748 dominatio
2492 1682 2791 1747 habentes
2837 1683 2916 1746 ad
2963 1684 3076 1748 hec

370 1769 702 1834 autoritate
750 1771 836 1835 eis
885 1771 1115 1834 tradita
1157 1790 1267 1853 per
1307 1790 1492 1836 unam
1539 1776 1777 1853 partem
1826 1775 2074 1853 captam
2121 1772 2178 1834 in
2230 1771 2359 1834 suis
2405 1769 2680 1834 consiliis
2714 1775 3073 1852 rogatorum

373 1861 436 1922 et
476 1857 843 1923 addictionis
889 1861 952 1923 in
1001 1858 1272 1941 presenti
1319 1860 1649 1923 millesimo
1696 1863 1759 1923 et
1805 1859 2139 1923 indictione
2185 1860 2286 1923 die
2331 1858 2630 1939 vigesimo
2700 1875 2855 1922 nono
2905 1878 3076 1923 men·

372 1946 457 2009 sis
527 1947 868 2011 decembris
914 1948 1251 2030 plenariam
1299 1949 1695 2030 potestatem,
1748 1950 1817 2012 ut
1865 1950 2106 2011 constat
2152 1945 2304 2010 mihi
2352 1947 2588 2011 notario
2647 1945 3076 2029 infrascript03

372 2036 436 2096 et
481 2034 718 2098 nobiles
765 2038 827 2099 et
875 2036 1200 2117 prudentes
1247 2036 1363 2099 viri
1424 2056 1523 2099 ser
1568 2035 1755 2099 Pauli
1802 2035 1878 2100 de
1923 2034 2202 2116 Georgiis
2248 2034 2325 2098 de
2370 2033 2580 2115 Jadra‚
2629 2035 3074 2115 procuratoreS,

370 2122 835 2199 ambasiatoreS,
884 2122 1146 2188 factores
1194 2128 1255 2187 et
1300 2123 1506 2188 nuncii
1547 2124 1845 2205 speciales
1890 2141 2034 2206 sepe
2066 2123 2230 2187 dicte
2262 2122 2589 2205 magnifice
2622 2123 2863 2188 domine
2894 2122 3076 2187 Anne

371 2210 683 2275 comitisse
729 2211 924 2294 Vegle
969 2216 1107 2286 etc.,
1157 2212 1455 2276 habentes
1501 2211 1793 2275 similiter
1839 2210 1917 2275 ad
1962 2211 2168 2276 omnia
2212 2209 2602 2290 infrascripta
2648 2211 2713 2273 et
2755 2211 2882 2275 alia
2906 2229 3072 2275 exer·

371 2297 561 2361 cenda
606 2299 859 2379 plenum
907 2302 971 2364 et
1007 2299 1317 2364 sufficiens
1363 2299 1745 2377 mandatum,
1794 2302 1867 2364 ut
1910 2300 2155 2368 constat
2201 2299 2610 2363 instrumento
2656 2298 2903 2381 publico
2937 2316 3070 2381 pro·

372 2387 704 2450 curationis
749 2388 976 2469 scripto
1021 2407 1130 2470 per
1198 2387 1521 2452 Nicolaum
1600 2387 1907 2470 quondam
1973 2387 2277 2451 Dominici
2344 2386 2420 2450 de
2484 2386 2702 2470 Vegla,
2770 2386 3079 2469 imperiali

372 2476 738 2539 auctoritate
783 2476 1085 2539 notarium
1128 2477 1447 2558 publicum
1493 2479 1558 2541 et
1601 2477 1945 2540 communis
1993 2473 2192 2560 Segne
2237 2475 2504 2540 scribam
2547 2475 2819 2539 iuratum
2845 2476 2911 2540 iu
2936 2474 3080 2541 mil-

371 2561 591 2626 lesimo
640 2565 1072 2628 trecentesimo
1117 2563 1514 2649 nonagesimo
1562 2566 1763 2636 tertio,
1812 2564 2148 2628 indictione
2195 2564 2413 2647 prima,
2463 2563 2559 2628 die
2622 2564 2925 2647 vigesimo
2975 2583 3071 2628 se-

373 2652 569 2715 cundo
620 2654 850 2717 mensis
898 2653 1267 2731 novembris,
1314 2674 1349 2718 a
1397 2673 1495 2718 me
1542 2653 1780 2718 notario
1823 2653 2218 2736 infrascripto
2263 2653 2396 2717 viso
2442 2655 2506 2717 et
2550 2653 2713 2717 lecto
2760 2651 2836 2717 ad
2884 2651 3074 2717 infra-

373 2740 666 2823 scriptam
716 2741 1177 2805 conventionem
1221 2745 1284 2806 et
1328 2742 1836 2824 compositionem
1898 2741 2274 2807 unanimiter
2329 2742 2393 2804 et
2455 2740 2836 2805 concorditer
2896 2742 3120 2806 deve-⁰

371 2830 608 2892 nerunt.
704 2829 913 2893 Primo
956 2829 1227 2911 quidem,
1275 2829 1436 2911 quod
1484 2830 1932 2911 suprascriptus
1980 2829 2242 2894 illustris
2281 2828 2565 2893 dominus
2611 2829 2900 2893 dominus
2947 2828 3077 2894 An-

372 2916 575 2981 tonius
622 2916 886 2982 Venerio
932 2917 1029 2981 dei
1098 2917 1301 3001 gratia
1341 2917 1462 2981 dux
1509 2917 1910 2982 Venetiarum
1956 2919 2074 2982 etc.
2118 2918 2182 2981 et
2225 2935 2339 2982 sua
2384 2916 2724 2981 dominatio
2795 2919 3077 2999 prestare

373 3009 436 3067 et
480 3006 765 3069 mutuare
811 3005 1076 3070 debeant
1121 3007 1281 3069 dicte
1328 3006 1654 3089 magnifice
1701 3006 1944 3069 domine
1990 3003 2169 3069 Anne
2214 3004 2527 3070 comitisse
2577 3002 2770 3087 Vegle
2816 3008 2933 3070 etc.
2969 3002 3075 3070 seu

375 3092 666 3172 predictis
713 3093 841 3158 suis
888 3095 1407 3176 procuratoribuS,
1455 3093 1978 3159 ambasiatoribus
2025 3097 2087 3158 et
2128 3092 2365 3158 nunciis
2413 3111 2520 3175 pro
2568 3111 2640 3157 ea
2688 3100 2749 3156 et
2812 3113 2921 3158 suo
2970 3110 3080 3159 no-

377 3180 542 3244 mine
589 3182 1028 3263 recipientibus
1074 3182 1328 3247 ducatos
1375 3182 1586 3247 decem
1634 3182 1836 3248 millia
1880 3182 2024 3246 boui
2069 3182 2200 3247 auri
2260 3184 2327 3246 et
2373 3183 2521 3245 iusti
2577 3182 2880 3263 ponderis,
2929 3200 3080 3266 quo·

382 3287 516 3331 rum
588 3273 847 3350 quatuor
907 3270 1105 3335 millia
1150 3270 1280 3335 dari
1320 3271 1384 3334 et
1427 3272 1731 3353 assignari
1776 3271 1866 3334 eis
1910 3269 2135 3335 fatiant
2181 3288 2288 3352 pro
2327 3269 2715 3352 expediendis
2764 3268 2917 3351 ipsis
2950 3268 3077 3336 suis

376 3356 671 3421 iocalibus
719 3359 904 3440 atque
951 3358 1129 3422 bonis
1176 3360 1238 3423 et
1284 3358 1425 3423 aliis
1473 3360 1603 3423 suis
1650 3359 1903 3441 agendis
1950 3358 2051 3424 hic
2097 3358 2158 3422 in
2211 3357 2509 3435 Venetiis,
2559 3376 2698 3422 cum
2760 3356 3080 3424 informati

377 3442 611 3508 fuerint
655 3445 730 3510 de
775 3445 1197 3529 assignatione
1245 3448 1309 3511 et
1351 3447 1725 3511 tranditione
1770 3448 2176 3528 possessionis
2209 3450 2271 3510 et
2302 3449 2513 3510 tennte
2544 3447 2732 3510 castri
2763 3446 3074 3530 Raspuch,

376 3532 449 3595 de
495 3552 618 3615 qua
666 3532 920 3598 inferius
967 3536 1053 3599 sit
1099 3535 1350 3615 menti0,
1398 3539 1461 3599 et
1506 3535 1773 3618 reliquos
1820 3553 1923 3599 sex
1973 3535 2170 3599 millia
2215 3533 2376 3598 infra
2424 3553 2612 3598 unum
2657 3552 2931 3599 mensem
2965 3536 3080 3600 im·

378 3621 644 3685 mediate
679 3624 1058 3705 sequentem,
1108 3626 1432 3705 postquam
1481 3623 1808 3689 habuerint
1849 3624 2138 3689 noticiam
2187 3621 2625 3704 assignationis
2695 3623 2962 3703 predicte
3011 3625 3073 3688 iu

373 3707 624 3774 civitate
673 3709 915 3794 Segnie,
961 3711 1108 3775 illuc
1154 3711 1573 3776 conducendos
1618 3711 1694 3776 ad
1741 3711 1994 3775 risicum
2042 3712 2106 3775 et
2149 3710 2492 3794 periculum
2564 3709 2911 3775 communis
2959 3711 3081 3776 Ve-

373 3798 700 3862 netiarum.
793 3799 913 3863 Pro
959 3798 1287 3863 securitate
1334 3818 1473 3863 vero
1520 3802 1584 3864 et
1627 3799 1909 3865 cautione
1957 3798 2147 3864 totius
2194 3798 2379 3864 sortis
2426 3799 2491 3862 et
2536 3797 2906 3881 quantitatis
2952 3797 3084 3863 dic-

375 3886 579 3949 torum
627 3888 834 3951 decem
883 3886 1152 3951 millium
1192 3885 1557 3952 ducatorum
1599 3887 1764 3952 idem
1812 3888 2279 3964 ambasiatores,
2314 3888 2740 3969 procuratores
2773 3888 2838 3951 et
2868 3888 3074 3953 nuncii

375 3971 536 4036 dicte
577 3973 824 4038 domine
871 3975 1184 4040 comitisse
1230 3976 1476 4040 nomine
1523 3977 1587 4040 et
1633 3976 1763 4040 vice
1808 3975 2003 4057 ipsius
2049 3975 2339 4040 heredum
2389 3977 2452 4038 et
2508 3992 2924 4039 successorum
2975 3994 3081 4040 su-

376 4078 549 4124 orum
600 4064 1014 4143 promiserunt
1058 4066 1122 4128 et
1166 4081 1231 4126 se
1278 4063 1749 4147 obbligaverunt
1791 4082 1863 4129 ac
1911 4062 2288 4146 promittunt
2332 4065 2395 4126 et
2442 4082 2506 4126 se
2554 4062 2834 4145 obligant
2880 4061 3083 4146 stipu-

375 4148 599 4213 lacioni
645 4151 902 4216 solemni
944 4153 1107 4229 dare,
1153 4151 1470 4229 transfere,
1522 4150 1763 4217 tradere
1833 4153 1896 4216 et
1939 4153 2319 4234 consignare,
2382 4152 2446 4214 et
2489 4170 2559 4215 ex
2605 4169 2765 4215 nunc
2810 4153 3078 4232 tradunt,

378 4237 757 4303 transferunt
811 4242 876 4305 et
930 4241 1297 4323 consignant
1364 4241 1424 4304 in
1499 4239 1802 4317 manibus,
1866 4240 2152 4317 domini0,
2225 4238 2410 4303 sortia
2458 4242 2519 4301 et
2562 4240 2868 4320 potestate
2915 4238 3081 4307 dicte

377 4324 610 4389 ducalis
659 4328 1091 4393 dominationis
1137 4346 1244 4393 seu
1289 4328 1457 4393 illius
1503 4328 1598 4392 vel
1647 4327 1911 4407 illorum,
1961 4329 2061 4410 qui
2112 4327 2408 4392 haberent
2454 4326 2532 4390 ab
2580 4345 2652 4390 ea
2719 4326 2970 4409 plenum
3017 4334 3081 4394 et

376 4413 686 4479 sufficiens
734 4416 1093 4481 mandatum
1142 4412 1249 4498 pro
1295 4418 1539 4498 pignore
1585 4420 1647 4479 et
1692 4417 1936 4481 nomine
1984 4416 2253 4498 pignoris
2298 4421 2362 4480 et
2382 4416 2654 4499 ypotece,
2684 4413 2986 4481 cautionis
3019 4420 3082 4483 et

378 4503 727 4568 securitatis
774 4506 1046 4569 castrum
1094 4504 1417 4586 Raspurch
1471 4506 1661 4568 situm
1720 4506 1782 4569 in
1853 4504 2130 4586 partibus
2176 4502 2566 4581 Chersorum‚
2617 4503 2776 4586 quod
2822 4502 2898 4566 ad
2943 4524 3081 4587 pre-

380 4607 518 4652 sens
567 4594 807 4657 tenetur
853 4596 916 4658 et
958 4593 1305 4675 possidetur
1349 4612 1455 4675 per
1500 4593 1699 4675 ipsam
1747 4593 2060 4656 dominam
2109 4592 2487 4656 comitissam
2535 4609 2674 4655 cum
2709 4591 2991 4656 omnibus
3017 4597 3081 4658 et

378 4675 639 4759 singulis
685 4680 958 4755 edificiiS,
1006 4680 1332 4760 fortiliciiS‚
1384 4680 1571 4758 villis,
1620 4680 1966 4758 territoriiS,
2030 4680 2439 4763 pertinentiis,
2508 4677 2746 4743 iuribus
2791 4679 2855 4743 et
2899 4679 3082 4744 iuris-

377 4764 715 4832 dicionibus
759 4786 830 4833 ac
875 4769 1238 4850 redditibus,
1285 4768 1705 4835 usufructibus
1766 4771 1830 4834 et
1876 4768 2276 4851 proventibus
2324 4767 2400 4831 ad
2449 4766 2655 4850 ipsum
2701 4766 2975 4830 castrum
3018 4768 3083 4831 et

508 4905 689 4956 spon.
720 4908 804 4956 1v.
2682 4886 2763 4950 21
