3620 5282
681 339 813 408 262

684 542 884 606 status
931 556 1147 605 corone
1195 543 1258 604 et
1298 538 1468 624 regni
1514 539 1632 615 sni,
1679 557 1866 622 quam
1914 540 1986 604 ut
2032 537 2340 623 propriam
2387 539 2770 621 exoptamus.
2839 536 3079 604 Deinde
3135 555 3425 621 expones

686 629 1116 694 maiestatibus
1164 628 1312 705 suiS,
1360 627 1520 711 quod
1566 631 2028 710 perseverantes
2076 630 2138 692 in
2196 628 2433 693 sincero
2480 629 2787 710 proposito
2835 629 3040 692 nostro
3089 627 3417 710 vigilavi-

687 735 826 781 mus
876 722 937 780 et
979 715 1271 783 continuo
1319 716 1652 800 vigilamus
1715 718 1791 782 ad
1838 716 2208 781 obstandum
2257 716 2406 781 totis
2451 717 2685 780 viribus
2733 714 3120 798 quibuslibet
3188 733 3422 797 propo-

686 805 829 871 sitis
874 809 939 867 et
982 804 1549 886 imaginationibuS,
1597 823 1749 887 quas
1796 804 1988 870 emuli
2036 823 2254 870 corone
2300 805 2364 868 et
2407 804 2578 887 regni
2613 803 2709 867 sui
2740 803 3020 868 fecerunt
3046 806 3118 867 et
3161 802 3422 868 faciunt

685 894 749 957 in
795 894 1089 958 damnum
1137 895 1200 957 et
1247 894 1682 958 detrimentum
1731 893 1976 958 honoris
2028 902 2090 957 et
2152 894 2355 957 status
2401 896 2517 958 sui.
2580 893 2755 957 Unde
2803 892 3023 956 multis
3071 891 3422 956 mensibus

685 982 809 1045 iam
857 980 1085 1063 elapsis
1152 982 1505 1054 sentienteS‚
1576 982 1734 1062 quod
1802 981 2112 1047 Jadratini
2182 983 2573 1046 armaverant
2637 1000 2823 1044 uuam
2890 981 3162 1064 galeam,
3220 997 3419 1064 quam

686 1069 934 1134 mittere
979 1068 1380 1134 intendebant
1424 1066 1686 1134 Gaetam
1733 1069 1809 1134 ad
1853 1070 2163 1134 dominam
2216 1069 2623 1151 Margaritam
2670 1087 2779 1152 pro
2808 1067 3219 1134 conducendo
3274 1086 3418 1132 eam

688 1158 787 1222 vel
832 1156 1031 1221 filium
1079 1157 1155 1223 ad
1204 1160 1410 1240 partes
1460 1158 1793 1234 Dalmatie,
1845 1157 2270 1222 mandavimus
2316 1158 2638 1239 capitaneo
2687 1160 2892 1222 nostro
2938 1156 3181 1239 culphi,
3245 1156 3418 1239 quod

689 1264 830 1311 cum
877 1245 1161 1310 omnibus
1195 1244 1390 1328 galeis
1429 1246 1548 1310 sibi
1594 1246 1898 1324 comissis,
1933 1265 2049 1329 que
2095 1246 2343 1310 fuerunt
2389 1265 2495 1310 sex
2542 1263 2816 1324 numero,
2865 1247 3061 1310 staret
3108 1245 3419 1309 attentus

691 1338 751 1397 et
795 1335 1051 1417 paratus
1096 1335 1173 1398 ad
1220 1333 1609 1398 sentiendum
1656 1335 1731 1399 de
1791 1335 1910 1399 viis
1956 1336 2019 1399 et
2080 1334 2505 1418 progressibus
2552 1333 2729 1417 galee
2777 1333 3066 1416 predicte,
3119 1335 3198 1396 et
3248 1332 3415 1416 quod

686 1424 927 1496 teneret
966 1421 1217 1487 modum
1265 1423 1529 1498 omnine,
1565 1422 1722 1503 quod
1768 1423 1832 1486 in
1862 1422 2066 1487 reditu
2113 1441 2223 1486 suo
2268 1422 2570 1486 haberent
2613 1421 2887 1506 linguam
2919 1422 2994 1486 de
3035 1422 3183 1504 ipsa
3220 1418 3412 1503 galea

688 1512 752 1574 et
791 1510 853 1573 in
901 1528 1048 1575 casu
1094 1529 1212 1593 quo
1259 1511 1607 1575 invenirent
1646 1510 1709 1574 in
1759 1529 1835 1575 ea
1864 1510 2208 1594 predictam
2243 1511 2557 1575 dominam
2591 1510 2995 1594 Margaritam
3031 1509 3136 1574 vel
3175 1509 3411 1583 filium,

689 1600 969 1662 tenerent
1015 1599 1260 1663 modum
1309 1599 1385 1663 de
1430 1598 1710 1663 habendo
1757 1601 1922 1682 ipsos
1969 1597 2028 1663 1
2065 1598 2346 1663 manibus
2381 1598 2529 1675 suis,
2564 1616 2674 1681 per
2726 1617 2909 1681 quem
2941 1598 3236 1662 ordinem
3274 1597 3411 1678 ipse

688 1688 1047 1769 capitaneus
1095 1691 1303 1752 noster
1349 1685 1522 1751 misit
1551 1687 1760 1769 galeas
1791 1706 1933 1752 suas
1969 1686 2045 1751 ad
2069 1690 2280 1769 partes
2311 1685 2520 1751 Sicilie
2566 1689 2631 1750 et
2672 1687 2748 1751 ad
2797 1687 2951 1752 alias
2999 1689 3223 1769 partes
3261 1702 3408 1749 cum

690 1776 803 1839 tali
853 1781 915 1839 et
962 1774 1050 1839 sic
1096 1773 1423 1840 sufficienti
1469 1774 1698 1853 ordine,
1741 1777 1899 1858 quod
1945 1794 2189 1858 semper
2234 1774 2601 1840 informatus
2649 1775 2856 1841 extitit
2902 1775 2977 1839 de
3017 1775 3309 1839 motibus
3343 1776 3407 1835 et

690 1863 807 1927 viis
853 1864 1000 1942 suia,
1048 1868 1112 1926 et
1158 1863 1220 1927 in
1270 1862 1489 1940 reditu,
1536 1882 1716 1946 quern
1760 1863 2043 1939 faciebat,
2093 1865 2372 1945 pervenit
2416 1863 2492 1928 ad
2541 1882 2758 1928 manus
2822 1865 3021 1946 partis
3064 1864 3403 1947 galearum

689 1971 957 2028 suarum,
1008 1951 1117 2016 sed
1162 1951 1376 2016 habito
1423 1951 1586 2017 clare
1646 1955 1711 2016 et
1772 1951 2116 2020 manifeste.
2165 1951 2325 2036 quod
2392 1954 2608 2016 neuter
2656 1952 3063 2035 predictorum
3134 1952 3295 2015 eant
3339 1949 3399 2012 in

687 2040 821 2121 ipsa
866 2040 1063 2122 galea,
1110 2040 1284 2104 nulla
1330 2039 1574 2104 novitas
1613 2040 1708 2104 vel
1756 2046 1958 2106 motus
2007 2060 2111 2122 per
2158 2042 2402 2104 nostras
2451 2040 2660 2123 galeas
2707 2039 2907 2105 factus
2959 2039 3103 2104 fuit.
3157 2039 3391 2103 Postea

687 2129 987 2206 narrabis,
1041 2128 1307 2210 qualiter
1356 2147 1463 2210 per
1507 2128 1752 2193 litteras
1799 2130 2032 2194 domini
2079 2129 2326 2193 comitis
2374 2130 2601 2194 montis
2646 2126 2977 2193 Caucensis
3021 2124 3400 2212 singularis-

688 2218 833 2281 simi
879 2216 1067 2281 amici
1114 2217 1306 2282 nostri
1354 2217 1675 2282 informati
1724 2216 1973 2292 fuimus,
2021 2216 2310 2300 qualiter,
2375 2216 2536 2282 sicut
2580 2215 2826 2281 domino
2888 2216 3172 2298 placuit,
3224 2212 3436 2298 galea·

687 2306 960 2388 predicta
1003 2305 1066 2369 in
1114 2305 1414 2386 principio
1464 2305 1690 2369 mensis
1739 2306 1998 2371 ianuarii
2062 2306 2124 2369 in
2186 2305 2398 2387 aequis
2445 2306 2696 2370 Taranti
2762 2305 3157 2387 naufragium
3223 2318 3392 2385 passa

687 2393 824 2471 fuit,
873 2394 939 2457 et
1005 2393 1268 2475 qualiter
1338 2394 1399 2456 in
1448 2411 1520 2456 ea
1565 2395 1701 2458 erat
1746 2394 2034 2458 dominus
2082 2394 2309 2458 Paulus
2356 2392 2505 2457 olim
2567 2394 2887 2476 episcopus
2934 2389 3393 2476 ZagabrienSis,

688 2482 973 2546 dominus
1018 2480 1330 2546 Johannes
1376 2482 1450 2545 de
1496 2480 1850 2564 Grisoganis
1898 2484 1960 2547 et
2004 2479 2249 2547 Cresius
2310 2481 2442 2546 eius
2503 2480 2712 2558 frater,
2784 2480 2890 2563 qui
2946 2480 3191 2564 captivi
3257 2479 3389 2543 sunt
3515 2539 3516 2542 ,

689 2571 880 2652 ipsius
925 2570 1155 2633 domini
1207 2568 1472 2647 comitia,
1523 2588 1706 2653 penes
1752 2589 1936 2655 quem
2001 2573 2242 2653 reperta
2303 2571 2398 2634 est
2464 2588 2584 2634 una
2650 2569 2830 2634 litera
2889 2568 3093 2653 ipsius
3148 2568 3387 2634 domine
3515 2629 3516 2651 χ

687 2658 1051 2742 Margarite,
1103 2678 1219 2742 que
1266 2660 1534 2724 multum
1578 2661 1789 2724 nostro
1837 2658 2052 2724 iuditio
2098 2659 2302 2741 tangit
2353 2660 2587 2723 statum
2656 2676 2853 2723 suum.
2921 2658 3006 2723 Et
3065 2661 3391 2740 propterea

687 2748 973 2813 volumus
1020 2747 1337 2812 remittere
1382 2748 1456 2812 ad
1505 2748 1878 2829 presentiam
1930 2747 2323 2811 maiestatum
2358 2765 2609 2811 suarum
2656 2765 2800 2811 cum
2832 2746 3005 2828 copia
3035 2747 3390 2811 litterarum

690 2836 885 2919 ipsius
936 2836 1166 2900 domini
1218 2835 1464 2900 comitis
1510 2837 1574 2900 et
1617 2836 1862 2900 domine
1899 2835 2257 2918 Margarite,
2307 2836 2378 2899 ut
2423 2834 2547 2899 sint
2592 2835 2668 2899 de
2710 2835 2998 2900 omnibus
3046 2830 3382 2903 informati,

690 2925 835 3009 quia
878 2924 1170 2988 honorem
1219 2925 1282 2988 et
1326 2926 1559 2989 statum
1608 2942 1788 2988 suum
1838 2930 1899 2988 et
1946 2943 2051 2988 sue
2097 2941 2313 2988 corone
2363 2924 2531 2988 velut
2591 2922 2906 3006 proprium
2963 2923 3387 3006 reputavimus

689 3016 754 3077 et
797 3011 1173 3076 intendimus
1220 3014 1512 3096 perpetuo
1558 3016 1856 3094 reputare.
1905 3011 2146 3078 Utendo
2192 3013 2288 3077 his
2332 3014 2396 3076 et
2437 3010 2575 3076 aliis
2621 3011 2846 3086 verbis,
2894 3030 3010 3094 que
3054 3012 3181 3078 tibi
3232 3007 3390 3075 vide-

689 3102 924 3166 buntur
970 3100 1132 3165 circa
1179 3102 1362 3165 istam
1420 3102 1692 3165 nostram
1741 3101 2174 3165 intencionem.
2237 3100 2321 3164 Et
2365 3099 2656 3182 expositis
2704 3100 3012 3183 predictis,
3061 3118 3138 3164 ac
3189 3095 3388 3164 habita
3515 3138 3516 3191 }

690 3190 1078 3272 responsione
1126 3190 1395 3271 ipsorum
1445 3188 1833 3254 dominorum
1896 3190 2061 3272 regis
2110 3193 2170 3254 et
2220 3189 2448 3272 regine,
2498 3191 2748 3271 accepto
2795 3189 3018 3253 honore
3065 3189 3133 3253 et
3179 3184 3386 3250 devoto

689 3279 992 3355 comeatu,
1044 3277 1339 3342 Venetias
1380 3277 1708 3341 revertaris
1754 3276 1830 3342 de
1876 3277 2161 3342 omnibus
2208 3275 2389 3341 factis
2421 3275 2641 3341 deinde
2682 3275 2953 3359 plenarie
2995 3274 3379 3341 informatus·

692 3366 991 3430 Visitabis
1034 3384 1272 3448 quoque
1319 3365 1461 3429 illos
1509 3364 1780 3446 prelatos
1830 3367 1891 3430 et
1934 3367 2212 3440 baroneS,
2246 3364 2470 3448 quibus
2518 3368 2761 3430 nostras
2799 3366 3013 3430 literas
3048 3365 3376 3433 mittimus,

689 3456 742 3518 si
790 3472 891 3518 eos
941 3454 1231 3531 invenieS,
1292 3472 1434 3518 cum
1503 3453 1629 3517 illis
1678 3453 1899 3528 verbis,
1949 3474 2064 3536 que
2124 3453 2240 3519 tibi
2285 3453 2678 3529 videbuntur,
2727 3454 2790 3519 et
2835 3451 3128 3537 quicquid
3179 3452 3257 3517 ab
3301 3448 3380 3512 eis

687 3542 994 3619 habueriS,
1044 3541 1222 3607 nobis
1270 3540 1334 3606 in
1395 3543 1502 3606 tuo
1548 3539 1757 3607 reditu
1821 3542 2278 3623 particulariter
2340 3541 2701 3606 declarabis,
2748 3543 3006 3625 Insuper
3054 3541 3204 3624 quia
3250 3534 3380 3602 istis

689 3629 904 3695 diebus
951 3631 1267 3712 preteritis
1337 3630 1681 3713 recepimus
1750 3649 1935 3695 unam
2005 3630 2250 3695 literam
2318 3628 2471 3694 dicti
2543 3629 2775 3694 domini
2839 3630 3004 3714 regis
3050 3648 3162 3712 pro
3210 3623 3379 3692 factis

689 3717 997 3784 Francisci
1044 3718 1119 3781 de
1168 3718 1500 3796 Bernard0,
1548 3719 1721 3783 cuius
1767 3718 2004 3801 copiam
2038 3719 2153 3783 tibi
2202 3718 2334 3783 dari
2364 3717 2623 3783 fecimus
2656 3737 2763 3800 pro
2795 3720 2905 3783 tua
2935 3717 3373 3785 informatione,

690 3808 975 3872 volumus
1021 3809 1085 3870 et
1130 3807 1580 3873 committimus
1628 3807 1765 3884 tibi,
1805 3808 1966 3889 quod
2012 3812 2192 3872 caute
2241 3809 2304 3871 et
2349 3806 2562 3871 dextro
2593 3806 2770 3871 modo
2815 3824 3103 3889 procures
3135 3803 3375 3871 sentire.

689 3896 743 3961 si
790 3898 924 3977 ipsa
966 3894 1148 3958 litera
1194 3896 1496 3976 processit
1535 3914 1572 3960 a
1615 3896 1786 3959 curia
1831 3896 2002 3978 regia
2049 3897 2112 3959 et
2159 3897 2232 3959 de
2278 3913 2576 3959 consensu
2621 3897 2684 3959 et
2721 3895 3036 3960 voluntate
3076 3913 3207 3970 sua,
3242 3887 3373 3974 quia

689 3986 783 4050 est
826 3983 1059 4048 tenoris
1108 4000 1224 4047 non
1274 3984 1425 4048 bene
1470 3983 1858 4048 rationabilis
1906 4002 2013 4048 nec
2060 3983 2319 4048 honesti.
2369 3982 2448 4047 Et
2495 3984 2557 4046 iu
2603 4002 2750 4048 casu
2782 4002 2899 4065 quo
2940 3984 3190 4059 habeas,
3224 3974 3372 4062 quod

689 4076 821 4156 ipsa
868 4072 1050 4135 litera
1096 4071 1470 4154 processerit
1513 4090 1550 4135 a
1591 4074 1759 4135 curia
1798 4073 1863 4136 et
1908 4070 1982 4134 de
2030 4074 2235 4136 mente
2281 4072 2471 4154 regia,
2522 4074 2667 4135 tunc
2711 4091 2855 4135 cum
2901 4071 3030 4135 illis
3068 4068 3271 4134 verbis
3312 4064 3370 4127 et

687 4160 1047 4235 rationibuS,
1098 4179 1216 4242 que
1264 4158 1563 4241 sapient-ie
1617 4162 1722 4224 tue
1787 4160 2178 4234 videbuntur,
2243 4159 2464 4223 debeas
2526 4158 2724 4224 facere
2771 4161 3228 4225 excusationem
3271 4153 3371 4217 do·

689 4250 855 4314 mino
896 4248 1025 4331 regi
1074 4249 1147 4312 de
1192 4248 1354 4312 facto
1401 4247 1689 4329 predicto,
1737 4248 1881 4331 quia
1928 4265 2035 4312 nos
2081 4248 2364 4312 volumus
2408 4247 2632 4311 habere
2680 4249 2904 4313 bonnm
2947 4247 3265 4314 consilium
3315 4237 3371 4303 ef·

688 4338 1191 4402 deliberationem
1239 4336 1585 4418 superinde,
1630 4336 2060 4410 et,babemus,
2132 4337 2288 4419 quod
2364 4353 2481 4400 non
2543 4335 2769 4401 habeat
2831 4337 2931 4402 ius
2999 4336 3064 4401 in
3106 4330 3367 4426 pecunie,

690 4443 874 4509 quam
925 4426 1097 4506 petit.
1148 4422 1213 4487 Si
1260 4432 1467 4488 autem
1508 4423 1786 4498 habereS,
1834 4425 1991 4508 quod
2037 4425 2444 4507 processisset
2487 4444 2595 4507 per
2641 4423 2834 4490 alium
2883 4424 3154 4501 modum,
3188 4411 3365 4515 nicbll

689 4513 861 4578 dicas
904 4514 979 4577 de
1025 4512 1210 4587 facte,
1260 4515 1364 4578 sed
1407 4531 1549 4578 cum
1596 4530 1687 4592 ec,
1744 4514 1904 4596 quod
1950 4513 2234 4591 senseris,
2282 4513 2486 4596 posito
2530 4512 2650 4578 fine
2691 4512 2874 4579 factis
2922 4513 3036 4578 tibi
3078 4510 3365 4577 comissis,

688 4601 976 4666 Venetias
1021 4602 1367 4666 revertaris,

773 4709 1009 4772 Secreta
1055 4707 1228 4771 Gens.
1277 4710 1421 4786 Roy.
1467 4710 1528 4769 R
1574 4712 1674 4781 49,
1718 4728 1760 4770 u
1804 4710 1959 4772 mlet.
2009 4710 2243 4771 arkivu.
