3620 5282
513 336 644 402 242

504 514 646 580 lunt
674 512 984 594 sapientes
1029 509 1311 594 predicti,
1361 510 1518 593 quod
1566 508 1631 574 in
1678 509 1843 574 facto
1905 507 2039 590 ipso
2107 507 2281 573 nulla
2342 507 2589 574 novitas
2648 510 2762 574 fiat
2814 512 3115 592 quantum
3164 513 3242 575 ad

497 619 771 683 presenS,
820 599 927 665 sed
975 598 1294 663 remaneat
1344 599 1406 662 in
1451 600 1641 674 statu,
1689 614 1809 679 quo
1858 599 1971 672 est,
2017 595 2210 661 donec
2269 596 2474 679 aliqui
2522 599 2749 675 testeS,
2799 599 2903 681 qui
2947 600 3093 663 sunt
3138 600 3248 664 ab·

497 690 722 765 sentes,
772 706 924 770 quos
972 687 1185 751 volunt
1243 686 1576 767 producere
1635 684 1797 749 dicte
1858 686 2068 765 partes
2131 688 2266 747 tam
2334 685 2396 747 in
2445 683 2729 749 Veneciis
2792 704 2979 767 quam
3040 689 3234 766 extra,

500 776 834 841 examinati
878 774 1109 839 fuerint
1153 792 1337 855 super
1381 773 1514 851 hoc,
1562 791 1705 837 cum
1750 790 1861 853 per
1908 771 2096 835 aliam
2144 771 2311 836 viam
2372 791 2488 836 nou
2551 772 2751 855 possit
2795 773 3097 838 declarari
3143 774 3238 837 fa-

497 867 668 930 ctum
713 862 922 945 ipsum
968 861 1088 926 nisi
1128 880 1237 944 per
1281 860 1692 925 consessiones
1740 860 2000 924 testium
2049 859 2512 940 predictorum,
2563 860 2991 925 relaxantibus
3042 862 3241 943 parti—

498 952 615 1015 bus
662 950 1033 1033 supradictis
1080 966 1222 1014 suos
1269 950 1695 1031 procuratores
1742 948 1820 1011 ad
1867 946 2158 1028 plenum,
2229 948 2334 1030 qui
2402 947 2535 1011 loco
2583 950 2647 1013 et
2693 948 2969 1031 tempore
3031 949 3244 1016 debito

502 1040 753 1104 valeant
792 1036 1076 1121 prosequi
1124 1037 1358 1101 factum
1405 1037 1628 1118 ipsum.
1686 1035 1850 1099 Item
1896 1052 2004 1116 pro
2079 1035 2253 1097 omni
2330 1036 2490 1099 bona
2539 1054 2757 1115 causa,
2808 1040 2879 1101 ut
2938 1036 3244 1102 evitentur

501 1127 709 1191 omnia
753 1124 1040 1191 scandala
1089 1125 1153 1187 et
1197 1142 1450 1201 errores,
1500 1123 1603 1205 qui
1651 1123 1797 1187 oriri
1847 1124 2100 1204 possent
2150 1124 2313 1187 iuter
2361 1124 2526 1205 ipsas
2572 1126 2803 1205 parteS,
2854 1125 2919 1189 et
2957 1127 3029 1189 ut
3073 1126 3236 1206 ipsa-

502 1234 640 1279 rum
688 1214 965 1296 quelibet
1008 1212 1238 1275 habeat
1274 1211 1497 1275 merito
1544 1211 1911 1287 contentari,
1963 1210 2296 1273 consulunt
2342 1211 2654 1293 sapientes
2718 1212 3018 1294 predicti,
3078 1215 3234 1295 quod

505 1303 636 1367 siue
679 1301 1016 1385 preiudicio
1060 1299 1214 1363 iuris
1259 1300 1539 1380 parcium
1584 1316 1693 1380 per
1741 1297 1956 1362 ducale
2002 1297 2345 1361 dominium
2415 1298 2683 1382 eligatur
2742 1318 2899 1364 uuus
2958 1299 3237 1378 iubanuS,

503 1390 665 1454 sicut
710 1389 829 1453 sibi
876 1407 985 1472 pro
1030 1387 1188 1451 bono
1235 1385 1384 1451 facti
1432 1386 1743 1451 videbitur
1790 1389 1855 1449 et
1899 1382 2192 1467 placebit,
2242 1386 2348 1467 qui
2393 1386 2470 1450 de
2517 1388 2719 1451 cetero
2752 1388 2882 1451 tam
2925 1406 3034 1469 pro
3067 1391 3240 1471 parte

502 1476 849 1542 communis
896 1494 1083 1559 quam
1139 1473 1407 1556 episcopi
1469 1475 1532 1537 et
1591 1473 1738 1537 cleri
1803 1474 1897 1536 sui
1962 1472 2171 1555 exigat
2232 1472 2549 1538 decimum
2627 1474 3091 1557 supradictum,
3138 1475 3241 1558 qui

501 1566 822 1629 conservet
861 1566 926 1629 et
970 1562 1307 1628 distribuat
1352 1560 1589 1625 dictum
1615 1560 1922 1625 decimum
1954 1562 2084 1623 tam
2112 1559 2280 1625 dicto
2305 1561 2588 1643 episcopo
2634 1565 2698 1627 et
2744 1563 3004 1639 clericiS,
3040 1581 3235 1645 quam

505 1651 570 1716 in
616 1652 758 1715 aliis
805 1651 958 1716 locis
1005 1653 1068 1715 et
1113 1649 1565 1733 mayneriebuS,
1617 1647 1779 1713 sicut
1827 1648 2081 1711 solitum
2143 1650 2239 1712 est
2283 1648 2436 1713 fieri.
2518 1647 2639 1728 Qui
2696 1649 2959 1715 iubauus
3006 1651 3237 1716 durare

503 1739 726 1805 debeat
769 1739 990 1816 solum,
1040 1738 1227 1802 donec
1273 1736 1604 1801 examinati
1648 1734 1878 1800 fuerint
1924 1737 2114 1799 testes
2161 1734 2532 1817 producendi
2598 1756 2708 1817 per
2769 1738 2936 1818 ipsas
2998 1739 3226 1819 partes,

509 1828 574 1893 et
616 1827 804 1891 donec
852 1826 1091 1908 questio
1138 1824 1287 1889 dicti
1334 1823 1544 1888 iubani
1590 1821 1782 1887 fuerit
1827 1822 2214 1906 integraliter
2260 1823 2546 1888 diffinita.
2595 1825 2676 1887 Et
2700 1826 2862 1907 quod
2908 1827 3228 1890 statuatur

501 1915 802 1979 terminus
845 1911 1300 1996 peremptorius
1365 1910 1645 1993 partibus
1703 1910 2074 1992 suprad·ctis
2120 1930 2229 1992 per
2273 1911 2486 1975 ducale
2536 1911 2881 1976 dominium
2936 1914 3012 1976 ad
3062 1914 3230 1978 nati-

502 2001 763 2067 vitatem
810 2001 1043 2066 domini
1090 1999 1284 2064 nostri
1331 2000 1463 2063 iesu
1510 1998 1727 2062 christi
1786 1997 2130 2079 proximam
2178 1998 2349 2062 mitti
2397 1999 2691 2064 Venetiae
2752 2000 2830 2064 ad
2876 1998 3222 2065 faciendum

501 2088 840 2154 examinari
886 2090 1078 2153 testes
1125 2103 1269 2151 suos
1309 2094 1372 2152 et
1414 2085 1872 2168 producendum
1917 2087 2123 2150 omnia
2169 2086 2303 2150 iura
2348 2104 2480 2164 sua,
2544 2106 2661 2169 que
2706 2087 3036 2153 intendunt
3084 2107 3225 2171 pro-

505 2177 725 2242 ducere
771 2178 837 2241 in
884 2175 1043 2241 facto
1079 2173 1293 2240 iubani
1340 2173 1620 2256 predicti,
1670 2172 2034 2237 declarando
2079 2174 2262 2237 dictis
2322 2174 2639 2255 part-ibus,
2690 2174 2853 2257 quod
2901 2177 2955 2240 si
3014 2174 3224 2259 elapso

502 2262 669 2329 dicto
715 2264 979 2330 termino
1025 2281 1143 2327 non
1190 2261 1670 2344 adimpleverint
1716 2260 2075 2342 supradicta
2122 2263 2412 2326 contenta
2472 2262 2534 2326 in
2600 2263 2870 2345 presenti
2928 2263 3225 2346 capitulo,

505 2352 669 2434 quod
714 2352 929 2416 taliter
974 2369 1083 2432 per
1129 2349 1345 2414 ducale
1386 2348 1727 2414 dominium
1774 2349 1901 2424 fiet,
1952 2349 2112 2412 sicut
2152 2349 2270 2413 sibi
2303 2349 2614 2414 videbitur
2658 2353 2723 2414 et
2767 2350 3062 2433 placebit.
3111 2350 3226 2416 Ce-

503 2440 710 2504 terum
754 2440 924 2504 iuxta
968 2439 1165 2521 partis
1227 2436 1502 2519 predicte
1566 2435 2016 2507 continenciam
2077 2438 2140 2500 et
2201 2437 2474 2501 tenorem
2540 2437 2841 2521 elegimus
2904 2439 3226 2521 providum

500 2527 700 2592 virum
749 2525 1105 2591 Nicoletum
1151 2525 1389 2589 Blondo
1437 2524 1637 2589 civem
1683 2525 1747 2588 et
1791 2523 2037 2588 fidelem
2101 2526 2383 2589 nostrum
2429 2524 2576 2589 illuc
2624 2527 2952 2589 venturum
3000 2528 3077 2590 ad
3124 2545 3226 2590 ex—

498 2633 725 2698 pensas
771 2631 1128 2680 communes
1174 2612 1489 2695 partium,
1541 2613 1615 2677 de
1662 2611 1838 2676 cuius
1902 2612 2168 2677 adventu
2231 2613 2438 2696 partes
2502 2611 2774 2694 predicte
2826 2614 3119 2694 reputant
3163 2632 3229 2680 se

501 2706 808 2769 contente.
856 2703 1089 2768 Verum
1137 2720 1300 2784 pars,
1362 2720 1478 2782 que
1524 2700 1886 2765 succumbet
1944 2699 2006 2763 in
2053 2718 2276 2779 causa,
2341 2699 2526 2764 debet
2585 2699 2819 2765 solvere
2865 2718 3077 2765 omnes
3124 2719 3228 2766 ex-

498 2810 737 2874 pensas.
787 2788 992 2868 Quare
1038 2790 1299 2854 eundem
1347 2787 1676 2852 Nicolaum
1726 2787 2022 2852 habentes
2072 2790 2279 2852 nostro
2327 2787 2555 2852 intuitu
2603 2788 3092 2865 recommissum,
3142 2787 3219 2853 ad

500 2879 925 2945 executionem
973 2877 1093 2943 sibi
1136 2875 1613 2942 commissorum
1661 2876 2058 2956 negociorum
2105 2875 2327 2940 debeat
2375 2877 2648 2957 potestas
2676 2876 2871 2940 Lesne
2918 2875 3066 2940 dare
3111 2893 3224 2940 au-

500 2967 739 3046 xilium,
788 2966 1119 3031 consilium
1165 2966 1231 3029 et
1273 2963 1563 3041 favorem,
1612 2964 1685 3027 ut
1731 2964 1804 3026 de
1852 2981 1966 3026 sua
2011 2961 2308 3028 fidelitate
2349 2982 2684 3046 speramus.

580 3057 780 3127 Misce,
828 3055 1070 3116 XXVI.
1118 3058 1219 3125 96,
1266 3072 1309 3113 u
1355 3055 1573 3114 arkivu
1607 3054 1969 3113 mletackom.

792 3240 1201 3324 CCCLIX.
1257 3241 1465 3325 God.
1519 3241 1741 3327 1352.
1794 3244 1886 3323 11
1938 3242 2385 3341 kolovoza‚
2437 3264 2499 3323 u
2550 3242 2942 3325 Mletclh.

494 3351 845 3427 Dopusaeeno
889 3353 1166 3425 njekomu
1213 3350 1572 3410 Zadraninu
1592 3396 1605 3420 ‚
1652 3352 1733 3410 da
1776 3367 1838 3410 sc
1875 3369 1918 3409 u
1965 3352 2255 3410 zadarske
2315 3353 2479 3412 otoke
2522 3352 2581 3412 iz
2619 3352 2929 3424 M‘letaka,
2983 3352 3121 3427 ydje
3153 3354 3222 3426 ,ie

1457 3458 1500 3498 u
1529 3456 1805 3513 proyonu
1849 3439 2020 3516 bivio,
2067 3439 2252 3499 izseli.

666 3541 667 3544 ’
708 3541 898 3607 1352.
944 3539 1281 3606 indictione
1320 3541 1555 3624 quinta,
1605 3540 1704 3605 die
1752 3540 2079 3606 undecima
2105 3541 2379 3623 augusti,
2431 3543 2646 3624 capta:
2696 3542 2854 3623 quod
2901 3541 2976 3606 de
3022 3543 3226 3625 gratia

499 3629 891 3706 concedatur,
940 3631 1102 3694 sicut
1148 3631 1477 3693 consulunt
1521 3629 1915 3693 advocatores
1959 3630 2322 3707 communiS,
2379 3626 2553 3693 Cresi
2600 3629 2859 3694 condam
2903 3630 3097 3695 Dobri
3146 3629 3222 3695 de

497 3721 710 3804 Begna
755 3718 830 3782 de
860 3718 1072 3796 Jadra,
1120 3717 1405 3782 Veneciis
1430 3716 1789 3793 cominatus,
1840 3716 1971 3780 eius
1997 3720 2274 3780 extrema
2300 3715 2555 3781 miseria
2598 3719 2662 3782 et
2707 3716 2915 3799 inopia
2946 3718 3225 3796 attentis,

493 3827 637 3875 cum
682 3827 800 3874 non
839 3806 1083 3883 habeat,
1130 3805 1290 3869 unde
1337 3804 1540 3869 valeat
1564 3805 1781 3868 ducere
1820 3805 2016 3868 vitam
2065 3823 2262 3883 suam,
2314 3804 2474 3886 quod
2512 3805 2708 3887 possit
2749 3804 2838 3868 ire
2882 3807 2959 3870 ad
2991 3806 3225 3870 insulas

500 3896 774 3963 civitatis
821 3893 1007 3959 Jadre
1044 3893 1313 3970 tantum,
1362 3895 1427 3956 et
1471 3910 1591 3955 non
1637 3891 1780 3955 alio,
1834 3891 1936 3970 72,
1986 3908 2105 3955 non
2155 3892 2215 3970 6,
2267 3909 2385 3956 non
2433 3892 2659 3957 sinceri
2705 3892 2765 3958 3.
2851 3947 2854 3950 ,

574 3988 754 4046 Misti
797 3980 1047 4045 XXVI.
1089 3986 1191 4053 96,
1230 4001 1273 4042 u
1313 3983 1654 4043 mletackom
1701 3983 1938 4040 arkivu.

878 4154 1249 4237 CCCLX.
1315 4153 1522 4236 God.
1577 4153 1801 4237 1352.
1857 4153 1952 4236 13
2005 4154 2291 4255 rujna..
2346 4176 2408 4235 u
2463 4154 2852 4237 Mletclh.

505 4265 784 4340 Upudua’u
823 4282 886 4325 se
918 4264 1241 4338 providum·
1272 4281 1312 4322 u
1358 4263 1720 4337 Dalmaciji,
1786 4264 1942 4321 nelca
1987 4264 2248 4341 nastoje‚
2297 4263 2377 4321 da
2419 4265 2704 4338 kneyim'a
2749 4264 2944 4323 kliska
2995 4264 3226 4338 povjeri

910 4353 1138 4412 obranu
1182 4351 1373 4424 svojih
1409 4351 1684 4424 tvrdjava
1714 4351 2019 4424 republici,
2065 4351 2231 4411 dokle
2266 4353 2362 4425 joj
2407 4353 2506 4410 sin
2553 4352 2804 4411 doraste.

707 4453 894 4518 1352.
940 4452 1272 4518 indictione
1317 4453 1425 4529 VI,
1467 4453 1567 4518 die
1614 4454 1769 4517 XIII
1820 4454 2216 4538 septembris.
2267 4454 2589 4532 Dominu8‚
2640 4452 2979 4518 consiliarii
3012 4454 3076 4518 et
3110 4472 3214 4520 ca-

491 4541 642 4626 pita,
690 4541 944 4623 excepto
990 4560 1089 4606 ser
1130 4540 1324 4605 Paulo
1371 4540 1662 4624 Belegno.
1711 4538 1942 4623 Capta:
1992 4560 2134 4605 cum
2182 4543 2389 4604 castra
2437 4543 2501 4605 et
2537 4542 2677 4606 loca
2702 4540 2911 4606 Clissii
2947 4542 3011 4605 et
3037 4539 3218 4605 Scar-

489 4630 643 4694 done
683 4628 812 4693 sint
853 4626 1189 4693 utilissima
1234 4645 1377 4711 ymo
1423 4628 1769 4693 necessaria
1821 4628 1898 4692 ad
1947 4629 2480 4693 conservationem
2541 4630 2852 4693 terrarum
2898 4631 2963 4693 et
3007 4631 3213 4694 status

485 4716 681 4783 nostri
725 4716 789 4782 in
832 4714 1115 4799 partibus
1160 4713 1497 4796 Sclavonie,
1546 4719 1610 4780 et
1654 4716 1966 4782 stantibus
2005 4715 2094 4780 eis
2156 4714 2221 4778 in
2267 4715 2553 4781 manibus
2614 4718 2928 4782 comitisse
2987 4715 3203 4781 subia-
