3620 5282
445 337 535 407 40

446 514 649 581 niano.
697 509 923 594 Capta:
974 509 1134 594 qnod
1181 509 1418 572 bannus
1466 506 1787 573 Sclavonie
1840 527 1945 590 per
1993 525 2085 583 ea,
2147 526 2263 589 que
2325 503 2547 572 scribit
2605 525 2788 588 super
2849 505 3009 573 facto
3055 508 3181 572 Ra-

533 617 793 676 seorum,
843 595 1209 661 informatus
1257 595 1354 659 est
1420 616 1529 680 per
1578 613 1679 661 eos
1729 602 1942 660 contra
1988 595 2332 673 veritatem,
2397 596 2462 660 et
2507 613 2612 677 pro
2677 595 2905 659 honore
2964 596 3179 660 nostro

474 688 640 753 aciat
688 683 1052 767 respondere
1099 683 1181 761 id,
1253 681 1412 765 qnod
1476 685 1561 748 sit
1606 683 1836 748 veritas
1900 685 1963 747 et
2023 682 2406 747 conservatio
2472 684 2633 747 fame
2697 686 2939 755 nostre;
3005 682 3174 747 vadit

449 794 612 859 pare,
661 774 820 857 qnod
871 770 1310 854 respondeatur
1359 771 1524 836 dicto
1572 771 1771 836 banno
1821 791 1929 854 per
1976 771 2220 835 litteras
2293 773 2554 847 nostras,
2614 770 2774 852 quod
2838 769 3174 836 intellectis

448 860 680 928 litteris
728 858 879 938 suis,
929 859 1099 924 novit
1141 858 1292 921 dens
1354 858 1738 924 considerata
1800 859 1966 923 mala
2027 864 2090 923 et
2148 859 2417 939 pessima
2478 858 2922 934 informatione,
2992 877 3174 940 quam

450 948 670 1015 habuit
714 947 792 1013 ab
839 945 969 1011 illis
1015 946 1091 1011 de
1133 947 1424 1027 Ragusio,
1470 966 1580 1011 nec
1627 965 1745 1010 non
1792 946 2005 1012 habito
2048 950 2348 1027 respectu,
2392 948 2546 1028 quod
2596 964 2810 1035 pacem
2841 946 3068 1012 factam
3112 950 3175 1009 et

450 1037 767 1103 firmatam
815 1035 974 1098 inter
1021 1033 1335 1098 dominnm
1385 1053 1593 1118 regem
1641 1034 1960 1117 Hungarie
2009 1036 2071 1098 et
2118 1051 2226 1098 nos
2272 1035 2391 1099 hnc
2433 1052 2623 1117 usqne
2669 1033 3052 1099 servavimus
3109 1035 3175 1097 et

452 1141 695 1190 servare
743 1120 1141 1198 intendimus,
1190 1123 1253 1185 et
1299 1124 1459 1205 qnod
1503 1121 1657 1186 certi
1705 1141 1917 1186 snmus
1967 1122 2238 1185 multum
2288 1122 2591 1203 placuisse
2652 1123 2718 1185 et
2776 1121 3018 1205 placere
3063 1119 3172 1185 do-

456 1212 623 1276 mino
670 1208 800 1292 regi
850 1208 1143 1291 predicte,
1214 1227 1335 1274 non
1383 1209 1690 1275 modicum
1734 1209 2029 1274 admirari
2068 1208 2503 1292 compellimur
2549 1209 2624 1273 de
2666 1212 2877 1273 tenore
2923 1226 3173 1273 suarum

455 1298 807 1363 litterarum
853 1297 1288 1379 predictarum.
1339 1297 1457 1362 Sed
1505 1299 1578 1362 ut
1622 1297 1705 1361 sit
1751 1296 2119 1362 informatus
2166 1298 2240 1360 de
2286 1298 2514 1380 negotii
2563 1295 2881 1380 qualitate,
2928 1296 3005 1360 ad
3040 1297 3175 1362 eins

457 1385 955 1451 informacionem
1005 1386 1366 1451 denotamus
1413 1387 1488 1462 ei,
1538 1383 1693 1467 quod
1738 1386 2039 1449 existente
2109 1404 2229 1449 una
2293 1386 2502 1449 nostra
2564 1386 2833 1452 condura
2891 1383 2952 1447 in
3017 1383 3174 1448 mari

457 1492 565 1556 per
612 1473 734 1537 tria
776 1473 1044 1536 miliaria
1085 1473 1264 1556 longe
1313 1493 1349 1538 a
1392 1472 1685 1555 RagusiO,
1733 1472 1902 1537 venit
1956 1474 2029 1535 ad
2079 1473 2277 1553 ipsam
2325 1473 2552 1536 barcba
2598 1491 2722 1536 una
2768 1475 3009 1536 armata
3071 1491 3178 1553 per

457 1561 600 1626 illos
642 1562 716 1626 de
762 1560 1057 1642 RagusiO,
1107 1564 1171 1625 et
1217 1564 1429 1642 postea
1475 1561 1680 1625 subito
1750 1561 1920 1624 venit
1980 1560 2103 1624 alia
2161 1560 2387 1625 barcha
2443 1559 2715 1642 ipsorum
2773 1561 2847 1624 de
2909 1559 3181 1642 Ragusio

456 1652 717 1728 armata,
766 1667 884 1730 que
931 1646 1158 1712 ultima
1205 1649 1428 1713 barcha
1475 1647 1638 1713 malo
1683 1647 1863 1711 modo
1908 1649 2235 1712 insultavit
2281 1649 2343 1711 et
2410 1647 2716 1730 percussit
2779 1647 2975 1730 ipsam
3035 1665 3180 1711 con-

461 1736 682 1802 duram
727 1737 999 1800 nostram
1051 1735 1280 1810 taliter,
1331 1737 1490 1819 quod
1535 1735 1655 1799 fuit
1696 1736 1889 1801 fracta
1960 1736 2158 1800 banda
2218 1737 2482 1800 condure
2547 1735 2845 1816 predicte.
2916 1736 2986 1799 In
3048 1735 3179 1815 ipso

464 1842 604 1889 vero
650 1823 912 1888 instanti
950 1825 1306 1905 supervenit
1352 1841 1474 1887 una
1520 1824 1644 1887 alia
1689 1824 1871 1907 galea
1939 1825 2183 1887 armata
2252 1824 2312 1887 in
2362 1824 2655 1907 Ragnsi0,
2723 1822 2948 1887 feriens
3010 1821 3184 1887 inho·

459 1915 636 1977 nesto
697 1912 761 1975 et
822 1912 984 1976 malo
1047 1913 1224 1974 modo
1272 1911 1331 1975 in
1380 1911 1576 1993 ipsam
1640 1913 1992 1976 conduram.
2058 1913 2138 1975 Et
2198 1913 2345 1975 tunc
2395 1930 2497 1993 per
2543 1910 2821 1977 homines
2877 1910 3181 1976 dictarum

460 2001 637 2083 galee
698 2002 761 2063 et
821 1998 1186 2063 barcharum
1250 1997 1416 2062 dicta
1470 1998 1700 2063 fuerint
1760 2018 1971 2063 versus
2033 1998 2312 2063 homines
2383 2001 2447 2063 et
2493 2000 2868 2064 mercatores
2916 1998 3181 2063 condure

462 2087 736 2170 predicte
781 2086 980 2150 multa
1026 2086 1213 2149 verba
1267 2084 1563 2151 iniuriosa
1608 2091 1670 2149 et
1719 2088 1989 2150 maxima
2036 2088 2363 2170 obprobria
2404 2086 2466 2150 in
2540 2086 2878 2151 maximum
2944 2087 3184 2169 vitupe-

462 2177 625 2240 rium
671 2174 973 2249 nostrum,
1024 2174 1088 2235 et
1133 2172 1295 2237 ultra
1342 2175 1454 2238 hoc
1499 2174 1743 2239 fuerunt
1792 2174 1971 2238 multi
2021 2173 2095 2238 de
2142 2175 2372 2239 nostris
2440 2174 2679 2258 percusi
2742 2194 2882 2238 cun]
2942 2172 3183 2240 balistis

463 2264 528 2327 et
573 2262 858 2340 arcubuS,
905 2265 970 2325 et
1017 2260 1264 2324 fuerunt
1310 2262 1498 2326 etiam
1548 2281 1656 2344 per
1702 2263 1865 2344 ipsos
1914 2261 2101 2326 incise
2147 2281 2406 2343 gomene
2483 2266 2545 2325 et
2602 2263 2764 2326 vella
2827 2263 2985 2327 dicte
3042 2280 3187 2326 con-

463 2350 612 2415 dure
658 2352 884 2425 nostre,
949 2351 1013 2411 et
1072 2348 1339 2412 finaliter
1400 2348 1699 2414 violenter
1754 2350 1816 2413 et
1878 2350 2040 2412 malo
2105 2350 2282 2414 modo
2347 2351 2513 2415 dicta
2573 2348 2693 2413 fuit
2752 2369 2863 2431 per
2907 2350 3072 2432 ipsos
3119 2348 3183 2412 in

469 2440 650 2521 portu
671 2436 925 2519 Ragusii
942 2436 1263 2514 conducta,
1286 2440 1533 2519 accepto
1552 2440 1615 2501 et
1634 2437 1926 2502 derobato
1961 2456 2126 2501 more
2148 2437 2408 2521 piratico
2425 2438 2643 2501 havere
2660 2438 2868 2502 nostro
2887 2437 3186 2503 existente

462 2545 643 2607 super
692 2523 961 2588 condura
1007 2524 1295 2605 predicta.
1373 2521 1505 2602 Qne
1551 2526 1756 2590 omnia
1818 2527 2117 2607 quantum
2182 2524 2448 2590 debeant
2507 2525 2876 2589 molestasse
2937 2526 3002 2589 et
3057 2527 3188 2589 tnr-

464 2614 642 2678 basse
685 2610 922 2676 animos
969 2612 1032 2675 et
1076 2611 1316 2676 mentes
1363 2615 1623 2692 nostraS,
1673 2613 2081 2691 considerato,
2128 2613 2286 2697 quod
2333 2612 2505 2677 nulla
2576 2628 2761 2678 causa
2823 2612 2897 2678 de
2962 2612 3189 2679 mundo

467 2698 848 2783 precedebat,
911 2716 1053 2780 ymo
1116 2718 1256 2763 vere
1313 2702 1709 2778 contrarium,
1769 2702 1915 2785 quia
1976 2721 2217 2784 semper
2277 2700 2445 2783 ipsos
2516 2700 2592 2765 de
2640 2700 2912 2785 Ragnsio
2959 2703 3190 2766 tracta-

465 2788 670 2852 vimus
717 2786 978 2852 dulciter
1019 2788 1081 2851 et
1129 2785 1387 2871 benigne
1436 2790 1751 2872 tamquam
1826 2792 2086 2864 nostros
2154 2788 2306 2854 satis
2369 2791 2572 2872 potest
2632 2789 2762 2853 eius
2827 2787 3190 2872 magnitudo

467 2875 871 2940 considerare.
934 2872 1171 2953 Quibus
1234 2876 1518 2941 omnibus
1580 2877 1745 2942 clare
1810 2876 2045 2941 habitis
2091 2897 2196 2959 per
2246 2895 2371 2953 noe,
2418 2877 2693 2941 nolentes
2741 2877 2980 2941 tantam
3025 2877 3190 2941 iniu-

468 2963 620 3028 riam
672 2964 946 3028 nostram
993 2963 1058 3028 et
1099 2966 1449 3029 nostrorum
1501 2965 1808 3042 tollerare,
1860 2966 2002 3048 quia
2068 2961 2393 3030 manifeste
2455 2963 2823 3029 contradicit
2877 2963 3067 3029 statui
3129 2968 3193 3029 et

467 3051 624 3116 bono
667 3051 894 3128 nostro,
943 3051 1200 3116 fecimus
1246 3053 1621 3136 sequestrari
1671 3055 1736 3118 et
1781 3052 2030 3118 retineri
2079 3054 2408 3135 qnamdam
2457 3052 2747 3117 barcham
2792 3070 2998 3116 eorum
3046 3072 3186 3116 curn

466 3138 793 3216 mercibuS,
841 3140 905 3202 et
950 3138 1075 3203 iam
1122 3158 1261 3203 cum
1312 3140 1580 3222 plezaria
1636 3143 1932 3204 maiorem
1984 3144 2224 3222 partem
2275 3140 2571 3204 mercium
2613 3138 2858 3204 restitui
2894 3138 3189 3214 fecImus3

466 3226 571 3290 ubi
619 3224 1004 3290 considerata
1052 3228 1226 3289 tanta
1274 3226 1496 3292 iniuria
1539 3233 1752 3292 nostra
1799 3229 2175 3293 debebamus
2244 3230 2317 3291 ad
2383 3228 2505 3292 alia
2572 3226 2921 3310 procesisse,
2985 3227 3193 3311 dispo-

467 3311 593 3387 siti,
665 3313 1166 3394 quandocumque
1235 3312 1331 3376 illi
1380 3316 1454 3379 de
1512 3316 1783 3399 Ragnsio
1846 3316 2261 3381 satisfecerint
2322 3315 2711 3400 integraliter
2771 3314 3063 3380 damnum
3129 3317 3194 3380 et

466 3399 753 3462 iniuriam
816 3403 1112 3473 nostram,
1179 3399 1378 3464 facere
1439 3421 1588 3483 erga
1649 3421 1749 3468 eos
1814 3404 1978 3468 sicut
2035 3404 2266 3468 facient
2311 3423 2457 3487 erga
2501 3422 2626 3477 noS,
2677 3404 2747 3466 ut
2793 3403 2887 3467 est
2931 3403 3187 3467 iustum.

469 3486 700 3552 Sumus
743 3485 908 3550 enim
955 3486 1126 3563 certi,
1175 3487 1332 3568 quod
1382 3490 1656 3571 predicta
1702 3493 1833 3554 tarn
1883 3492 2155 3556 enormia
2198 3491 2465 3556 multum
2504 3490 2845 3555 turbabunt
2875 3493 2936 3555 et
2966 3508 3191 3574 aggra-

466 3571 701 3638 vabunt
748 3571 946 3654 ipsum
1013 3573 1329 3639 dominnm
1391 3575 1682 3657 bannum,
1745 3578 1910 3644 sicut
1965 3578 2211 3658 debent,
2276 3582 2336 3643 et
2383 3578 2544 3643 sicut
2590 3577 2842 3654 similia,
2913 3597 3030 3662 qne
3079 3579 3192 3642 tali

466 3662 648 3726 modo
699 3662 915 3724 fierent
961 3679 1067 3742 per
1113 3662 1371 3742 nostros,
1424 3682 1535 3728 nos
1581 3666 1924 3731 turbarent.

679 3748 874 3832 Super
921 3750 1085 3812 facto
1131 3767 1271 3814 vero
1315 3770 1534 3833 guerre
1577 3757 1640 3815 et
1686 3753 2101 3828 discensionis,
2152 3773 2268 3836 que
2318 3755 2416 3818 est
2461 3753 2623 3819 inter
2675 3754 2842 3836 ipsos
2874 3754 3192 3835 Raguseos

465 3841 526 3903 et
573 3836 896 3902 Catarinos
936 3838 1074 3914 etc.,
1124 3839 1564 3920 respondeatur
1615 3841 1810 3905 banno
1859 3843 2147 3924 predicto,
2196 3843 2353 3923 quod
2402 3860 2571 3906 more
2635 3843 3024 3925 antiquorum
3092 3864 3199 3907 no-

465 3928 735 3991 strorum
793 3942 1105 4007 nunquam
1171 3926 1605 4007 impedivimus
1668 3947 1779 3992 nec
1828 3928 2126 4010 impedire
2175 3929 2553 3994 intendimus
2602 3948 2712 3994 nos
2761 3932 2822 3994 in
2869 3930 3064 4013 brigis
3135 3932 3199 3994 et

462 4013 704 4097 guerris
750 4012 1032 4090 aliorum,
1082 4011 1202 4077 nisi
1251 4014 1309 4077 in
1357 4014 1512 4080 bono
1559 4018 1623 4080 et
1670 4035 1816 4098 pace
1864 4017 2205 4091 tractanda,
2249 4019 2351 4081 sed
2399 4018 2517 4101 ipsi
2560 4019 2633 4082 de
2681 4018 2973 4100 Ragusio,
3032 4018 3200 4084 sicut

465 4100 631 4164 clare
678 4101 973 4167 habemus
1021 4100 1338 4166 occasione
1385 4102 1548 4167 dicte
1595 4123 1835 4187 guerre,
1885 4104 1960 4166 de
1994 4122 2147 4168 novo
2183 4105 2454 4169 fecerunt
2486 4104 2757 4169 edictum
2795 4108 2858 4170 et
2898 4107 3196 4180 ordinem,
3230 4183 3231 4186 Ἴ

466 4187 626 4268 quod
675 4192 1044 4255 mercatores
1091 4188 1287 4255 nostri
1336 4207 1455 4255 non
1503 4190 1746 4273 possint
1791 4210 1930 4256 cnm
1981 4191 2267 4276 navigiis,
2317 4193 2627 4258 mercibus
2689 4194 2755 4257 et
2815 4193 2999 4259 rebus
3066 4192 3197 4257 suis

465 4271 555 4336 ire
598 4273 676 4336 ad
724 4279 929 4356 partes
978 4275 1205 4356 Catari,
1257 4278 1321 4341 et
1381 4281 1704 4360 propterea
1768 4279 1889 4361 ipsi
1932 4279 2201 4363 Ragusei
2266 4279 2496 4344 multas
2559 4283 2621 4344 et
2681 4280 2956 4346 infinitas
3029 4281 3199 4344 novi-

467 4359 630 4423 tates
673 4365 899 4427 nostris
959 4365 1034 4427 de
1095 4382 1248 4430 novo
1312 4366 1587 4431 fecerunt
1648 4369 1712 4432 et
1774 4367 2027 4444 iaciunt,
2099 4368 2170 4431 cie
2219 4386 2338 4449 quo
2387 4368 2719 4433 maximam
2769 4368 3192 4433 turbacionem

466 4445 532 4509 et
575 4445 926 4513 molestiam
973 4451 1302 4516 habuimus
1353 4456 1415 4517 et
1460 4453 1757 4519 habemus
1791 4453 1854 4518 in
1888 4456 2158 4519 mentem
2202 4459 2497 4530 nostram,
2543 4456 2945 4520 consideratis
2978 4455 3195 4521 multis

465 4534 528 4596 et
575 4530 791 4631 multis
840 4536 1206 4617 racionibus,
1256 4541 1319 4603 et
1364 4540 1713 4623 specialiter
1760 4542 1904 4625 quia
1950 4541 2114 4607 omni
2147 4561 2303 4606 anno
2352 4544 2554 4607 tantas
2596 4543 2662 4608 et
2708 4544 2863 4608 tales
2896 4563 3192 4625 expensas

464 4620 907 4718 patimur-pro
971 4622 1167 4688 danda
1228 4629 1558 4692 securitate
1620 4629 1847 4694 nostris
1911 4629 2355 4695 mercatoribus
2407 4632 2471 4694 et
2533 4631 2797 4714 navigiis
2843 4651 2953 4715 per
3001 4650 3188 4707 mare,

464 4705 626 4791 quod
671 4707 916 4788 quidem
965 4709 1385 4790 importabilia
1431 4717 1578 4780 sunt
1624 4715 1823 4781 nobiS.
1872 4717 1952 4783 Et
1994 4719 2317 4801 propterea
2365 4717 2780 4801 disposuimus
2828 4718 2980 4785 talia
3019 4718 3189 4785 nullo
