3620 5282
3066 380 3195 453 109

454 549 785 616 comitibus
833 549 1057 634 Segnie
1103 552 1202 616 vel
1247 551 1457 634 aliquo
1505 569 1738 630 eorum,
1786 551 2095 629 videlicet,
2143 552 2306 636 quod
2350 551 2618 617 debeant
2662 551 2809 618 dare
2838 552 3031 619 dictis
3079 572 3189 637 pa-

453 638 653 704 tronis
699 657 808 722 pro
855 643 1065 704 nostro
1112 640 1422 706 communi
1466 643 1531 705 et
1576 659 1694 704 non
1735 639 1922 705 alicui
1964 658 2218 722 persone
2267 656 2481 704 omnes
2524 658 2724 705 remos
2771 642 2843 705 de
2879 643 3186 706 mensuris

457 727 707 804 nostriS,
777 728 842 791 et
886 726 1180 793 similiter
1224 726 1423 792 facere
1469 728 1799 792 teneantur
1867 727 2102 792 subditi
2168 727 2474 792 dictorum
2530 727 2868 804 comitum;
2937 730 3044 811 qui
3090 747 3189 793 co·

455 813 641 879 mites
686 815 912 898 petunt
953 816 1208 880 ducatos
1255 815 1376 879 duo
1417 814 1623 880 millia
1677 816 1929 888 mutuo;
1989 815 2163 881 vadit
2222 833 2355 897 par,
2415 815 2576 897 quod
2641 816 2811 879 dicta
2864 816 3187 880 conventio

456 901 593 966 fieri
639 901 834 983 possit
879 903 943 967 et
989 903 1262 967 mutuari
1313 901 1483 967 dicta
1525 902 1786 984 pecunia
1826 902 1923 967 vel
1970 903 2110 967 inde
2171 902 2351 979 infra,
2413 903 2814 984 quamminus
2875 904 3186 985 poterunt,

456 988 803 1073 recipiendo
849 989 1072 1055 bonam
1116 990 1470 1071 plezariam‚
1517 990 1581 1055 et
1625 990 1903 1055 faciendo
1948 989 2180 1055 dictam
2229 990 2692 1055 conventionem
2732 1009 2872 1054 cum
2908 989 3036 1054 illis
3067 1010 3191 1055 rne-

455 1075 842 1141 lioramentis
889 1080 953 1141 et
990 1077 1355 1160 avantagiis,
1403 1095 1520 1158 que
1566 1077 1942 1143 videbuntur
1989 1078 2257 1155 domin0,
2305 1077 2676 1143 consiliariis
2723 1079 2787 1142 et
2856 1077 3186 1161 capitibus,

455 1163 558 1228 vol
603 1165 817 1228 maiori
865 1164 1048 1246 parti.
1098 1163 1348 1229 OmneS.

540 1272 723 1330 Misti
766 1270 1020 1331 XXXV
1071 1273 1127 1342 4,
1173 1289 1216 1331 u
1257 1273 1407 1332 mlel.
1456 1273 1691 1333 arkivu.

811 1476 1162 1559 ccxvl.
1219 1477 1426 1561 God.
1480 1477 1694 1561 1375.
1755 1479 1844 1561 17
1897 1480 2264 1592 tremus,
2320 1500 2380 1560 u
2434 1478 2826 1561 Mlctcih.

454 1621 817 1695 Dozvozjena
874 1622 1227 1683 naoruiana
1280 1623 1475 1697 qaliq‘a
1532 1623 1810 1682 krckomu
1850 1623 2041 1682 knezu
2088 1620 2400 1696 Stjepanu,
2460 1623 2585 1696 koji
2630 1623 2699 1695 je
2757 1623 2896 1682 radi
2952 1625 3188 1697 zavjeta

454 1709 636 1769 kanio
676 1712 957 1788 putovati
999 1712 1038 1769 k
1082 1711 1265 1783 svetoy·
1307 1710 1534 1782 Mariy‘i
1577 1711 1654 1770 od
1696 1711 1981 1783 Kasopa3
2028 1727 2069 1768 a
2102 1711 2215 1769 isto
2262 1711 2399 1769 tako
2446 1710 2583 1783 dnje
2626 1726 2689 1769 se
2728 1711 2939 1785 qalija,
2995 1711 3076 1770 da
3103 1713 3186 1785 ‚ju

454 1814 539 1856 na
583 1798 741 1870 svoje
786 1798 1049 1858 trosloove
1088 1799 1360 1869 oboruia,
1406 1798 1595 1857 knezu
1641 1797 2086 1871 Djevinskomu,
2147 1774 2429 1857 leh-damu
2477 1796 2759 1871 pohoditi
2817 1800 2967 1858 sveri
3019 1800 3183 1874 yrob.

671 1914 859 1980 1375.
921 1915 1257 1981 indictione
1318 1914 1490 1994 XIII,
1547 1913 1646 1979 die
1702 1914 1888 1979 XVII
1933 1914 2171 1996 aprilis.
2216 1915 2540 1998 Sapientes
2595 1914 2899 1983 ordinum.
2949 1914 3181 2000 Capta:

453 2021 594 2068 cum
643 2004 1009 2087 magnificus
1052 2003 1340 2068 dominus
1385 2000 1676 2066 Stefanus
1723 2019 1929 2067 comes
1977 2002 2170 2085 Vegle
2217 2005 2281 2066 et
2339 2003 2455 2067 cet.
2517 2002 2880 2066 carissimus
2946 2006 3182 2071 amicus

453 2093 516 2156 et
561 2091 713 2156 civis
761 2095 973 2157 noster
1019 2092 1195 2157 nobis
1241 2090 1549 2155 instanter
1593 2090 1826 2172 requiri
1869 2089 2089 2154 fecerit
2132 2109 2242 2173 per
2273 2108 2457 2155 suum
2502 2091 2984 2168 ambaxatorem‚
3034 2111 3186 2175 qua-

455 2179 636 2242 tenus
694 2178 869 2244 nobis
929 2178 1173 2262 placeat
1231 2178 1557 2242 concedere
1617 2177 1674 2240 ei
1735 2194 1924 2241 unam
1985 2177 2060 2241 de
2121 2179 2346 2242 nostris
2410 2177 2604 2260 galeis
2664 2194 2774 2260 pro
2820 2180 3182 2261 complendo

452 2264 760 2347 quoddam
808 2269 1021 2332 votum
1066 2284 1176 2350 per
1222 2265 1426 2348 ipsum
1489 2263 1725 2328 facturn
1782 2263 1862 2328 ad
1927 2266 2208 2329 sanctam
2257 2265 2522 2330 Mariam
2593 2265 2666 2327 (16
2735 2263 2991 2349 Oasopo.
3062 2265 3183 2345 Qui

451 2370 655 2417 comes
700 2353 988 2419 Stefanus
1034 2358 1099 2418 et
1144 2353 1239 2418 sui
1288 2352 1708 2434 progenitores
1755 2370 1999 2435 semper
2044 2352 2551 2434 complacuerunt
2595 2351 2771 2416 nobis
2834 2354 2907 2417 de
2978 2356 3178 2418 omni·

455 2440 567 2504 bus
613 2442 929 2523 requisitis
974 2442 1052 2506 ab
1100 2441 1212 2519 eis,
1260 2441 1373 2517 ita,
1421 2438 1585 2521 quod
1629 2439 1858 2511 honore
1907 2442 2117 2505 nostro
2162 2439 2313 2504 facit
2342 2458 2701 2504 conservare
2748 2440 2814 2503 et
2852 2458 3181 2523 argumen-

452 2528 584 2592 tare
630 2529 837 2611 ipsnm
889 2529 951 2592 in
997 2547 1202 2594 amore
1249 2530 1313 2591 et
1361 2526 1788 2592 benevolentia
1846 2530 2078 2604 nostra,
2137 2527 2309 2591 vadit
2369 2544 2535 2608 pars,
2601 2525 2760 2609 quod
2838 2546 2945 2609 per
3012 2528 3180 2593 viam

424 2610 652 2680 ‘mutui
698 2616 1153 2699 complaceatur
1199 2615 1368 2680 dicto
1415 2613 1663 2679 domino
1709 2614 1926 2679 comiti
1971 2615 2044 2679 (16
2092 2632 2214 2679 una
2258 2614 2579 2697 galearum
2614 2614 2805 2679 nostri
2836 2615 3179 2682 communis

450 2703 524 2767 de
570 2723 860 2769 mensura
905 2705 1203 2790 Romanis
1249 2704 1350 2768 vel
1395 2701 1471 2766 de
1516 2719 1637 2767 uno
1687 2701 2064 2767 bucentauro
2116 2705 2329 2783 parato
2375 2702 2659 2767 omnibus
2692 2703 2930 2767 coredis
2961 2721 3179 2785 oppor-

451 2790 619 2855 tunis
665 2792 829 2856 sicut
875 2792 1099 2857 melius
1148 2790 1458 2855 videbitur
1504 2789 1766 2873 collegio
1815 2789 2047 2854 domini
2091 2789 2585 2854 consiliariorum
2633 2789 2909 2873 capitum
2970 2795 3033 2855 et
3076 2809 3175 2856 sa·

450 2877 726 2959 pientum
774 2881 1058 2945 ordinum
1101 2877 1201 2945 vel
1248 2879 1470 2944 maiori
1516 2878 1698 2960 parti.
1748 2876 1830 2940 Et
1876 2877 2043 2942 ultra
2088 2878 2201 2941 hoc
2246 2879 2614 2941 concedatur
2661 2878 2735 2954 ei,
2781 2877 2942 2959 qnod
2977 2879 3177 2961 possit

448 2966 689 3030 soldare
733 2967 796 3030 in
843 2967 1121 3033 Venetiis
1168 2968 1262 3032 tot
1308 2966 1589 3031 homines
1636 2965 1711 3029 (16
1755 2963 1930 3046 pede,
1994 2967 2146 3046 quot
2206 2963 2335 3029 sint
2394 2964 2751 3029 sufficentos
2810 2966 2888 3028 ad
2948 2967 3176 3048 guber-

449 3051 763 3117 nationem
811 3055 973 3120 dicte
1018 3055 1194 3137 galee
1239 3070 1351 3136 pro
1400 3054 1567 3119 dicto
1613 3055 1756 3117 voto
1802 3050 2184 3134 complendo.

661 3140 920 3205 Domino
965 3141 1171 3225 Duyni
1218 3141 1573 3206 conceditur
1617 3139 1814 3224 galea,
1864 3138 2139 3204 eiusdem
2183 3138 2466 3222 expensis
2514 3140 2829 3216 armanda,
2901 3137 2981 3203 ad
3030 3139 3177 3205 visi-

447 3226 705 3292 tandum
752 3247 802 3292 s.
850 3228 1262 3311 sepulchrum.

533 3333 754 3397 Senato
800 3335 981 3396 Misti
1029 3337 1284 3396 XXXV
1323 3337 1424 3408 17,
1468 3355 1512 3397 u
1555 3336 1711 3398 mlet.
1759 3337 1995 3396 arkivu.

824 3522 1220 3605 ccxvll.
1276 3522 1476 3607 God.
1533 3523 1750 3609 1375.
1805 3526 1858 3607 9
1908 3525 2238 3626 sunna,
2288 3545 2348 3605 u
2401 3524 2796 3608 Mletcih.

448 3666 621 3727 Posto
655 3670 723 3740 je
770 3641 1011 3741 &ordia
1057 3665 1286 3741 Balsio,
1328 3668 1625 3741 yospodar
1656 3667 1812 3738 Zete,
1855 3685 1931 3741 po
1977 3685 2281 3743 nayovoru
2328 3668 2730 3728 Dubrovc‘ana
2780 3671 2960 3730 kanio
3021 3670 3178 3729 lisc‘ti

445 3753 746 3814 Mletdane
790 3755 931 3814 onih
973 3771 1168 3827 prava
1212 3771 1255 3814 u
1298 3755 1570 3829 m‘eyovih
1613 3756 1881 3829 zemh'ah
1954 3757 2093 3829 koja
2137 3772 2211 3816 su
2257 3756 2451 3815 davno
2510 3756 2753 3827 uiivali,
2814 3776 2846 3817 s
2886 3762 3021 3832 toqa
3077 3775 3172 3817 re-

441 3843 689 3914 publika
727 3860 809 3917 qa
853 3859 1176 3917 nayovara,
1222 3842 1379 3900 nelca
1420 3858 1484 3901 se
1529 3849 1584 3902 te
1631 3844 1870 3902 nakane
1910 3844 2102 3903 ostavi
2117 3861 2136 3913 ‚⁸
2193 3861 2234 3902 a
2277 3859 2481 3903 svomu
2536 3844 2795 3905 konzulu
2847 3863 2890 3905 u
2933 3843 3173 3920 Olqunu

444 3929 672 4000 notaio,
740 3931 895 3990 neka
962 3931 1189 4004 nastoji
1242 3928 1493 3989 Balsida
1555 3929 1630 3990 od
1688 3948 1796 3990 one
1856 3934 2119 4004 namjere
2163 3931 2464 4001 odvratiti,
2510 3935 2565 3990 te
2605 3932 2856 4007 odqovor
2909 3950 2993 3992 na
3037 3935 3174 4004 ovaq'

1461 4017 1565 4076 list
1608 4018 1684 4077 od
1725 4018 1903 4093 m'eya
1947 4014 2154 4079 debiti.

660 4135 847 4201 1375.
896 4137 994 4203 die
1042 4137 1226 4202 VIIII
1271 4137 1429 4202 iulii.
1479 4136 1801 4219 Sapientes
1847 4139 2153 4203 ordinum.
2203 4136 2432 4222 Capta:
2488 4139 2651 4221 quod
2697 4138 3004 4205 scribatur
3060 4139 3169 4204 do·

442 4223 612 4289 mino
656 4223 809 4289 Jure
856 4226 930 4290 de
977 4225 1197 4291 Balsoe
1244 4225 1306 4289 in
1355 4225 1470 4290 hac
1528 4223 1747 4304 forma,
1805 4226 2125 4291 videlicet:
2195 4245 2390 4309 nuper
2434 4245 2574 4291 cum
2638 4227 2908 4292 maxima
2952 4227 3171 4310 displi-

443 4312 645 4378 centia
688 4311 1033 4393 recepimus
1080 4330 1118 4377 a
1164 4313 1413 4378 consule
1484 4315 1549 4378 et
1607 4314 2055 4378 mercatoribus
2116 4314 2346 4377 nostris
2409 4315 2472 4377 in
2538 4314 2828 4398 Dulcigni
2887 4316 3167 4396 partibus

439 4399 968 4465 commorantibus
1016 4400 1257 4466 litteras
1305 4400 1706 4478 continentes,
1765 4403 1924 4484 quod
1990 4400 2453 4484 magnificentia
2510 4402 2714 4467 vestra
2775 4402 2851 4465 ad
2899 4402 3171 4485 Ragusi-

439 4504 659 4553 norum
703 4488 1063 4551 instantiam
1113 4487 1265 4571 ipsis
1311 4489 1505 4554 nostri
1553 4487 1790 4552 consuli
1839 4490 1902 4554 et
1950 4489 2395 4553 mercatoribus
2443 4488 2657 4553 literas
2705 4506 2846 4553 suas
2892 4490 3165 4571 scripsit,

436 4594 546 4657 per
593 4593 741 4657 quas
787 4573 1033 4640 videtur
1077 4574 1207 4639 fore
1253 4575 1620 4641 intencionis
1666 4579 1869 4641 vestre
1916 4575 2077 4641 velle
2115 4574 2331 4640 taliter
2377 4575 2542 4658 ipsos
2606 4593 2865 4658 gravare
2928 4577 3168 4641 novita-

437 4661 605 4727 tibus
648 4661 908 4726 insuetis
946 4663 1160 4727 contra
1203 4661 1588 4740 franchisias,
1659 4661 1981 4728 libertates
2028 4665 2093 4728 et
2141 4664 2330 4727 bonas
2394 4662 2869 4728 consuetudines
2929 4663 3166 4738 solitaS,

426 4750 596 4834 quod
641 4753 719 4815 (16
764 4748 1071 4832 Dulcigno
1112 4749 1394 4816 recedere
1440 4749 1871 4832 compellatur.
1920 4750 2013 4815 De
2061 4750 2284 4833 quibus
2347 4751 2591 4832 quidem
2658 4749 3038 4816 novitatibus
3101 4751 3166 4824 et
