3620 5282
3039 353 3161 419 143

433 548 615 594 sone:
665 529 840 594 vadit
887 548 1046 611 pars,
1094 530 1144 593 si
1198 529 1438 593 videtur
1488 530 1678 604 vobiS,
1731 530 1887 611 quod
1940 530 2070 593 eius
2113 531 2425 593 excusacio
2486 528 2873 593 admittenda
2936 529 3021 592 sit
3065 530 3162 593 vel

431 636 583 691 non;
635 620 696 681 et
743 620 794 682 si
823 619 1104 699 capietur
1149 618 1224 689 de
1247 618 1633 683 admittendo
1674 636 1831 694 eam,
1882 619 2045 681 iuret
2076 618 2275 699 ipsam
2303 636 2552 681 causam
2600 620 2664 681 et
2705 617 3160 681 excusacionem

433 725 563 770 esse
612 724 819 771 veram
869 706 1206 768 secundum
1254 705 1517 770 formam
1566 705 1826 769 consilii.
1898 704 2095 787 Capta
2139 706 2359 787 prima,
2408 705 2567 788 quod
2615 706 2700 769 sit
2747 704 3158 782 admittenda,

428 812 661 869 omneS,
711 794 977 858 secunda
1024 793 1098 856 de
1150 811 1265 856 non
1314 795 1375 866 O,
1428 794 1616 857 tercia
1657 812 1774 857 non
1823 793 2039 856 sinceri
2086 798 2148 856 O.

513 884 691 942 Mistz'
742 883 944 942 XXV.
991 886 1097 953 35,
1141 901 1182 941 u
1229 885 1568 942 mletaclcom
1616 885 1849 943 arkicu.

800 1071 1130 1153 CCXII.
1189 1073 1396 1154 God.
1454 1074 1683 1155 1349.
1741 1074 1840 1153 14
1896 1073 2226 1176 srpnja,
2287 1096 2343 1153 u
2399 1062 2786 1155 Mletcili.

461 1200 669 1257 Prima
715 1216 789 1268 se,
836 1200 914 1256 da
948 1200 1251 1271 poslanici
1298 1200 1460 1257 idaci
1505 1200 1681 1258 izran
1722 1199 1938 1259 driavc
1984 1217 2226 1272 nemoyu
2273 1199 2377 1256 biti
2423 1200 2692 1257 izabram
2740 1217 2813 1258 za
2858 1200 3131 1260 viconilce.

651 1319 832 1384 1349.
884 1319 1217 1383 indictione
1252 1321 1536 1393 secunda,
1588 1321 1683 1383 die
1732 1322 1805 1383 14
1837 1319 1990 1394 iulii,
2043 1322 2261 1400 capta:
2317 1338 2457 1383 cum
2485 1318 2746 1381 dubium
2772 1320 2902 1397 fiat,
2954 1324 3159 1383 utrum

428 1407 858 1471 ambaxatores
921 1407 1069 1471 ituri
1133 1407 1208 1470 ad
1274 1408 1590 1471 dominum
1657 1426 1868 1488 regem
1935 1407 2252 1488 Hungarie
2318 1408 2572 1488 possent
2636 1407 2784 1487 eligi
2829 1408 3162 1471 consiliarii

428 1496 833 1558 veneciarum
886 1496 982 1558 vel
1029 1514 1167 1572 non,
1219 1499 1281 1557 et
1330 1496 1554 1559 bonum
1602 1496 1686 1559 sit
1733 1515 1840 1577 pro
1884 1495 1997 1558 hoc
2029 1514 2170 1558 casn
2224 1498 2287 1558 et
2334 1494 2474 1557 aliis
2517 1494 2842 1569 similibus,
2890 1496 2990 1576 qui
3025 1515 3163 1577 pos-

429 1588 566 1646 sent
603 1602 939 1660 occurrere‚
991 1583 1217 1646 habere
1264 1582 1465 1664 legem
1517 1584 1751 1647 claram
1817 1588 1879 1646 et
1939 1587 2174 1647 certam
2232 1602 2411 1663 super
2472 1583 2616 1645 hoc:
2689 1582 2858 1645 vadit
2908 1603 3064 1663 pars,
3110 1584 3162 1647 si

428 1671 670 1735 videtur
716 1671 908 1747 vobiS,
956 1673 1114 1751 quod
1164 1670 1312 1734 dicti
1363 1673 1787 1734 ambaxatores
1849 1673 1912 1734 et
1976 1671 2082 1733 alii
2151 1672 2614 1746 ambaxatores,
2678 1672 3018 1751 provisores
3066 1672 3162 1734 vel

427 1760 813 1836 tractatoreS,
859 1758 961 1840 qui
1011 1758 1213 1822 forent
1258 1758 1437 1822 electi
1487 1779 1593 1822 seu
1662 1759 2035 1839 eligerentur
2102 1777 2204 1839 pro
2271 1757 2572 1820 mittendo
2627 1762 2796 1820 extra
2843 1759 3156 1836 VeneciaS,

429 1846 534 1928 qui
582 1847 880 1909 haberent
926 1846 1217 1910 salarium
1270 1848 1335 1910 et
1375 1847 1670 1910 deberent
1717 1848 1980 1910 transire
2030 1846 2306 1920 confinia,
2361 1846 2596 1926 possint
2629 1846 2774 1926 eligi
2824 1846 3159 1909 consiliarii

424 1934 828 1998 Veneciarum
880 1935 977 1997 vel
1023 1953 1163 1997 non.

637 2021 829 2104 Capta
873 2024 1095 2103 prima,
1145 2023 1303 2104 quod
1352 2041 1471 2085 non
1519 2022 1756 2103 possint
1803 2022 1971 2102 eligi,
2030 2040 2240 2085 omnes
2308 2021 2451 2093 alii;
2511 2022 2810 2097 secunda,
2855 2021 3018 2102 quod
3067 2020 3161 2084 sic

428 2109 665 2192 possint
710 2110 853 2192 eligi
911 2111 1053 2185 11⁸2,
1103 2129 1219 2172 non
1269 2110 1489 2173 sinceri
1549 2110 1642 2173 16.

512 2201 724 2259 Maius
768 2201 1096 2260 consilium.
1147 2200 1413 2272 Spiritus
1465 2204 1608 2269 167,
1655 2219 1696 2260 u
1743 2201 2080 2259 mletaclcom
2130 2203 2363 2258 arke'vu.

759 2386 1134 2480 CCXIII,
1199 2390 1406 2471 God.
1461 2389 1691 2471 1349.
1748 2391 1846 2472 16
1900 2392 2229 2491 sunna,
2283 2412 2342 2469 u
2397 2389 2786 2470 Mletcili.

1105 2514 1371 2590 Odyovor
1409 2534 1489 2573 na
1526 2516 1875 2588 poslanstvo
1924 2518 2289 2590 bosanskoya
2335 2517 2506 2573 bana.

644 2634 826 2699 1349.
878 2635 1212 2699 indictione
1261 2635 1342 2713 II,
1389 2635 1487 2699 die
1538 2636 1613 2699 16
1663 2636 1816 2700 iulii.
1869 2636 2206 2717 Responsio
2255 2637 2330 2699 ad
2380 2635 2776 2700 anibaxatam
2813 2637 3155 2719 expositam

424 2725 1042 2824 per-ambaxatorem
1089 2724 1320 2787 domini
1372 2724 1512 2787 bani
1566 2725 1786 2787 Bosine
1834 2725 2034 2787 ducali
2098 2724 2367 2787 dominio
2430 2743 2535 2804 pro
2585 2727 2756 2806 parte
2811 2725 3004 2806 ipsius
3052 2727 3158 2789 do-

425 2831 579 2876 mlm
622 2812 867 2980 lgaainpta:
917 2898 1231 2963 intellecta
1281 2901 1612 2963 ambaxata
1660 2918 1853 2980 nuper
1895 2898 2097 2964 ducali
2148 2898 2546 2963 dominationi
2592 2900 2869 2981 exposita
2921 2919 3028 2981 per
3059 2919 3159 2964 co-

425 2987 643 3050 mitem
690 2986 765 3050 de
813 2985 1025 3069 Minoy
1091 3006 1199 3068 pro
1261 2993 1433 3068 parte
1498 2987 1733 3050 domini
1807 2987 1945 3050 bani
2005 2986 2262 3062 Bosine,
2330 3005 2446 3068 que
2510 2988 2572 3050 in
2623 2989 2819 3050 tribus
2868 2987 3157 3070 capitulis

423 3073 858 3155 comprehendi
910 3080 1132 3155 potest,
1184 3093 1323 3137 nam
1379 3077 1439 3137 in
1488 3076 1685 3156 primo
1734 3075 2083 3138 continetur
2130 3074 2494 3155 requisicio,
2545 3093 2724 3155 quarn
2775 3075 2944 3150 facit,
2996 3076 3159 3139 vide·
3244 3073 3256 3086 “

423 3162 570 3225 licet
615 3163 774 3243 quod
826 3161 1236 3225 dominacioni
1286 3163 1532 3244 placeat
1578 3163 1961 3244 interponere
2011 3182 2074 3225 se
2140 3161 2214 3225 ad
2267 3163 2656 3224 tractandum
2717 3167 2778 3226 et
2826 3181 3158 3245 procuran-

422 3248 592 3328 dum,
643 3249 801 3330 quod
851 3268 1039 3324 amor,
1092 3251 1519 3314 benevolencia
1566 3253 1630 3314 et
1675 3250 1993 3313 concordia
2042 3250 2293 3330 vigeant
2353 3250 2512 3312 int-er
2576 3249 2893 3313 dominum
2961 3250 3159 3333 impe-

423 3339 694 3400 ratorem
740 3339 803 3400 et
847 3355 1058 3419 regem
1107 3338 1317 3401 Servie
1367 3342 1429 3400 et
1475 3339 1674 3420 ipsum
1725 3338 2041 3401 dominum
2092 3338 2336 3399 banum.
2390 3336 2457 3401 In
2509 3340 2771 3401 secundo
2813 3340 3157 3420 exponitur,

420 3425 574 3506 quod
626 3424 680 3487 si
729 3424 802 3487 de
850 3424 1233 3505 beneplacito
1281 3426 1724 3489 dominacionis
1774 3424 2146 3507 procederet,
2196 3424 2382 3488 vellet
2415 3426 2686 3488 construi
2721 3425 2918 3489 facere
2968 3445 3159 3509 quen-

422 3515 565 3576 dam
616 3512 818 3576 locum
866 3512 995 3576 sive
1041 3512 1414 3576 fortalicium
1447 3513 1507 3575 in
1544 3514 1804 3594 quadam
1840 3515 2142 3590 contrata,
2191 3532 2306 3593 que
2343 3516 2594 3576 vocatur
2641 3513 2855 3577 Cheml
2885 3512 3155 3597 (Chelm)

425 3601 498 3664 ad
535 3601 859 3676 marinam,
911 3606 975 3663 et
1001 3601 1161 3681 quod
1192 3601 1244 3663 si
1272 3619 1374 3682 pro
1402 3601 1825 3664 hedificatione
1852 3602 1959 3663 aut
2002 3599 2454 3663 constructione
2502 3602 2650 3664 dicti
2699 3602 2982 3665 laborerii
3029 3602 3156 3665 sive

427 3687 701 3751 fortilicii
746 3687 958 3769 aliqua
1007 3687 1291 3751 melestia
1341 3689 1435 3752 vel
1479 3689 1849 3770 inquietacio
1899 3688 2016 3750 sibi
2051 3689 2226 3751 fieret
2263 3691 2495 3768 aparte
2528 3689 2839 3752 maritima
2889 3690 3154 3764 tantum,

421 3774 582 3857 quod
630 3775 1045 3839 dominacioni
1094 3777 1340 3857 placeat
1382 3795 1560 3839 suum
1611 3778 1730 3839 sibi
1779 3775 2071 3839 adhibere
2117 3774 2414 3838 auxilium
2461 3781 2523 3840 et
2575 3777 2880 3851 favorem,
2932 3795 3072 3839 cum
3123 3796 3158 3839 a

424 3870 599 3944 parte
646 3865 807 3926 terre
856 3864 1009 3926 satis
1058 3863 1313 3927 reddeat
1358 3884 1422 3926 se
1469 3883 1772 3927 securum.
1823 3864 1906 3927 Et
1953 3864 2012 3926 in
2062 3863 2245 3926 tertio
2291 3865 2636 3927 continetur
2682 3864 2990 3927 conclusio
3024 3882 3157 3925 aru·

425 3950 645 4014 baxate
691 3951 988 4032 predicte,
1040 3971 1146 4032 per
1194 3971 1378 4033 quam
1428 3951 1605 4015 offert
1670 3972 1734 4014 se
1799 3955 1863 4014 et
1908 3952 2044 4014 loca
2107 3969 2217 4014 sua
2271 3952 2600 4014 honoribus
2646 3955 2710 4014 et
2757 3950 3157 4031 beneplacitis

423 4038 680 4103 dominii
727 4038 1188 4121 quibuscunque
1229 4039 1344 4102 etc.
1395 4038 1479 4102 Et
1516 4039 1649 4121 ipsa
1693 4041 2022 4121 diligenter
2057 4039 2424 4114 examinata,
2461 4039 2788 4103 consulunt
2820 4040 3154 4120 sapienteS,

421 4127 578 4207 quod
631 4127 1075 4208 respondeatur
1118 4126 1197 4190 ad
1246 4128 1443 4207 ipsam
1490 4126 1552 4190 in
1602 4127 1716 4190 hac
1762 4127 1994 4190 forma:
2045 4129 2108 4189 et
2154 4126 2352 4208 primo
2401 4128 2477 4189 ad
2526 4127 2607 4203 id,
2655 4128 2812 4208 quod
2855 4128 3024 4209 prius
3054 4145 3156 4189 ex-

417 4214 688 4295 ponitur,
724 4214 1032 4290 videlicet,
1083 4215 1241 4295 quod
1309 4213 1654 4278 dominacio
1719 4234 1782 4278 se
1849 4215 2197 4295 interponat
2255 4215 2332 4278 ad
2384 4214 2775 4278 tractandum
2825 4217 2891 4277 et
2937 4232 3157 4296 procu-

416 4302 697 4380 randum,
748 4305 819 4365 ut
866 4321 1057 4379 amor,
1110 4302 1533 4366 benivolencia
1582 4306 1644 4366 et
1693 4302 2018 4366 concordia
2067 4301 2314 4383 vigeant
2362 4302 2523 4366 inter
2578 4302 2894 4365 dominum
2945 4321 3157 4384 regem

417 4394 481 4455 et
527 4391 965 4472 imperatorem
1015 4392 1354 4471 predictum
1407 4391 1469 4453 et
1515 4390 1718 4470 ipsum
1765 4390 2078 4454 dominum
2133 4390 2359 4452 bunum
2407 4391 2544 4467 etc.,
2579 4389 2739 4471 quod
2788 4408 3029 4470 semper
3065 4390 3157 4452 di-

416 4479 639 4561 spositi
684 4477 916 4541 fuimus
965 4479 1028 4540 et
1075 4477 1411 4541 sumus-ad
1448 4477 1655 4540 omnia
1702 4475 2101 4559 respiciencia
2163 4496 2348 4540 suum
2396 4476 2824 4551 commodum,
2886 4477 3039 4540 utile
3089 4479 3153 4539 et

414 4567 729 4631 honorem.
794 4566 876 4629 Et
926 4570 990 4628 ut
1054 4568 1327 4628 nostram
1395 4565 1615 4628 bonam
1682 4564 2156 4647 disposicionem
2225 4563 2735 4644 comprehendere
2792 4564 2999 4628 valeat
3047 4581 3154 4644 per

414 4654 721 4732 effectum,
771 4657 985 4717 noscat
1032 4672 1142 4717 sua
1190 4653 1673 4734 magnificencia,
1718 4654 1877 4734 quod
1924 4670 2207 4733 expresse
2273 4651 2696 4714 commisimus
2762 4649 3141 4714 ambaxatori

410 4745 640 4821 nostr0,
689 4761 872 4825 quem
918 4740 1116 4823 pridie
1165 4741 1451 4804 misimus
1495 4741 1572 4803 ad
1605 4741 1920 4804 dominum
1955 4757 2160 4820 regem
2203 4741 2265 4802 et
2314 4738 2746 4819 imperatorem
2771 4737 3132 4820 predictum,
