3620 5282
543 385 628 448 72

1253 555 1469 638 CIX.
1525 557 1732 640 God.
1789 558 2020 640 1348.
2074 560 2119 639 1
2169 557 2548 658 travnja.

545 685 755 748 Srbski
813 702 919 746 car
964 685 1216 759 Stje’pan
1269 684 1617 757 produlq’w'e
1675 701 1758 743 na
1819 703 1982 744 osam
2036 685 2259 760 yodina
2316 684 2524 756 vahan
2536 688 2626 743 ost
2680 683 2939 758 poyodbe
2997 682 3283 755 obstojeee

1438 773 1635 845 media
1679 771 1973 832 M'lctcani
2006 774 2028 830 i
2073 772 2385 831 Kotorani.

755 909 1095 975 Millesimo
1141 909 1576 973 trecentesimo
1607 908 2086 993 quadragesimo
2128 909 2367 986 octavo,
2416 907 2516 971 die
2547 908 2747 989 primo
2795 907 3027 990 aprilis,
3076 907 3280 991 prime

545 996 920 1062 indictionis,
974 995 1344 1078 Exemplum
1409 996 1764 1064 litterarum
1826 996 2060 1061 domini
2126 996 2518 1077 imperatoris
2565 996 2863 1060 Romanie
2917 1014 3027 1079 pro
3074 995 3277 1077 pactis

546 1082 776 1164 Catari,
843 1083 1189 1167 sigillatum
1256 1084 1430 1148 bulla
1480 1103 1683 1149 aurea.
1737 1085 2087 1167 Stephanus
2133 1083 2232 1147 dei
2276 1083 2483 1166 gratia
2529 1082 2867 1148 Grecorum
2916 1084 3274 1166 imperator,

550 1172 746 1237 amico
792 1175 1002 1236 nostro
1049 1171 1382 1253 predilecto
1447 1172 1690 1236 domino
1746 1171 1992 1236 Andree
2038 1170 2320 1235 Dandulo
2382 1170 2594 1235 eadem
2659 1172 2863 1253 gratia
2909 1170 3277 1253 dignissimo

547 1260 688 1324 duci
730 1259 1153 1336 Venetiarum,
1200 1258 1517 1323 Dalmatio
1564 1261 1748 1341 atque
1796 1258 2113 1336 Chroacie,
2161 1277 2274 1322 nec
2327 1277 2445 1323 non
2490 1258 2740 1323 domino
2786 1261 3007 1339 quarte
3052 1259 3275 1339 partie,

544 1348 610 1410 et
653 1345 906 1410 dimidie
951 1346 1146 1411 tocius
1198 1347 1441 1428 imperii
1490 1346 1812 1423 Romanie,
1860 1346 2128 1410 salutem
2153 1364 2510 1428 prosperam
2559 1347 2623 1410 et
2667 1344 2930 1424 felicem,
2973 1348 3275 1427 tanquam

547 1433 725 1498 fratri
772 1433 1330 1515 preamantissimo.
1379 1433 1648 1499 Litteras
1693 1437 1935 1498 vestras
2006 1434 2183 1498 nobis
2240 1434 2464 1497 missas
2520 1435 2882 1516 gratuanter
2926 1434 3276 1514 recepimus

548 1539 665 1602 pro
710 1520 1173 1585 confirmatione
1220 1520 1539 1586 concordie
1585 1523 1650 1586 et
1694 1520 1884 1603 pacti,
1935 1523 2007 1584 ut
2051 1520 2221 1603 prius
2278 1519 2414 1598 fuit,
2463 1520 2628 1584 inter
2650 1539 2975 1585 commune
2997 1522 3275 1585 vestrum

551 1608 616 1672 et
660 1626 985 1673 commune
1033 1608 1330 1685 nostrum,
1383 1609 1447 1672 et
1491 1608 1812 1673 hominum
1859 1608 2135 1672 fidelium
2184 1609 2387 1672 nostre
2436 1608 2788 1672 maiestatis
2837 1607 3105 1673 civitatis
3152 1605 3277 1671 Ca-

547 1694 837 1771 tarensiS,
885 1714 992 1776 pro
1038 1695 1256 1778 pactiS,
1302 1697 1372 1759 ut
1415 1695 1585 1778 prius
1630 1697 1991 1761 confirmata
2031 1695 2281 1760 fuerunt
2339 1695 2416 1759 ad
2464 1695 2815 1773 biennium,
2864 1715 2983 1777 que
3036 1696 3158 1758 iam
3210 1695 3279 1758 in

548 1782 828 1864 proximo
875 1782 1057 1846 finem
1106 1782 1359 1856 habent.
1410 1783 1594 1848 Modo
1641 1782 1766 1847 iam
1833 1783 2185 1847 fraternitas
2246 1784 2453 1847 vestra
2518 1782 2682 1866 apud
2726 1784 3118 1847 maiestatem
3162 1800 3278 1846 no-

550 1870 746 1934 stram
791 1869 1015 1952 petivit
1060 1871 1125 1934 et
1172 1869 1509 1951 requisivit,
1575 1869 1736 1952 quod
1798 1873 2009 1935 nostro
2071 1871 2359 1936 mandato
2417 1874 2688 1953 pactum,
2753 1874 2815 1934 et
2869 1869 3279 1947 concordiam,

547 1957 619 2021 ut
664 1956 841 2020 nobis
888 1958 1092 2038 patet,
1142 1957 1304 2022 inter
1362 1975 1684 2021 commune
1744 1961 2019 2022 vestrum
2083 1959 2146 2021 et
2205 1975 2528 2022 commune
2587 1959 2868 2022 nostrum
2914 1956 3121 2022 Catari
3169 1956 3283 2021 de-

547 2043 837 2108 beremus
882 2044 1246 2127 prolongare
1291 2044 1366 2108 ad
1408 2047 1545 2109 octo
1592 2063 1819 2123 annoS,
1869 2045 2030 2127 quod
2090 2063 2298 2109 amore
2359 2045 2549 2109 vestri
2596 2048 2658 2109 et
2703 2045 2934 2110 intuitu
2994 2044 3279 2109 amicitie

551 2130 758 2196 animo
806 2131 1036 2197 volenti
1096 2132 1296 2196 facere
1361 2131 1680 2210 volumuS,
1745 2132 1906 2214 quod
1970 2133 2376 2215 imposterum
2440 2151 2684 2214 semper
2739 2132 3015 2214 dignitas
3063 2136 3277 2197 vestra

547 2221 895 2302 cognoscat,
956 2237 1068 2283 nos
1130 2238 1263 2283 esse
1327 2219 1496 2284 vobis
1561 2220 1831 2284 amicum
1892 2220 2243 2304 specialem.
2316 2221 2494 2285 Unde
2554 2220 3004 2285 transmittatis
3065 2220 3273 2284 virum

549 2305 838 2370 idoneum
881 2306 1070 2371 vestri
1111 2307 1453 2371 communis
1500 2325 1639 2371 cum
1686 2307 1917 2372 litteris
1964 2308 2188 2372 vestris
2234 2308 2309 2371 ad
2358 2307 2568 2372 fideles
2623 2310 2865 2372 nostros
2898 2305 3131 2383 Catari,
3166 2308 3275 2389 qui

548 2410 691 2457 cum
740 2393 893 2476 ipsis
930 2395 1351 2458 catarensibus
1398 2395 1720 2459 confirmet
1770 2396 1952 2476 pacta
1993 2397 2057 2460 et
2094 2394 2430 2473 concordia,
2477 2397 2547 2461 ut
2586 2397 2769 2459 antea
2798 2393 3087 2470 fuerunt;
3123 2395 3272 2477 quia

550 2498 662 2545 nos
712 2480 996 2545 fidelibus
1044 2482 1273 2546 nostris
1343 2482 1764 2546 catarensibus
1810 2482 1995 2547 dictis
2042 2484 2271 2546 seriose
2315 2484 2381 2546 et
2425 2484 2706 2547 districte
2754 2482 3116 2548 mandamus
3140 2530 3155 2559 ,
3202 2484 3276 2545 et

549 2569 940 2651 precipimuS,
969 2568 1127 2652 quod
1173 2568 1336 2633 facta
1361 2572 1542 2652 pacta
1567 2571 1630 2633 et
1655 2569 1973 2634 concordia
1996 2589 2186 2653 usque
2209 2571 2284 2634 ad
2315 2571 2450 2634 octo
2475 2588 2665 2634 annos
2690 2570 2960 2653 proxime
2986 2571 3283 2634 venturos

551 2657 935 2736 confirment,
989 2658 1060 2720 ut
1104 2657 1277 2739 prius
1322 2656 1459 2733 fuit,
1504 2659 1665 2721 inter
1710 2676 2034 2723 commune
2062 2663 2336 2722 vestrum
2374 2661 2438 2723 et
2479 2677 2803 2724 commune
2847 2658 3119 2740 ipsorum
3156 2657 3282 2722 Ca-

549 2744 913 2821 tarensium,
965 2745 1108 2825 quia
1156 2763 1398 2826 semper
1444 2745 1728 2809 volumus
1789 2746 1855 2809 et
1899 2747 2277 2812 intendimus
2338 2746 2677 2829 adimplere
2738 2747 3122 2811 voluntatem
3170 2764 3283 2809 ve-

551 2832 748 2895 stram
791 2832 1093 2914 quantum
1141 2832 1341 2913 magis
1386 2850 1733 2914 possumus.
1797 2833 2117 2916 Rogamus
2164 2834 2395 2912 eciam,
2457 2838 2528 2898 ut
2573 2833 2917 2917 dignemini
2962 2833 3281 2916 precipere

545 2917 943 3069 {offrattbus’
1007 2938 1081 2983 ne
1130 2920 1321 2983 nostri
1385 2917 1748 2985 Caterenses
1810 2922 1888 2986 ab
1951 2921 2039 2984 eis
2087 2921 2217 2986 sine
2282 2922 2416 2986 iure
2476 2921 2724 3004 aliquod
2771 2939 3101 3004 gravamen
3151 2938 3279 2984 non

588 3022 626 3069 a
671 3022 784 3069 ean
818 3054 832 3068 .

641 3094 1210 3155 Commemorialium
1240 3097 1357 3157 1V.
1410 3100 1554 3167 119,
1599 3114 1642 3156 u
1672 3098 2014 3158 mletackom
2059 3100 2289 3157 arkivu.

1019 3283 1191 3367 cx.
1246 3284 1450 3367 eod.
1506 3285 1733 3367 1348.
1788 3287 1841 3367 e
1890 3289 2264 3390 travnja,
2317 3310 2377 3368 u
2429 3287 2818 3371 motem.

681 3408 1056 3483 Dozvob’em,
1103 3411 1182 3469 da
1228 3411 1478 3471 driavni
1524 3413 1766 3471 brodovi
1808 3414 2090 3486 probrode
2120 3432 2164 3473 u
2209 3413 2556 3488 Dalmat-{ju
2596 3416 2826 3489 mekoje
2867 3414 3123 3488 plemiaee.

763 3527 950 3593 1348.
996 3528 1094 3593 die
1119 3529 1208 3593 VI
1233 3530 1464 3611 aprilis.
1497 3529 1748 3596 Electus
1770 3533 2013 3614 sapiens
2041 3532 2361 3598 Sclavonie
2393 3552 2489 3598 ser
2513 3534 2885 3599 Benedictus
2910 3534 2987 3597 de
3018 3532 3273 3598 Molino.

762 3613 995 3698 Capta:
1058 3616 1218 3698 quod
1278 3618 1369 3681 vir
1431 3617 1658 3682 nobilis
1714 3618 1964 3684 Marcus
2011 3619 2389 3701 Maripetro,
2448 3621 2612 3686 ituro
2658 3621 3003 3687 consiliario
3061 3620 3276 3698 Jadre,

552 3702 831 3784 portetur
876 3721 1018 3766 cum
1065 3704 1254 3787 lignis
1317 3705 1547 3769 nostris
1608 3705 1817 3789 culphi
1877 3708 1953 3771 ad
2018 3726 2197 3771 suum
2261 3708 2537 3792 regimen
2584 3729 2726 3773 cum
2775 3728 2886 3773 sua
2925 3708 3165 3773 familia
3211 3711 3282 3773 et

549 3789 788 3854 levibus
832 3790 1113 3869 arnesiis,
1162 3810 1279 3855 non
1325 3793 1702 3857 sinistrando
1749 3795 2081 3858 armatam.

758 3875 987 3960 Capta:
1037 3879 1196 3960 quod
1262 3877 1356 3942 vir
1418 3880 1644 3944 nobilis
1690 3880 2013 3946 Nicoletus
2062 3881 2205 3948 Orio
2259 3900 2356 3947 ser
2401 3882 2693 3967 Phylippi
2744 3886 3023 3966 port-etur
3064 3884 3281 3966 Ragn-

549 3963 710 4027 sium
759 3980 900 4028 cum
947 3965 1142 4048 galeis
1174 3964 1420 4048 culphi3
1470 3968 1533 4031 et
1578 3967 1630 4031 si
1656 3987 1774 4051 quo
1801 3987 1948 4033 casu
1994 3971 2125 4052 ipse
2151 3969 2329 4053 galee
2363 3971 2529 4035 irent
2552 3991 2763 4037 versus
2787 3975 2994 4055 partes
3025 3971 3274 4054 Apulie,

551 4052 832 4133 portetur
877 4053 955 4115 ad
1001 4053 1227 4135 parteS,
1276 4052 1354 4117 ad
1400 4072 1552 4136 quas
1600 4055 2017 4135 declinarent,
2081 4075 2201 4121 non
2263 4058 2637 4123 sinistrando
2694 4060 2761 4124 in
2820 4058 3027 4141 aliquo
3073 4077 3281 4124 arma—

546 4137 699 4216 tam,
743 4139 807 4202 et
849 4157 992 4203 cum
1039 4139 1275 4204 levibus
1314 4141 1589 4206 amosiis,

759 4224 990 4308 Capta:
1038 4226 1198 4310 quod
1244 4227 1339 4291 vir
1384 4229 1611 4293 nobilis
1653 4229 1886 4295 Paulus
1930 4228 2185 4309 Quirino
2227 4231 2395 4298 filius
2443 4252 2542 4297 ser
2589 4232 2787 4299 Marci
2832 4236 3114 4318 portetur
3144 4235 3281 4300 Ra-

551 4311 798 4460 gusiutm
845 4331 986 4377 cum
1034 4314 1227 4396 galeis
1273 4315 1500 4380 nostris
1546 4316 1790 4401 culphi,
1856 4337 1997 4382 cum
2058 4320 2297 4384 levibus
2359 4320 2649 4399 arnesiiS,
2721 4341 2837 4387 non
2898 4322 3279 4389 sinistrando

546 4414 719 4464 arma
751 4417 870 4463 am.

636 4489 818 4548 Mis-ti
868 4487 1033 4549 XXI
1048 4490 1110 4550 V.
1155 4496 1260 4550 εἰν.
1310 4494 1411 4562 70,
1457 4510 1500 4551 u
1546 4493 1890 4555 mletackom
1935 4498 2167 4557 arkivu.
