3620 5282
2981 404 3111 469 339

561 577 1317 662 CGGCLXXXIV.
1370 578 1580 663 (iod.
1634 577 1861 662 1395.
1923 578 1979 659 4
2030 576 2391 679 venistis,
2443 599 2503 659 u
2562 576 2959 660 Mletoih.

585 720 1023 785 Ambasciator
1070 719 1242 784 ducis
1294 718 1711 802 Burgundiae,
1760 737 1905 783 cum
1940 737 2061 783 non
2093 726 2301 800 posset
2326 717 2597 801 amplius
2637 720 2958 801 expectare
3004 719 3113 784 ad-

392 810 642 872 ventum
693 807 1164 872 ambasciatoris
1240 807 1583 891 Hungarie,
1663 809 1862 889 rogat,
1931 809 2002 871 ut
2061 807 2240 872 detur
2287 825 2396 871 suo
2444 806 2694 870 domino
2741 824 3108 888 responsum

383 896 547 960 circa
592 895 826 961 bellum
879 897 1095 960 contra
1139 893 1373 959 'I'urcos
1421 915 1526 977 per
1557 894 2046 958 ambasciatores
2080 899 2348 959 venetos.
2398 893 2743 975 Republica
2785 894 3114 972 consentit,

384 984 448 1047 et
493 983 818 1065 subjungit
891 982 1091 1065 „quod
1158 983 1723 1064 quocienscumque
1786 981 2136 1046 videbimus
2200 983 2527 1047 materiam
2597 981 2966 1064 dispositam
3037 981 3116 1045 ad

383 1070 874 1151 prosecutionem
923 1070 1254 1134 laudabilis
1301 1072 1502 1152 operis
1548 1069 1913 1152 supradicti,
1962 1069 2301 1134 dominatio
2350 1072 2561 1133 nostra
2592 1087 2699 1150 pro
2745 1068 2903 1133 bono
2949 1072 3118 1146 cato-

258 1227 265 1232 ,
382 1157 499 1222 lice
547 1157 708 1235 fidei,
760 1158 1278 1239 contemplatione
1325 1158 1642 1222 illustrum
1689 1156 2040 1238 principum
2088 1157 2509 1239 predictorum
2548 1158 2612 1220 et
2656 1156 2886 1221 honore
2918 1154 3115 1220 nostri

387 1246 1134 1399 comgnunistinvessrietur
1178 1246 1413 1309 sincere
1460 1244 1785 1328 disposita,
1837 1246 1999 1309 sicut
2074 1245 2196 1310 fuit
2244 1245 2308 1309 in
2355 1245 2588 1308 talibus
2653 1243 2904 1309 casibus
2949 1244 3114 1308 tem-

385 1335 516 1417 pori
564 1353 637 1398 us
680 1352 745 1398 re
778 1350 922 1397 roac
959 1333 1077 1396 is“.

471 1440 710 1502 Secreta
760 1439 932 1500 Gens.
979 1440 1129 1514 Roy.
1177 1439 1255 1499 R.
1307 1440 1451 1509 105,
1498 1456 1541 1499 u
1585 1438 1742 1501 mlet.
1791 1440 2032 1500 arkivu.

579 1645 1278 1728 OCGCLXXXV,
1328 1645 1532 1729 (iod.
1586 1647 1815 1731 1395.
1869 1647 1969 1728 14
2020 1643 2382 1747 venaco,
2433 1667 2495 1726 u
2547 1644 2938 1727 Mletclh.

595 1786 800 1852 Vadat
869 1788 1143 1864 nuntius,
1201 1786 1306 1869 qui
1353 1787 1515 1851 sciat
1559 1788 1842 1868 linguam
1891 1804 2203 1869 graecam,
2254 1785 2659 1861 Durachium,
2715 1784 3007 1850 informet
3051 1807 3116 1852 se

384 1895 526 1941 cum
571 1875 680 1940 illo
726 1875 935 1958 bajulo
974 1876 1037 1938 in
1062 1873 1230 1939 facto
1265 1871 1514 1957 Croyae,
1551 1876 1617 1938 et
1646 1875 1865 1938 deinde
1897 1876 2122 1957 pergat
2156 1872 2234 1938 ad
2267 1873 2585 1938 dominum
2621 1872 3114 1954 Constantinum,

397 1964 540 2045 „qui
590 1963 829 2044 accepit
876 1965 1157 2027 castrum
1205 1961 1400 2045 Croye
1450 1963 1523 2025 de
1565 1963 1879 2045 potestate
1927 1980 2027 2026 ser
2071 1961 2271 2026 Marci
2324 1961 2690 2039 Barbadico,
2757 1960 2864 2044 qui
2912 1962 3116 2043 ipsum

389 2052 601 2115 nostro
645 2052 884 2115 nomine
956 2049 1377 2133 possidebat“,
1457 2052 1521 2113 et
1594 2050 1900 2131 procuret,
1956 2051 2029 2113 ut
2082 2049 2240 2114 illud
2303 2050 2600 2113 restituat
2654 2050 2967 2113 communi
3014 2068 3119 2116 ve·

386 2140 566 2215 neto;
616 2138 948 2221 collegium
993 2155 1138 2201 vero
1185 2137 1417 2201 habeat
1462 2136 1821 2202 libertatem
1867 2138 2140 2202 tractare
2189 2140 2251 2202 et
2298 2139 2595 2219 spendore
2639 2154 2750 2220 pro
2822 2136 3105 2203 habendo

386 2227 591 2309 ipsum
636 2227 932 2304 castrum,
982 2242 1134 2307 quae
1180 2223 1303 2289 sibi
1348 2224 1503 2289 alias
1551 2225 1697 2289 data
1742 2223 1884 2289 suit.

472 2333 713 2393 Secreta
763 2331 940 2392 Cous·
987 2333 1136 2406 Roq.
1187 2332 1265 2391 R.
1315 2334 1462 2410 105,
1512 2350 1554 2392 u
1598 2333 1754 2393 mlet.
1802 2332 2042 2394 arkivu.

578 2536 1312 2620 OCCGLXXXVI.
1369 2535 1576 2624 Gon.
1636 2529 1866 2621 1395.
1922 2537 1971 2621 5
2027 2537 2367 2640 οΖΙῌῙζῑι,
2421 2561 2480 2620 u
2535 2538 2929 2623 Mletcih.

386 2682 560 2743 Malo
632 2683 788 2743 vietis
862 2683 1019 2742 nelca
1090 2699 1154 2741 se
1227 2682 1524 2757 doqovara
1595 2683 2002 2830 Zuygrehrv.
2059 2682 2361 2755 poslanici
2416 2700 2458 2742 u
2517 2684 2696 2756 postu
2739 2684 2909 2758 vojnc
2956 2688 3119 2760 proti

1661 2788 1736 2828 ur
1796 2787 1899 2830 mc.

611 2897 800 2962 1395.
850 2898 1181 2962 indictione
1227 2899 1440 2978 tercia,
1490 2898 1588 2962 die
1635 2900 1852 2980 quinto
1899 2898 2140 2963 marcii.
2192 2898 2514 2980 Sapientes
2563 2900 2805 2964 consilii
2853 2904 2917 2965 et
2950 2902 3118 2984 sapi-

393 2988 567 3051 entes
615 2986 923 3050 ordinum.
976 2984 1207 3069 Capta:
1256 2986 1401 3068 quia
1443 2986 1891 3050 ambasiatores
1940 2985 2263 3067 Hungarie
2325 2986 2496 3050 ultra
2556 2986 2826 3069 primam
2872 2991 3116 3070 exposi-

392 3074 624 3138 sionem
670 3073 1015 3137 ambasiate
1061 3092 1188 3150 sue,
1237 3091 1356 3155 que
1404 3073 1524 3137 fuit
1571 3073 1633 3136 in
1681 3072 1925 3152 effectu,
1976 3072 2137 3155 quod
2184 3092 2294 3156 per
2339 3092 2517 3137 suam
2563 3075 2969 3140 serenitatem
3018 3075 3118 3140 fu-

390 3162 523 3226 erat
564 3160 979 3225 deliberatum
1028 3160 1099 3223 de
1147 3160 1408 3225 volendo
1455 3159 1606 3225 totis
1638 3160 1878 3225 viribus
1913 3180 1977 3223 se
2011 3179 2252 3226 movere
2284 3164 2498 3225 contra
2529 3161 2828 3241 TurchoS,
2863 3166 3118 3247 propter

392 3267 578 3331 quam
627 3266 880 3312 causam
928 3247 1341 3312 mittebantur
1388 3247 1464 3312 ad
1500 3248 1777 3313 diversas
1847 3248 2061 3311 mundi
2124 3251 2348 3329 partes,
2412 3250 2521 3313 sed
2588 3248 2789 3331 primo
2856 3250 2935 3313 ad
3004 3269 3115 3317 nos

392 3341 715 3418 tamquam
759 3337 836 3399 ad
886 3335 1184 3416 speciales
1232 3338 1295 3400 et
1336 3335 1683 3418 singulares
1732 3336 1982 3411 amicOS,
2046 3335 2120 3399 ad
2186 3335 2620 3418 requirendum
2671 3336 3003 3403 consilium
3052 3340 3118 3404 et

392 3423 666 3489 favorem
716 3423 1016 3500 nostrum,
1052 3423 1396 3487 habuerunt
1442 3425 1643 3487 dicere
1691 3424 1918 3487 nostris
1966 3422 2298 3500 nobilibus,
2349 3442 2499 3506 quos
2548 3423 2835 3488 misimus
2882 3427 2960 3489 ad
2991 3444 3114 3505 eos,

396 3513 458 3575 in
507 3510 863 3575 substantia
910 3512 973 3573 et
1016 3510 1258 3589 effectu,
1308 3511 1465 3592 quod
1514 3511 1861 3575 ambasiata
1906 3529 2111 3574 eorum
2140 3511 2478 3592 ponderosa
2512 3514 2647 3574 erat
2684 3514 2748 3574 et
2783 3531 3112 3595 pregnanS,

395 3603 458 3662 et
504 3598 665 3681 quod
716 3598 916 3662 multa
964 3597 1121 3661 bona
1168 3600 1414 3678 possent
1447 3598 1700 3662 tractari
1747 3598 1862 3662 sub
1898 3599 2018 3661 ista
2053 3597 2346 3675 materia3
2396 3604 2460 3662 et
2491 3599 2818 3680 propterea
2847 3603 3121 3682 quando-

396 3705 660 3767 cumque
709 3686 1033 3759 sentirent,
1082 3685 1240 3765 quod
1289 3684 1630 3749 dominatio
1700 3689 1913 3749 nostra
1957 3686 2305 3749 attenderet
2348 3685 2424 3749 ad
2476 3686 2640 3749 istud
2684 3685 2938 3764 factum,
2997 3690 3116 3770 ipsi

394 3776 705 3854 aperirent
753 3773 929 3836 nobis
982 3776 1224 3836 secreta
1270 3774 1472 3837 cordis
1519 3772 1754 3837 domini
1812 3771 1904 3836 sui
1975 3773 2207 3836 domini
2267 3773 2454 3854 regis.
2521 3773 2606 3836 Et
2650 3774 2737 3837 sit
2782 3773 3118 3840 laudabilis

393 3864 459 3925 et
505 3861 753 3942 sapiens
800 3879 918 3937 res,
970 3861 1299 3942 antequam
1346 3860 1471 3925 alia
1516 3861 1829 3942 responsio
1877 3860 1965 3923 eis
2032 3858 2160 3932 fiat,
2224 3861 2434 3923 audire
2497 3861 2563 3923 et
2607 3859 2838 3924 sentire
2886 3861 3116 3941 omnia,

394 3967 510 4029 que
555 3948 675 4031 ipsi
724 3949 926 4012 dicere
974 3951 1040 4010 et
1088 3948 1370 4029 apperire
1418 3948 1592 4012 nobis
1638 3946 1894 4024 volunt3
1942 3946 2126 4011 vadit
2167 3965 2329 4028 pars,
2377 3948 2536 4029 quod
2583 3947 2708 4012 dici
2755 3948 2952 4029 possit
2982 3968 3120 4013 am-

395 4034 811 4099 basiatoribus
857 4033 1174 4117 predictis,
1223 4034 1387 4116 quod
1435 4037 1647 4099 nostra
1694 4034 2057 4112 dominati0,
2108 4035 2498 4098 considerans
2547 4040 2830 4098 naturam
2879 4038 2943 4099 et
2973 4055 3118 4101 con-

392 4121 692 4187 ditionem
740 4124 1002 4186 istorum
1049 4121 1454 4204 agendorum,
1504 4125 1568 4186 et
1614 4122 1848 4187 habens
1881 4121 2186 4185 sinceram
2243 4120 2709 4202 dispositionem
2765 4121 2838 4185 ad
2896 4126 3119 4189 cuncta

391 4210 819 4273 concernentia
871 4210 1162 4273 bonorem
1218 4212 1281 4272 et
1334 4209 1770 4273 exaltationem
1832 4209 1972 4272 fidei
2027 4208 2329 4272 chatolice
2363 4211 2427 4271 et
2458 4208 2654 4290 ipsius
2687 4209 2855 4291 regie
2892 4210 3119 4276 maies-

391 4298 564 4374 tatis,
613 4298 712 4361 est
762 4300 984 4379 parata
1025 4295 1347 4361 attendere
1394 4299 1457 4360 et
1506 4298 1741 4361 intrare
1788 4296 1853 4359 in
1885 4295 2008 4361 isto
2056 4297 2331 4359 tractatu
2378 4315 2486 4378 per
2530 4296 2673 4359 illas
2707 4298 2856 4373 viae,
2889 4297 3119 4365 formas

395 4387 460 4449 et
506 4384 737 4460 modos,
789 4385 893 4465 qui
942 4383 1070 4447 sint
1116 4381 1515 4447 rationabiles
1578 4385 1643 4448 et
1700 4384 1962 4459 honesti,
2027 4385 2119 4447 ita
2188 4383 2346 4464 quod
2413 4384 2531 4464 ipsi
2594 4386 2856 4466 possunt
2913 4387 3121 4469 ample

392 4470 563 4552 loqui
610 4473 930 4535 nobiscum
981 4472 1045 4535 et
1090 4470 1372 4552 apperire
1421 4470 1597 4534 nobis
1633 4471 2039 4535 intentionem
2074 4470 2308 4533 domini
2342 4470 2457 4548 sui,
2493 4472 2564 4534 ut
2594 4469 2910 4552 possimus
2944 4473 3119 4557 large

392 4560 762 4639 respondere
809 4558 899 4621 eis
947 4560 1010 4621 et
1055 4557 1373 4622 declarare
1426 4560 1694 4622 mentem
1743 4562 2041 4622 nostram.
2094 4558 2174 4621 Et
2220 4576 2290 4621 ex
2339 4576 2500 4621 nunc
2526 4558 2611 4621 sit
2642 4561 2914 4639 captum,
2951 4562 3115 4642 quod

393 4644 725 4726 collegium
772 4644 1025 4723 domini,
1074 4644 1591 4720 consiliariorum,
1659 4645 1941 4728 capitum
2013 4646 2078 4709 et
2124 4646 2474 4726 sapientum
2521 4645 2844 4726 utriusque
2893 4664 3116 4712 manus

392 4730 665 4795 habeant
708 4731 1066 4796 libertatem
1113 4750 1251 4795 cum
1301 4731 1594 4813 predictis
1639 4733 1703 4796 et
1745 4732 1886 4797 aliis
1934 4731 2163 4808 verbis,
2212 4749 2328 4812 que
2378 4730 2560 4795 utilia
2596 4730 2989 4808 videbuntur,
3024 4734 3118 4796 in-

393 4820 560 4883 trare
608 4818 673 4883 in
721 4820 992 4883 tractatu
1031 4837 1175 4884 cum
1218 4818 1404 4883 dictis
1451 4818 1999 4900 ambasiatoribuS,
2033 4818 2242 4884 audire
2270 4821 2333 4882 et
2357 4819 2741 4900 respondere,
2777 4817 3118 4882 secundum

2911 4915 2952 4961 ιιι
