3620 5282
2981 323 3061 390 61

801 493 1016 576 ΟΙΧ.
1072 494 1282 576 God.
1337 493 1568 581 1364.
1622 493 1727 577 24
1776 492 2137 595 siecnja,
2191 517 2248 577 u
2304 494 2597 596 SenJu.
3054 428 3057 431 Ἴ

336 637 518 711 Njeki
562 635 817 710 Senjani
851 637 1048 709 jamcie
1091 654 1166 697 za
1210 637 1326 695 dvc:
1367 618 1535 709 svoja
1578 637 2041 711 sayradJ'anina,
2086 638 2226 709 koja
2269 654 2342 696 su
2384 653 2445 695 se
2490 637 2762 695 obvezala
2803 639 2924 697 bila
2954 640 3076 698 slu-

984 725 1093 783 biti
1137 724 1437 783 Dilectione
1470 725 1640 796 proti
1684 725 2101 784 buntovnikom
2147 742 2193 785 u
2241 726 2435 783 Kreti.

550 841 917 925 Exemplum
983 843 1381 908 instrumenti
1442 843 1705 925 plezarie
1766 844 2027 926 prestita
2087 863 2196 925 per
2268 842 2506 907 nobiles
2571 843 2730 909 viros
2794 843 3076 927 Moysem

337 928 536 994 filium
598 930 821 994 iudicis
887 930 1162 995 Bartholi
1225 932 1296 995 de
1357 928 1585 1015 Segnia
1646 933 1711 996 et
1765 930 2096 996 Nicolaum
2159 931 2357 995 filium
2422 929 2727 1013 quondam
2801 931 3075 998 Vicencii

339 1016 604 1081 Vindeni
655 1018 728 1082 de
775 1016 1083 1096 Cherlino,
1151 1017 1242 1082 ire
1306 1018 1664 1084 debentium
1726 1036 1871 1082 cum
1929 1020 2178 1082 centnm
2237 1017 2551 1098 equitibus
2612 1019 2690 1082 ad
2746 1019 3069 1085 servitium

341 1103 578 1170 domini
625 1105 801 1170 ducis
848 1107 915 1170 et
957 1105 1300 1169 communis
1343 1105 1743 1170 Veneciarum
1790 1105 1852 1169 in
1902 1103 2172 1169 Cretam.

551 1192 623 1255 In
670 1192 767 1256 dei
816 1192 1078 1275 nomine,
1110 1210 1311 1257 amen.
1357 1190 1541 1257 Anno
1584 1191 1819 1256 domini
1881 1210 1919 1255 a
1979 1192 2309 1256 nativitate
2366 1191 2638 1257 eiusdem
2705 1192 3075 1260 millessimo

340 1279 776 1344 trecentesimo
846 1280 1226 1362 sexagesimo
1293 1281 1535 1360 quarto,
1606 1278 1941 1343 indictione
1997 1280 2279 1354 secunda,
2324 1279 2422 1343 die
2485 1279 2783 1362 vigesimo
2853 1284 3074 1362 quarto

341 1367 570 1430 mensis
631 1367 912 1431 ianuarii.
976 1366 1379 1448 Temporibus
1442 1367 1723 1448 equidem
1787 1367 2018 1430 domini
2068 1365 2355 1429 Lodovici
2402 1367 2498 1430 dei
2544 1366 2749 1449 gratia
2809 1369 3077 1433 serenis-

342 1451 489 1517 simi
548 1453 713 1537 regis
777 1453 1135 1536 Hungarie,
1218 1453 1583 1517 venerabilis
1647 1453 1841 1533 patris
1896 1451 2134 1516 domini
2208 1451 2421 1516 fratris
2483 1452 2782 1518 Prothine
2860 1454 3073 1520 eadem

341 1538 547 1622 gratia
591 1540 859 1623 episcopi
918 1539 1308 1623 Segniensis,
1375 1539 1962 1623 magnificorumque
2029 1539 2419 1603 dominorum
2483 1538 2777 1620 Stephani
2837 1545 2902 1604 et
2963 1541 3075 1606 Jo-

342 1627 562 1691 hannis
611 1627 824 1710 Vegle‚
886 1627 1219 1706 Modrusie,
1282 1627 1562 1692 Ghezche
1607 1629 1673 1692 et
1717 1626 2005 1691 Vinodoli
2051 1627 2346 1691 comitum
2396 1629 2458 1691 et
2521 1626 2795 1691 civitatis
2844 1627 3070 1711 Segnie

341 1712 727 1778 dominorum
775 1715 1178 1797 generalium,
1250 1713 1474 1778 nobilis
1523 1714 1744 1779 militis
1790 1714 2025 1779 domini
2089 1713 2333 1777 Andree
2394 1712 2795 1791 vicecomitis,
2852 1713 3074 1780 Jacobi

343 1801 653 1884 quondam
706 1801 928 1866 iudicis
975 1801 1210 1880 Cosme,
1260 1801 1469 1865 Veroli
1515 1801 1823 1884 quondam
1887 1801 2109 1866 iudicis
2158 1800 2415 1879 Dimini,
2481 1803 2545 1865 et
2598 1800 2819 1867 Jacobi
2877 1818 3076 1884 quon-

343 1887 487 1952 dam
542 1887 765 1953 iudicis
812 1888 1090 1966 Vidonis,
1151 1888 1420 1953 iudicum
1468 1889 1739 1954 civitatis
1803 1888 2095 1969 predicte.
2144 1889 2374 1953 Actum
2437 1888 2500 1951 in
2555 1889 2806 1953 civitate
2850 1887 3074 1972 Segnie

342 1973 406 2038 in
454 1964 719 2040 statione
760 1976 1165 2041 habitationis
1211 1995 1311 2040 ser
1359 1968 1588 2040 Marcis
1636 1974 1804 2039 Slavi
1852 1975 1928 2039 de
1982 1975 2279 2049 Veneciis,
2328 1976 2717 2057 presentibus
2777 1975 2910 2058 ipso
2974 1995 3074 2042 ser

343 2063 556 2128 Marco
604 2062 844 2141 Sclavo,
894 2082 993 2127 ser
1039 2063 1411 2127 Francischo
1460 2060 1723 2127 Sacheto
1780 2063 1856 2126 de
1903 2062 2205 2137 Veneciis,
2268 2062 2503 2127 Jacobo
2569 2062 2697 2126 filio
2759 2062 3073 2145 quondam
3156 2094 3185 2119 -·

342 2149 560 2214 indicis
608 2150 883 2232 Philippi
930 2150 1002 2214 de
1050 2147 1295 2234 Segnia,
1340 2148 1640 2214 Michaele
1686 2148 2024 2231 Campiono
2055 2150 2129 2213 de
2157 2149 2462 2225 veneciis,
2512 2151 2576 2213 et
2622 2148 2760 2214 aliis
2803 2150 3073 2215 testibus

342 2237 423 2301 ad
470 2237 583 2301 hec
624 2238 877 2312 vocatis,
923 2237 1155 2301 habitis
1201 2239 1265 2301 et
1308 2237 1561 2319 rogatis,
1609 2235 1767 2300 Cum
1827 2236 2093 2300 illustris
2155 2240 2217 2300 et
2278 2236 2552 2301 excelsus
2616 2235 2904 2301 dominus
2965 2238 3076 2302 do-

342 2322 549 2387 minus
594 2325 962 2389 Laurentius
1009 2323 1177 2387 Celsi
1222 2325 1318 2388 dei
1364 2324 1571 2406 gratia
1615 2323 1735 2387 dux
1782 2324 2182 2388 venetiarum
2230 2326 2370 2401 etc.,
2436 2342 2576 2387 cum
2623 2325 3072 2390 communitate

345 2427 460 2474 sua
504 2411 843 2492 susceperit
887 2413 964 2476 ad
1020 2429 1200 2474 suum
1261 2412 1580 2476 servitium
1636 2414 1701 2474 et
1756 2410 1999 2475 soldum
2060 2413 2273 2475 contra
2335 2410 2597 2474 rebelles
2660 2428 2806 2475 suos
2867 2410 3069 2476 insule

348 2494 530 2560 Crete
576 2498 811 2562 nobiles
861 2499 1019 2562 viros
1067 2497 1375 2581 Moysium
1422 2498 1622 2562 filium
1671 2498 1891 2562 iudicis
1938 2497 2215 2563 Bartholi
2268 2499 2339 2561 de
2387 2495 2613 2579 Segnia
2645 2498 2710 2562 et
2740 2497 3072 2565 Nicolaum

348 2582 545 2648 filium
602 2585 908 2667 quondam
974 2585 1245 2651 Vincecii
1304 2584 1570 2651 Vindeni
1632 2583 1709 2650 de
1771 2583 2080 2664 Cherlino,
2148 2586 2253 2668 qui
2313 2584 2495 2650 ambo
2555 2586 2621 2650 et
2679 2584 2743 2648 in
2804 2582 3069 2652 solidum

345 2671 775 2752 promiserunt,
839 2674 1254 2738 convenerunt
1311 2675 1374 2738 et
1419 2692 1484 2737 se
1521 2673 1952 2755 obligaverunt
2012 2673 2102 2736 ire
2156 2672 2556 2755 personaliter
2615 2690 2755 2736 cum
2819 2675 3070 2739 centum

352 2758 523 2823 bonis
565 2762 629 2824 et
677 2760 1130 2826 sufficientibus
1179 2761 1532 2825 hominibus
1583 2762 1643 2824 in
1693 2761 1868 2824 bonis
1934 2762 1998 2825 et
2058 2759 2508 2824 sufficientibus
2570 2761 2744 2842 equis
2809 2763 2872 2824 et
2920 2761 3074 2826 bene

353 2846 609 2910 armatis
670 2850 732 2913 et
794 2848 1026 2930 paratis
1088 2848 1373 2912 omnibus
1430 2848 1623 2912 armis
1685 2848 2044 2930 opportunis
2106 2847 2182 2910 ad
2239 2848 2472 2912 dictum
2545 2845 2865 2910 servitium
2930 2864 3073 2911 cum

353 2934 539 2998 certis
586 2936 797 3016 pactis
835 2940 898 2999 et
946 2935 1468 3012 conventionibus,
1517 2954 1635 3017 que
1680 2937 1958 2998 constare
2005 2934 2294 2998 dicuntur
2356 2934 2416 2996 in
2480 2932 2657 2996 libris
2707 2933 3074 2998 cancellarie

352 3019 550 3102 ipsius
598 3021 832 3085 domini
877 3023 1070 3100 duciS,
1119 3039 1378 3104 quorum
1425 3022 1673 3104 quidem
1721 3024 2038 3103 pactorum
2086 3022 2259 3102 copia
2306 3023 2401 3084 est
2448 3038 2628 3101 penes
2686 3021 2850 3101 ipsos
2900 3020 3074 3102 Moy-

351 3125 485 3171 sem
534 3109 597 3170 et
643 3107 988 3187 Nicolaum,
1037 3111 1375 3174 secundum
1425 3109 1581 3192 quod
1647 3110 1834 3173 iidem
1877 3108 2123 3190 Moyses
2178 3110 2243 3172 et
2287 3107 2578 3171 Nicolaus
2638 3105 2700 3170 in
2765 3110 3073 3189 presentia

352 3194 477 3257 mei
525 3196 748 3259 notarii
795 3200 859 3260 et
906 3196 1161 3259 testium
1204 3197 1764 3278 suprascriptorum
1813 3196 1937 3277 legi
1982 3195 2258 3260 fecerunt
2319 3196 2501 3276 pacta
2546 3195 2699 3276 ipsa.
2762 3195 2844 3258 Et
2904 3196 3073 3259 illico

354 3279 615 3346 confessi
660 3285 726 3347 et
767 3282 1050 3348 conventi
1112 3282 1363 3347 fuerunt
1422 3284 1587 3348 sicut
1645 3302 1795 3348 esse.
1866 3283 2043 3347 Nunc
2111 3284 2317 3347 autem
2388 3281 2844 3364 suprascriptus
2909 3283 3073 3348 idem

357 3368 536 3433 iudex
603 3370 936 3434 Bartholus
998 3373 1173 3452 pater
1232 3371 1428 3452 ipsius
1488 3372 1722 3454 Moysis
1781 3371 2168 3446 confirmanS,
2230 3368 2544 3433 ratificans
2604 3372 2667 3433 et
2726 3369 3076 3451 approbans

352 3457 557 3520 omnia
604 3459 669 3520 et
713 3457 958 3539 singula
1001 3459 1064 3520 in
1111 3457 1264 3538 ipsis
1316 3459 1516 3539 pactis
1548 3459 1854 3534 contenta,
1902 3458 2299 3538 inquantum
2331 3456 2538 3538 ipsum
2581 3475 2688 3521 seu
2726 3456 3072 3539 predictum

353 3541 631 3625 Moysem
682 3542 881 3607 filium
929 3562 1108 3606 suum
1154 3545 1424 3625 tangunt
1470 3545 1568 3608 vel
1635 3549 1890 3627 tangere
1948 3545 2215 3625 possent,
2278 3544 2569 3626 tanquam
2638 3545 2746 3626 qui
2803 3544 2881 3609 de
2942 3546 3075 3609 eius

353 3645 650 3693 consensu
698 3631 762 3693 et
806 3631 1098 3694 mandato
1145 3647 1428 3711 expresso
1471 3632 1708 3713 pepigit
1751 3634 1818 3695 et
1861 3632 2160 3708 convenit,
2231 3649 2303 3696 ac
2361 3630 2599 3695 nobiles
2661 3630 2774 3694 viri
2836 3630 3073 3696 domini

350 3712 630 3780 Andreas
647 3719 1004 3798 prenotatus
1030 3717 1096 3780 et
1111 3716 1446 3781 Bartholus
1463 3717 1651 3800 judex
1668 3718 1890 3801 Segnie
1919 3722 1981 3782 et
2006 3718 2306 3782 Frixonus
2324 3717 2593 3783 vicarius
2612 3716 2839 3800 Segnie
2862 3735 3073 3782 omnes

354 3803 481 3866 tres
526 3803 715 3868 simul
776 3807 842 3870 et
886 3805 1263 3868 concorditer
1325 3822 1394 3868 ac
1438 3804 1698 3887 quilibet
1758 3822 1970 3870 eorum
2036 3804 2100 3870 in
2164 3805 2426 3870 solidum
2488 3805 2944 3870 constituerunt
3005 3822 3072 3868 se

353 3887 580 3970 plezios
628 3908 700 3955 ac
744 3892 1131 3956 fideiussores
1180 3892 1344 3954 dicto
1390 3890 1634 3955 domino
1681 3893 1825 3957 duci
1871 3895 1933 3956 et
1990 3892 2424 3956 communitati
2487 3893 2892 3958 veneciarum
2962 3909 3073 3972 pro

353 3976 534 4041 dictis
582 3977 796 4061 Moyse
842 3982 906 4042 et
955 3976 1212 4042 Nicolao
1254 3980 1317 4042 et
1360 3996 1468 4059 pro
1514 3995 1723 4043 eorum
1774 3981 2054 4062 utroque,
2103 3979 2180 4042 ad
2227 3998 2407 4060 quem
2472 3978 2566 4041 vel
2626 3978 2707 4044 ad
2769 3996 2915 4060 quos
2977 3977 3074 4059 ip·-

352 4080 559 4128 sorum
609 4066 1041 4148 principalium
1090 4085 1197 4130 seu
1246 4065 1676 4129 fideiussorum
1722 4067 1927 4131 dictus
1973 4067 2257 4130 dominus
2303 4066 2422 4129 dux
2483 4066 2548 4129 et
2606 4065 2737 4129 eius
2795 4082 3075 4129 commu-

352 4150 517 4234 nitas
567 4152 829 4216 voluerit
869 4171 933 4216 se
980 4155 1188 4216 tenere
1229 4151 1293 4216 in
1336 4154 1509 4233 parte
1556 4155 1620 4214 et
1652 4155 1784 4217 toto
1817 4154 1890 4216 de
1922 4153 2208 4217 omnibus
2241 4157 2304 4215 et
2334 4150 2595 4234 singulis
2630 4150 3070 4233 infrascriptis:

349 4237 560 4302 Primo
630 4240 932 4316 videlicet,
1004 4240 1160 4321 quod
1228 4239 1378 4304 dicti
1441 4240 1683 4322 Moyses
1729 4241 1794 4304 et
1838 4239 2134 4321 Nicolaus
2193 4258 2334 4304 cum
2408 4242 2537 4304 tota
2602 4256 2712 4302 sua
2779 4238 3073 4303 comitiva

297 4403 302 4412 Δ
349 4342 539 4407 supra
584 4326 937 4407 specificata
984 4326 1136 4390 bene
1182 4330 1423 4390 armata
1468 4328 1534 4390 et
1579 4325 1796 4391 fulcita
1843 4332 2027 4390 erunt
2072 4327 2275 4408 parati
2321 4327 2384 4389 in
2428 4325 2559 4388 loco
2603 4324 2721 4390 sibi
2777 4324 3072 4408 deputato

348 4431 493 4477 cnm
553 4412 838 4476 omnibus
895 4413 1022 4476 suis
1090 4415 1262 4495 equis
1322 4415 1389 4478 et
1442 4412 1636 4478 armis
1681 4413 1760 4477 ad
1804 4414 2141 4478 terminum
2188 4412 2610 4494 specificatum
2655 4411 2942 4477 videlicet
3009 4414 3073 4477 in

346 4498 618 4564 calendis
680 4500 895 4563 marcii
956 4500 1210 4581 proximi
1275 4518 1382 4583 pro
1442 4501 1819 4565 ascendendo
1880 4518 2018 4565 cum
2084 4499 2235 4582 ipsis
2282 4501 2344 4563 in
2403 4498 2648 4582 navigio
2694 4499 2769 4563 ad
2827 4517 3071 4563 omnem

347 4586 808 4668 requisitionem
856 4587 1005 4650 dicti
1051 4587 1283 4651 domini
1332 4588 1506 4653 ducis
1553 4606 1661 4652 seu
1692 4587 2182 4669 deputandorum
2215 4587 2293 4651 ab
2331 4587 2484 4668 ipso-
2530 4587 2691 4654 Item
2725 4585 2885 4669 quod
2918 4586 3071 4650 dicti

347 4670 593 4760 Moyses
640 4676 705 4739 et
751 4673 1047 4739 Nicolaus
1095 4677 1160 4739 et
1204 4676 1461 4757 uterque
1507 4673 1781 4756 ipsorum
1828 4692 1970 4738 cum
2018 4675 2150 4739 tota
2195 4691 2409 4739 eorum
2454 4673 2748 4740 comitiva
2807 4674 2961 4739 bene
3008 4675 3071 4741 et
