3620 5282
3043 398 3169 463 145

440 571 757 651 promptos
805 573 869 634 et
910 570 1237 636 benevolos
1283 574 1361 635 ad
1409 572 1636 649 omnia,
1686 573 2037 637 servitores.
2105 573 2227 636 Ubi
2288 571 2434 636 data
2495 571 2736 636 decimo
2801 590 2957 637 nono
3007 572 3163 652 iulii,

440 658 702 723 secunde
746 659 1097 723 indictionis
1147 658 1396 743 (1349).

574 810 575 813 ,
651 746 898 810 Marcus
946 745 1109 811 Celsi
1158 749 1229 811 de
1272 766 1379 811 suo
1422 748 1713 812 mandato
1761 768 1983 825 comes
2032 748 2285 825 iudiceS‚
2334 747 2690 827 consiliarii,
2739 747 3066 812 consilium
3105 748 3170 812 et

440 851 761 897 commune
803 834 1079 899 civitatis
1126 834 1430 918 Tragurii.

531 922 1098 984 Commemorialium
1143 926 1258 983 IV.
1308 928 1451 996 150,
1497 945 1539 986 u
1583 928 1924 985 mletackom
1970 927 2199 986 arkivu.

808 1111 1116 1195 ccxv.
1172 1114 1380 1196 cod.
1433 1115 1663 1197 1349.
1719 1114 1827 1197 20
1883 1115 2206 1215 srpnja,
2261 1136 2316 1193 u
2374 1092 2822 1195 sibonum.

437 1240 607 1299 Knez
652 1240 675 1296 i
721 1240 928 1298 οὒόίηα
975 1240 1275 1299 sibenich-a
1306 1243 1585 1314 izkazuju
1617 1242 1999 1300 mletackomu
2031 1241 2228 1329 dugaw
2262 1242 2430 1312 svoju
2461 1241 2806 1298 zahvalnost
2849 1257 2933 1297 na
2966 1240 3167 1309 dobrzz,

438 1328 578 1399 Icoja
622 1328 698 1384 od
740 1329 915 1402 njcya
947 1331 1242 1400 primam,
1292 1334 1344 1387 te
1391 1331 1567 1406 ἐαῑεῤ,
1616 1332 1704 1387 §to
1751 1331 1896 1390 knez
1943 1330 2145 1385 Pavao
2191 1328 2370 1385 misici
2416 1329 2610 1399 neletje
2657 1328 2946 1400 odpustili
2989 1345 3166 1400 repu-

438 1416 578 1474 blica·
608 1414 875 1474 Skradin
911 1433 984 1474 za
1014 1421 1152 1485 stan
1184 1417 1683 1492 domobranskoya
1707 1417 2106 1489 konjtmic'tva,
2137 1417 2424 1488 predlaiu
2455 1418 2658 1487 mjesto
2691 1433 2766 1475 za
2797 1420 2855 1474 to
2878 1416 3164 1488 podobno.

646 1533 1016 1616 Exemplum
1065 1537 1436 1617 quorundam
1487 1537 1836 1601 litterarum
1888 1537 2217 1600 missarum
2265 1536 2532 1599 dominio
2595 1555 2702 1617 per
2746 1534 3018 1599 nobilem
3075 1537 3164 1599 vi-

443 1641 581 1687 rum
630 1622 1033 1686 Hermolaum
1082 1624 1423 1688 Gradonico
1470 1626 1783 1701 comitem,
1849 1624 2078 1687 iudices
2125 1627 2191 1687 et
2236 1622 2618 1687 consiliarios
2665 1623 2935 1687 civitatis
2986 1623 3167 1688 Sibe-

446 1709 587 1773 nici.
634 1708 1038 1774 Serenissime
1084 1710 1329 1776 domine
1377 1715 1602 1777 noster.
1654 1712 1829 1776 Sicut
1894 1711 2252 1776 excellentia
2314 1712 2501 1774 vestri
2551 1710 2804 1774 dominii
2851 1710 3008 1774 scire
3056 1729 3166 1791 po-

443 1798 594 1861 terit
644 1817 747 1879 per
796 1797 1121 1862 Nicolaum
1186 1799 1491 1863 notarium
1558 1801 1742 1864 vestri
1806 1799 2026 1882 palatii
2087 1799 2191 1861 isti
2253 1798 2462 1861 fideles
2526 1798 2713 1862 vestri
2760 1798 2834 1861 de
2881 1797 3165 1861 Sibenico

442 1889 651 1967 grates
699 1885 997 1949 refferunt
1042 1886 1317 1950 infinitas
1366 1890 1569 1951 vestro
1618 1888 1884 1968 benigno
1944 1885 2216 1950 dominio
2265 1888 2335 1948 de
2387 1889 2588 1949 vestra
2635 1884 2980 1967 provisione
3027 1904 3167 1966 per-

438 1973 698 2055 optima,
750 1993 931 2056 quam
983 1977 1188 2038 vestra
1235 1974 1508 2039 decrevit
1554 1977 1830 2057 potentia
1877 1994 2057 2055 super
2103 1974 2382 2038 ordinata
2430 1993 2539 2055 per
2587 1992 2694 2036 vos
2746 1973 3024 2036 cavalata
3062 1992 3165 2035 su-

440 2079 548 2142 per
593 2062 1054 2146 conservatione
1104 2064 1343 2136 nostra;
1394 2065 1458 2126 et
1504 2064 1780 2144 piissime
1828 2063 2071 2126 domiue
2110 2063 2230 2125 ista
2291 2061 2560 2142 provisio
2610 2080 2748 2123 vere
2797 2058 2915 2123 fuit
2962 2062 3025 2123 et
3071 2064 3167 2123 est

443 2150 652 2212 nostra
698 2148 867 2212 salus
920 2153 983 2212 et
1029 2149 1177 2225 vita,
1225 2150 1512 2232 quoniam
1564 2152 2000 2214 laborabamus
2049 2151 2109 2213 in
2157 2151 2468 2213 extremis.
2538 2148 2714 2212 Nunc
2773 2166 2916 2211 vero
2959 2150 3167 2211 vestra

441 2235 704 2318 benigna
748 2238 950 2318 gratia
997 2238 1369 2319 suffragante
1417 2238 1657 2301 redduti
1706 2259 1839 2302 esse
1887 2256 2208 2320 speramus
2255 2237 2328 2299 de
2379 2239 2572 2300 morte
2619 2236 2695 2299 ad
2741 2235 2956 2311 vitam,
2999 2234 3168 2298 sicut

439 2324 539 2386 hic
587 2324 812 2387 sentire
861 2324 1186 2388 valuimus,
1236 2325 1455 2389 Comes
1496 2326 1723 2389 Paulus
1773 2344 1891 2389 non
1940 2326 2240 2389 concessit
2297 2327 2500 2387 vestro
2548 2323 2820 2387 dominio
2883 2325 3166 2386 castrum

443 2410 745 2474 Scardone
777 2431 887 2493 pro
931 2414 1147 2475 stando
1196 2411 1282 2476 ibi
1328 2415 1534 2476 vestra
1568 2412 1774 2476 futura
1806 2413 2104 2488 cavalata‚
2155 2415 2218 2475 et
2250 2412 2434 2476 etiam
2473 2412 2754 2495 burgum,
2804 2410 2960 2492 quod
2993 2409 3168 2473 vobis

438 2500 644 2562 totum
692 2499 839 2563 dare
888 2500 1276 2580 promiserat,
1327 2501 1596 2564 dividere
1646 2522 1755 2564 nec
1806 2501 2070 2575 volebat,
2137 2500 2348 2563 nolens
2414 2499 2557 2565 dare
2620 2503 2825 2562 vestro
2873 2497 3164 2575 domini0‚

438 2586 560 2650 nisi
608 2586 807 2651 solum
858 2586 1277 2665 medietatem,
1329 2592 1391 2653 et
1437 2590 1548 2653 hec
1596 2591 1846 2653 tantum
1894 2588 2012 2652 sibi
2060 2589 2177 2664 sit,
2228 2588 2371 2670 quia
2438 2607 2616 2651 suum
2666 2587 3057 2651 commodum
3107 2586 3170 2648 et

437 2674 595 2737 utile
645 2694 763 2738 non
813 2676 1132 2757 cognovit;
1186 2677 1289 2738 sed
1342 2679 1545 2740 vestro
1591 2677 1861 2741 dominio
1923 2677 2224 2740 redundat
2276 2677 2338 2739 in
2385 2676 2815 2750 commodum,
2881 2679 2943 2737 et
2990 2674 3167 2736 nobis

439 2761 664 2825 vestris
712 2760 997 2827 fidelibus
1047 2765 1243 2827 multo
1294 2766 1515 2846 niagiS‚
1566 2784 1754 2847 quum
1806 2766 1867 2827 in
1919 2763 2086 2827 nullo
2135 2763 2268 2826 loco
2320 2765 2519 2826 minus
2569 2765 2712 2842 apto
2758 2761 2958 2825 omnis
3025 2760 3166 2824 istis

442 2851 663 2913 vestris
712 2849 999 2914 fidelibus
1047 2854 1210 2914 stare
1258 2854 1521 2932 poterat,
1573 2872 1753 2933 quam
1792 2852 2133 2924 Scardone;
2178 2852 2282 2915 sed
2334 2854 2403 2914 ut
2451 2853 2655 2913 vestra
2702 2849 2982 2912 cavalata
3029 2848 3168 2911 red-

440 2939 621 3000 datur
663 2937 893 3014 utilior‚
943 2942 1006 3001 et
1054 2940 1432 3002 commodior
1487 2941 1774 3003 omnibus
1824 2940 2177 3002 civitatibus
2228 2940 2363 3002 istis
2412 2939 2727 3019 opportet,
2778 2938 2848 2999 ut
2892 2940 3169 3000 moretur

437 3025 501 3088 in
548 3025 680 3088 loco
729 3024 1019 3090 Strathoc
1067 3037 1281 3089 vocato
1331 3028 1493 3089 circa
1542 3029 1807 3091 confines
1855 3027 2171 3109 Tragurii.
2243 3026 2347 3108 qui
2400 3026 2568 3089 locus
2616 3027 2711 3088 est
2773 3024 3167 3087 circundatus

440 3114 593 3175 bene
644 3113 907 3195 triginta
956 3114 1121 3177 villis
1166 3115 1463 3177 solitariis
1528 3114 1707 3178 factis
1773 3119 2022 3197 propter
2086 3115 2397 3190 robariaS‚
2449 3133 2584 3196 que,
2634 3115 2986 3176 constructo
3035 3113 3168 3175 loco

438 3200 732 3282 predicto,
782 3200 994 3264 statim
1044 3202 1105 3265 in
1155 3205 1389 3264 statum
1436 3222 1791 3284 presperum
1835 3202 2222 3266 ducerentur.
2275 3203 2357 3265 Et
2401 3220 2510 3284 pro
2552 3203 2717 3265 certo
2764 3201 2921 3264 sciat
2968 3203 3171 3263 vestra

439 3288 740 3370 potentia,
791 3289 947 3370 quod
1001 3290 1168 3353 locus
1215 3291 1330 3352 iste
1378 3296 1477 3354 est
1525 3293 1612 3354 ita
1659 3291 2032 3372 dispositus,
2083 3291 2242 3371 quod
2310 3289 2512 3353 nullus
2578 3289 2895 3351 derobator
2961 3289 3172 3370 posset

438 3376 671 3439 intrare
721 3395 829 3440 nec
878 3378 1041 3442 exire
1108 3377 1182 3440 de
1231 3378 1521 3441 districtu
1580 3379 1847 3443 Sibenici
1917 3381 1979 3441 et
2023 3378 2341 3459 ngurii,
2391 3379 2536 3458 quin
2600 3379 2923 3459 opporteat
2965 3377 3196 3457 ipsum*

442 3464 709 3527 transire
757 3484 866 3546 per
912 3484 1130 3529 manus
1181 3468 1519 3528 vestrorum
1550 3463 1631 3528 'in
1683 3466 1844 3529 dicto
1911 3466 2042 3528 loco
2108 3466 2523 3542 niorancium‚
2583 3467 2645 3527 et
2693 3469 2788 3527 est
2853 3465 2937 3527 ita
2982 3482 3170 3544 prope

442 3551 794 3632 Spalatum,
845 3554 910 3616 et
955 3553 1283 3634 plusquam
1336 3553 1707 3618 Sibenicum.
1757 3554 2131 3617 Redueimus
2177 3555 2251 3616 ad
2300 3552 2664 3615 memoriam
2724 3554 2926 3615 vestro
2974 3551 3174 3614 domi-

441 3640 561 3717 nio,
606 3640 767 3720 quod
816 3639 954 3704 istis
1003 3641 1223 3704 vestris
1272 3641 1556 3704 fidelibus
1615 3645 1709 3703 est
1756 3661 1996 3705 summe
2049 3642 2497 3716 necessarium,
2548 3639 2707 3721 quod
2757 3642 2958 3702 vester
3005 3638 3172 3719 capi-

438 3729 660 3790 taneus
707 3746 847 3790 cum
895 3728 1063 3791 dicta
1110 3732 1316 3791 vestra
1365 3730 1647 3791 cavalata
1718 3732 1927 3794 veniat
1974 3730 2347 3810 quamcitius
2395 3747 2527 3791 esse
2571 3729 2789 3808 potest,
2847 3728 3022 3789 cuius
3071 3744 3173 3788 ca-

445 3815 649 3877 valata
694 3815 996 3878 medietas
1045 3819 1210 3880 stare
1275 3818 1507 3897 poterit
1560 3816 1844 3897 Tragurii
1888 3819 1950 3879 et
1995 3818 2191 3880 altera
2237 3815 2525 3892 Sibenici‚
2561 3815 2752 3878 donec
2787 3813 3172 3877 ordinabitur

445 3903 618 3966 locus
670 3905 1013 3983 predictu8‚
1066 3923 1253 3985 quum
1320 3904 1491 3967 nulla
1550 3905 1874 3968 civitatum
1946 3906 2206 3967 istarum
2252 3904 2478 3966 habilis
2543 3905 2639 3966 est
2705 3901 2784 3964 ad
2841 3901 3173 3964 tenendum

446 3994 646 4053 totam
692 3991 1036 4055 cavalatam
1087 3992 1314 4064 simul;
1365 3993 1429 4053 et
1475 3992 1524 4053 si
1573 3991 1760 4055 vellet
1823 3994 2067 4055 omnino
2132 3992 2471 4055 dominatio
2535 3994 2774 4066 vestra,
2820 3988 2979 4069 quod
3041 3989 3176 4051 tota

446 4078 725 4142 cavalata
769 4079 956 4142 simul
1006 4080 1220 4156 staret,
1271 4082 1367 4143 est
1407 4079 1504 4142 hic
1550 4079 1720 4143 iuxta
1766 4079 2119 4143 Sibenicuni
2167 4079 2322 4142 forte
2369 4099 2473 4160 per
2521 4077 2750 4141 iactum
2776 4077 3001 4139 baliste
3055 4094 3175 4138 una

447 4171 677 4247 puncta
722 4186 792 4229 ex
835 4167 1034 4230 tribus
1084 4167 1381 4230 lateribus
1446 4187 1604 4248 aqua
1654 4169 2054 4242 circumdata,
2118 4170 2182 4230 et
2229 4186 2300 4230 ex
2348 4171 2523 4248 parte
2571 4165 2765 4228 austri
2829 4166 2924 4227 est
2983 4163 3176 4226 staria

446 4255 580 4316 lata
629 4252 790 4318 forte
840 4255 1124 4335 passibus
1159 4255 1437 4336 triginta,
1486 4254 1590 4317 ubi
1635 4259 1888 4335 possent
1914 4259 2098 4332 stare,
2149 4255 2335 4317 donec
2363 4253 2696 4316 dominatio
2746 4255 2950 4316 vestra
2997 4250 3176 4314 aliter

444 4341 817 4423 provideret.
868 4342 990 4406 Ubi
1026 4341 1238 4406 datum
1275 4343 1574 4424 vigesimo
1618 4343 1771 4420 iulii,
1816 4342 2075 4405 secunde
2116 4342 2468 4406 indictionis
2511 4339 2760 4422 (1349).
2805 4338 3174 4403 Hermolaus

444 4429 791 4494 Gradonico
839 4448 1065 4507 comeS‚
1116 4430 1345 4493 iudices
1398 4433 1461 4493 et
1506 4429 1840 4493 consiliarii
1888 4430 2158 4494 civitatis
2210 4428 2498 4494 Sibenici.

537 4517 1107 4579 Commemorialium
1153 4521 1268 4579 11⁷.
1322 4522 1466 4589 150,
1513 4539 1555 4578 u
1600 4521 1941 4580 mletad‘kom
1987 4522 2218 4579 arkivu.

510 4900 709 4950 spon.
758 4902 860 4951 111.
2851 4881 2931 4944 10
