3620 5282
3020 339 3105 405 25

381 528 659 590 nostrum
707 545 947 608 semper
1008 527 1333 592 habuimus
1396 528 1687 592 intimum
1749 530 1813 592 et
1873 527 2200 611 specialem
2274 543 2545 590 amorem
2612 524 2761 588 bone
2811 519 3105 586 memorie

384 613 644 679 condam
682 614 912 678 domini
962 616 1072 679 viri
1128 616 1219 680 sui
1277 620 1340 680 et
1380 617 1431 681 ei
1481 635 1552 680 ac
1598 617 1724 681 suis
1789 616 2316 701 progenitoribus,
2386 633 2526 678 cum
2575 613 2799 696 quibus
2863 628 3106 692 semper

385 702 652 767 vivimus
700 703 760 766 in
809 722 957 785 pace
1005 706 1068 767 et
1113 722 1318 767 amore
1372 722 1613 787 magne,
1660 708 1721 769 et
1765 706 2060 769 habentes
2123 722 2224 768 eos
2286 704 2347 767 in
2408 701 2781 776 reverentia,
2852 698 2940 763 eis
2986 697 3106 761 im-

386 790 716 873 pendimus
759 795 967 873 gratos
1016 793 1080 856 et
1124 792 1539 874 obsequibiles
1600 796 1812 872 actile,
1876 792 2033 875 quod
2097 793 2261 856 idem
2318 790 2663 873 optavimus
2711 791 2773 852 et
2819 791 3103 869 optamus

385 896 524 942 cum
574 878 895 943 affectione
941 880 1135 943 animi
1185 900 1394 945 versus
1443 882 1754 945 dominum
1809 900 2017 964 regem
2064 884 2408 962 presentem
2475 878 2605 941 eius
2655 882 2865 940 natum
2916 892 3103 958 agere

392 970 456 1030 et
501 986 764 1043 servare,
801 972 1045 1050 propter
1093 967 1246 1049 quod
1297 989 1404 1051 per
1452 968 1652 1051 ipsum
1703 988 1971 1033 amorem
2009 968 2311 1033 sincerum
2359 969 2423 1031 et
2469 965 2897 1041 reverentiam,
2922 981 3103 1046 quem

384 1056 449 1117 et
495 1073 678 1136 quam
728 1056 998 1136 gerimus
1044 1055 1120 1119 ad
1167 1056 1365 1138 ipsam
1412 1055 1726 1121 dominam
1775 1057 2053 1139 reginam
2102 1061 2164 1119 et
2210 1055 2523 1119 dominum
2588 1071 2798 1135 regem
2859 1070 3106 1133 presen-

382 1145 512 1205 tem
564 1142 625 1205 in
672 1143 1136 1209 confirmatione
1183 1145 1414 1209 amoris
1461 1145 1780 1228 utriusque
1829 1144 2022 1227 partis
2044 1148 2070 1219 ζ
2108 1144 2158 1208 si
2207 1146 2280 1207 de
2327 1161 2538 1208 eorum
2586 1139 2945 1224 procederet
2992 1139 3098 1201 be-

385 1231 711 1312 neplacitO,
762 1251 871 1313 per
917 1234 1158 1295 nostros
1206 1233 1509 1297 solemnes
1555 1233 1984 1297 ambaxatores
2031 1232 2251 1297 libenti
2298 1232 2504 1295 auimo
2544 1230 2958 1294 visitaremus.
3023 1226 3108 1290 Et

386 1318 441 1382 si
482 1318 690 1382 dictus
737 1320 990 1384 nuntius
1059 1319 1324 1398 videret,
1378 1320 1535 1403 quod
1594 1322 1871 1403 predicta
1922 1321 2235 1403 placerent
2280 1318 2524 1384 domiue
2572 1318 2782 1399 regine
2826 1314 3103 1398 predicte

386 1423 458 1470 ac
504 1406 695 1470 etiam
741 1406 815 1471 de
855 1407 1143 1472 missione
1204 1410 1673 1473 ambaxatorum
1738 1413 2124 1485 nostrorum,
2189 1412 2337 1472 tunc
2397 1406 2471 1470 de
2541 1405 2862 1470 voluntate
2909 1403 3105 1485 ipsius

386 1494 632 1559 domine
679 1496 888 1578 regine
932 1496 1117 1559 vadat
1158 1496 1235 1559 ad
1283 1499 1652 1579 presentiam
1695 1497 1926 1561 domini
1972 1500 2157 1577 regis,
2201 1496 2298 1560 cui
2345 1499 2608 1577 exponat
2655 1493 2926 1557 similem
2974 1510 3107 1555 am-

394 1583 720 1655 baxatam;
770 1586 835 1646 et
882 1585 932 1647 si
981 1584 1181 1648 dictus
1237 1583 1522 1650 dominus
1587 1605 1690 1649 rex
1748 1586 2093 1649 consentiet
2152 1583 2432 1648 missioni
2487 1583 2954 1646 ambaxatorum
3003 1597 3111 1644 no-

391 1675 658 1735 strorum
710 1672 1151 1753 predictorum,
1219 1676 1366 1736 tunc
1427 1673 1630 1738 dictus
1693 1676 1903 1738 noster
1968 1672 2224 1737 nuncius
2289 1671 2463 1736 nobis
2527 1670 2817 1735 velociter
2871 1667 3107 1733 scribat

388 1778 494 1841 per
539 1758 785 1823 litteras
828 1778 969 1824 suas
1016 1760 1238 1837 omnia,
1278 1781 1392 1842 que
1438 1760 1727 1826 habuerit
1770 1780 1806 1824 a
1852 1762 2097 1827 domina
2145 1761 2353 1842 regina
2395 1761 2458 1823 et
2505 1776 2645 1841 rege
2693 1755 3004 1839 predictis,
3042 1759 3106 1820 et

387 1846 637 1910 interim
684 1852 971 1930 procuret
1019 1848 1243 1912 habere
1290 1849 1534 1913 litteras
1576 1848 1932 1913 securitatis
1978 1868 2085 1931 pro
2117 1848 2299 1912 dictis
2331 1847 2558 1911 nostris
2583 1844 3104 1922 ambaxatoribuS,

385 1954 498 2018 per
542 1953 697 2018 quas
740 1954 953 2001 secure
992 1937 1081 2001 ire
1106 1937 1346 2019 possint
1384 1938 1458 2001 ad
1508 1938 1738 2002 dictum
1768 1937 2083 2001 dominum
2111 1955 2317 2019 regem
2366 1940 2429 1999 et
2469 1934 2684 2011 redire,
2735 1936 2800 1998 et
2842 1951 2944 1996 eas
2971 1950 3110 1996 cum

388 2022 777 2087 solicitudine
825 2025 999 2089 nobis
1047 2026 1279 2101 mittat,
1330 2044 1447 2089 non
1496 2025 1830 2089 recedendo
1878 2026 2007 2089 sine
2053 2029 2261 2089 nostro
2308 2023 2559 2105 speciali
2610 2022 2919 2086 mandato.
2987 2021 3109 2084 Ve—

385 2130 524 2175 rum
566 2111 620 2175 si
666 2111 830 2176 dicto
873 2112 1109 2178 notario
1164 2113 1489 2190 videbitur,
1538 2113 1697 2197 quod
1746 2114 1909 2177 dicto
1957 2113 2204 2177 domino
2253 2112 2382 2193 regi
2430 2131 2547 2176 non
2588 2111 2895 2194 placeret,
2948 2108 3107 2193 quod
3157 2190 3162 2193 x

383 2199 585 2264 nostri
631 2201 1058 2266 ambaxatores
1102 2202 1178 2264 ad
1228 2220 1369 2265 eum
1416 2201 1796 2277 accederent,
1843 2202 2137 2265 Venetias
2184 2202 2547 2265 revertatur.
2597 2200 2703 2264 56.

599 2285 774 2366 Quod
826 2308 930 2370 pro
978 2290 1247 2371 presenti
1293 2288 1639 2353 inducietur
1685 2290 1936 2354 mittere
1996 2289 2074 2353 ad
2122 2289 2436 2353 dominam
2501 2288 2778 2370 reginam
2824 2304 2933 2367 per
2980 2302 3112 2348 mo-

386 2376 533 2440 dum
587 2378 942 2440 contentum
994 2376 1058 2441 in
1106 2379 1281 2459 parte
1328 2378 1620 2460 predicta,
1666 2395 1803 2441 cum
1854 2378 1913 2441 in
1953 2397 2237 2459 processu
2286 2376 2583 2458 temporis
2629 2375 2851 2438 melius
2898 2392 3112 2455 super—

384 2463 529 2528 inde
578 2465 808 2528 erimus
848 2465 1187 2542 informati,
1237 2468 1300 2529 et
1347 2466 1566 2529 melius
1615 2465 1957 2547 poterimus
2008 2466 2343 2547 providere.
2395 2464 2496 2540 27,
2547 2467 2607 2539 4,
2656 2466 2717 2529 5.

460 2554 639 2614 Scor.
689 2572 845 2614 cons.
891 2560 1076 2632 rogat.
1118 2557 1214 2615 lib.
1261 2555 1336 2615 A.
1384 2559 1485 2626 86,
1534 2576 1575 2615 u
1622 2558 1840 2615 arkivu
1875 2557 2232 2617 mletaifkom.

732 2735 1190 2829 XXXIII.
1246 2747 1452 2829 God.
1508 2747 1727 2830 1347.
1783 2748 1880 2830 13
1933 2748 2224 2849 rujna,
2275 2768 2336 2827 u
2389 2745 2777 2828 Mletcih.

388 2872 485 2931 Za
528 2874 702 2946 njelco
750 2876 962 2933 vrieme
1007 2875 1341 2947 obustavlja
1384 2891 1445 2932 se
1491 2876 1644 2933 daca
1689 2893 1770 2933 na
1814 2877 1969 2944 rino,
2029 2875 2157 2946 koje
2202 2890 2263 2933 se
2309 2891 2351 2931 u
2403 2874 2627 2932 Mletke
2672 2873 2855 2933 vezilo
2923 2873 2980 2932 iz
3024 2855 3116 2931 Si-

1331 2963 1544 3021 benika
1590 2964 1613 3020 i
1659 2963 1919 3022 Otranta
1963 2964 1987 3020 i
2034 2962 2207 3036 dalje.

611 3082 798 3146 1347.
847 3082 944 3146 die
989 3083 1144 3147 XIII
1191 3085 1578 3166 septembris.
1651 3085 1802 3149 Cum
1872 3083 2025 3148 alias
2090 3085 2341 3167 propter
2406 3081 2723 3165 penuriam
2792 3081 2951 3160 viui,
3005 3100 3118 3166 que

399 3173 537 3233 erat
587 3169 649 3233 in
695 3173 879 3244 terra,
932 3172 1072 3235 data
1117 3171 1306 3235 fuerit
1347 3175 1517 3235 certa
1563 3172 1897 3237 franchisia
1942 3172 2253 3255 aliquibus
2305 3171 2463 3235 vinis
2510 3173 2582 3235 de
2629 3173 2818 3248 extra,
2869 3174 2932 3235 et
2981 3189 3121 3253 pre-

391 3277 540 3324 sens
586 3262 830 3339 tempus
880 3258 1145 3324 multum
1195 3261 1468 3342 requirat
1513 3261 1626 3324 hoc
1673 3259 1839 3324 fieri:
1907 3263 2074 3323 vadit
2119 3279 2294 3342 parS,
2360 3261 2518 3341 quod
2567 3259 2775 3323 vinum
2826 3260 2898 3324 de
2947 3257 3121 3323 Sibe-

390 3347 529 3410 nico
574 3350 637 3410 et
683 3347 758 3409 de
803 3346 1084 3412 Sibenico
1133 3349 1297 3411 ultra
1338 3348 1500 3412 inter
1558 3348 1810 3424 culfum,
1876 3349 2281 3429 intelligendo
2327 3348 2401 3410 de
2447 3346 2632 3412 Corfu
2679 3349 2743 3410 et
2788 3366 2824 3410 a
2873 3346 3116 3429 Corpbu

390 3436 573 3513 citra,
622 3437 686 3498 et
731 3435 937 3498 vinum
988 3436 1187 3518 capite
1233 3435 1478 3501 Otranti
1528 3438 1592 3499 et
1622 3437 1762 3501 inde
1814 3457 1918 3519 per
1983 3437 2268 3518 riperiam
2333 3454 2522 3517 usque
2568 3435 2889 3511 Gaietam,
2943 3438 3006 3499 et
3045 3435 3120 3498 de

389 3523 609 3588 Sicilia
650 3529 713 3587 et
754 3542 790 3586 a
840 3528 1046 3586 monte
1092 3523 1319 3608 Augeli
1364 3525 1532 3588 ultra
1581 3545 1768 3607 usque
1817 3525 1894 3588 ad
1938 3524 2204 3589 confines
2247 3523 2572 3605 predictos,
2620 3525 2778 3606 quod
2822 3524 2899 3587 ab
2932 3523 3116 3586 hodie

391 3612 457 3674 in
505 3613 690 3674 antea
738 3612 980 3675 recedet
1025 3613 1098 3675 de
1145 3612 1294 3693 ipsis
1341 3613 1639 3694 partibus,
1690 3621 1753 3676 et
1799 3613 2138 3676 adducetur
2188 3613 2517 3689 VeneciaS,
2587 3612 2670 3674 sit
2714 3612 3035 3676 franchum
3086 3630 3121 3675 a

390 3699 572 3762 dacio
619 3698 858 3772 ducati3
927 3703 991 3762 et
1037 3700 1197 3764 istud
1265 3702 1443 3764 duret
1500 3721 1685 3783 usque
1750 3701 1830 3764 ad
1893 3704 2176 3764 sanctum
2226 3699 2594 3763 Michaelem
2667 3701 3008 3780 proximum
3059 3701 3123 3761 et

392 3787 537 3850 inde
585 3807 775 3869 usque
822 3784 897 3850 ad
958 3788 1147 3851 alium
1215 3791 1494 3852 sanctum
1545 3789 1911 3854 Michaelem
1978 3793 2370 3871 sequentem:
2438 3791 2501 3851 et
2566 3786 2860 3851 officiales
2924 3787 3119 3851 nostri

393 3875 558 3939 dacii
610 3876 733 3939 viui
780 3878 1095 3956 apponant
1140 3879 1410 3941 mentem
1461 3879 1523 3940 et
1569 3895 1800 3955 curam,
1850 3896 1925 3941 ne
1970 3877 2138 3940 fraus
2185 3877 2393 3958 aliqua
2443 3875 2870 3939 committatur
2914 3876 2976 3937 in
3011 3875 3123 3937 da-

393 3982 614 4028 mnum
669 3965 1030 4038 communis,
1082 3966 1144 4028 et
1189 3964 1461 4029 cridetur
1505 3965 1617 4028 hoc
1689 3966 1747 4028 in
1814 3965 1996 4029 scalis
2060 3964 2368 4042 Rivoalti,
2433 3966 2502 4027 ut
2546 3982 2654 4045 per
2717 3982 2927 4028 omnes
2975 3962 3116 4026 sciri

400 4051 617 4134 possit.
667 4053 750 4115 Et
795 4051 848 4115 si
896 4051 1220 4116 consilium
1270 4054 1386 4116 etc.
1435 4053 1567 4135 Ego
1595 4052 1964 4136 Pangratius
1991 4052 2289 4135 Georgius
2317 4050 2706 4116 consiliarius
2755 4070 2939 4116 manu
2976 4069 3114 4115 mea

391 4139 759 4221 subscripsi.
805 4139 939 4219 Ego
988 4140 1234 4204 Marcus
1278 4139 1653 4222 Superancio
1704 4160 1885 4206 manu
1945 4160 2082 4205 mea
2132 4139 2488 4221 subscripsi.

606 4227 675 4291 L.
727 4228 789 4293 S.
839 4230 971 4310 Ego
1019 4228 1335 4292 Amadeus
1384 4228 1455 4292 de
1504 4229 1977 4311 Bonguadagnis
2027 4229 2302 4292 notarius
2350 4230 2516 4292 curie
2579 4227 2922 4310 predictum
2974 4245 3118 4291 con-

390 4315 606 4381 silium
654 4314 731 4379 de
780 4316 1067 4381 mandato
1109 4318 1583 4399 prescriptorum
1629 4316 2018 4382 dominorum
2044 4315 2536 4381 consiliariorum
2584 4316 2894 4381 cancelavi
2959 4315 3121 4380 1349

392 4404 496 4469 die
543 4403 583 4466 9
633 4405 1022 4487 septembris

486 4496 704 4554 Maius
748 4497 1079 4556 consilium.
1118 4495 1386 4569 Spiritus
1436 4498 1578 4569 153,
1626 4515 1668 4552 u
1714 4498 1931 4555 arkivu
1965 4496 2320 4554 mletadkom.
