3620 5282
436 373 560 436 144

432 565 548 611 non
600 546 857 611 fecerint
899 547 1131 610 dictum
1183 547 1694 626 compromissum
1743 546 2001 609 insimul
2048 548 2110 608 et
2154 563 2275 609 una
2318 564 2458 609 cum
2508 545 2671 610 dicto
2713 545 2962 610 domino
3010 545 3164 609 duce

433 638 497 698 et
543 635 833 713 consiliiS,
884 633 1044 716 quod
1096 633 1369 715 prefatus
1416 633 1698 698 dominus
1745 634 1865 697 dux
1906 635 1970 697 et
2015 633 2268 697 consilia
2312 636 2558 697 nomine
2606 632 2757 696 dicti
2818 634 3161 697 communis

434 722 838 786 Veneciarum
882 722 996 785 soli
1042 724 1106 785 et
1150 740 1260 802 per
1300 740 1365 785 se
1412 722 1652 803 possint
1695 722 1932 785 dictum
2003 721 2517 802 compromissum
2585 721 2782 784 facere
2843 721 2907 783 in
2969 721 3165 784 forma

431 810 738 891 predicta:
785 810 899 872 hoc
939 811 1073 873 acto
1120 813 1183 872 et
1228 810 1580 890 specialiter
1626 813 1923 873 convento
1970 809 2133 872 inter
2179 810 2380 872 dictas
2431 813 2655 888 partes,
2700 808 2857 889 quod
2894 810 3163 889 prefatus

432 896 715 960 dominus
763 899 970 961 noster
1011 907 1174 979 papa
1205 897 1417 978 vigore
1462 896 1614 959 dicti
1641 896 2068 976 compromissi
2119 913 2481 976 cognoscere
2534 897 2628 960 vel
2673 895 3001 977 procedere
3047 915 3159 960 non

434 983 634 1066 possit
680 1002 789 1048 nec
835 985 985 1048 dicti
1031 983 1504 1066 Aquilegienses
1554 983 1645 1047 vel
1696 985 2075 1065 presidentes
2123 984 2379 1047 ecclesie
2426 984 2886 1065 Aquilegiensis
2924 984 3165 1065 possint

433 1074 638 1153 vigore
688 1071 841 1136 dicti
888 1070 1315 1154 compromissi
1362 1071 1687 1153 procedere
1738 1072 1827 1134 vel
1875 1071 2192 1135 dominum
2243 1078 2522 1134 nostrum
2571 1090 2793 1152 papam
2828 1072 3158 1152 requirere,

433 1160 551 1222 nisi
601 1160 772 1240 prius
819 1159 1058 1223 dictum
1105 1160 1616 1240 compromissum
1665 1159 1897 1222 factum
1944 1179 2053 1240 per
2102 1159 2338 1221 dictum
2381 1157 2698 1221 dominum
2733 1159 2970 1235 ducem,
3020 1176 3163 1222 con-

436 1246 579 1310 silia
623 1249 686 1309 et
730 1265 1054 1310 commune
1101 1245 1509 1309 veneciarum
1559 1265 1632 1309 ex
1677 1266 1797 1310 una
1846 1250 2015 1327 parte
2063 1248 2126 1308 et
2171 1245 2555 1327 supradictos
2590 1246 2877 1322 sindicOS,
2925 1247 3162 1309 actores

434 1335 498 1397 et
535 1336 962 1415 procuratores
1012 1334 1440 1397 ambaxatores
1486 1337 1549 1396 et
1595 1333 1845 1396 nuncios
1892 1333 2191 1415 speciales
2225 1335 2383 1396 dicte
2415 1334 2670 1397 ecclesie
2705 1332 3161 1415 Aquilegiensis

437 1424 500 1485 et
546 1422 743 1501 patrie
789 1421 1075 1485 Foriiulii
1121 1421 1217 1485 vel
1264 1421 1530 1485 alterum
1580 1420 1849 1501 ipsorum
1900 1440 1970 1485 ex
2016 1422 2215 1486 altera
2261 1420 2636 1484 ratificatum
2664 1423 2729 1485 et
2757 1422 3158 1503 approbatum

437 1509 625 1573 fuerit
695 1528 804 1591 per
868 1527 1191 1590 personam
1261 1510 1356 1572 vol
1427 1527 1715 1589 personas
1785 1508 2068 1590 legitime
2136 1508 2552 1589 presidentem
2624 1507 2718 1572 vel
2788 1509 3161 1590 presidentes

439 1595 694 1660 ecclesie
744 1597 1112 1679 supradicte.

645 1684 802 1748 Item
854 1683 974 1747 fuit
1017 1684 1223 1747 actum
1268 1683 1430 1746 inter
1475 1682 1674 1746 dictas
1703 1684 1909 1765 partes
1954 1683 2300 1747 nominibus
2349 1682 2701 1761 antedictiS,
2749 1684 2910 1764 quod
2952 1701 3161 1746 omnes

437 1772 716 1835 homines
763 1775 826 1835 et
863 1789 1115 1853 persone
1162 1770 1596 1851 cuiuscumque
1654 1773 1881 1846 statuS,
1941 1772 2307 1833 conditionis
2353 1773 2418 1833 et
2480 1789 2659 1835 sexus
2721 1770 3007 1846 existant,
3047 1789 3163 1851 que

435 1861 580 1923 ante
626 1862 971 1940 presentem
1018 1876 1306 1940 guerram
1353 1858 1721 1922 habitabant
1767 1878 1875 1921 seu
1935 1857 2115 1922 solite
2162 1860 2306 1921 sunt
2370 1858 2653 1921 habitare
2705 1877 2813 1921 seu
2884 1877 3001 1940 que
3055 1857 3163 1920 ha-

442 1947 670 2010 bebant
717 1947 1126 2027 possessiones
1173 1947 1238 2008 et
1280 1946 1438 2008 bona
1486 1949 1549 2008 et
1592 1965 1708 2027 que
1759 1948 2042 2025 poterant
2090 1945 2370 2009 habitare
2417 1947 2559 2009 ante
2602 1947 2950 2027 presentem
2984 1964 3164 2027 guer-

437 2053 572 2098 ram
641 2034 703 2097 in
750 2033 961 2115 aliqua
1009 2034 1282 2110 civitate,
1347 2034 1671 2110 terrarum,
1729 2032 2039 2109 villarum,
2107 2036 2451 2097 castrorum
2517 2035 2581 2096 et
2642 2034 2909 2097 locorum
2968 2033 3163 2096 tocius

441 2122 752 2203 provincie
801 2121 1004 2198 Istrie,
1054 2122 1155 2202 qui
1207 2120 1594 2184 adhesissent
1641 2121 1856 2201 quovis
1896 2121 2075 2184 modo
2123 2119 2181 2184 in
2244 2121 2506 2201 presenti
2556 2139 2778 2202 guerra
2839 2120 3002 2183 dicto
3061 2121 3167 2183 do-

439 2209 605 2272 mino
655 2207 1001 2289 patriarche
1049 2212 1113 2271 et
1157 2207 1415 2271 ecclesie
1464 2207 1885 2289 Aquilegiensi
1937 2228 2041 2272 seu
2092 2208 2221 2271 eius
2267 2209 2557 2291 gentibus
2605 2211 2669 2270 et
2730 2209 2996 2272 subditis
3058 2225 3162 2269 seu

437 2296 673 2378 aliquid
736 2296 1049 2371 fecissent,
1115 2298 1583 2377 perpetuassent
1647 2295 1743 2359 vel
1801 2296 2261 2359 commisissent
2333 2298 2460 2359 toto
2526 2299 2797 2375 tempore
2862 2293 3165 2376 presentis

438 2402 660 2467 guerre
704 2384 919 2446 contra
967 2384 1285 2447 dominum
1334 2381 1552 2447 ducem
1602 2386 1666 2445 et
1713 2402 2040 2446 commune
2088 2383 2489 2447 Veneciarum
2550 2403 2655 2446 seu
2705 2401 2916 2446 eorum
2984 2382 3167 2445 adhe-

439 2474 663 2547 renteS,
724 2472 1001 2535 subditos
1049 2472 1112 2534 et
1156 2488 1451 2552 sequaces
1498 2470 1558 2532 in
1607 2470 1884 2550 personis
1933 2475 1995 2533 et
2041 2472 2244 2548 rebuS,
2295 2470 2703 2535 restituantur
2751 2472 2809 2533 in
2860 2472 3163 2551 integrum

440 2577 558 2641 quo
603 2559 676 2621 ad
727 2576 1013 2639 personas
1057 2560 1293 2620 statum
1343 2561 1406 2620 et
1452 2558 1611 2621 bona
1658 2557 1719 2619 in
1767 2576 1837 2620 eo
1863 2560 2050 2635 statu,
2103 2558 2160 2620 in
2211 2577 2328 2639 quo
2372 2560 2537 2621 dicta
2582 2559 2742 2621 bona
2790 2559 2969 2621 hodie
3001 2559 3164 2633 sunt,

439 2651 507 2710 et
551 2648 961 2710 restituantur
1008 2648 1072 2708 et
1119 2645 1395 2708 restituti
1455 2664 1588 2708 esse
1655 2647 2045 2727 intelligatur
2095 2646 2170 2709 ad
2234 2646 2503 2728 gratiam
2573 2646 2875 2710 dictorum
2937 2644 3168 2709 domini

439 2734 611 2798 ducis
658 2739 722 2797 et
767 2731 1114 2797 communis
1156 2732 1588 2811 veneciarum,
1638 2735 1918 2808 cassatis,
1970 2733 2235 2796 irritatis
2283 2737 2345 2797 et
2389 2733 2639 2797 abolitis
2685 2734 3171 2814 quibuscumque

445 2821 853 2904 processibuS,
904 2822 1248 2897 sententiis,
1298 2820 1518 2883 bannis
1565 2824 1628 2882 et
1676 2820 2181 2884 forestatIOnibus
2225 2821 2727 2885 sactishactenus
2790 2824 3006 2884 contra
3063 2838 3167 2883 eos

447 2910 543 2973 vel
592 2910 862 2991 ipsorum
913 2908 1180 2989 aliquem
1226 2911 1354 2971 toto
1395 2910 1669 2987 tempore
1718 2909 2018 2987 presentis
2066 2927 2305 2989 guerre,
2379 2911 2443 2972 et
2487 2907 2647 2989 quod
2697 2909 2938 2989 possint
2983 2907 3167 2974 dictis

448 2999 618 3061 bonis
667 2997 795 3060 suis
843 2997 1131 3078 gaudere,
1182 2999 1244 3058 et
1266 2998 1432 3058 stare
1479 2999 1542 3057 et
1588 2994 1886 3073 habitare,
1933 2996 2033 3058 ubi
2064 2998 2150 3059 eis
2182 2997 2502 3077 placuerit.
2550 2996 2633 3058 Et
2665 2996 2825 3058 idem
2858 3001 2920 3057 et
2952 2995 3165 3059 eodem

443 3085 618 3148 modo
666 3085 726 3147 in
776 3084 1061 3148 omnibus
1108 3087 1170 3144 et
1217 3103 1323 3164 per
1384 3083 1591 3145 omnia
1655 3083 1767 3145 fiat
1831 3091 1890 3146 et
1953 3085 2314 3146 observetur
2377 3103 2482 3164 per
2544 3083 2863 3147 ecclesiam
2915 3081 3170 3164 Aquile-

445 3174 718 3255 giensem
761 3172 837 3235 de
885 3169 1235 3234 hominibus
1281 3172 1346 3232 et
1391 3188 1571 3249 super
1618 3169 1976 3234 hominibus
2048 3171 2195 3235 dicti
2257 3171 2713 3252 patriarchatus
2775 3173 2839 3234 et
2902 3170 3168 3233 subditis

441 3263 592 3336 suiS,
639 3260 740 3340 qui
789 3257 1004 3340 quovis
1053 3259 1229 3322 modo
1274 3257 1663 3321 adhesisseut
1709 3259 1766 3320 in
1817 3258 2087 3340 presenti
2135 3277 2359 3340 guerra
2404 3258 2587 3322 dictis
2634 3256 2880 3321 domino
2914 3256 3052 3320 duci
3102 3262 3166 3318 et

438 3346 748 3410 communi
800 3346 1230 3409 veneciarum.

653 3435 811 3496 Item
880 3431 1042 3513 qnod
1104 3452 1286 3512 super
1349 3452 1463 3496 non
1527 3433 1900 3516 specificatis
1964 3434 2026 3495 in
2094 3433 2362 3513 presenti
2417 3453 2564 3514 pace
2615 3435 2815 3495 stetur
2863 3433 3058 3513 pactis
3106 3437 3173 3497 et

441 3520 948 3584 conventionibus
1017 3519 1188 3581 initis
1249 3519 1412 3583 inter
1475 3522 1644 3602 ipsas
1708 3523 1936 3600 parteS,
2002 3540 2117 3602 que
2181 3522 2342 3583 iuter
2406 3523 2606 3584 dictas
2655 3521 2861 3601 partes
2908 3521 3175 3584 debeant

440 3607 885 3670 inviolabiliter
932 3606 1259 3682 observari,
1311 3610 1482 3672 salvo
1525 3628 1763 3688 semper
1791 3610 2227 3687 compromisso
2253 3609 2550 3688 predicto,
2594 3608 2806 3671 Denuo
2836 3626 2975 3670 cum
3011 3609 3172 3672 inter

441 3695 678 3758 dictum
725 3692 1186 3757 serenissimum
1238 3694 1553 3757 dominum
1613 3714 1817 3776 regem
1870 3695 2189 3776 Hungarie
2243 3701 2360 3758 etc.
2413 3716 2484 3759 ex
2536 3715 2654 3758 una
2701 3699 2875 3777 parte
2911 3698 2973 3757 et
3004 3715 3172 3759 com-

445 3803 627 3846 mune
674 3783 872 3846 Jauue
920 3801 987 3842 ex
1035 3781 1156 3843 alia
1203 3801 1311 3844 nec
1359 3801 1475 3844 uon
1526 3784 1687 3844 inter
1732 3783 2039 3863 prefatum
2094 3783 2556 3846 serenissimum
2604 3783 2923 3845 dominum
2960 3803 3167 3864 regem

442 3891 512 3935 ex
563 3890 680 3933 una
745 3875 914 3950 parte
961 3871 1025 3930 et
1067 3868 1374 3949 prefatum
1423 3869 1740 3932 dominum
1791 3873 1854 3932 et
1899 3889 2224 3933 commune
2274 3871 2474 3934 Padue
2521 3890 2591 3932 ex
2640 3890 2758 3934 una
2819 3870 2939 3933 alia
2997 3876 3170 3952 parte

443 3979 512 4022 ac
563 3960 746 4021 etiam
797 3960 956 4020 inter
1001 3957 1306 4036 prefatum
1358 3956 1820 4019 serenissimum
1871 3958 2181 4020 dominum
2229 3977 2435 4040 regem
2486 3977 2556 4020 ex
2630 3976 2749 4021 una
2812 3959 3001 4038 parte,
3064 3961 3168 4020 do-

445 4048 684 4109 minum
733 4046 1140 4126 patriarcham
1192 4047 1255 4105 et
1301 4042 1626 4106 ecclesiam
1681 4044 2183 4126 Aquilegiensem
2233 4065 2302 4108 ex
2354 4047 2475 4109 alia
2522 4049 2691 4125 parte
2754 4046 3004 4126 vigeant
3045 4047 3169 4109 col-

442 4135 772 4215 ligationes
820 4153 920 4194 seu
971 4132 1113 4212 lige,
1163 4132 1236 4192 de
1287 4131 1509 4211 quibus
1557 4133 1856 4211 apparent
1906 4133 2151 4211 publica
2192 4135 2621 4209 instrumenta,
2674 4135 2794 4196 suit
2853 4138 3058 4195 actum
3111 4136 3173 4196 et

445 4223 793 4300 specialiter
841 4222 1209 4282 conventum
1260 4218 1318 4279 in
1371 4220 1658 4281 omnibus
1708 4219 1962 4299 pacibus
2006 4220 2380 4300 supradictis
2432 4221 2588 4282 iuter
2644 4239 2856 4281 omnes
2922 4225 2987 4282 et
3045 4223 3169 4282 siu-

445 4310 622 4389 gulas
673 4313 875 4387 partes
924 4307 1250 4385 predictae,
1302 4308 1459 4384 quod
1508 4306 1558 4368 si
1610 4325 1859 4385 presens
1907 4326 2023 4388 pax
2068 4310 2248 4387 rupta
2296 4306 2479 4370 fuerit
2526 4309 2688 4368 dicto
2737 4308 2981 4369 domino
3043 4308 3166 4387 regi

445 4396 538 4458 vel
582 4396 765 4458 alicui
814 4415 880 4456 ex
932 4392 1242 4473 colligatis
1290 4393 1603 4472 predictis,
1650 4395 1807 4473 quod
1861 4393 2245 4474 intelligatur
2294 4399 2478 4475 rupta
2529 4396 2815 4456 omnibus
2863 4394 3170 4477 colligatis

445 4485 508 4544 et
553 4481 810 4544 cuilibet
855 4499 924 4543 ex
974 4481 1081 4543 eis,
1138 4481 1271 4556 Quo
1333 4482 1603 4560 capitulo
1665 4483 1829 4543 lecto
1888 4482 2161 4562 prefatus
2224 4481 2588 4545 reverendus
2651 4487 2824 4561 pater
2890 4483 3167 4546 dominus

445 4568 674 4631 Paulus
723 4566 1152 4647 Zagrabiensis
1200 4567 1520 4647 episcopus
1563 4570 1919 4648 procurator
1966 4576 2028 4630 et.
2072 4570 2488 4648 procuratorio
2536 4569 2777 4631 nomine
2826 4571 2991 4650 regie
3043 4589 3169 4631 ina-

447 4655 688 4718 iestatis
719 4657 784 4715 ut
815 4671 1020 4733 supra,
1068 4655 1279 4716 statim
1327 4655 1390 4716 et
1436 4655 1841 4718 incontinenti
1879 4658 2051 4730 dixit,
2095 4655 2362 4736 qualiter
2395 4656 2860 4736 prenominatus
2892 4656 3171 4719 dominus

445 4743 772 4806 Paduanus
819 4758 927 4820 pro
973 4741 1306 4803 adherente
1354 4741 1626 4804 eiusdem
1677 4742 1904 4806 domini
1972 4743 2132 4825 regis
2180 4744 2239 4804 in
2304 4761 2450 4824 pace
2512 4743 2865 4807 huiusmodi
2926 4751 2988 4808 et
3052 4761 3168 4807 non
