3620 5282
3051 363 3175 441 125

445 571 551 616 sen
599 552 900 616 sindicum
951 550 1097 613 dicti
1147 551 1492 614 communis
1540 548 1602 611 in
1651 548 1806 611 sesto
1869 549 2067 612 sancti
2118 547 2294 631 regis
2356 547 2653 630 Stephani
2725 548 3015 615 vicesima
3073 550 3172 614 die

442 640 693 723 augusti
736 638 1072 702 cuiuslibet
1122 640 1287 715 anni,
1340 637 1433 702 vel
1479 640 1621 700 ante
1665 636 1901 700 dictum
1953 638 2200 701 festum.
2251 635 2384 714 Qua
2424 636 2733 701 solutione
2769 637 2950 716 facta,
2999 638 3168 720 quie·

444 729 744 791 tationem
800 730 864 789 et
910 726 1337 789 liberationem
1389 726 1462 787 de
1514 724 1776 806 receptis
1840 723 2039 788 facere
2099 725 2387 788 teneatur
2450 727 2514 789 et
2574 728 2902 789 teneantur
2964 727 3175 790 nuntio

441 817 505 879 et
549 814 785 878 sindico
835 814 1230 878 Venetorum.
1275 811 1442 890 Quod
1493 813 1545 874 si
1621 811 1825 875 nullus
1887 810 2299 894 predictorum
2369 811 2453 876 ibi
2520 818 2700 890 esset,
2766 815 2912 877 tunc
2974 814 3174 877 consi·

440 907 632 986 guent
678 903 743 966 et
786 901 1093 984 deponant
1140 902 1371 964 dictam
1416 900 1668 982 pecunie
1716 901 2130 981 quantitatem
2193 897 2290 963 vel
2351 901 2611 981 pignora
2671 919 2858 964 aurea
2921 899 3017 964 vel
3078 920 3175 964 ar-

441 994 663 1072 gentea
719 988 1114 1069 infrascripta
1176 988 1335 1051 infra
1380 987 1601 1069 viginti
1650 987 1888 1051 dierum
1951 987 2288 1050 terminum
2364 987 2623 1058 ,inferius
2685 988 3172 1070 descriptorum;

443 1082 506 1142 et
564 1077 725 1159 quod
783 1078 950 1140 (licta
1015 1075 1271 1158 pecunia
1338 1076 1518 1138 risico
1583 1079 1646 1138 et
1707 1075 1975 1156 periculo
2032 1074 2376 1158 communis
2423 1074 2830 1140 veneciarum
2898 1078 3176 1156 portetur

442 1184 634 1246 usque
681 1165 756 1227 ad
805 1164 1121 1227 civitatem
1170 1163 1378 1240 Jadre,
1443 1166 1506 1226 et
1554 1162 1642 1226 ibi
1688 1166 1749 1225 et
1797 1163 1878 1225 ab
1924 1161 2064 1226 inde
2111 1162 2173 1225 in
2236 1167 2418 1226 antea
2481 1181 2672 1245 usque
2719 1163 2795 1226 ad
2859 1164 3175 1229 civitatem

444 1252 637 1326 Bude,
699 1252 858 1315 etin
908 1251 1086 1315 Bnda
1134 1271 1240 1332 per
1304 1249 1597 1314 officiales
1647 1252 1712 1314 et
1757 1250 1975 1330 gentes
2037 1249 2189 1313 dicti
2230 1249 2463 1313 domini
2528 1249 2691 1332 regis
2754 1269 3173 1315 successorum

448 1342 511 1403 et
555 1358 772 1404 corone
822 1340 1085 1403 debeant
1131 1339 1302 1403 salva
1343 1338 1498 1413 fieri,
1547 1337 1762 1401 sociari
1802 1339 1868 1400 et
1913 1337 2163 1400 conduci
2222 1337 2405 1400 risico
2453 1339 2518 1401 et
2575 1337 2841 1419 periculo
2890 1339 3037 1403 dicti
3071 1338 3178 1402 do-

448 1428 600 1491 mini
670 1428 832 1509 regis
895 1445 1312 1490 successorum
1361 1432 1424 1488 et
1483 1444 1701 1489 corone
1750 1425 2179 1506 predictorum.
2231 1425 2333 1491 Sic
2397 1434 2626 1504 tamen,
2675 1428 2833 1506 quod
2883 1426 2956 1501 si,
3006 1430 3177 1509 post·

448 1533 626 1595 quam
678 1515 844 1578 dicta
904 1514 1159 1595 pecunia
1205 1531 1322 1596 quo
1371 1517 1547 1596 parte
1597 1515 1897 1577 dictorum
1946 1512 2319 1577 Venetorum
2362 1511 2554 1577 Jadra
2623 1514 2923 1578 conducta
2991 1513 3179 1578 fuerit

439 1606 511 1665 ut
562 1601 886 1684 prefertur,
936 1602 1144 1684 aliquo
1176 1620 1322 1665 casu
1360 1601 1616 1664 fortuito
1657 1601 2028 1681 perderetur,
2078 1599 2463 1683 intelligatur
2496 1602 2560 1664 et
2604 1600 2692 1663 sit
2736 1600 2972 1664 dictum
3007 1620 3176 1666 com—

442 1709 624 1753 mune
669 1690 1068 1753 venetiarum
1127 1689 1460 1753 liberatum
1529 1691 1773 1771 penitus
1820 1689 1886 1752 et
1945 1688 2288 1770 quietatum
2338 1689 2413 1751 de
2462 1688 2596 1768 ipsa
2641 1689 2989 1770 quantitate
3039 1708 3175 1769 pre-

438 1778 641 1854 dicta3
689 1775 1067 1841 conducatur
1099 1780 1306 1841 tamen
1352 1778 1637 1859 expensis
1683 1776 1839 1840 dicti
1887 1776 2235 1840 communis
2269 1776 2704 1851 Veneciarum,
2752 1779 3051 1858 quantum
3101 1775 3176 1840 de

439 1868 693 1929 vectura
740 1868 804 1928 et
848 1866 1065 1929 nuncio
1110 1884 1217 1928 seu
1265 1863 1499 1932 sindico
1548 1864 1962 1940 Venetorum3
2013 1866 2078 1928 et
2122 1863 2176 1927 si
2239 1864 2402 1940 dicta
2437 1863 2662 1927 solutio
2707 1863 2892 1928 dictis
2940 1864 3072 1928 loco
3112 1867 3176 1928 et

440 1955 716 2035 tempore
753 1952 917 2017 facta
966 1971 1082 2016 non
1116 1951 1320 2029 fuerit,
1371 1954 1516 2015 tunc
1561 1953 1917 2034 procurator
1964 1951 2063 2015 vel
2108 1950 2376 2016 sindicus
2420 1952 2662 2016 nomine
2705 1950 2852 2015 dicti
2902 1969 3178 2016 commu·
3211 2011 3230 2028 ,

439 2040 532 2103 nis
582 2040 982 2104 Veneciarum
1052 2039 1333 2103 teneatur
1380 2043 1445 2102 et
1488 2040 1708 2103 debeat
1756 2059 1819 2102 se
1889 2042 2239 2120 presentare
2287 2057 2491 2102 coram
2568 2038 3027 2121 suprascripti8‚
3080 2040 3177 2105 vel

441 2127 650 2209 aliquo
698 2147 928 2204 eorum,
993 2130 1064 2192 ut
1110 2145 1314 2208 supra,
1366 2126 1588 2209 quibus
1630 2126 1796 2190 dicta
1862 2126 2086 2190 solutio
2134 2126 2264 2190 fieri
2314 2128 2498 2190 debet
2557 2125 2716 2191 infra
2762 2127 2987 2209 viginti
3047 2126 3177 2191 dies
3268 2156 3279 2170 ·

441 2234 512 2277 ex
562 2217 708 2280 tunc
755 2215 1029 2298 proxime
1073 2215 1536 2295 subsequentes,
1585 2219 1650 2279 et
1696 2233 1922 2297 ponere
1968 2217 2032 2278 et
2075 2215 2408 2278 conducere
2453 2214 2517 2278 et
2561 2214 2810 2279 realiter
2855 2212 3180 2296 consigna-

439 2321 504 2366 re
572 2321 642 2367 eo
701 2303 881 2368 modo
943 2320 1060 2384 quo
1102 2303 1268 2365 dicta
1339 2301 1595 2383 pecunia
1654 2303 1907 2367 conduci
1968 2301 2173 2379 debet,
2242 2304 2313 2368 ut
2362 2321 2567 2384 supra,
2617 2303 2678 2366 in
2724 2303 2900 2367 Buda
2946 2304 3043 2367 tot
3087 2303 3179 2384 pi-

442 2407 628 2471 gnora
677 2410 860 2455 aurea
910 2390 1003 2455 vel
1051 2392 1347 2472 argentea
1399 2390 1810 2473 equivalentia
1858 2389 2024 2454 dicte
2071 2389 2404 2470 quantitati
2468 2391 2706 2472 septem
2777 2390 3019 2454 milium
3066 2390 3180 2453 du·
3260 2419 3266 2426 ·

439 2481 739 2556 catorum,
790 2498 907 2560 que
952 2479 1210 2561 pignora
1259 2478 1572 2541 communi
1620 2478 2024 2541 extimatione
2073 2478 2251 2541 vendi
2297 2478 2537 2559 possint
2584 2496 2775 2560 usque
2822 2478 2900 2541 ad
2946 2478 3176 2542 dictam

440 2567 851 2648 quantitatem
900 2570 1138 2649 septem
1189 2551 1429 2629 milium
1458 2564 1867 2640 ducatorum;
1917 2583 2032 2647 que
2079 2565 2129 2628 si
2180 2563 2342 2630 facta
2390 2583 2505 2629 non
2555 2564 2806 2647 fuerint,
2858 2568 2928 2630 ut
2971 2584 3176 2649 supra,

440 2658 583 2718 tunc
633 2657 905 2718 incurrat
949 2673 1267 2719 commune
1300 2653 1702 2717 veneciarum
1757 2655 1815 2717 in
1850 2672 2069 2735 penam
2106 2654 2465 2717 ducatorum
2510 2655 2719 2719 decem
2771 2654 3033 2718 millium
3069 2672 3177 2736 pro

439 2742 718 2823 qualibet
749 2745 880 2808 vice
914 2762 1019 2806 seu
1053 2761 1231 2805 anno.
1269 2741 1424 2805 Etsi
1460 2742 1658 2805 tribus
1690 2741 1889 2815 anniS,
1927 2759 2032 2806 seu
2058 2761 2165 2822 per
2197 2743 2320 2804 tres
2347 2741 2510 2805 vices
2546 2743 2603 2805 in
2639 2742 2966 2818 solutione,
2994 2743 3178 2824 depo-

438 2830 657 2893 sitione
684 2836 745 2893 et
771 2830 1232 2912 consignatione
1258 2830 1553 2911 predictis
1579 2829 1816 2892 dictum
1845 2847 2167 2893 commune
2200 2828 2600 2892 veneciarum
2629 2831 2980 2905 cessaverit,
3031 2832 3180 2893 tunc

441 2935 542 2997 per
573 2918 885 2982 dominum
923 2936 1152 3000 regem,
1204 2918 1333 2980 eius
1376 2934 1782 2991 successores
1834 2933 2117 2979 coronam
2153 2916 2534 2997 presidentes
2582 2916 2887 2998 predictos
2935 2879 3180 3000 singula

438 3005 702 3086 singulis
749 3005 1099 3081 refferendO,
1151 3024 1257 3068 seu
1312 3024 1421 3086 pro
1469 3006 1599 3068 eins
1656 3007 1851 3085 parte,
1928 3003 2058 3067 fieri
2108 3004 2373 3068 debeant
2432 3004 2907 3085 protestationes
2953 3009 3016 3068 et
3075 3005 3180 3068 de-

442 3092 854 3156 nuntiationes
901 3098 1113 3156 contra
1160 3094 1396 3156 dictum
1445 3109 1770 3156 commune
1820 3091 2226 3155 veneciarum
2280 3096 2405 3155 tres
2437 3092 2501 3154 et
2541 3111 2646 3173 per
2692 3092 3039 3173 temporum
3089 3093 3180 3155 in-

438 3179 723 3255 tervalla,
788 3180 1073 3243 videlicet
1137 3199 1264 3261 pro·
1303 3199 1421 3243 una
1480 3199 1716 3262 quaque
1773 3178 2241 3243 denuntiatione
2305 3178 2468 3243 inter
2526 3180 3053 3243 denuntiationem
3119 3182 3182 3243 et

439 3265 967 3330 denuntiationem
1032 3286 1136 3330 sex
1199 3268 1521 3330 mensium.
1589 3266 1718 3345 Que
1796 3266 2273 3350 protestationes
2335 3267 2401 3330 et
2460 3268 2956 3332 denuntiationes
3029 3268 3179 3331 fiant

439 3372 641 3418 coram
702 3353 860 3417 infra
906 3354 1132 3435 scripto
1177 3355 1391 3430 iudice,
1458 3356 1545 3418 sic
1608 3359 1820 3419 tamen
1887 3360 1950 3418 et
1996 3355 2224 3433 taliter,
2269 3354 2429 3438 quod
2479 3374 2584 3437 per
2630 3356 2863 3419 dictum
2913 3355 3176 3419 iudicem

442 3442 600 3506 dicte
676 3442 799 3505 tres
864 3441 1364 3505 denuntiationes
1413 3446 1476 3505 et
1541 3444 2016 3523 protestationes
2066 3442 2140 3507 ad
2208 3442 2497 3507 noticiam
2547 3442 2848 3507 dictorum
2898 3444 3072 3507 ducis
3120 3446 3183 3506 et

440 3529 785 3593 communis
833 3529 1238 3593 Veneciarum
1309 3528 1711 3594 deducantur.
1777 3531 1857 3593 Et
1919 3532 1970 3593 si
2022 3530 2223 3594 tribus
2288 3531 2523 3595 vicibus
2592 3550 2700 3595 seu
2763 3532 2961 3596 tribus
3003 3532 3180 3596 annis

440 3618 746 3681 continuis
799 3616 894 3679 vel
935 3616 1353 3698 interpollatis
1384 3620 1689 3681 cessatum
1720 3620 1783 3680 et
1814 3620 2026 3682 contra
2071 3617 2306 3682 factum
2356 3617 2562 3696 fuerit,
2615 3620 2679 3682 et
2722 3619 2884 3683 facte
2929 3617 3179 3695 fuerint,

439 3708 508 3767 ut
567 3723 771 3787 supra,
838 3704 1001 3768 dicte
1060 3704 1533 3786 protestationes
1595 3709 1658 3768 et
1702 3705 2212 3780 denuntiationeS,
2280 3711 2344 3769 et
2388 3724 2505 3769 non
2564 3704 2754 3769 fuerit
2803 3708 3002 3770 soluta
3050 3725 3180 3770 sors

441 3792 713 3872 predicta
763 3794 822 3856 in
864 3792 997 3857 loco
1047 3793 1339 3872 predicto,
1411 3792 1504 3855 vel
1552 3790 1716 3856 facta
1764 3810 1882 3856 non
1927 3796 2092 3857 esset
2152 3793 2537 3876 consignatio
2585 3793 2842 3875 pecunie
2889 3798 2953 3858 et
2997 3795 3178 3874 depo—

439 3879 580 3944 sitio
635 3880 959 3961 pignorum
1005 3880 1416 3962 predictorum
1488 3898 1629 3944 cum
1677 3880 1981 3944 solutione
2028 3881 2335 3945 dictarum
2384 3900 2678 3961 penarum
2722 3882 2884 3944 dicto
2931 3881 3178 3944 domino

442 3967 570 4049 regi
645 3968 735 4031 vel
785 3969 914 4031 suis
960 3968 1436 4042 successo1·ibu8‚
1480 3966 1575 4030 vel
1622 3985 1835 4031 corone
1884 3968 1978 4031 vel
2029 3968 2214 4033 alicui
2261 3969 2676 4049 predictorum
2726 3969 2970 4032 nomine
3013 3968 3179 4050 ipso-

442 4073 574 4118 rum
622 4056 1069 4136 recipientium,
1108 4057 1177 4118 ut
1222 4054 1546 4136 prefertur,
1583 4058 1645 4118 et
1679 4054 1888 4137 elapsa
1919 4054 2118 4119 forent
2149 4058 2425 4136 tempora
2459 4056 2664 4119 omnia
2691 4055 2988 4138 predicta,
3029 4059 3180 4119 tunc

440 4140 763 4206 dumtaxat
825 4147 888 4206 et
957 4161 1074 4206 non
1146 4146 1290 4206 ante
1351 4143 1740 4224 intelligatur
1801 4161 2050 4223 presens
2110 4162 2229 4225 pax
2278 4145 2459 4224 rupta
2521 4142 2686 4206 dioto
2737 4143 2977 4208 domino
3026 4143 3176 4224 regi.

441 4229 594 4292 Item
660 4232 815 4311 qnod
880 4230 1045 4294 dicto
1092 4249 1238 4294 casu
1280 4230 1467 4295 liceat
1511 4230 1677 4293 dicto
1725 4230 2120 4295 serenissimo
2184 4230 2429 4293 domino
2477 4230 2612 4312 regi
2677 4232 2740 4294 et
2808 4231 3181 4295 successori-

441 4315 553 4399 bus
618 4318 747 4380 eius
809 4317 870 4380 in
936 4336 1125 4400 regno
1186 4320 1250 4382 et
1293 4336 1513 4382 corona
1559 4320 1766 4400 petere
1817 4321 1881 4382 et
1927 4318 2167 4399 exigere
2213 4317 2410 4381 dictas
2466 4321 2664 4381 sortes
2709 4318 2839 4381 sive
2890 4318 3180 4398 prestati-

441 4422 581 4467 ones
642 4422 750 4485 pro
799 4405 979 4469 dictis
1040 4407 1236 4483 anuiS,
1303 4408 1525 4487 quibus
1587 4405 1817 4470 solutio
1880 4404 2043 4470 facta
2087 4424 2207 4468 non
2271 4407 2453 4481 esset,
2504 4408 2567 4469 et
2613 4405 2814 4469 dictas
2860 4424 3066 4486 penaS‚
3118 4406 3178 4469 in

441 4508 595 4572 quas
660 4493 822 4557 dicta
890 4494 1207 4557 occasione
1266 4496 1431 4556 esset
1494 4493 1833 4557 incursum.
1895 4494 1977 4557 Et
2031 4491 2194 4557 ultra
2258 4490 2447 4556 liceat
2510 4493 2671 4557 dicto
2738 4494 2982 4556 domino
3048 4493 3176 4576 regi

441 4584 502 4640 et
569 4580 1025 4647 successoribus
1072 4580 1204 4644 eius
1266 4582 1556 4662 predictis
1604 4582 1695 4644 uti
1761 4580 2225 4662 quibuscunque
2266 4580 2513 4662 juribus
2576 4581 2705 4645 suis
2751 4581 2868 4644 sibi
2932 4599 3178 4663 compe-

439 4666 714 4731 tentibus
760 4668 823 4730 in
870 4668 1053 4731 dictis
1100 4669 1308 4732 buccis
1341 4670 1404 4733 et
1449 4670 1522 4731 ad
1572 4686 1692 4744 eas,
1747 4669 1812 4731 et
1846 4687 2022 4731 usum
2072 4685 2285 4733 earum
2335 4669 2548 4732 contra
2601 4685 2927 4731 commune
2977 4669 3182 4731 vene-

441 4753 700 4832 ciarum,
763 4774 882 4820 non
929 4755 1215 4820 obstante
1263 4757 1324 4820 in
1371 4756 1576 4837 aliquo
1624 4755 1900 4837 presenti
1942 4756 2356 4820 transactione
2403 4772 2512 4818 nec
2555 4756 2752 4836 pactis
2798 4755 3049 4838 proinde
3099 4772 3169 4816 ac
