3620 5282
2972 412 3101 480 443

391 589 666 671 modum,
714 589 1038 655 videlicet:
1088 585 1247 673 quod
1294 610 1402 673 per
1446 611 1536 669 ea,
1583 610 1702 675 que
1751 591 2026 674 portavit
2068 592 2245 658 nobis
2292 612 2400 675 pro
2458 593 2637 675 parte
2685 593 2940 657 illorum
2988 611 3106 657 no-

391 676 613 740 bilium
657 677 1053 743 Jadrensium
1102 682 1164 742 et
1209 697 1338 755 sua,
1388 697 1497 742 nos
1542 680 2045 745 manifestissime
2091 681 2356 760 vidimus
2405 682 2471 744 et
2513 681 2935 762 cognoscimus
2967 699 3102 744 cor—

394 763 620 827 dialem
668 766 730 828 et
775 769 1128 847 promptam
1174 764 1581 842 affectionem,
1629 786 1816 849 quam
1863 768 2095 831 habent
2140 767 2214 831 ad
2262 785 2528 843 onorem,
2564 769 2797 830 statum
2843 771 2907 830 et
2935 767 3102 830 exal—

395 851 693 915 tationem
739 853 1013 915 nostram
1062 854 1125 915 et
1172 853 1364 917 nostri
1412 853 1687 930 dominii,
1735 856 1800 918 et
1840 854 2001 936 quod
2049 859 2346 936 quantum
2370 856 2467 918 est
2496 852 2560 916 in
2591 854 2700 931 eis,
2734 853 3099 935 postpositis

307 976 319 981 -
396 937 686 1002 omnibus
732 939 934 1002 dubiis
980 940 1044 1002 et
1084 939 1372 1020 periculis
1418 942 1566 1015 suis,
1613 943 1679 1005 et
1724 943 1853 1005 tam
1904 941 2148 1006 baveris
2194 959 2380 1024 quam
2426 958 2843 1023 personarum,
2896 943 3104 1003 essent

394 1023 656 1089 ferventi
695 1025 902 1088 auimo
947 1025 1011 1089 et
1039 1029 1329 1107 prompta
1377 1028 1577 1091 mente
1624 1026 1910 1108 dispositi
1935 1028 2013 1091 ad
2041 1026 2484 1092 ostendendum
2510 1044 2762 1108 operum
2790 1045 2896 1107 per
2921 1031 3098 1089 effec-

395 1113 552 1188 tum,
594 1112 753 1193 quod
794 1111 976 1177 verbo
1013 1113 1312 1188 dixerunt,
1361 1133 1479 1197 que
1526 1132 1637 1177 sua
1683 1114 2003 1197 dispositio
2050 1116 2353 1197 quantum
2390 1115 2472 1177 sit
2505 1113 2694 1177 insita
2728 1116 2793 1178 et
2827 1131 2962 1177 esse
2998 1115 3106 1175 de-

396 1198 543 1261 beat
588 1199 870 1263 cordibus
916 1198 1163 1275 nostris,
1214 1200 1332 1264 nisi
1405 1220 1681 1266 essemus
1756 1202 2166 1285 ingratissimi
2243 1200 2584 1277 hominum,
2650 1200 2990 1282 exprimere
3041 1201 3102 1262 in

394 1303 507 1350 sua
552 1286 863 1366 presentia
908 1305 1026 1350 non
1070 1305 1380 1368 curamus,
1423 1290 1496 1351 ut
1542 1307 1659 1352 non
1693 1289 2066 1365 crederetur,
2132 1289 2292 1372 quod
2353 1289 2486 1352 arte
2533 1288 2685 1352 talia
2731 1288 3095 1363 diceremus,

398 1372 506 1436 sed
557 1371 906 1437 certissime
953 1375 1283 1454 procedant
1320 1376 1574 1458 negocia
1618 1377 1758 1454 ista,
1809 1379 1880 1439 ut
1925 1376 2002 1439 de
2046 1377 2285 1457 superis
2353 1375 2567 1438 datum
2640 1373 2781 1449 erit,
2853 1376 2916 1437 et
2964 1393 3102 1455 spe-

309 1467 316 1473 '
399 1475 628 1536 ramus,
678 1458 836 1541 quod
886 1461 1056 1537 bene,
1105 1479 1246 1524 cum
1278 1464 1485 1526 omnia
1533 1462 1683 1527 fiant
1727 1462 1802 1527 ad
1850 1463 2036 1527 finem
2085 1460 2334 1527 maioris
2396 1461 2578 1535 boni;
2630 1479 2838 1525 eorum
2898 1460 3105 1542 dispo-

401 1545 547 1610 sitio
594 1565 908 1628 nunquam
955 1546 1147 1611 exibit
1195 1565 1233 1611 a
1278 1550 1573 1612 memoria
1619 1551 1831 1614 nostra
1874 1551 1938 1613 et
1979 1550 2347 1626 nostrorum,
2409 1549 2472 1613 et
2540 1549 2630 1612 ita
2693 1548 2996 1613 videbunt
3041 1549 3106 1611 et

401 1637 770 1715 cognoscent
813 1653 923 1716 per
969 1634 1408 1716 experientiam
1458 1636 1868 1701 manifestam.
1962 1636 2079 1700 Sed
2142 1635 2434 1700 veniendo
2493 1636 2567 1699 ad
2613 1634 2847 1700 factum
2908 1637 2974 1699 et
3017 1633 3106 1698 lo-

403 1719 641 1802 quendo
690 1739 920 1796 secum,
967 1722 1040 1784 nt
1086 1720 1252 1802 loqui
1308 1722 1490 1787 debet
1532 1742 1686 1787 cum
1734 1723 1987 1800 talibus,
2054 1742 2161 1787 nos
2223 1723 2504 1801 dicimuS,
2565 1724 2720 1805 quod
2789 1721 3103 1785 voluimus

404 1825 585 1888 super
631 1808 870 1871 duobus
913 1807 1159 1889 partitis
1206 1809 1382 1872 nobis
1431 1810 1763 1892 propositis
1810 1829 1919 1892 per
1963 1809 2220 1874 eundem
2257 1809 2457 1874 facere
2504 1828 2717 1873 omnes
2773 1809 2918 1872 illas
2965 1826 3107 1871 con-

405 1893 823 1972 siderationes,
873 1913 986 1976 que
1033 1897 1317 1977 respectu
1363 1900 1574 1961 nostro
1621 1900 1685 1961 et
1715 1900 1995 1978 respectu
2042 1916 2251 1961 eornm
2315 1915 2674 1978 quocunque
2722 1896 2852 1958 fieri
2933 1896 3107 1975 pote-

406 1984 583 2054 runt3
632 1983 697 2046 et
740 1980 1142 2045 consideratis
1188 1981 1341 2046 bene
1387 1984 1675 2049 omnibus
1722 1984 1927 2048 dubiis
1973 1987 2036 2048 et
2082 1984 2394 2066 periculis,
2443 1984 2667 2064 quibus
2694 1983 2809 2062 ipsi
2860 1981 3109 2063 possent

401 2067 828 2149 principaliter
873 2068 1208 2146 subiacere,
1258 2071 1575 2148 terminos,
1626 2071 1689 2134 in
1737 2072 1964 2153 quibus
2010 2071 2386 2153 procedendo
2457 2089 2563 2151 per
2611 2070 2802 2133 istum
2853 2067 3103 2131 modum

403 2152 516 2218 illa
561 2154 781 2219 civitas
828 2154 966 2236 poni
1016 2157 1242 2237 posset,
1289 2157 1451 2238 quod
1501 2160 1682 2223 modo
1728 2158 1935 2240 aliquo
2011 2158 2292 2222 incurere
2368 2173 2486 2220 non
2563 2156 2885 2231 vellemne,
2965 2173 3105 2218 curn

403 2259 559 2322 pura
602 2242 669 2305 et
712 2243 949 2305 sincera
994 2243 1293 2307 intenctio
1338 2246 1547 2309 nostra
1615 2245 1718 2321 sit,
1768 2246 1921 2308 deus
1969 2244 2161 2316 novit,
2202 2246 2254 2308 si
2300 2260 2568 2325 unquam
2619 2242 2736 2306 sibi
2785 2241 3107 2323 placuerit.

402 2328 559 2410 quod
604 2328 742 2410 ipsa
785 2328 1118 2393 reducatur
1162 2330 1238 2392 ad
1286 2334 1562 2396 nostram
1603 2332 2015 2397 obedientiam
2064 2332 2127 2395 et
2173 2330 2287 2394 sub
2330 2331 2538 2394 nostra
2583 2330 2910 2411 potestate,
2945 2327 3107 2414 quod

403 2415 568 2478 istud
615 2415 700 2479 sit
745 2434 883 2479 cum
931 2415 1207 2480 utilitate
1248 2418 1314 2479 et
1356 2421 1688 2501 augmento
1734 2435 1844 2482 suo
1890 2419 1955 2482 et
1986 2436 2104 2482 non
2136 2436 2275 2481 cum
2310 2416 2536 2480 damno
2570 2418 2661 2479 vel
2698 2415 3107 2479 detrimencto

405 2500 570 2566 dicte
615 2503 892 2566 civitatis
939 2521 1050 2566 nec
1082 2503 1502 2568 habitatorum
1540 2505 1690 2579 eiuS,
1722 2506 1785 2568 et
1817 2504 1977 2588 quod
2011 2504 2178 2567 istud
2213 2505 2437 2567 mundo
2468 2506 2757 2584 appareat
2796 2505 2859 2566 et
2892 2502 3107 2565 multis

403 2587 566 2665 aliis,
615 2607 732 2670 que
778 2606 897 2651 non
929 2589 1178 2671 expedit
1205 2590 1294 2654 eis
1328 2591 1552 2656 clarius
1584 2591 1920 2667 declarare,
1953 2608 2094 2655 cum
2127 2591 2573 2672 sapientissimi
2606 2589 2750 2667 sint,
2786 2591 2849 2654 et
2881 2590 3108 2654 cuncta

400 2694 520 2739 non
566 2675 921 2740 dubitamus
967 2675 1219 2746 videant
1261 2679 1327 2741 et
1370 2680 1746 2761 cognoscant
1794 2680 1862 2741 ut
1906 2696 2037 2756 noS,
2085 2680 2339 2760 apparet
2384 2677 2559 2741 nobis
2631 2678 2849 2742 utilius
2897 2679 2962 2739 et
3007 2694 3107 2739 sa-

402 2760 641 2826 lubrius
685 2781 795 2842 pro
840 2762 996 2826 bono
1041 2762 1421 2843 agendorum
1466 2764 1782 2829 attendere
1830 2766 1906 2827 ad
1952 2766 2283 2828 secundum
2344 2765 2645 2846 partitum
2714 2764 3102 2847 propositum

389 2866 510 2929 ‘per
585 2849 862 2925 eosdem,
940 2849 1018 2912 ad
1095 2849 1291 2930 quod,
1373 2852 1442 2915 ut
1516 2852 1672 2915 dixit
1745 2850 1958 2927 nobis,
1987 2850 2129 2913 .illi
2209 2851 2447 2932 nobiles
2514 2851 2942 2931 principaliter
3008 2849 3111 2912 in-

404 2936 822 3012 clinarentur,
902 2937 966 2999 et
1038 2937 1111 2998 de
1184 2955 1302 3017 quo
1366 2939 1510 3018 plus
1595 2938 1869 3001 contenti
1960 2938 2165 3000 essent
2242 2936 2423 2999 modo
2501 2937 2888 3019 infrascripto
2916 2984 2931 3013 ,
3009 2940 3108 2999 te—

403 3023 619 3086 nentes
697 3024 991 3092 maxime,
1037 3040 1144 3104 pro
1221 3025 1548 3100 constanti,
1625 3022 1783 3105 quod
1864 3024 1952 3086 ita
2027 3022 2113 3086 sit
2184 3022 2275 3085 rei
2346 3023 2593 3099 veritas,
2675 3023 2837 3087 sicut
2935 3021 3109 3085 nobis

404 3107 591 3184 dixit,
668 3109 830 3191 quod
916 3108 1075 3173 alias
1150 3110 1385 3174 amicus
1461 3110 1567 3175 ille
1598 3160 1613 3187 ,
1689 3128 1871 3192 quern
1949 3110 2140 3186 dixit,
2226 3110 2477 3192 loqutus
2578 3110 2765 3173 fuerit
2838 3109 2914 3172 de
2990 3108 3112 3171 ista

405 3196 668 3260 materia
771 3198 908 3260 cum
986 3197 1230 3260 domino
1308 3216 1451 3278 rege
1528 3195 1938 3279 SigismondO,
2016 3196 2080 3259 et
2153 3195 2447 3260 babuerit
2514 3198 2756 3260 tantum
2838 3196 2914 3259 de
3000 3212 3112 3257 sua

408 3281 810 3364 dispositione
858 3285 922 3347 et
965 3283 1308 3349 intentione
1356 3286 1517 3349 circa
1561 3284 1699 3362 hoc,
1746 3284 2047 3365 quantum
2090 3283 2259 3346 dicit.
2309 3283 2390 3346 Et
2439 3286 2759 3364 propterea
2800 3281 3112 3345 credimus

407 3388 541 3433 esse
588 3370 849 3444 bonum,
886 3372 1046 3451 quod
1093 3388 1130 3433 a
1177 3389 1242 3434 se
1288 3375 1588 3454 quantum
1634 3370 1903 3453 prestius
1949 3388 2082 3433 esse
2128 3370 2343 3450 possit,
2390 3388 2549 3433 unus
2582 3368 2677 3434 vel
2725 3369 2845 3433 duo
2891 3388 2959 3432 ex
3001 3368 3110 3444 eis,

409 3457 481 3519 ut
526 3456 646 3519 sibi
695 3456 1021 3534 videretur,
1071 3476 1107 3520 a
1153 3477 1218 3521 se
1264 3458 1544 3537 dicimus,
1594 3458 1739 3539 quia
1790 3475 1908 3520 non
1955 3455 2197 3521 videtur
2241 3455 2420 3519 nobis
2467 3457 2620 3520 utile
2668 3459 2918 3520 mittere
2968 3473 3110 3518 nos-

410 3543 570 3604 tram
616 3543 1078 3621 ambassiatam,
1126 3546 1314 3608 etiam
1364 3545 1480 3607 sub
1527 3545 1729 3608 colore
1775 3561 1958 3625 quem
2006 3543 2236 3620 dicunt,
2285 3562 2396 3624 pro
2445 3561 2561 3607 non
2611 3544 2807 3606 dando
2864 3559 3113 3622 suspec-

408 3629 635 3692 tionem
688 3628 1019 3710 Hungaris,
1070 3631 1260 3693 etiam
1309 3632 1470 3711 parti
1518 3632 1679 3711 regis
1728 3629 2021 3705 Ladislai‚
2070 3647 2177 3709 per
2222 3648 2412 3710 quam
2481 3630 2739 3694 haberet
2785 3628 3111 3692 materiam

406 3714 470 3778 in
517 3715 892 3779 contrarium
942 3714 1321 3798 providendi,
1370 3717 1533 3781 irent
1578 3716 1656 3779 ad
1707 3716 2081 3796 presentiam
2132 3716 2332 3796 ipsius
2365 3716 2597 3779 domini
2642 3717 2827 3799 regis,
2874 3718 2938 3779 et
2990 3714 3113 3777 sibi

407 3802 613 3883 ample
659 3801 939 3866 dicerent
983 3803 1049 3865 et
1091 3805 1500 3884 proponerent
1543 3802 1959 3867 conditionem
2019 3820 2198 3865 suam
2261 3803 2325 3865 et
2386 3804 2699 3880 terminos,
2773 3802 2836 3866 in
2882 3802 3109 3884 quibus

408 3890 506 3953 est
550 3888 663 3952 illa
708 3888 928 3952 civitas
975 3890 1039 3952 et
1084 3890 1213 3953 tota
1259 3889 1576 3954 Dalmatia
1622 3892 1685 3953 et
1728 3889 1938 3953 futura
1985 3891 2099 3965 est,
2148 3891 2213 3953 et
2256 3889 2402 3967 cito,
2435 3890 2553 3952 nisi
2591 3890 2980 3972 provideatur
3013 3906 3111 3951 ce-

409 3974 619 4039 leriter
665 3977 1013 4058 superinde,
1061 3977 1123 4038 et
1167 3976 1595 4058 provisionem,
1644 3995 1760 4059 que
1805 3975 1893 4040 eis
1941 3975 2251 4039 videretur
2299 3994 2433 4039 esse
2479 3976 2764 4051 fiendam,
2801 3979 2864 4038 et
2902 3974 3110 4039 subito

409 4062 649 4126 scilicet
694 4062 855 4145 quod
900 4064 996 4127 est
1041 4064 1361 4128 contentus
1409 4067 1473 4128 et
1518 4062 1894 4127 consentiret
1936 4061 2136 4138 nobis,
2169 4063 2326 4143 quod
2373 4082 2688 4143 possemus
2721 4063 2943 4127 habere
2977 4079 3112 4142 pos-

408 4149 739 4213 sessionem
788 4149 954 4214 dicte
1003 4148 1278 4214 civitatis
1317 4149 1527 4227 Jadre,
1580 4150 1727 4233 quia
1769 4166 1879 4230 per
1924 4148 2116 4212 istum
2163 4148 2414 4213 modum
2459 4151 2632 4214 nullo
2679 4150 2857 4213 modo
2904 4149 3116 4231 posset

408 4235 688 4299 dubitare
734 4236 809 4298 de
856 4255 996 4318 rege
1043 4236 1325 4302 Ladislao
1373 4255 1566 4319 neque
1612 4236 1687 4300 de
1731 4239 1862 4300 tota
1909 4252 2023 4299 sua
2065 4236 2361 4316 potentia,
2408 4256 2552 4319 ymo
2600 4257 2634 4301 a
2681 4235 2852 4300 dicta
2926 4236 3104 4316 parte

407 4322 614 4402 posset
656 4342 847 4386 unum
891 4323 1142 4388 reddere
1190 4342 1256 4388 se
1300 4342 1604 4399 securum,
1655 4323 1720 4387 et
1763 4319 2044 4386 habendo
2089 4322 2203 4384 hoc
2261 4324 2337 4385 ab
2402 4342 2490 4399 eo,
2554 4324 2713 4406 quod
2762 4323 2927 4386 esset
2970 4338 3110 4384 con-

392 4408 639 4486 ·tentuS,
692 4413 760 4474 ut
805 4410 1040 4473 dictum
1087 4412 1202 4488 est,
1250 4411 1410 4492 quod
1458 4409 1827 4474 haberemus
1895 4409 2348 4490 possessionem
2417 4410 2579 4474 dicte
2649 4406 2948 4483 civitatis,
2997 4406 3111 4470 ho·
3163 4445 3168 4446 ff

406 4497 642 4558 nestius
689 4497 752 4560 et
797 4496 1070 4560 securius
1117 4515 1223 4579 pro
1270 4499 1359 4562 eis
1394 4499 1459 4561 et
1502 4496 1788 4561 omnibus
1836 4511 2158 4575 possemus
2204 4493 2610 4560 intentionem
2679 4495 2868 4559 istam
2933 4512 3112 4557 suam

409 4582 473 4643 et
519 4583 796 4646 nostram
839 4584 1060 4647 ducere
1106 4585 1184 4647 ad
1232 4584 1541 4648 effectum.
1584 4585 1667 4647 Et
1710 4583 1773 4646 in
1810 4581 1927 4644 hoc
1969 4598 2113 4644 casu
2160 4599 2377 4645 sumus
2426 4583 2723 4658 contenti,
2781 4580 2941 4662 quod
2988 4578 3107 4660 ipsi

406 4668 646 4746 possint
691 4670 1048 4749 promittere
1089 4673 1296 4734 nostro
1344 4672 1588 4734 nomine
1623 4670 1742 4751 ipsi
1783 4666 2031 4730 domino
2064 4667 2193 4746 regi
2227 4667 2300 4730 de
2341 4667 2734 4750 prohybendo
2766 4669 2898 4731 toto
2934 4684 3105 4747 posse

404 4755 613 4817 nostro
658 4772 765 4835 per
808 4773 976 4819 mare
1020 4757 1152 4841 regi
1202 4756 1504 4833 Ladislao,
1553 4757 1709 4840 quod
1755 4772 1874 4820 non
1920 4751 2149 4817 habeat
2195 4756 2515 4838 receptum
2550 4755 2613 4818 in
2647 4754 2927 4837 partibus
2957 4750 3112 4816 Dal-
