3620 5282
559 345 688 411 408

988 524 1287 606 DLVI.
1348 523 1555 606 God.
1615 524 1834 606 1397.
1892 525 1941 608 5
1995 525 2324 624 srpnja,
2376 545 2435 604 u
2488 522 2878 605 Mletclh.

1274 668 1540 743 Odyovor
1576 668 1952 740 poslam‘kom
1992 668 2188 741 qrada
2231 668 2541 726 Dn'vasta.
2593 723 2598 727 .

778 789 962 852 1397.
1012 788 1110 851 die
1157 788 1371 871 quinto
1423 788 1579 863 iulii,
1632 788 1964 852 indictione
2016 789 2252 870 quinta.
2322 788 2652 871 Sapientes
2722 786 2987 851 consilii.
3073 785 3321 866 Capta:

563 897 703 943 cum
752 880 1227 958 comparuerunt
1272 895 1480 939 coram
1517 876 1789 939 dominio
1837 876 2034 957 aliqui
2082 877 2513 940 ambaxatores
2584 876 2866 940 civitatis
2900 875 3220 949 Drivasti,
3259 876 3324 936 et

563 967 626 1029 in
674 966 924 1046 scriptis
966 964 1249 1028 dederint
1294 964 1506 1045 aliqua
1551 982 1664 1027 sua
1731 964 2025 1043 capitula,
2097 963 2320 1046 quibus
2389 967 2612 1046 petunt
2683 963 3177 1045 responsionem,
3252 964 3327 1023 ut

562 1053 775 1118 habita
821 1052 1204 1131 expeditione
1253 1052 1448 1115 redire
1518 1050 1755 1131 possint
1790 1051 1868 1115 ad
1904 1053 2184 1134 propria3
2241 1052 2413 1115 vadit
2453 1070 2615 1133 pare,
2653 1052 2820 1133 quod
2854 1049 3324 1131 respondeatur

564 1140 795 1205 eisdem
838 1140 914 1202 ad
954 1140 1119 1203 dicta
1168 1139 1576 1220 capitula;-et
1624 1140 1820 1219 primo
1866 1139 1942 1202 ad
1995 1140 2287 1219 primum,
2363 1158 2471 1221 per
2538 1139 2700 1222 quod
2749 1138 2986 1213 dicunt,
3036 1157 3157 1219 per
3209 1136 3327 1198 do·

567 1228 805 1291 minum
855 1226 1189 1309 Georgium
1243 1227 1636 1291 Strazmirim
1683 1226 1922 1289 oblatas
1969 1226 2158 1290 fnisse
2220 1230 2425 1290 certas
2488 1228 2906 1307 possessiones
2970 1225 3321 1287 hominum

568 1320 631 1379 et
675 1314 1143 1378 communitatis
1192 1314 1482 1395 predicte,
1533 1318 1596 1377 et
1643 1313 1780 1377 illas
1830 1314 2077 1377 cuidam
2127 1314 2246 1378 civi
2296 1314 2645 1378 Scutarensi
2694 1313 2936 1376 dedisse
2988 1316 3055 1375 et
3107 1310 3322 1374 consi-

566 1422 807 1485 gnasse,
858 1406 921 1466 et
967 1402 1127 1483 quod
1178 1404 1498 1482 propterea
1532 1401 1983 1481 provideamuS,
2036 1402 2194 1482 quod
2244 1403 2593 1483 recuperari
2648 1402 2906 1482 possint,
2980 1402 3075 1463 ita
3150 1397 3319 1479 quod

565 1491 843 1554 homines
888 1493 950 1552 et
1001 1491 1415 1554 communitas
1464 1490 1741 1570 predicta
1790 1489 2027 1570 possint
2064 1489 2290 1553 habere
2331 1493 2394 1552 et
2439 1490 2726 1571 gaudere,
2766 1488 2927 1571 quod
2964 1506 3159 1550 suum
3197 1488 3317 1549 est.

569 1578 652 1641 Et
699 1577 861 1640 sicut
906 1578 1054 1640 bene
1101 1578 1324 1651 sciunt,
1370 1576 1501 1654 ipse
1549 1577 1835 1640 dominus
1883 1578 2207 1657 Georgius,
2274 1578 2380 1659 qui
2445 1582 2580 1641 erat
2648 1575 2941 1639 dominus
2988 1574 3318 1638 dictorum

570 1667 865 1742 locorum,
914 1667 977 1727 et
1023 1666 1095 1727 de
1144 1664 1268 1727 illis
1315 1683 1388 1728 ac
1433 1664 1764 1728 territoriis
1814 1667 1879 1728 et
1925 1665 2410 1746 possessionibus
2483 1683 2693 1729 eorum
2752 1663 3082 1745 disponere
3134 1664 3318 1743 pote-

573 1754 670 1817 rat
717 1771 828 1834 pro
875 1752 1056 1815 libito
1104 1751 1444 1816 voluntatis
1492 1753 1768 1832 tempore
1814 1752 1910 1815 sui
1959 1751 2237 1828 dominii,
2286 1753 2522 1833 accepit
2566 1754 2632 1816 et
2678 1753 2851 1815 dedit
2883 1752 3313 1832 possessiones

575 1841 904 1924 predictae,
954 1842 1018 1904 et
1065 1841 1387 1921 propterea
1441 1858 1558 1903 non
1607 1840 1851 1902 videtur
1898 1838 2091 1914 nobiS,
2141 1840 2300 1920 quod
2351 1840 2660 1921 possimus
2708 1840 2983 1920 aliquam
3034 1834 3311 1919 provisi-

576 1947 754 1993 onem
804 1929 1130 2008 superinde
1179 1926 1401 2001 facere,
1444 1945 1587 1991 cnm
1634 1927 1746 1991 hoc
1793 1925 2026 1990 factum
2077 1944 2196 1989 non
2242 1926 2430 2009 fuerit
2476 1934 2751 2008 tempore
2798 1925 3056 1991 dominii
3108 1923 3306 1989 nostri

572 2016 680 2080 sed
729 2019 1005 2096 tempore
1052 2017 1117 2078 et
1162 2013 1435 2078 dominio
1475 2013 1704 2078 domini
1750 2013 2003 2095 Georgii
2051 2015 2349 2078 antedicti
2397 2019 2513 2078 etc.

782 2103 881 2166 Ad
945 2101 1283 2166 secundnm
1331 2101 1669 2183 capitulum
1720 2100 1795 2165 de
1842 2100 2007 2165 facto
2084 2101 2415 2165 confinium
2488 2107 2551 2164 et
2594 2101 2669 2164 de
2718 2100 2905 2176 villis,
2956 2117 3073 2181 que
3128 2115 3309 2161 occu-

574 2191 719 2274 pate
767 2191 914 2253 sunt
960 2209 1067 2272 per
1115 2192 1629 2254 communitatem
1683 2189 1952 2265 Scutari,
1995 2190 2060 2254 et
2105 2192 2253 2252 sunt
2294 2191 2455 2253 intra
2503 2208 2646 2254 suos
2678 2189 2970 2263 confines,
3009 2206 3080 2250 ac
3117 2186 3301 2250 solite

574 2282 752 2342 erant
799 2297 932 2341 esse
980 2278 1254 2341 subiecte
1295 2278 1458 2341 dicte
1506 2276 1746 2340 civitati
1792 2277 2065 2341 Drivasti
2109 2279 2173 2340 et
2220 2281 2582 2358 supportare
2654 2294 2841 2339 onera
2887 2294 3031 2338 cnm
3093 2272 3300 2337 homi-

573 2365 756 2430 nibus
803 2364 969 2428 dicte
1012 2371 1195 2439 terre,
1244 2384 1396 2445 quas
1442 2364 1797 2446 supplicant
1844 2363 2067 2436 reduci,
2133 2366 2202 2427 nt
2272 2365 2470 2446 primo
2540 2367 2760 2436 erant;
2832 2361 3304 2443 respondeatur,

579 2455 739 2535 quod
787 2472 892 2533 per
941 2451 1459 2527 informationem,
1500 2469 1685 2533 quam
1739 2452 1978 2515 noviter
2025 2451 2375 2525 habuimuS,
2423 2456 2837 2516 convenerunt
2900 2450 3087 2512 simul
3143 2466 3304 2511 com·

582 2560 768 2605 mune
812 2545 874 2601 et
922 2541 1277 2621 capitaneus
1325 2546 1531 2603 noster
1570 2537 1815 2602 Scutari
1865 2541 1931 2602 et
1978 2543 2246 2619 potestas
2295 2539 2572 2603 Drivasti
2621 2540 2699 2602 ob
2744 2538 3163 2601 differentiam
3200 2555 3304 2598 an-

575 2629 893 2705 tedictam,
943 2629 1007 2690 et
1053 2630 1333 2710 apparet,
1383 2629 1541 2709 quod
1590 2627 1663 2689 de
1734 2626 2048 2691 communi
2111 2629 2429 2692 concordio
2491 2627 2694 2710 alique
2758 2646 2829 2690 ex
2894 2624 3078 2688 dictis
3143 2622 3304 2689 villis

577 2717 827 2780 reducte
889 2716 1036 2778 sunt
1098 2716 1213 2779 snb
1277 2715 1614 2797 potestaria
1672 2715 1969 2791 Drivasti,
2037 2716 2123 2778 ita
2182 2718 2341 2797 quod
2408 2734 2517 2798 pro
2565 2715 2841 2796 presenti
2893 2732 3011 2777 non
3064 2712 3304 2776 videtur

576 2805 773 2880 nobis,
822 2804 981 2885 quod
1028 2803 1113 2866 sit
1161 2804 1360 2867 fienda
1406 2803 1533 2866 alia
1581 2802 1823 2867 novitas
1871 2804 1944 2865 de
1993 2821 2164 2879 nove,
2216 2805 2320 2866 sed
2362 2803 2728 2867 adveniente
2777 2805 2907 2883 ipso
2951 2802 3168 2864 nostro
3212 2817 3305 2862 co·

576 2893 728 2956 mite
777 2892 840 2953 et
883 2892 1224 2972 capitane0,
1275 2909 1459 2973 quem
1507 2891 1569 2953 in
1617 2891 1787 2954 brevi
1836 2893 2251 2970 expectamuS,
2301 2892 2665 2956 habebimus
2714 2909 2854 2954 eum
2905 2907 3091 2970 super
3135 2888 3303 2950 dicta

578 2979 860 3054 materia,
910 2983 974 3041 et
1020 2979 1071 3040 si
1121 2978 1430 3043 videbitur
1475 2977 1650 3041 nobis
1697 2976 1772 3041 de
1821 2977 2094 3042 faciendo
2140 2978 2409 3059 aliquam
2459 2980 2646 3042 aliam
2713 2978 3145 3059 provisionem,
3201 2993 3304 3037 nos

577 3067 874 3131 faciemus
912 3070 973 3129 et
1014 3065 1472 3147 providebimus
1522 3066 1867 3148 superinde,
1917 3067 2250 3129 secuudum
2300 3067 2458 3148 quod
2508 3066 2685 3130 nobis
2758 3068 2990 3129 iustum
3049 3064 3116 3127 et
3162 3081 3303 3126 con·

576 3154 826 3219 veniens
861 3153 1202 3235 apparebit.

788 3240 887 3303 Ad
937 3241 1196 3305 tercium
1245 3241 1608 3322 capitulum,
1658 3240 1818 3320 quod
1866 3240 2270 3304 observentur
2318 3241 2407 3304 eis
2457 3241 2717 3324 antiqua
2748 3242 2988 3304 statuta
3021 3257 3133 3302 sna
3166 3239 3301 3310 etc;

582 3328 1044 3409 respondeatur,
1093 3329 1252 3410 quod
1303 3349 1407 3392 nos
1449 3328 1735 3391 dedimus
1781 3329 1844 3389 in
1895 3329 2202 3390 mandatis
2271 3330 2570 3408 potestati
2645 3332 2870 3404 nostm,
2943 3328 3105 3409 quod
3176 3326 3305 3406 ipse

583 3415 808 3477 debeat
853 3416 941 3477 eis
989 3416 1085 3478 ius
1133 3418 1194 3478 et
1240 3416 1551 3479 iusticiam
1602 3415 1981 3492 ministrare,
2031 3416 2361 3480 secundum
2413 3419 2569 3497 quod
2620 3419 2855 3480 iustum
2897 3415 3018 3477 sibi
3064 3413 3131 3477 et
3162 3432 3306 3477 con-

581 3504 831 3566 veniens
884 3502 1180 3570 videatur,
1230 3503 1579 3567 adherendo
1626 3507 1925 3583 quantum
1975 3502 2113 3583 plus
2162 3504 2394 3584 poterit
2481 3505 2736 3566 statutis
2796 3503 2861 3564 et
2906 3502 3301 3565 consuetudi·

579 3589 756 3653 nibus
804 3589 952 3668 suis,
1005 3591 1107 3654 ubi
1157 3592 1303 3654 iusti
1345 3594 1409 3653 et
1455 3588 1851 3654 rationabiles
1906 3589 2262 3665 videantur-3
2326 3593 2391 3653 et
2449 3591 2541 3654 ita
2600 3593 2701 3654 est
2758 3593 2969 3653 nostra
3016 3587 3302 3663 intentio,

581 3677 739 3757 quod
790 3677 921 3759 ipsi·
956 3680 1015 3740 et
1064 3679 1169 3741 alii
1212 3678 1477 3742 debeant
1525 3678 1724 3742 facere
1772 3679 1837 3739 et
1881 3677 2224 3753 observare,
2275 3696 2391 3741 non
2441 3678 2817 3754 dubitanteS‚
2861 3676 3025 3758 quod
3070 3676 3194 3756 ipsi
3245 3676 3303 3737 in

582 3783 870 3846 processu
917 3767 1218 3845 temporis
1271 3766 1435 3829 clare
1484 3765 1778 3829 videbunt
1851 3767 1915 3826 et
1981 3763 2253 3828 sentient
2320 3765 2553 3829 bonum
2635 3766 2904 3829 fructum
2980 3764 3306 3844 regiminis

582 3853 795 3930 nost-ri,
847 3855 936 3917 ita
982 3856 1143 3935 quod
1194 3854 1598 3917 remanebunt
1642 3851 1794 3914 bene
1841 3853 2131 3925 contenti,
2181 3870 2293 3915 nec
2338 3853 2655 3917 habebunt
2700 3871 2946 3916 causam
2994 3852 3267 3932 querele.

793 3959 894 4022 Ad
941 3963 1230 4041 quartum
1281 3959 1345 4022 et
1389 3958 1677 4039 quintum
1726 3956 1801 4020 de
1850 3956 2014 4020 facto
2061 3957 2155 4021 sui
2204 3958 2427 4021 notarii
2475 3957 2644 4022 soliti
2691 3957 2812 4021 sibi
2858 3955 3164 4019 conficere
3213 3956 3309 4018 in-

584 4047 952 4123 strumenta,
997 4049 1369 4110 testamenta
1412 4048 1476 4110 et
1515 4049 1889 4120 cartassuas,
1939 4063 2057 4125 que
2102 4047 2370 4125 potestas
2422 4049 2624 4110 noster
2673 4045 2804 4107 vult
2852 4043 3034 4107 modo
3082 4043 3303 4107 confici

582 4152 690 4215 per
738 4153 916 4197 suum
968 4135 1295 4210 notarium,
1344 4136 1407 4197 et
1452 4136 1526 4197 de
1599 4133 2028 4204 solutionibuS,
2087 4151 2241 4214 quas
2300 4134 2555 4214 accipit;
2618 4132 3082 4214 respondeatur,
3147 4131 3306 4212 quod

587 4240 803 4284 sumus
850 4222 1123 4285 contenti
1174 4223 1237 4284 et
1283 4221 1486 4303 placet
1534 4219 1731 4296 nobie,
1781 4219 1940 4299 quod
1989 4220 2191 4284 dictus
2249 4239 2398 4284 suus
2470 4221 2743 4284 notarius
2813 4220 3035 4283 debeat
3105 4218 3308 4282 facere

583 4308 673 4373 eis
718 4311 922 4371 cartas
966 4326 1107 4373 suas
1155 4312 1218 4372 et
1263 4311 1637 4373 testamenta
1684 4326 1795 4370 sua
1840 4308 1917 4369 ad
1966 4307 2420 4390 beneplacitum
2469 4327 2669 4384 suum,
2720 4309 2784 4371 et
2828 4308 2986 4388 quod
3037 4325 3159 4370 non
3206 4325 3309 4370 as-

584 4397 942 4478 tringantur
987 4416 1094 4478 per
1140 4399 1378 4460 nostros
1428 4397 1690 4460 rectores
1729 4394 1804 4458 ad
1853 4395 2122 4459 eundum
2170 4395 2247 4459 ad
2295 4396 2565 4460 notarios
2612 4413 2774 4468 suos,
2823 4395 2942 4458 nisi
3001 4397 3308 4476 quantum

584 4484 876 4565 procedat
921 4483 997 4547 de
1044 4502 1249 4547 eorum
1301 4483 1703 4564 beneplacito,
1751 4481 2085 4546 dummodo
2132 4483 2334 4547 dictus
2374 4484 2649 4547 notarius
2696 4482 2782 4544 sit
2828 4481 3055 4564 legalis
3101 4485 3168 4544 et
3201 4481 3310 4545 bo-

584 4589 721 4646 nus,
769 4572 867 4634 cui
913 4571 1151 4635 notario
1201 4590 1309 4635 suo
1356 4572 1768 4652 providebunt
1814 4570 1886 4633 de
1936 4588 2046 4632 sua
2095 4570 2423 4646 solutione,
2471 4572 2635 4634 sicut
2679 4569 2849 4633 soliti
2899 4569 3066 4633 sunt.

798 4658 898 4720 Ad
947 4661 1189 4722 sextum
1236 4659 1310 4722 de
1356 4660 1495 4723 vino
1540 4657 1786 4733 forensi,
1840 4658 1999 4737 quod
2046 4660 2268 4738 petunt
2312 4677 2430 4721 non
2478 4675 2656 4740 posse
2688 4656 2943 4721 conduci
2980 4673 3092 4719 nec
3127 4658 3309 4719 vendi

586 4743 651 4806 in
695 4743 968 4822 civitate,
1016 4745 1210 4810 donec
1259 4746 1472 4810 vinum
1508 4745 1963 4828 terrigenarum
2011 4744 2214 4819 durat,
2261 4745 2404 4826 quia
2447 4746 2536 4808 sic
2606 4763 2848 4826 semper
2909 4743 3166 4807 solitum
3217 4751 3313 4807 est

585 4831 838 4911 servari,
879 4832 982 4897 ubi
1028 4832 1230 4897 dictus
1277 4834 1553 4917 potestas
1593 4832 1672 4898 ad
1715 4848 1966 4917 presens
2013 4849 2134 4896 non
2167 4833 2452 4898 obstante
2490 4832 2656 4898 dicta
2687 4829 3131 4898 consuetudine
3167 4849 3313 4898 con·
