3620 5282
452 272 589 339 310

668 445 889 514 Simite
935 442 1330 527 privilegium
1380 443 1611 509 factum
1659 443 1781 508 fuit
1827 442 1904 509 de
1949 442 2134 508 verbo
2165 441 2241 507 ad
2273 442 2536 508 verbum
2566 440 2812 526 egregio
2844 442 2912 504 et
2943 440 3181 524 magni-

455 534 570 600 fico
617 535 748 600 viro
792 533 1037 597 domine
1070 531 1306 596 Volcho
1341 532 1517 612 bano,
1558 531 1686 598 filio
1719 534 1976 597 condam
2011 530 2279 614 voyvode
2310 531 2721 608 Bossinensi3‚
2753 528 2938 594 fratri
2969 547 3182 613 supra-

455 622 672 704 scripti
721 619 952 685 domini
1000 617 1335 703 Chervoye.

536 728 725 788 Liber
767 728 1224 804 Privileyiorum
1273 722 1324 788 l.
1379 729 1523 798 107,
1569 744 1610 786 u
1655 727 1813 788 κεῖσέ.
1863 728 2102 789 arkivu.

612 941 1263 1026 CCCCXLVIII.
1322 942 1529 1026 θοὰ.
1584 943 1810 1026 1393.
1872 943 1962 1025 17
2015 941 2466 1042 kolovoza‚
2520 966 2582 1025 u
2637 943 3026 1027 Mletclh.

639 1103 971 1178 Rreravnju
1011 1120 1073 1163 se
1117 1104 1288 1177 make
1334 1103 1600 1165 tramae
1632 1103 1990 1178 predlobene
2035 1104 2112 1164 οα
2150 1105 2473 1178 poszanika
2518 1104 2721 1166 owine
2756 1104 2992 1165 arache.

668 1248 854 1314 1393.
901 1250 1132 1315 mensis
1182 1251 1435 1334 augusti
1481 1251 1581 1316 die
1627 1251 1829 1316 XVII.
1879 1250 2220 1317 indictione
2253 1253 2471 1335 prima.
2519 1250 2846 1334 Sapientes
2873 1250 3178 1317 ordinum.

458 1336 690 1419 Capta:
759 1356 902 1402 cum
987 1356 1197 1402 coram
1267 1341 1478 1403 nostro
1547 1338 1819 1403 dominio
1889 1340 2352 1421 comparuerint
2405 1340 2837 1406 ambaxatores
2898 1339 3180 1406 civitatis

456 1427 665 1490 nostre
709 1424 1027 1502 Durachii‚
1098 1425 1418 1490 humiliter
1488 1426 1930 1508 supplicantes,
2002 1430 2304 1510 quatenus
2373 1428 2772 1513 dignaremur
2840 1428 2913 1490 de
2973 1428 3183 1510 gratia

454 1512 711 1594 speciali
758 1513 847 1578 eis
890 1514 1219 1578 concedere
1266 1515 1331 1578 et
1378 1513 1759 1578 conformare
1805 1514 2076 1597 capitala
2122 1515 2519 1598 infrascripta
2552 1536 2659 1599 per
2690 1534 2794 1580 eos
2829 1514 3007 1579 nobis
3039 1534 3183 1598 por-

457 1603 645 1678 recta,
695 1603 759 1665 et
806 1601 975 1682 pium
1024 1602 1110 1665 sit
1154 1600 1244 1666 eis
1291 1602 1352 1665 in
1400 1604 1701 1683 quantum
1751 1604 2061 1683 possimus
2106 1621 2245 1667 cum
2280 1604 2513 1668 honore
2569 1607 2776 1668 nostro
2838 1604 3181 1682 subvenire,

459 1690 650 1753 etiam
701 1706 810 1772 pro
856 1688 1207 1771 populando
1253 1688 1573 1754 civitatem
1623 1691 1901 1754 nostram
1951 1688 2330 1774 predictam;
2394 1693 2569 1757 vadit
2630 1710 2793 1774 pam,
2866 1692 3027 1772 quod
3093 1691 3182 1757 eis

460 1776 902 1859 respondeatur
943 1778 1007 1840 et
1049 1776 1489 1841 confirmentur
1529 1777 1804 1861 capitula
1875 1777 2270 1859 infrascripta
2335 1797 2474 1843 cum
2545 1778 3023 1843 correctionibus
3089 1780 3183 1844 in-

457 1863 650 1931 ferius
699 1864 1015 1928 annotatis
1062 1866 1126 1927 et
1172 1864 1233 1928 in
1281 1866 1370 1929 eis
1416 1865 1687 1941 inserti8‚
1736 1865 2046 1930 videlicet.

668 1952 752 2016 Et
792 1951 996 2033 primo
1043 1968 1225 2033 super
1270 1952 1473 2035 primo
1520 1953 1812 2035 capitulo,
1861 1971 1971 2035 per
2017 1952 2178 2036 quod
2249 1955 2488 2036 petant,
2556 1953 2720 2036 quod
2764 1970 2981 2018 omnes
3023 1952 3184 2016 cives

458 2040 753 2107 Durachii
799 2057 1031 2123 pascua
1076 2057 1282 2105 coram
1329 2040 1609 2105 Zemalia
1652 2042 1715 2105 et
1753 2042 1953 2105 estiva
2022 2042 2201 2123 prata
2268 2046 2333 2105 et
2393 2046 2689 2106 montana
2736 2045 2800 2105 et
2842 2039 2998 2105 illud
3045 2059 3180 2123 pas-

456 2146 664 2204 cuum,
712 2127 809 2191 cui
863 2127 1088 2191 dicitur
1136 2127 1321 2206 Varo,
1370 2146 1484 2193 nec
1526 2146 1647 2192 non
1693 2129 1902 2193 vineas
1943 2129 2008 2192 et
2052 2146 2300 2211 campos
2370 2147 2807 2212 quoscumque,
2857 2129 3067 2194 hortos
3105 2129 3178 2192 ‚et

459 2214 694 2280 salinas
742 2234 852 2280 nec
897 2231 1017 2279 non
1067 2215 1422 2280 molendina
1466 2233 1662 2298 aquea
1707 2215 2064 2298 possideant
2124 2215 2317 2281 libere
2369 2221 2434 2282 et
2493 2218 2723 2300 quiete,
2786 2215 3059 2280 vendant
3115 2218 3180 2278 et

462 2302 715 2367 tradant
762 2321 871 2385 pro
918 2321 1130 2367 eorum
1180 2301 1443 2368 arbitrio
1491 2303 1850 2380 voluntatis,
1899 2306 1964 2368 et
2008 2302 2167 2387 quod
2215 2305 2453 2369 ratione
2502 2305 2730 2370 usatici
2783 2322 2891 2368 seu
2938 2303 3176 2368 afficta·

458 2393 621 2464 ture,
667 2408 854 2473 quam
899 2389 1285 2456 Albanenses
1331 2392 1430 2457 vel
1474 2390 1581 2458 alii
1629 2393 2078 2457 consueverunt
2116 2391 2263 2457 dare
2308 2391 2494 2457 dictis
2541 2391 2780 2458 civibus
2847 2392 3181 2456 Duracenis

461 2496 569 2561 pro
617 2478 769 2561 ipsis
815 2477 1011 2559 pratis
1057 2478 1296 2544 ratione
1343 2495 1736 2562 pascuorum,
1807 2496 1926 2543 non
1990 2481 2228 2561 possint
2284 2480 2573 2562 impediri
2635 2478 3015 2544 venditiones
3074 2497 3178 2542 seu

462 2565 871 2631 alienationes
917 2564 1128 2631 fiende‘
1160 2584 1269 2651 per
1313 2567 1620 2650 predictos
1668 2569 1743 2631 de
1789 2566 2098 2632 Durachio
2144 2570 2290 2646 etc.,·
2335 2569 2502 2633 vadit
2548 2585 2716 2652 para,
2786 2566 2946 2652 quod
3014 2564 3179 2630 dicta

456 2654 676 2738 petitio
723 2652 1123 2720 confirmetur
1163 2656 1273 2732 eis,
1323 2655 1486 2720 sicut
1532 2658 1773 2739 petunt,
1823 2674 1966 2720 cum
2031 2656 2145 2721 hoc
2191 2658 2423 2731 tamen,
2468 2655 2626 2739 quod
2673 2655 2793 2738 ipsi
2843 2655 3175 2720 Durachini

455 2742 695 2826 possint
738 2743 1005 2827 gaudere
1051 2742 1242 2808 libere
1287 2744 1574 2809 omnibus
1605 2743 2045 2826 suprascriptis
2092 2763 2202 2827 per
2247 2762 2351 2810 eos
2392 2745 2628 2827 petitis,
2677 2743 2900 2826 quibus
2936 2761 3176 2826 presen-

457 2830 690 2895 tialiter
731 2830 1005 2913 gaudent
1047 2834 1110 2894 et
1151 2830 1568 2913 perfruuntur,
1618 2831 1928 2896 dumnodo
1973 2831 2138 2896 dicte
2182 2850 2282 2898 res
2328 2851 2448 2897 non
2499 2834 2780 2914 spectent
2828 2849 2937 2895 nec
3001 2849 3178 2913 spec·

458 2919 593 2983 tare
640 2918 880 3001 possint
917 2920 1128 2984 nostro
1174 2919 1510 2996 communi,
1558 2936 1669 2984 nec
1715 2920 1780 2982 in
1828 2918 1917 2984 eis
1963 2922 2250 2984 nostrum
2297 2938 2623 2985 commune
2655 2920 2753 2984 ius
2784 2919 3029 2996 habeat,
3057 2936 3178 2983 non

460 3006 806 3089 derogando
851 3006 1045 3072 etiam
1090 3008 1413 3088 propterea
1486 3006 1549 3071 in
1606 3007 1816 3089 aliquo
1885 3006 2165 3089 partibus
2231 3008 2431 3090 captis
2500 3009 2563 3073 in
2620 3009 2858 3071 nostris
2904 3006 3182 3071 consiliis

458 3097 808 3176 rogatorum
850 3095 915 3159 et
963 3092 1311 3171 additioniS,
1360 3096 1765 3172 continente3‚
1817 3095 1978 3177 quod
2024 3094 2412 3161 Albanenses
2463 3096 2705 3177 possint
2742 3096 3013 3178 gaudere
3045 3111 3180 3158 om-

338 3257 361 3266 ,
457 3182 638 3246 nibus
685 3183 751 3246 et
795 3181 1058 3265 singulis
1105 3182 1598 3263 possessionibus
1645 3185 1711 3247 et
1754 3183 1899 3246 aliis
1948 3182 2235 3247 omnibus
2283 3184 2372 3247 eis
2416 3182 2664 3247 donatis
2712 3202 2821 3265 per
2866 3181 3176 3265 quondam

457 3267 776 3334 dominum
824 3267 1163 3352 Georgium
1211 3268 1530 3334 dominum
1580 3268 1878 3335 Durachii
1928 3273 2067 3345 etc„
2114 3270 2278 3334 sicut
2308 3270 2370 3334 in
2404 3271 2571 3335 dicta
2604 3274 2780 3353 parte
2809 3269 3180 3335 continetur.

668 3354 863 3439 Super
907 3357 1172 3421 secundo
1219 3357 1513 3440 capitale,
1554 3376 1662 3439 per
1706 3358 1863 3439 quod
1909 3358 2149 3439 petunt,
2198 3357 2358 3440 quod
2420 3359 2696 3440 predicta
2739 3357 3186 3423 communitate

457 3443 768 3528 gaudeant
811 3445 1180 3527 quicumque
1217 3446 1498 3509 venerint
1542 3444 1893 3509 habitatum
1937 3445 2321 3510 Durachinm
2357 3449 2604 3528 propter
2642 3446 2996 3511 libertatem
3028 3444 3184 3508 civi-

457 3531 610 3597 tatis
658 3531 977 3609 Durachii‚
1026 3536 1087 3595 et
1137 3530 1401 3597 debeant
1448 3533 1786 3597 Duracenis
1832 3532 2106 3616 copulari
2154 3536 2285 3607 etc;
2349 3535 2518 3598 vadit
2579 3551 2741 3616 pars,
2813 3535 2968 3616 quod
3015 3532 3185 3596 dicta

456 3619 673 3703 petitio
720 3619 1090 3684 reformetur
1134 3619 1198 3683 in
1245 3621 1407 3684 hunc
1453 3622 1725 3699 modum,
1774 3620 2084 3698 videlicet,
2133 3620 2292 3703 quod
2340 3639 2548 3686 omnes
2597 3626 2662 3686 et
2705 3620 2935 3703 singuli
2979 3619 3182 3684 foren-

454 3725 574 3786 ses,
621 3708 1058 3789 cuiuscumque
1128 3707 1495 3772 conditionis
1564 3708 1850 3785 existent,
1915 3709 2019 3792 qui
2098 3709 2376 3773 venerint
2441 3727 2582 3773 cum
2644 3727 2856 3774 eorum
2918 3708 3179 3772 familiis

450 3795 804 3859 habitatum
856 3792 1265 3873 Durachium‚
1330 3798 1395 3860 et
1436 3797 1727 3861 steterint
1786 3815 1929 3861 cum
1998 3796 2182 3860 dictis
2239 3796 2371 3860 suis
2441 3796 2696 3861 familiis
2771 3795 3045 3860 fatiendo
3110 3798 3177 3858 et

451 3882 867 3966 supportando
914 3900 1098 3947 onera
1145 3885 1209 3946 et
1254 3882 1550 3948 factiones
1597 3886 1663 3948 et
1706 3885 1993 3967 guardias
2040 3884 2205 3949 dicte
2253 3887 2415 3948 terre
2463 3903 2570 3967 per
2618 3884 2889 3967 quinque
2956 3902 3169 3957 annae,

450 3972 578 4036 sint
623 3972 789 4036 cives
833 3970 1147 4046 Durachii‚
1182 3973 1247 4035 et
1293 3971 1560 4035 debeant
1604 3971 1864 4036 tractari
1945 3989 2049 4053 pro
2121 3972 2469 4051 DuraciniS,
2531 3990 2604 4036 ac
2666 3971 2861 4036 etiam
2910 3973 3178 4053 gaudere

451 4058 745 4124 omnibus
794 4060 858 4122 et
901 4057 1168 4143 singulis
1218 4058 1532 4123 beneficiis
1578 4061 1641 4123 et
1683 4059 2206 4135 immunitatibus,
2257 4060 2482 4142 quibus
2527 4060 2796 4142 gaudent
2838 4059 3005 4123 cives
3046 4056 3183 4121 Du-

451 4146 669 4224 rachii,
714 4146 779 4212 et
823 4145 940 4212 hoc
984 4148 1060 4211 ut
1098 4145 1321 4211 civitas
1369 4146 1590 4210 melius
1633 4146 2017 4229 apopuletur.
2051 4147 2283 4212 Verum
2318 4148 2368 4211 si
2402 4147 2658 4229 predicti
2703 4145 2977 4211 forenses
3021 4147 3185 4209 irent

450 4234 807 4299 habitatum
854 4235 1012 4299 alias
1059 4251 1200 4298 cum
1248 4251 1361 4297 sua
1403 4233 1663 4311 familia,
1715 4236 1842 4299 sint
1887 4239 2061 4298 extra
2102 4235 2330 4299 dictam
2372 4234 2757 4297 civilitatem.

663 4320 860 4403 Super
905 4321 1099 4386 tercio
1146 4320 1435 4404 capitulo,
1487 4341 1596 4404 per
1643 4324 1800 4404 quod
1853 4325 2092 4402 petunt,
2146 4321 2304 4406 quod
2353 4321 2610 4385 ecclesie
2653 4322 2847 4386 latine
2895 4323 2961 4385 et
2999 4338 3183 4402 greca

452 4408 582 4473 tam
635 4409 710 4473 de
757 4408 1286 4492 archiepiscopatu
1335 4428 1518 4491 quam
1568 4410 1641 4473 de
1688 4410 2044 4493 episcopatu
2095 4428 2207 4474 nec
2255 4427 2369 4474 non
2419 4409 2627 4473 clerici
2689 4411 2755 4472 et
2811 4410 3185 4473 monasteria

452 4497 516 4559 et
561 4512 775 4559 eorum
821 4515 920 4561 res
966 4496 1094 4561 sint
1138 4496 1476 4561 secundum
1524 4515 1736 4566 eorum
1783 4498 1920 4562 iura
1954 4500 2020 4562 et
2062 4496 2531 4562 consuetudines
2561 4495 2741 4561 liberi
2777 4499 2842 4560 et
2870 4496 3185 4560 immunes

454 4583 517 4646 et
562 4580 885 4660 potissime
932 4601 1043 4648 sue
1081 4582 1449 4661 elemosine3
1511 4584 1685 4650 vadit
1747 4603 1910 4668 pars,
1978 4586 2136 4669 quod
2199 4585 2367 4649 dicta
2433 4584 2656 4665 peticio
2701 4582 3076 4648 reformetur
3121 4584 3183 4647 in

450 4666 615 4731 hunc
661 4666 932 4750 modum,
984 4670 1289 4749 videlicet,
1338 4671 1501 4754 quod
1549 4690 1761 4738 omnes
1807 4672 2162 4752 elemosine,
2211 4690 2331 4757 que
2377 4671 2520 4738 date
2564 4670 2799 4737 fuerint
2860 4671 3181 4750 fratribus,
