3620 5282
2908 356 3030 424 129

295 531 414 607 tur,
466 548 582 610 que
632 530 794 593 dicto
844 529 1087 592 domino
1136 528 1272 593 duci
1322 548 1427 593 seu
1476 532 1786 593 communi
1838 529 2243 594 Veneciarum
2292 531 2507 594 ablata
2555 530 2817 596 fuissent
2874 535 3034 597 tem-

293 635 437 697 pore
505 617 809 698 presentis
870 635 1108 698 guerre.
1157 619 1316 681 Aeto
1364 621 1572 680 tamen
1635 618 1793 681 inter
1842 617 2009 698 ipsas
2059 622 2286 699 parteS,
2357 621 2509 699 quod
2576 620 2785 702 vigore
2846 620 3033 685 huius

295 705 549 786 capituli
595 704 871 784 prefatus
921 704 1207 768 dominus
1255 724 1356 767 rex
1406 724 1519 766 non
1577 707 1661 768 sit
1719 705 2033 785 obligatus
2082 724 2201 786 quo
2242 705 2316 768 ad
2366 706 2719 770 Tarvisium
2790 710 2854 770 et
2912 710 3032 771 ter·

295 811 395 855 ras
447 797 510 856 et
556 792 690 854 loca
739 793 1000 855 traditas
1049 795 1111 854 et
1159 792 1388 854 tradita
1435 793 1680 855 domiuo
1728 792 1865 854 duci
1916 792 2221 873 Leopoldo
2270 813 2375 873 per
2424 794 2746 858 domiuum
2808 788 3031 859 ducem

295 881 358 942 et
403 897 726 943 commune
777 879 1178 942 veneciarum
1250 880 1311 942 in
1359 879 1638 943 Tarvisio
1696 884 1760 941 et
1822 880 2132 943 territorio
2195 882 2514 944 Tarvisino
2577 901 2683 945 seu
2748 901 2864 964 que
2929 902 3036 963 per

300 967 536 1030 dictum
584 967 895 1030 dominum
944 967 1327 1048 Leupoldum
1376 966 1750 1041 detinentur,
1812 986 1921 1030 nec
1968 968 2155 1030 etiam
2211 966 2459 1048 aliquod
2525 970 2617 1032 ius
2672 973 3028 1049 competens

298 1054 460 1117 dicto
505 1053 754 1119 domiuo
805 1055 942 1117 duci
991 1059 1055 1116 et
1099 1056 1406 1118 communi
1460 1055 1868 1119 Veneciarum
1919 1056 1976 1116 in
2014 1055 2162 1135 ipsis
2198 1055 2257 1117 in
2293 1054 2495 1137 aliquo
2548 1056 2878 1132 minuatur,
2926 1056 3033 1119 sed

300 1142 358 1204 in
408 1142 495 1205 eis
532 1160 643 1205 sua
691 1143 826 1205 iura
868 1146 1228 1205 remaneant
1274 1161 1516 1223 semper
1559 1142 1745 1216 salva,
1799 1159 1908 1204 nec
1955 1161 2057 1221 per
2095 1143 2305 1223 aliqua
2337 1143 2401 1205 in
2440 1145 2710 1223 presenti
2754 1145 3029 1224 capitulo

300 1230 589 1292 contenta
640 1228 1069 1310 intelligantur
1115 1247 1438 1292 commune
1491 1229 1893 1292 Veneciarum
1941 1247 2044 1292 seu
2094 1229 2245 1292 dicti
2303 1229 2522 1293 sindici
2590 1230 2720 1294 eius
2785 1231 3032 1296 nomine

298 1316 526 1397 aliquid
576 1318 955 1393 immutasse,
1007 1335 1117 1379 uec
1163 1317 1281 1380 sibi
1331 1316 1788 1398 quomodolibet
1835 1317 2178 1398 derogasse,
2229 1334 2336 1379 seu
2384 1317 2704 1381 innovasse
2751 1317 2847 1381 vel
2897 1337 3037 1397 pre-

299 1403 604 1467 iudicasse
651 1405 839 1467 etiam
889 1404 1104 1486 quovis
1154 1406 1328 1467 modo
1375 1404 1681 1485 aliquibus
1725 1403 2231 1468 conventionibus
2300 1420 2408 1466 seu
2462 1405 2682 1485 pactis,
2746 1423 2861 1485 que
2926 1405 3034 1470 ha-

301 1491 484 1554 beant
532 1492 629 1555 vel
674 1491 972 1555 hactenus
1024 1492 1353 1555 habuerint
1394 1510 1533 1554 cum
1584 1491 1819 1572 prefato
1867 1490 2113 1554 domino
2160 1492 2313 1553 duce
2350 1490 2649 1572 Leopoldo
2697 1491 2779 1568 in,
2829 1511 3030 1574 super,

299 1579 393 1656 de,
440 1597 544 1642 seu
599 1598 703 1659 pro
749 1579 1003 1642 civitate
1035 1579 1298 1642 'I'arvisii
1348 1583 1409 1642 et
1453 1577 1797 1654 cenetensi,
1849 1598 1955 1642 seu
2003 1579 2315 1641 territorio
2360 1578 2677 1642 Tarvisino
2724 1581 2788 1641 et
2835 1577 3032 1642 Cene-

302 1666 483 1729 tensi.
557 1667 635 1728 Et
692 1666 985 1729 similiter
1045 1666 1232 1729 etiam
1296 1666 1504 1748 vigore
1570 1667 1869 1747 presentis
1931 1665 2189 1747 capituli
2254 1665 2529 1746 prefatus
2593 1663 2880 1728 dominus
2928 1685 3032 1729 rex

303 1771 422 1816 non
472 1753 557 1815 sit
602 1753 913 1834 obligatus
961 1772 1080 1836 quo
1129 1755 1204 1816 ad
1253 1758 1449 1816 terras
1488 1755 1549 1816 et
1595 1755 1817 1829 castra,
1867 1771 1984 1833 que
2033 1755 2105 1816 de
2154 1752 2316 1815 dicto
2363 1753 2674 1816 territorio
2705 1752 3031 1817 Tarvisino

304 1842 475 1904 tenet
516 1841 873 1922 magnificus
920 1841 1203 1904 dominus
1253 1841 1616 1905 Franciscus
1663 1841 1738 1903 de
1787 1840 2075 1903 Carraria
2116 1841 2401 1903 dominus
2451 1841 2677 1918 Padue,
2746 1840 3036 1904 videlicet

300 1929 502 1992 castra
549 1928 818 2004 Anoalis‚
893 1931 1079 1993 castri
1128 1928 1367 2005 Franci,
1419 1927 1602 2004 Asili,
1651 1927 1943 1991 bastitam
1994 1928 2253 1991 Romani
2308 1930 2372 1990 et
2412 1929 2631 1990 turrim
2682 1928 3028 2007 rotundam,

299 2015 373 2079 de
422 2033 610 2096 supra
654 2015 870 2091 Silere,
921 2018 1219 2080 bastitam
1270 2015 1526 2092 Casalis,
1577 2015 1868 2078 bastitam
1919 2014 2103 2078 castri
2153 2014 2410 2091 Alverii,
2476 2033 2614 2077 cum
2678 2015 3031 2095 territoriis,

300 2101 466 2165 villis
517 2104 581 2166 et
626 2102 1156 2166 iurisdictionibus
1202 2102 1622 2183 spectantibus
1663 2102 1738 2165 ad
1788 2101 1958 2165 dicta
2004 2102 2154 2165 loca.
2227 2101 2358 2165 Nec
2408 2101 2597 2165 etiam
2644 2102 3035 2184 intelligatur

301 2191 502 2252 dictus
550 2191 834 2253 dominus
887 2210 990 2254 rex
1037 2194 1241 2271 vigore
1289 2191 1438 2253 dieti
1489 2190 1746 2270 capituli
1797 2189 2108 2270 obligatus
2154 2189 2230 2253 ad
2282 2190 2739 2252 restitutionem
2800 2190 3029 2255 bastite

299 2277 374 2338 de
423 2275 592 2340 Colle
640 2280 704 2340 et
751 2277 955 2342 Reche
1004 2277 1203 2341 sancti
1253 2276 1509 2340 Martini
1560 2277 1635 2340 de
1685 2276 1924 2360 Cenerla
1972 2296 2109 2340 cum
2163 2276 2348 2353 villis,
2413 2277 2740 2341 territoriis
2803 2279 2867 2341 et
2924 2277 3030 2359 ju-

300 2364 764 2427 risdictionibus
811 2383 1044 2442 eorum,
1094 2384 1208 2447 que
1257 2384 1364 2446 per
1411 2365 1646 2428 dictum
1693 2365 2010 2427 dominum
2062 2381 2266 2446 regem
2316 2363 2415 2427 vel
2462 2383 2602 2428 suas
2671 2366 2890 2446 gentes
2940 2367 3034 2428 te-

304 2453 543 2514 nentur.
615 2453 743 2515 Nec
790 2454 980 2516 etiam
1027 2451 1417 2534 intelligatur
1467 2452 1670 2533 vigore
1719 2451 2025 2533 presentis
2096 2451 2347 2532 capituli
2407 2451 2680 2530 prefatus
2741 2451 3030 2515 dominus

305 2558 406 2600 rex
477 2539 791 2620 obligatus
839 2559 957 2621 quo
1004 2542 1078 2602 ad
1132 2542 1329 2604 terras
1376 2541 1439 2601 et
1507 2543 1731 2616 castra,
1802 2557 1917 2620 que
1978 2539 2262 2602 dominus
2332 2539 2686 2619 patriarcha
2756 2557 2866 2603 seu
2935 2539 3028 2602 illi

300 2625 375 2689 de
408 2626 829 2707 patriarchatu
879 2627 1275 2709 Aquilegensi
1327 2631 1538 2691 tenent
1579 2647 1684 2690 seu
1715 2629 2167 2707 occupaverunt
2199 2626 2260 2689 in
2297 2628 2567 2707 presenti
2602 2645 2842 2708 guerra.
2892 2627 3028 2692 Hoc

301 2716 508 2777 tamen
557 2716 724 2778 salvo
774 2719 835 2777 et
882 2735 1027 2779 sane
1078 2715 1412 2791 intellectO,
1464 2717 1623 2796 quod
1657 2716 1934 2797 prefatus
1970 2715 2399 2777 serenissimus
2432 2715 2713 2777 domiuus
2747 2714 3032 2778 dominus

302 2822 401 2864 rex
450 2821 554 2883 per
602 2821 666 2865 se
710 2802 801 2866 vel
848 2802 1038 2865 alium
1092 2821 1205 2865 non
1279 2803 1473 2884 possit
1536 2820 1645 2865 nec
1706 2802 1927 2866 debeat
1994 2820 2231 2881 capere,
2303 2818 2599 2882 occupare
2664 2802 2760 2865 vel
2828 2804 3033 2866 tenere

301 2889 571 2969 aliquam
623 2909 690 2953 ex
743 2890 944 2964 terrie,
993 2890 1215 2953 castris
1261 2890 1358 2953 vel
1406 2890 1576 2965 lociS‚
1627 2908 1741 2969 que
1790 2890 1851 2951 in
1897 2907 2122 2970 guerra
2170 2887 2439 2967 presenti
2490 2890 2669 2967 capta
2713 2907 2821 2951 seu
2854 2906 3030 2953 occu·

302 2978 446 3056 pata
493 2981 637 3053 sunt
680 2978 770 3039 vel
817 2977 1067 3040 fuerunt
1112 2996 1219 3057 per
1267 2978 1502 3040 dictum
1549 2976 1864 3039 dominum
1939 2974 2353 3057 patriarcham
2423 2976 2517 3037 vel
2584 2976 3031 3038 vicedominum

300 3064 396 3127 vel
436 3066 649 3145 gentes
698 3067 770 3128 de
820 3064 1252 3144 patriarchatu,
1303 3084 1419 3146 qne
1469 3066 1677 3144 vigore
1724 3082 1832 3126 seu
1881 3063 2108 3126 virtute
2156 3061 2456 3142 presentis
2521 3062 2690 3142 pacis
2761 3062 2924 3126 facte
2969 3069 3034 3126 et

307 3150 550 3214 firmate
595 3170 735 3214 cum
786 3152 1060 3225 sindiciS,
1112 3153 1424 3215 actoribus
1473 3157 1537 3214 et
1586 3150 2080 3230 procuratoribus
2125 3150 2270 3212 dicti
2325 3147 2781 3229 patriarchatus
2807 3150 3034 3213 debent

304 3238 561 3319 relinqui
611 3241 674 3301 et
718 3240 949 3302 dimitti
999 3239 1195 3302 libera
1241 3240 1306 3302 et
1350 3239 1632 3319 expedita
1677 3239 1839 3300 dicto
1886 3238 2196 3301 communi
2237 3236 2656 3313 Veneciarum,
2708 3237 2825 3299 nisi
2861 3239 3032 3319 prius

307 3325 471 3388 facta
519 3327 909 3389 restitutione
956 3327 1120 3389 dicto
1166 3326 1476 3389 communi
1529 3326 1927 3389 Veneciarum
1976 3342 2085 3405 per
2154 3324 2349 3386 dictos
2401 3323 2869 3404 AquilegenseS.
2934 3326 3031 3388 Ita

304 3415 516 3477 tamen
569 3418 631 3475 et
679 3413 906 3488 taliter,
977 3415 1133 3494 quod
1181 3433 1291 3494 per
1338 3412 1504 3476 dicta
1553 3414 1731 3476 verba
1796 3413 1984 3475 etiam
2058 3415 2195 3492 post
2264 3411 2493 3473 dictam
2566 3410 3032 3478 restitutionem

302 3520 421 3563 non
466 3499 871 3579 intelligatur,
936 3501 1095 3581 quod
1159 3500 1390 3563 dictum
1457 3500 1772 3562 dominum
1847 3518 2052 3581 regem
2122 3501 2335 3562 contra
2404 3497 2663 3561 formam
2727 3501 3032 3581 presentis

303 3587 473 3667 pacis
525 3606 699 3666 posse
739 3607 956 3668 capere
1005 3588 1100 3651 vel
1147 3587 1433 3650 invadere
1482 3588 1648 3649 dicta
1693 3586 1851 3650 loca.

511 3675 670 3737 Item
721 3676 839 3737 suit
886 3679 1095 3739 actum
1150 3674 1307 3736 inter
1363 3675 1560 3737 dictas
1629 3677 1860 3754 parteS,
1932 3674 2090 3753 quod
2161 3672 2526 3735 adherentes
2605 3674 2668 3735 et
2737 3691 3033 3754 sequaces

306 3760 453 3825 dicti
504 3761 736 3825 domini
785 3763 951 3843 regis
1000 3762 1434 3842 intelligantur
1481 3764 1544 3824 et
1585 3763 1713 3824 sint
1783 3762 2002 3823 inclusi
2069 3761 2129 3822 in
2176 3758 2451 3841 presenti
2515 3778 2681 3840 pace,
2747 3761 3036 3826 videlicet

303 3849 672 3930 spectabiles
722 3848 834 3913 viri
881 3849 1267 3913 Guecelonus
1304 3848 1614 3912 Gerar-dus
1661 3850 1724 3912 et
1757 3848 2063 3911 Rizardus
2110 3848 2184 3909 de
2233 3845 2487 3909 Camino
2535 3847 2791 3909 comites
2840 3847 3031 3912 Cene-

305 3940 506 4001 tenses
558 3956 699 4000 cum
750 3937 1020 4017 ipsorum
1067 3936 1354 4014 subditis,
1404 3936 1552 3997 locis
1601 3938 1664 3997 et
1703 3934 2016 3999 fortiliciis
2065 3934 2553 4017 quibuscunque.
2615 3933 2697 3995 Et
2743 3933 3033 3999 similiter

304 4042 410 4102 pro
457 4030 633 4104 parte
700 4026 1042 4088 communis
1089 4024 1492 4087 Veneciarum
1542 4023 1910 4102 spectabiles
1961 4022 2075 4085 viri
2122 4021 2503 4084 Rambaldus
2552 4023 2616 4082 et
2662 4017 3030 4085 Ansedisius

308 4111 565 4174 comites
611 4113 685 4174 de
733 4111 974 4175 Colalto
1022 4114 1314 4192 tanquam
1368 4111 1639 4190 ipsorum
1691 4111 2061 4173 Venetorum
2111 4109 2498 4181 adherentes,
2570 4124 2710 4169 cum
2760 4108 3028 4187 ipsorum

304 4198 588 4269 subditis,
637 4199 787 4262 locis
835 4203 900 4262 et
947 4198 1256 4261 fortiliciis
1304 4197 1791 4278 quibuscumque
1837 4197 2229 4260 includantur
2278 4195 2337 4255 in
2390 4211 2537 4275 pace
2585 4196 2880 4274 presenti.

513 4286 777 4350 Demum
827 4287 947 4349 suit
992 4287 1154 4349 inter
1203 4290 1409 4364 partes
1457 4282 1765 4365 predictas
1799 4283 1987 4347 dictis
2046 4281 2396 4345 nominibus
2430 4282 2821 4359 conventum,
2870 4284 3030 4362 quod

305 4388 485 4452 super
551 4392 669 4437 non
734 4373 1102 4454 specificatis
1166 4374 1230 4435 et
1289 4370 1619 4436 declaratis
1681 4371 1744 4433 in
1807 4371 2076 4451 presenti
2140 4387 2286 4450 pace
2334 4368 2535 4429 stetur
2597 4368 2730 4448 paci
2779 4371 3033 4448 antique

305 4455 463 4522 inter
510 4465 683 4542 parte
733 4463 1035 4541 predictas
1077 4460 1376 4523 hacteuus
1421 4457 1746 4521 celebrate.

461 4570 466 4573 ·
514 4549 595 4610 Et
655 4547 993 4628 supradicti
1062 4546 1322 4629 syndici,
1385 4547 1623 4609 actores
1683 4546 1747 4609 et
1809 4547 2180 4625 procurates,
2229 4541 2655 4608 ambaxatores
2718 4542 2782 4603 et
2834 4543 3035 4605 nuntii

303 4629 608 4698 dictorum
656 4636 1040 4699 dominorum
1066 4634 1311 4711 ducum,
1345 4631 1738 4696 consiliorum
1798 4634 1863 4693 et
1907 4631 2325 4694 communium
2358 4629 2557 4693 Janue
2592 4647 2666 4689 ex
2699 4646 2818 4690 uua
2857 4632 3034 4709 parte

305 4720 369 4781 et
411 4720 814 4786 Venetiarum
864 4741 935 4785 ex
980 4722 1178 4788 altera
1221 4738 1331 4805 pro
1380 4719 1564 4784 dictis
1620 4717 1888 4783 dominis
1951 4717 2230 4797 ducibus,
2291 4715 2590 4791 consiliis,
2651 4714 3032 4792 civitatibus,

391 4838 571 4889 spon.
617 4840 702 4890 1v.
2571 4815 2613 4879 9
