3620 5282
435 338 562 416 108

761 525 1075 609 ccxn.
1130 523 1331 607 Gou.
1390 524 1612 607 1374.
1667 522 1766 605 18
1820 519 2276 623 listopada,
2330 542 2389 601 u
2445 519 2839 602 Mletcih.

430 649 802 727 Βοραέἑεπο,
850 650 930 708 da
953 649 1144 723 jedan
1189 650 1461 709 mletacki
1506 647 1666 716 brod,
1734 648 1836 719 koj
1886 648 1953 721 J'e
1992 646 2201 706 sluibu
2260 646 2529 714 obavlq'ao
2592 661 2636 703 u
2693 645 2860 713 Istri,
2923 660 3173 717 prevezc

427 738 738 813 poslanike
778 738 1050 811 uyarske,
1101 731 1357 811 biskupa
1386 736 1838 882 zaqrelbicgglffyz
1866 733 2303 895 iggffe’pem'
2347 732 2611 793 dolazede
2656 733 2715 792 iz
2759 732 3101 792 namesake
3144 731 3171 789 i

650 924 835 991 1374.
884 923 1221 989 indictione
1267 926 1459 1003 XIII;
1505 925 1603 990 die
1645 925 1857 990 XVIII
1920 922 2207 988 octobris,
2272 922 2503 1006 Capta:
2568 921 2726 1005 quod
2793 922 3166 987 reverendus

430 1018 608 1097 pater
655 1011 942 1077 dominus
988 1012 1311 1095 episcopus
1357 1012 1791 1096 Zagrabiensis
1839 1014 1900 1078 et
1947 1012 2231 1094 egregius
2278 1009 2371 1074 vir
2426 1010 2713 1074 dominus
2784 1010 3162 1091 Suterpetre,

432 1100 862 1166 ambaxatores
906 1101 1286 1164 serenissimi
1326 1100 1557 1164 domini
1624 1099 1788 1182 regis
1852 1099 2190 1180 Hungarie,
2244 1097 2585 1161 ‘redeuntes
2645 1098 2720 1161 de
2783 1096 3043 1161 Francia
3105 1100 3171 1158 et

431 1205 688 1253 romana
735 1186 925 1265 curia,
973 1187 1214 1269 possint
1258 1187 1449 1253 levari
1498 1207 1680 1270 super
1727 1204 1848 1250 uno
1892 1205 1965 1250 ex
2014 1185 2199 1268 lignis
2246 1185 2471 1267 riperie
2514 1183 2699 1249 Istrie
2761 1183 2823 1248 in
2880 1183 3166 1266 Caprulis

435 1274 534 1341 vel
581 1274 756 1351 alibi,
805 1277 869 1339 et
913 1272 1173 1339 conduci
1220 1274 1516 1359 Segniam
1564 1294 1707 1340 cum
1756 1292 1967 1338 eorum
2015 1271 2310 1338 comitiva
2354 1275 2419 1336 et
2463 1272 2744 1337 arnesiiS.

519 1366 703 1427 Misti
753 1364 1046 1425 XXXIV
1092 1367 1236 1436 140,
1283 1385 1326 1425 u
1370 1367 1525 1427 mlet.
1575 1366 1810 1424 arkivu.

736 1550 1103 1635 CCXIII.
1157 1552 1366 1636 God.
1420 1554 1642 1636 1374.
1696 1552 1746 1637 3
1800 1550 2295 1650 studenoga,
2345 1572 2404 1631 u
2459 1514 2849 1633 Mletcih.

430 1697 534 1757 Na
585 1696 778 1755 molbu
832 1694 1156 1768 poslanika
1211 1695 1607 1769 francezkoya
1667 1695 1886 1767 kraha,
1950 1692 2154 1752 iducih
2208 1709 2249 1750 u
2305 1691 2599 1767 Uyarsku,
2666 1693 2748 1751 da
2796 1694 3076 1767 preplove
3124 1711 3168 1752 u

940 1781 1102 1858 Sem‘,
1154 1783 1306 1841 bude
1348 1783 1594 1851 riedeno,
1641 1782 1721 1841 da
1752 1782 1855 1855 jih
1899 1782 2149 1841 istarski
2195 1776 2344 1839 brod
2383 1796 2645 1854 preveze.

653 1899 819 1964 1374
866 1899 1201 1964 indictione
1261 1900 1439 1977 XIII,
1487 1899 1586 1964 die
1633 1901 1727 1964 111
1797 1899 2168 1965 novembris.
2241 1899 2564 1976 DominuS,
2636 1897 2991 1977 consiliarii,
3062 1918 3166 1964 ca-

430 1987 563 2072 pita
610 1997 673 2050 et
718 1988 1049 2070 sapientes.
1098 1987 1330 2069 Capta:
1372 2006 1516 2053 cum
1562 1988 2016 2052 ambaxiatores
2061 1985 2367 2052 solemnes
2413 1986 2680 2050 illustris
2727 1986 2963 2052 domini
2997 1988 3162 2068 regis

432 2077 707 2151 Francie,
757 2075 972 2138 euntes
1020 2075 1081 2138 in
1129 2076 1540 2159 Hungariam,
1612 2076 1893 2139 venerint
1942 2074 2239 2141 Venecias
2303 2075 2369 2138 et
2424 2073 2779 2155 rogaverint
2844 2074 3165 2139 curialiter

434 2182 540 2244 pro
585 2162 761 2244 parte
808 2162 1040 2227 domini
1088 2164 1253 2246 regis
1296 2163 1538 2246 prefati,
1591 2164 1749 2244 quod
1812 2162 2049 2245 possint
2118 2160 2346 2225 habere
2414 2162 2748 2225 transitum
2817 2178 2927 2243 per
2994 2180 3165 2227 mare

435 2267 627 2331 usque
676 2248 966 2332 Segniam
1014 2267 1155 2314 cum
1203 2250 1407 2336 aliquo
1454 2257 1662 2316 nostro
1708 2250 1978 2333 navigio,
2030 2247 2199 2316 vadit
2243 2268 2407 2331 pars,
2455 2249 2615 2331 quod
2660 2266 2804 2313 cum
2850 2248 3023 2332 ligno
3079 2251 3167 2319 ri—

436 2335 604 2418 perie
653 2338 834 2401 Istrie
876 2336 1158 2402 leventur
1203 2342 1267 2403 et
1317 2340 1643 2421 postentur
1689 2336 2001 2420 Segniam.

522 2426 701 2486 Misce
744 2423 1042 2486 XXXIV
1082 2431 1228 2501 143,
1275 2447 1318 2488 u
1362 2429 1514 2488 mlet.
1560 2430 1796 2487 arkivu.

786 2614 1133 2697 ccxw.
1188 2615 1395 2699 Gou.
1454 2616 1671 2700 1375.
1731 2617 1840 2700 20
1894 2614 2243 2718 siebnja,
2296 2638 2352 2698 u
2409 2615 2793 2700 Mleteih.

428 2759 625 2833 Nazoq
667 2777 752 2818 na
796 2760 1097 2833 kapetana
1147 2757 1484 2836 {starskoya
1525 2762 1725 2830 breda,
1771 2763 1927 2821 nelca
1960 2761 2142 2834 podje
2188 2761 2261 2820 do
2299 2760 2503 2834 Sem‘a,
2552 2761 2576 2820 i
2621 2761 2809 2819 ukrca
2846 2760 3166 2832 francezke

418 2847 754 2920 poszanike,
799 2848 966 2920 poeto
1011 2866 1074 2908 se
1108 2849 1377 2921 proculo,
1424 2851 1505 2908 da
1548 2867 1622 2909 su
1669 2850 1887 2909 obavili
1913 2866 2096 2923 posao
2123 2848 2290 2923 qlede
2318 2848 2543 2909 ienitbe
2583 2850 2607 2906 i
2655 2848 2735 2907 da
2778 2865 2841 2908 se
2886 2848 3155 2919 vracsaju.

648 2967 832 3032 1375.
885 2969 1215 3034 indictione
1261 2970 1434 3046 XIII,
1496 2971 1596 3034 die
1645 2971 1763 3035 XX
1823 2969 2105 3034 ianuarii.
2171 2969 2495 3050 Sapientes
2559 2969 2861 3033 ordinum.
2928 2968 3160 3049 Capta:

428 3073 569 3118 cum
617 3057 1047 3121 ambaxatores
1100 3058 1331 3122 domini
1380 3059 1546 3140 regis
1595 3059 1852 3123 Francie
1924 3077 2032 3140 per
2094 3075 2187 3131 ea,
2258 3076 2374 3139 que
2443 3056 2814 3130 sentiuntur,
2887 3055 3160 3138 comple-

429 3143 634 3206 verint
678 3143 1076 3208 ambaxatam
1127 3163 1302 3209 suam
1352 3146 1513 3227 apud
1561 3145 1879 3210 dominum
1943 3163 2156 3228 regem
2204 3144 2521 3228 Hungarie
2583 3162 2691 3225 pro
2754 3143 2920 3208 facto
2989 3143 3163 3208 illius

429 3230 830 3306 matrimonii,
899 3232 964 3294 et
1024 3234 1171 3296 sunt
1232 3232 1294 3294 in
1358 3232 1632 3313 proximo
1680 3231 1979 3297 Venecias
2021 3230 2279 3296 redituri
2341 3249 2452 3314 pro
2516 3232 2713 3296 eundo
2773 3231 3052 3310 domum,
3099 3232 3165 3293 et

430 3333 540 3397 pro
587 3318 814 3381 honore
862 3319 1073 3382 nostro
1120 3318 1313 3384 iaciat
1364 3318 1658 3384 honorare
1705 3321 1890 3385 ist-am
1939 3320 2368 3394 ambaxatam;
2417 3318 2590 3383 vadit
2636 3337 2797 3401 parS,
2862 3320 3021 3401 quod
3066 3318 3163 3382 die

427 3404 700 3485 presenti
748 3403 1059 3469 scribatur
1106 3407 1425 3488 capitaneo
1473 3407 1695 3489 riperie
1735 3408 1939 3482 Istrie,
2012 3409 2169 3488 quod
2229 3407 2417 3470 vadat
2465 3425 2569 3487 per
2614 3405 2901 3488 riperiam
2970 3423 3163 3487 usque

430 3490 722 3573 Segnam,
771 3493 836 3554 et
884 3492 944 3555 in
989 3493 1157 3556 omni
1200 3494 1335 3558 loco
1382 3500 1444 3558 et
1490 3499 1684 3577 parte,
1734 3495 1843 3559 ubi
1889 3494 2154 3578 reperiet
2198 3493 2364 3577 ipsos
2424 3493 2873 3571 ambaxatoreS,
2939 3493 3164 3557 debeat

428 3594 534 3640 eos
585 3577 810 3653 levare,
853 3576 1150 3644 honorare
1193 3584 1256 3644 et
1301 3581 1638 3646 conducere
1686 3582 2021 3656 Venecias3
2066 3585 2132 3645 et
2176 3580 2240 3645 in
2288 3598 2433 3645 casu
2482 3599 2599 3663 quo
2646 3582 2941 3645 nundiem
3000 3578 3158 3661 apli-

428 3662 706 3729 cuissent
753 3663 1022 3749 Segnam
1071 3669 1500 3733 ambaxatores
1563 3669 1844 3751 predicti,
1908 3670 2281 3751 prestoletur
2344 3667 2705 3751 capitaneus
2769 3667 2989 3750 riperie
3058 3686 3162 3748 per

425 3754 689 3833 quatuor
733 3751 886 3830 dies,
937 3755 1002 3816 et
1045 3755 1351 3836 conpletis
1400 3756 1551 3837 ipsis
1597 3758 1862 3839 quatuor
1909 3756 2146 3833 diebus,
2192 3756 2245 3819 si
2297 3758 2576 3831 sentiret,
2626 3753 2782 3837 quod
2829 3754 3160 3819 ambaxata

427 3838 709 3922 predicta
756 3839 1008 3906 deberet
1044 3859 1179 3906 esse
1222 3843 1285 3907 in
1334 3843 1537 3926 Segna
1584 3863 1775 3927 usque
1840 3843 1996 3909 alios
2057 3843 2208 3908 duos
2270 3845 2419 3921 dise,
2477 3842 2854 3925 prestoletur
2914 3859 3040 3920 θος,
3098 3843 3163 3904 et

426 3927 687 3993 honoret
733 3930 798 3993 et
845 3929 1150 3994 conducat
1195 3929 1478 4010 Venecia,
1522 3932 1595 3995 ut
1640 3934 1737 3996 est
1781 3931 2037 3996 dictum.

517 4018 699 4079 Misti
749 4016 1047 4080 XXXIV
1083 4020 1227 4090 154,
1273 4036 1317 4078 u
1359 4022 1515 4082 mlet.
1564 4021 1800 4081 arkivu.

813 4206 1115 4288 CCXV.
1179 4207 1386 4291 (iou.
1441 4206 1657 4290 1375.
1713 4208 1808 4290 13
1862 4209 2200 4310 offiujka,
2253 4231 2312 4290 u
2368 4207 2761 4294 Mletcih.

425 4346 641 4405 Prima
682 4365 762 4420 se,
807 4350 889 4410 da
932 4368 994 4412 se
1040 4352 1193 4413 dade
1236 4354 1546 4414 knezovom
1590 4354 1817 4413 krekim
1862 4370 1906 4412 u
1948 4355 2148 4426 zqy‘am
2192 4354 2264 4413 do
2310 4355 2487 4413 2000
2552 4353 2781 4411 dulcata
2841 4369 2920 4413 uz
2981 4353 3159 4425 uvjet,

423 4433 504 4491 da
541 4449 650 4493 sva
691 4437 869 4507 vesla,
917 4440 1056 4511 looja
1100 4457 1162 4500 se
1207 4458 1250 4499 u
1293 4442 1591 4514 njihovom
1641 4441 1938 4514 podrmb'u
1985 4441 2203 4518 izv-ade,
2240 4440 2524 4514 prodadu
2576 4439 3018 4513 nadstojnikom
3045 4459 3158 4514 po-

1420 4529 1648 4589 morske
1693 4529 1849 4588 mlet.
1896 4528 2174 4588 orniam.

645 4622 826 4688 1375.
876 4626 1206 4692 indictione
1251 4628 1425 4705 XIII,
1512 4631 1608 4694 die
1657 4631 1813 4695 XIII
1876 4631 2113 4705 marcii,
2178 4632 2389 4712 capta:
2457 4648 2598 4695 cum
2663 4629 2907 4712 patroni
2968 4628 3162 4693 nostri

437 4711 763 4775 arsenatus
809 4711 936 4776 sint
979 4730 1089 4794 pro
1146 4714 1424 4781 faciendo
1491 4736 1676 4783 unam
1743 4718 2246 4799 compositionem
2310 4718 2440 4785 sive
2492 4716 2960 4784 conventionem
3022 4734 3165 4781 cum
