3620 5282
503 400 632 465 224

504 573 773 637 Karolus
822 590 941 636 non
1004 570 1278 647 recessit,
1348 570 1491 652 quia
1548 568 1910 632 multotiens
1959 567 2061 631 isti
2125 566 2357 631 domini
2406 565 2626 630 dicunt
2668 565 2744 628 de
2791 561 3123 627 recedendo
3170 561 3239 624 et

504 679 620 724 non
669 660 979 735 recedunt,
1029 659 1127 722 vel
1188 658 1510 722 recesisset
1554 661 1619 720 et
1662 655 2037 718 dimississet
2079 654 2433 718 libertatem
2495 671 2677 732 super
2722 650 2886 714 facto
2932 649 3234 732 predicto,

503 748 565 811 in
611 747 727 810 hoc
772 764 920 810 casu
981 745 1207 809 debeas
1270 744 1557 826 prosequi
1616 742 1867 825 negotia
1935 740 2051 804 tibi
2121 741 2455 804 commissa
2521 759 2628 821 per
2678 756 2806 813 nos,
2856 737 3236 801 observando

505 833 794 910 formam,
863 834 1021 913 quod
1097 831 1314 895 scribis
1361 833 1424 894 te
1470 829 1771 911 recepisse
1843 848 1951 910 per
2009 829 2148 891 tuas
2207 827 2443 904 literas,
2492 831 2556 888 et
2600 827 2754 907 quod
2802 824 2879 887 ad
2925 822 3237 887 cantelam

503 920 604 983 hic
652 918 903 983 inferius
946 919 1060 983 tibi
1107 917 1365 982 fecimus
1435 917 1743 999 replicari.
1793 916 1921 979 Alii
1968 915 2042 979 de
2088 917 2283 997 parte,
2331 914 2408 978 de
2453 932 2572 977 non
2618 914 2679 990 2,
2730 930 2849 976 non
2895 908 3120 975 sinceri
3164 909 3229 973 3.

588 1027 768 1085 Misti
818 1025 1135 1086 XXXIX.
1186 1026 1331 1096 154,
1378 1042 1419 1082 u
1463 1024 1620 1084 mlet.
1663 1025 1901 1082 arkivu.

806 1211 1201 1294 CCCXX.
1255 1211 1461 1294 God.
1519 1208 1744 1293 1385.
1801 1208 1851 1290 5
1904 1208 2367 1308 listopada,
2420 1228 2479 1288 u
2534 1206 2923 1289 Mletcih.

511 1355 845 1428 Produljen
891 1354 1106 1427 dopust
1163 1354 1371 1413 Nikoli
1417 1354 1718 1412 Krokomu
1786 1354 1978 1411 knew
2023 1350 2167 1407 iada
2215 1367 2255 1406 u
2299 1348 2492 1409 sluibi
2535 1350 2862 1427 mletadkoj‚
2909 1351 3108 1410 naimo
3154 1350 3239 1408 da

1013 1446 1217 1501 ostane
1261 1459 1304 1501 u
1348 1441 1603 1500 Mletcih
1648 1441 1788 1499 radi
1833 1434 2174 1510 obavzjenja
2216 1437 2408 1508 svojih
2446 1438 2705 1510 poslova.

718 1561 883 1625 1385
927 1562 1023 1626 die
1070 1561 1283 1644 quinto
1350 1559 1645 1625 octubris.
1718 1558 1947 1640 Capta:
1994 1559 2153 1640 quod
2223 1557 2469 1639 egregio
2540 1557 2671 1623 viro
2716 1557 2933 1622 comiti
2979 1557 3240 1623 Nicolao

516 1650 591 1712 de
637 1648 834 1731 Vegla
878 1651 1243 1731 prorogetur
1283 1649 1585 1712 terminus
1611 1648 1818 1711 standi
1846 1647 1945 1710 hic
1992 1646 2069 1709 ad
2116 1643 2560 1726 procurandum
2605 1645 2847 1728 exigere
2892 1646 3029 1709 iura
3062 1664 3233 1710 com-

502 1737 706 1800 munis
753 1739 817 1800 et
862 1738 958 1800 sui
1004 1736 1195 1816 ipsius
1245 1735 1304 1798 in
1347 1735 1628 1817 partibus
1673 1733 2008 1797 Tervisane
2056 1751 2250 1814 usque
2299 1751 2541 1796 menses
2585 1752 2686 1796 sex
2736 1732 3044 1814 proximos
3090 1751 3236 1797 cum

507 1824 841 1888 medietate
890 1822 1271 1903 provisioniS,
1321 1840 1502 1902 quam
1551 1821 1741 1885 habet
1778 1822 1841 1885 in
1875 1819 2083 1885 Creta.
2753 1877 2758 1890 ,

720 1909 906 1973 1385.
955 1910 1054 1973 die
1101 1910 1255 1973 XIX
1325 1909 1582 1973 ianuarii
1630 1928 1715 1972 m.
1761 1928 1821 1973 v,
1871 1910 2237 1990 prorogatur
2303 1907 2609 1971 terminus
2654 1925 2764 1988 per
2809 1908 3009 1970 totum
3058 1925 3231 1971 men·

502 2016 631 2061 sem
678 1997 917 2060 marcii.
964 1995 1179 2077 Capta.

588 2102 769 2161 Misti
815 2098 1135 2161 XXXIX.
1179 2103 1243 2181 3,
1292 2119 1334 2161 u
1373 2103 1531 2161 mlet.
1579 2103 1813 2162 arkivu.

781 2303 1220 2388 GCCXXI.
1275 2307 1485 2390 God.
1538 2306 1764 2390 1385.
1820 2306 1868 2388 5
1924 2306 2380 2406 listopada,
2431 2328 2492 2388 u
2542 2306 2935 2388 Mletcih.

513 2451 716 2510 Uslied
758 2451 941 2509 molbe
982 2447 1350 2525 bosanskoqa
1419 2451 1622 2523 kralja
1687 2451 1982 2510 izabrana
2025 2466 2098 2508 su
2146 2450 2263 2507 dva
2326 2432 2662 2521 poscanilca',
2704 2451 2861 2509 nelca
2897 2451 3088 2524 podjic
3124 2467 3240 2525 po·

692 2539 1017 2597 sriedovati
1058 2541 1177 2596 mir
1220 2540 1418 2613 medy'u
1465 2541 1627 2597 istim
1676 2539 1929 2610 kraljem
1975 2540 1997 2595 i
2043 2536 2291 2595 Balsom
2332 2538 2723 2611 qospodarom
2768 2539 3030 2598 zetskim.

719 2657 903 2722 1385.
951 2657 1283 2723 indictione
1332 2660 1439 2737 IX,
1488 2660 1586 2722 die
1630 2659 1848 2741 quinto
1891 2659 2185 2724 octobris,
2235 2657 2345 2722 Ser
2377 2658 2598 2722 Petrus
2629 2656 2904 2738 Quirino.
2939 2678 3036 2723 ser
3065 2658 3235 2723 Tho-

502 2764 634 2811 mas
681 2745 944 2822 Faletro,
1006 2764 1104 2808 ser
1151 2745 1399 2810 Marcus
1462 2746 1758 2820 Dandu10,
1818 2765 1918 2809 ser
1978 2747 2202 2810 Petrus
2252 2743 2616 2821 contareno,
2666 2764 2764 2809 ser
2803 2745 3072 2811 Jacobus
3113 2745 3234 2810 Su-

504 2833 696 2910 rian0,
745 2834 1056 2915 sapientes
1101 2833 1404 2897 ordinum.
1454 2833 1685 2915 Capta:
1732 2835 1879 2916 quia
1942 2833 2277 2897 secundum
2325 2851 2556 2896 morem
2604 2834 3069 2913 progenitorum
3120 2851 3233 2898 no-

502 2926 773 2984 strorum
820 2938 1065 3002 semper
1111 2918 1232 2983 fuit
1278 2924 1341 2983 et
1387 2923 1483 2983 est
1529 2939 1856 3002 procurare
1904 2939 2115 3001 pacem
2164 2922 2230 2983 et
2277 2921 2667 2983 concordium
2720 2921 2883 2984 inter
2929 2920 3230 2985 habentes

503 3008 881 3071 differentias
951 3010 1014 3070 et
1059 3005 1364 3070 discadias
1435 3006 1598 3071 inter
1637 3027 1722 3083 se,
1771 3010 1837 3071 et
1880 3007 2233 3089 specialiter
2302 3006 2463 3070 inter
2532 3006 2674 3070 illos
2748 3008 3047 3085 dominos,
3120 3009 3227 3090 qui

501 3114 744 3176 semper
804 3095 1053 3157 fuerunt
1099 3097 1161 3158 et
1201 3096 1346 3158 sunt
1395 3095 1546 3158 bene
1615 3094 1904 3176 dispositi
1975 3112 2125 3177 erga
2190 3097 2431 3157 nostros
2476 3095 2738 3158 honores
2785 3099 2848 3158 et
2896 3094 3221 3159 commoda

497 3200 567 3245 ac
646 3181 950 3245 utilitates
1026 3184 1437 3245 mercatorum
1534 3184 1930 3261 nostrorum3
2006 3183 2071 3244 et
2146 3181 2308 3244 sicut
2385 3180 2715 3244 habuimus
2792 3200 2900 3264 per
2979 3184 3226 3246 litteras

496 3268 797 3351 speciales
868 3268 1135 3332 maxime
1203 3267 1546 3332 differentis
1616 3272 1679 3332 et
1746 3268 2050 3332 discordie
2125 3266 2376 3331 fuerunt
2445 3272 2507 3331 et
2577 3271 2724 3332 sunt
2793 3271 2955 3333 inter
3023 3270 3227 3333 domi-

496 3374 643 3419 num
691 3373 900 3433 regem
949 3354 1168 3418 Rassie
1215 3373 1285 3418 ex
1333 3374 1453 3418 una
1498 3358 1670 3437 parte
1718 3357 1783 3418 et
1848 3354 2166 3420 dominum
2220 3353 2477 3417 Balaam
2547 3374 2618 3418 ex
2685 3356 2903 3431 altera,
2967 3359 3221 3439 propter

496 3460 646 3523 quas
693 3441 1068 3505 differentias
1114 3442 1347 3506 subditi
1396 3443 1460 3506 et
1509 3443 1673 3506 cives
1707 3444 1922 3516 nostri,
1969 3444 2445 3506 conversantens
2495 3442 2558 3509 in
2601 3444 2785 3507 terris
2833 3445 2897 3508 et
2944 3444 3226 3524 partibus

500 3529 835 3593 maritimis
883 3529 1294 3610 predictorum
1341 3528 1721 3593 dominorum
1768 3532 2018 3611 portant
2064 3527 2330 3610 dampna
2378 3528 2684 3605 maxima;
2733 3533 2797 3594 et
2844 3529 2995 3595 utile
3042 3532 3126 3595 sit
3158 3534 3224 3594 et

497 3633 605 3696 pro
651 3616 882 3679 honore
929 3616 1124 3679 nostri
1173 3616 1429 3680 dominii
1478 3614 1671 3681 faciat
1718 3616 2106 3699 interponere
2152 3633 2263 3679 nos
2305 3618 2369 3680 et
2415 3618 2685 3680 tractare
2732 3635 2946 3699 pacem
2978 3619 3043 3682 et
3073 3636 3224 3682 con-

497 3701 769 3767 cordium
836 3704 996 3766 inter
1055 3701 1334 3768 dominos
1395 3702 1726 3784 predictos,
1792 3722 1934 3767 cum
1982 3704 2098 3767 hoc
2144 3703 2229 3767 sit
2273 3702 2350 3766 de
2407 3707 2614 3767 mente
2676 3707 2740 3768 et
2786 3705 2942 3769 bene
2989 3704 3224 3787 placito

494 3790 729 3854 domini
775 3791 941 3873 regis
1002 3789 1212 3867 Raxie,
1277 3790 1380 3872 qui
1445 3790 1621 3855 nobis
1691 3791 1937 3873 scripsit
1982 3808 2123 3855 cum
2175 3790 2443 3854 maxima
2490 3792 2792 3855 instantia
2836 3810 3021 3873 super
3068 3792 3222 3869 hoc3

496 3878 663 3942 vadit
708 3894 873 3960 parS,
924 3895 1028 3958 pro
1073 3877 1350 3942 faciendo
1396 3877 1590 3942 dictos
1636 3877 1916 3942 dominos
1963 3878 2140 3941 nobis
2210 3878 2510 3959 propitios
2557 3881 2625 3942 et
2670 3880 3018 3956 benevolos,
3061 3882 3223 3961 quod

494 3965 834 4047 elligantur
882 3966 1002 4029 duo
1048 3965 1475 4031 ambaxatores
1522 3984 1632 4047 per
1676 3967 1828 4029 duas
1876 3983 2096 4029 manus
2145 3964 2516 4029 electionum
2564 3965 2628 4029 in
2675 3967 2795 4030 isto
2828 3966 3090 4030 consilio
3122 3984 3226 4030 ro-

495 4054 780 4134 gatorum
828 4054 892 4115 et
935 4050 1246 4115 additione
1291 4054 1355 4115 et
1401 4070 1585 4135 unam
1619 4072 1725 4134 per
1749 4052 2163 4134 scruptinium
2206 4052 2370 4116 inter
2418 4052 2760 4129 dominum,
2811 4051 3221 4128 consiliarios,

491 4141 695 4220 capita
741 4142 803 4200 et
849 4139 1158 4219 sapientes
1211 4138 1515 4216 ordinum,
1579 4140 1681 4221 qui
1731 4140 1957 4203 habere
2002 4139 2269 4203 debeant
2313 4138 2389 4202 de
2436 4139 2659 4203 salario
2720 4140 2820 4204 vel
2868 4139 3217 4223 provisione

490 4244 597 4306 pro
623 4226 758 4289 tota
780 4225 904 4290 ista
928 4226 1259 4290 ambaxata
1294 4226 1548 4290 ducatos
1580 4227 2032 4310 quinquaginta
2055 4244 2163 4309 pro
2189 4227 2484 4307 quolibet,
2512 4228 2576 4289 et
2599 4225 2866 4291 debeant
2892 4229 3118 4292 habere
3149 4230 3215 4292 et

492 4314 701 4376 tenere
745 4311 1012 4376 famulos
1058 4313 1325 4396 quinque
1372 4314 1535 4377 inter
1594 4315 1761 4395 ipsos
1824 4317 1976 4378 duos
2038 4316 2103 4378 et
2164 4333 2353 4377 unum
2404 4315 2716 4378 notarium
2765 4333 2907 4379 cum
2955 4332 3075 4379 uno
3123 4314 3219 4379 fa-

495 4398 682 4474 mulo,
729 4402 794 4462 et
860 4400 1105 4481 possint
1163 4400 1499 4481 expendere
1545 4401 1607 4464 in
1655 4401 1754 4464 die
1799 4402 1860 4465 in
1907 4401 2193 4464 omnibus
2247 4402 2528 4483 expensis
2590 4402 2714 4464 oris
2760 4404 2824 4466 et
2870 4403 3221 4483 agotiarum

494 4488 557 4546 et
602 4486 885 4548 omnibus
928 4486 1067 4550 aliis
1116 4489 1396 4569 expensis
1442 4488 1744 4569 quomodo
1790 4507 2052 4571 cumque
2098 4488 2562 4553 occurrentibus
2607 4488 2864 4553 ducatos
2908 4489 3064 4554 duos
3111 4508 3225 4572 pro

495 4571 791 4649 quolibet,
840 4574 903 4635 et
948 4591 1066 4636 non
1137 4573 1378 4655 possint
1446 4575 1712 4640 refutare
1780 4578 1898 4639 sub
1970 4594 2120 4657 pena
2186 4574 2497 4639 librarum
2545 4575 2592 4639 Ο
2640 4594 2747 4657 pro
2796 4576 3107 4659 quolibet;
3159 4579 3224 4641 et

495 4658 818 4720 teneantur
866 4660 1231 4739 respondore
1277 4661 1397 4738 die,
1446 4680 1567 4742 qua
1635 4660 1868 4726 fuerint
1914 4662 2123 4726 ellecti
2171 4663 2265 4726 vel
2310 4662 2436 4726 alia
2482 4663 2560 4725 ad
2622 4662 2864 4737 tertias,
2912 4682 3030 4727 non
3077 4679 3226 4744 pos-

494 4740 682 4803 sendo
725 4743 999 4823 accipere
1047 4744 1315 4826 aliquem
1342 4766 1402 4819 ‚a
1448 4747 1684 4813 bancho
1730 4749 1969 4814 ducalis
2016 4749 2275 4814 dominii
2326 4769 2435 4831 pro
2466 4767 2586 4813 non
2632 4750 3022 4832 impediendo
3052 4747 3221 4813 facta
