3620 5282
453 334 582 400 120

454 510 695 576 Cambii
765 514 829 576 et
873 511 1085 575 Marco
1133 511 1495 588 Benvenuti,
1560 509 1909 574 oratoribus
1971 512 2034 573 et
2078 508 2601 575 ambaxiatoribus
2658 511 3000 575 communis
3047 511 3190 574 Flo-

456 600 687 675 rentie;
740 601 803 662 et
849 599 1241 680 presentibus
1289 598 1589 680 magistro
1616 597 1927 662 Anthonio
1974 597 2342 674 Marcellini,
2393 597 2624 661 ordinis
2661 599 2964 662 minorum
3015 616 3187 663 sacre

456 686 680 770 pagine
727 686 1048 770 magistro,
1097 692 1336 750 oratore
1384 688 1446 748 et
1496 686 1913 750 ambaxiatore
1972 685 2315 749 communis
2352 683 2639 760 Ancone3
2710 685 2856 750 viris
2921 687 3188 769 egregiis

453 777 520 838 et
564 774 919 856 potentibus
967 773 1230 838 dominis
1264 773 1487 838 Ybleto
1528 775 1599 837 de
1647 772 1930 850 Chalant,
1984 773 2229 837 domino
2276 772 2715 852 Montisioveti,
2764 773 3035 838 Amedeo
3081 775 3188 838 do·

459 861 625 925 mino
689 861 1100 939 Vrteriarum,
1170 859 1435 927 Girardo
1506 862 1578 925 de
1649 860 1822 925 Stres
1897 860 2267 925 cancellario
2339 859 2664 937 Sabaudie,
2736 860 3052 942 Gaspardo
3112 861 3187 924 de

457 948 914 1025 Montemaiori,
963 949 1206 1014 domino
1255 949 1502 1012 Villarii
1551 947 1761 1025 Saleti‚
1837 949 2147 1032 Stephano
2210 949 2283 1012 de
2335 948 2576 1024 Balma,
2648 948 2928 1032 Aymone
2999 949 3186 1014 Boni-

454 1035 646 1114 vardi,
718 1036 1154 1102 Bartholomeo
1225 1037 1300 1101 de
1363 1035 1685 1119 Chignino,
1759 1036 2068 1119 Phylippo
2140 1037 2388 1100 domino
2436 1035 2721 1119 Collegii,
2793 1036 3053 1103 Girardo
3113 1038 3185 1100 de

455 1119 857 1200 Novocastro,
911 1123 1211 1190 Richardo
1260 1124 1558 1201 Musardi,
1608 1124 2005 1190 Johannardo
2070 1126 2369 1201 Pronane,
2435 1124 2760 1200 militibus
2828 1124 3050 1190 Savino
3114 1125 3186 1187 de

453 1211 737 1288 Floram,
805 1205 1100 1278 Surleono
1169 1212 1243 1276 de
1291 1212 1515 1277 Mediis
1556 1213 1795 1292 Barbis,
1866 1213 2164 1276 Thomino
2235 1211 2536 1295 Borgesii,
2610 1213 2844 1277 Romeo
2915 1210 3184 1288 CanaliS,

457 1298 690 1363 Milone
738 1298 976 1379 Gruati,
1021 1300 1232 1380 legum
1281 1300 1667 1374 doctoribus;
1717 1299 1997 1366 Johanne
2045 1299 2293 1363 domiuo
2339 1299 2616 1374 Miolani,
2668 1299 2979 1364 Bernardo
3043 1302 3184 1364 nato

452 1386 686 1451 domini
750 1391 813 1449 et
881 1387 1126 1452 comitis
1176 1388 1638 1470 Vallislangini,
1690 1388 2128 1453 Bartholomeo
2176 1391 2241 1452 et
2287 1388 2488 1464 Vieto,
2538 1387 2917 1453 condominis
2989 1388 3185 1451 sancti

453 1472 703 1557 Georgii
763 1495 833 1538 ex
898 1475 1231 1540 comitibus
1295 1476 1668 1554 Blandrate‚
1735 1476 1916 1540 Vieto
1986 1479 2049 1540 et
2130 1476 2424 1540 Bertheto
2488 1475 2869 1539 condominis
2928 1474 3185 1539 Ailladii

454 1582 524 1625 ex
595 1561 926 1627 comitibus
989 1564 1183 1627 sancti
1245 1563 1522 1641 Martini,
1596 1562 1862 1646 Georgio
1933 1564 2293 1627 condomino
2361 1562 2739 1638 Feruczasci,
2788 1562 3068 1646 Aymone
3113 1563 3188 1626 de

455 1649 764 1730 Mentone,
813 1651 1224 1715 Petremando
1285 1651 1557 1729 Ravasii,
1623 1651 1908 1716 Guliemo
1978 1651 2053 1716 (10
2124 1649 2458 1727 Seravalle,
2524 1650 2795 1734 Sybueto
2862 1651 3184 1734 Revoyrie,

457 1735 773 1801 Cavallino
843 1739 916 1800 de
962 1737 1252 1814 cavallis,
1317 1738 1663 1803 Johannino
1727 1739 1999 1804 Provane
2063 1738 2426 1803 condomino
2491 1738 2810 1816 Durventi,
2875 1742 2938 1802 et
3003 1738 3185 1801 Petro

456 1825 655 1889 Vicini
716 1826 790 1889 de
838 1824 1132 1904 Conflet0,
1205 1828 1270 1890 et
1313 1825 1596 1909 pluribus
1644 1825 1785 1890 aliis
1835 1826 2101 1891 testibus
2157 1824 2232 1891 ad
2296 1825 2693 1907 infrascripta
2756 1827 2986 1891 vocatis
3050 1845 3187 1909 spe-

456 1912 696 1977 cialiter
742 1917 804 1977 et
851 1915 1106 1996 rogatis
1156 1913 1255 1977 Ab
1305 1914 1486 1977 inicio
1532 1915 1841 1979 nascentis
1887 1915 2099 1979 mundi
2149 1914 2402 1996 provida
2448 1917 2512 1977 et
2559 1913 2888 1978 ineffabilis
2936 1913 3032 1977 dei
3090 1931 3187 1977 sa-

455 2000 709 2083 pientia,
755 2001 852 2065 cui
901 2001 1161 2065 consilia
1208 2019 1326 2064 000
1375 2001 1837 2066 communicant
1883 2003 2104 2079 aliena,
2171 2003 2409 2066 rectum
2475 2000 2812 2084 plasmavit
2874 2002 3184 2065 hominem

457 2088 532 2152 ad
576 2087 771 2171 ipsius
817 2088 1160 2172 preclaram
1227 2087 1519 2172 effigiem,
1591 2089 1809 2154 ceteris
1879 2090 2303 2155 animantibus
2372 2089 2763 2172 prerogativa
2832 2089 3184 2171 pollentem,

459 2175 777 2240 conferens
825 2176 1022 2241 eidem
1070 2177 1485 2260 cognitionem
1533 2178 1598 2241 et
1643 2177 1970 2242 scientiam
2017 2177 2160 2241 boni
2209 2181 2271 2240 et
2311 2177 2476 2255 mali,
2550 2180 2617 2241 ut
2663 2176 2931 2242 iussibus
2991 2175 3190 2241 domi—

453 2263 606 2328 nicis
652 2263 968 2347 proprium
1016 2266 1327 2330 dedicaret
1373 2265 1777 2347 propositum,
1855 2267 1918 2330 et
1977 2266 2053 2329 ad
2117 2263 2342 2329 illicita
2406 2284 2586 2329 suum
2656 2264 2930 2329 animum
2993 2266 3190 2346 impo-

455 2352 690 2415 sterum
737 2369 855 2415 non
907 2352 1195 2434 lapsaret,
1248 2355 1319 2417 ut
1365 2353 1453 2417 sic
1493 2372 1686 2436 genus
1746 2353 1945 2418 nobile
2015 2370 2156 2417 suos
2207 2355 2410 2417 motus
2457 2352 2793 2417 refrenaret
2861 2352 3181 2427 insobrios,

455 2439 517 2502 01
565 2438 726 2502 01101
768 2440 1036 2503 01101010
1087 2458 1203 2504 000
1251 2441 1485 2505 lederet
1530 2441 1877 2505 indiscrete.
1949 2440 2049 2505 Ad
2098 2441 2260 2504 idem
2318 2441 2667 2504 misericors
2735 2444 2798 2505 et
2862 2441 3187 2505 miserator

453 2525 739 2590 dominus
787 2526 861 2590 de
907 2527 1171 2592 summis
1235 2528 1506 2593 celorum
1565 2529 1828 2593 fastibus
1896 2528 1973 2591 ad
2036 2531 2198 2592 terre
2269 2527 2563 2592 inferiora
2630 2528 3006 2592 descendens
3085 2547 3192 2609 per

457 2611 816 2679 effusionem
867 2615 1098 2698 proprii
1145 2616 1463 2700 sanguinis
1511 2635 1744 2699 pacem,
1795 2616 1950 2682 vicio
1998 2618 2322 2699 parentum
2368 2615 2825 2697 primitivorum
2874 2616 3186 2693 infectam,

460 2721 560 2767 rex
612 2702 898 2784 pacificus
947 2703 1432 2769 misericorditer
1480 2704 1842 2770 reformavit
1888 2707 1946 2769 10
1996 2705 2197 2780 terris,
2248 2705 2524 2786 proprios
2573 2723 2791 2787 nempe
2839 2702 3190 2785 (1100100100,

452 2790 528 2855 (10
589 2808 850 2872 quorum
910 2792 1090 2856 firma
1138 2793 1482 2857 stabilitate
1548 2796 1930 2874 pensaverat,
1981 2812 2120 2857 cum
2166 2792 2455 2856 discessit
2511 2793 2587 2856 ab
2633 2791 2740 2868 eis,
2790 2810 2939 2875 pace
3008 2790 3191 2863 facta,

455 2877 744 2942 munifica
791 2877 1116 2961 largitione
1166 2881 1420 2958 dotavit,
1487 2899 1627 2945 cum
1696 2880 1886 2945 dixit:
1935 2899 2053 2962 pax
2101 2880 2296 2944 vobis·
2361 2877 2522 2958 Quid
2587 2881 2797 2944 autem
2843 2879 3030 2957 aliud,
3074 2878 3190 2942 nisi

453 2984 666 3048 pacem
715 2985 941 3049 ymnus
987 2967 1140 3031 dicit
1190 2969 1510 3051 angelicus
1556 2970 1620 3032 01
1662 2969 1886 3033 1010100
1932 2986 2129 3048 agnus
2178 2968 2321 3031 dei?
2387 2968 2830 3032 Verumtamen
2888 2965 3191 3049 serpentis

454 3053 694 3136 antiqui
742 3053 1000 3135 perfidia
1046 3054 1111 3120 in
1158 3056 1500 3122 humanum
1548 3075 1743 3138 genus
1788 3056 2141 3139 iniquitatis
2191 3074 2422 3119 venena
2465 3053 2926 3129 transfundens,
3000 3054 3193 3135 ipsius

454 3140 605 3205 diris
655 3142 981 3206 conatibus
1032 3145 1204 3225 portu
1270 3144 1490 3209 salutis
1559 3162 1878 3225 properam
1944 3142 2272 3207 interdicto
2334 3161 2372 3205 a
2434 3143 2675 3207 semitis
2747 3141 3192 3224 tranquilitatis

454 3231 519 3292 et
564 3228 708 3293 fidei
751 3229 1046 3311 repellere
1095 3249 1357 3312 nequam
1407 3250 1526 3295 non
1574 3230 1805 3295 desinit
1852 3230 2248 3307 incessanter,
2298 3248 2416 3295 non
2465 3230 2835 3312 permittens
2872 3230 3017 3294 illos
3065 3229 3197 3312 qui-

458 3334 680 3393 escere,
729 3318 833 3397 qui
884 3316 1084 3381 solent
1128 3337 1259 3381 esse
1306 3318 1698 3383 voluntatum
1748 3319 2089 3395 unanimes,
2153 3318 2284 3382 0010
2331 3320 2647 3382 momento
2710 3318 2890 3383 firma
2954 3315 3199 3381 stabili-

454 3406 583 3468 tate
631 3403 993 3468 conformes.
1070 3403 1221 3469 Cum
1298 3405 1488 3489 igitur
1554 3405 1913 3490 insurgente
1982 3406 2150 3470 vario
2222 3424 2552 3488 guerarum
2617 3404 2973 3470 discrimine
3035 3404 3196 3468 inter

453 3492 664 3574 partes
712 3490 973 3555 inferius
1023 3494 1391 3572 0010100100,
1443 3494 1600 3577 quod
1648 3496 1771 3558 iam
1824 3513 2109 3576 processu
2173 3494 2472 3575 temporis
2519 3493 2939 3576 malignorum
3002 3492 3196 3573 impe-

455 3580 625 3644 tibus
671 3579 732 3641 10
783 3580 1029 3643 tanturn
1078 3581 1426 3646 invaluerat
1472 3582 1632 3646 inter
1680 3583 1862 3663 10000,
1936 3583 2090 3665 quod
2146 3601 2213 3646 ex
2263 3582 2402 3645 inde
2448 3579 2647 3657 cedeS,
2717 3581 2992 3658 vulnera,
3054 3598 3196 3662 rap-

454 3669 579 3743 100,
632 3667 912 3730 incendia
962 3670 1026 3731 et
1072 3668 1193 3733 alia
1241 3670 1645 3751 multipharia
1688 3670 2014 3751 nephanda
2072 3670 2332 3733 crimina
2392 3670 2538 3733 sunt
2596 3670 2826 3746 secuta,
2892 3668 3194 3749 plerisque

454 3755 531 3818 ab
585 3754 825 3836 origine
874 3755 1121 3838 propria
1171 3755 1349 3821 factis
1394 3758 1692 3833 exulibuS,
1744 3759 1885 3822 aliis
1933 3775 2247 3822 carcerum
2312 3758 2375 3821 et
2446 3756 2827 3820 vinculorum
2891 3756 3195 3837 angustiis

453 3842 824 3921 interclusis,
889 3843 1105 3907 multis
1156 3844 1424 3909 viduatis
1471 3845 1759 3909 uxoribus
1809 3848 1873 3909 et
1919 3849 2242 3926 parentum
2293 3863 2539 3910 suorum
2587 3843 2807 3908 solatio
2861 3844 3192 3908 destitutis.

452 3929 615 4009 Quot
664 3930 905 3994 nobiles
952 3932 1016 3995 et
1062 3932 1348 4015 potentes
1388 3934 1707 4015 galearum
1757 3932 2096 4013 impetibus
2145 3932 2483 3996 submersis
2536 3930 2795 3996 navibus
2838 3930 3191 4013 perierunt,

453 4017 714 4083 infinitis
763 4018 1109 4101 virginibus
1172 4020 1444 4084 01000110
1492 4021 1873 4103 virginitatis
1922 4021 2246 4101 corruptis,
2315 4019 2536 4103 quibus
2599 4018 2786 4094 villis,
2849 4019 3069 4083 castris
3134 4020 3195 4081 et

452 4107 605 4171 locis
675 4105 1067 4171 flammarum
1121 4107 1417 4171 incendiis
1466 4108 1588 4171 iam
1664 4108 1894 4171 exustis
1958 4107 2148 4172 variis
2218 4107 2571 4172 hominibus
2633 4106 3031 4171 membratim
3095 4107 3197 4168 de-

455 4194 621 4268 cisis,
671 4196 736 4258 et
781 4195 924 4259 aliis
974 4195 1345 4260 abhorendis
1393 4193 1777 4271 011101011100,
1823 4214 1941 4276 que
1989 4215 2205 4260 narare
2267 4213 2387 4259 non
2434 4193 2598 4271 licet,
2663 4194 2724 4257 in
2791 4192 3193 4258 multitudine

454 4281 806 4362 glomerosa
852 4283 1219 4356 commissiS,
1274 4283 1425 4347 adeo
1470 4282 1629 4364 quod
1678 4302 1785 4365 pre
1834 4283 2128 4347 effusione
2175 4282 2494 4366 sanguinis
2528 4284 2940 4363 pugnatorum
2974 4296 3195 4363 equora

457 4367 623 4430 facta
664 4372 809 4431 sunt
846 4370 1058 4434 multis
1094 4371 1362 4451 ipsorum
1416 4371 1596 4434 undis
1645 4371 2134 4449 cruentantibus,
2183 4373 2333 4452 proh
2376 4369 2569 4448 dolor,
2618 4368 2993 4433 rubicunda!
3041 4368 3193 4431 Tur-

456 4454 640 4517 batur
713 4457 1016 4536 siquidem
1080 4478 1149 4521 ex
1229 4460 1317 4522 eis
1382 4458 1860 4523 christianorum
1926 4459 2166 4523 sincera
2232 4458 2516 4534 devotio,
2590 4456 3008 4539 corrumpitur
3071 4473 3197 4518 mo·

457 4539 710 4603 narchia
757 4546 820 4605 et
866 4544 1210 4609 detestatur
1261 4546 1592 4627 plurimum
1635 4547 1771 4610 tota
1821 4546 2104 4610 machina
2129 4545 2483 4609 mundialis.
2531 4545 2833 4608 Letantur
2879 4545 3028 4625 quin
3052 4560 3193 4625 ymo

457 4625 673 4706 perfidi
724 4646 981 4709 nequam
1029 4634 1495 4698 orthodosorum
1566 4633 1756 4696 emuli
1804 4631 2036 4696 viribus
2102 4633 2529 4715 reassumptis,
2591 4632 2932 4713 errigentes
2995 4629 3190 4694 nichi-

452 4711 722 4777 lominus
769 4732 991 4782 cornua
1039 4720 1298 4800 superbe
1343 4724 1542 4786 cetere
1592 4720 1850 4785 barbare
1898 4720 2199 4784 nationes.
2249 4720 2423 4799 Quod
2470 4718 2793 4784 attendens
2865 4721 2930 4782 et
2989 4716 3189 4782 consi-
