3620 5282
3019 383 3139 447 157

423 551 654 635 giensis
701 552 959 617 ecclesie
1006 554 1070 619 et
1113 554 1313 635 patrie
1359 554 1636 619 Foriiulii
1686 573 1759 618 ac
1804 555 2002 619 tocius
2034 554 2495 637 patriarchatus
2527 555 2938 639 Aquileiensis
2966 578 3140 625 veros

426 642 490 704 et
533 642 736 706 certos
782 642 1048 721 nuntiOS,
1097 645 1356 719 actoreS,
1408 641 1685 719 factores
1734 642 2047 726 legitimos
2079 647 2517 726 procuratoreS,
2566 645 2831 710 sindicos
2878 649 2941 710 et
2985 666 3142 712 nun-

428 729 555 793 cios
604 729 919 811 speciales,
972 732 1034 794 et
1080 730 1368 813 quicquid
1416 731 1637 794 melius
1705 750 1839 795 esse
1899 739 2175 814 possunt,
2241 734 2593 815 specialiter
2649 735 2713 797 et
2771 735 3139 800 nominatim

424 817 503 881 ad
551 817 966 897 tractandum,
1001 819 1355 892 ineundum,
1402 821 1884 902 componendum
1921 822 1983 883 et
2014 820 2406 897 firmandum,
2456 821 2822 900 faciendum,
2873 824 3139 888 dandum

425 907 489 968 et
529 906 970 988 recipiendum,
1019 908 1445 989 compiendum
1494 911 1557 971 et
1600 908 2088 972 consumendum
2137 910 2483 974 nominibus
2530 911 2859 976 antedictis
2894 914 3142 976 auctore

424 993 536 1058 deo
585 1013 823 1075 puram,
874 1013 1078 1058 veram
1113 1014 1345 1077 pacem,
1396 996 1776 1060 concordiam
1825 999 1888 1059 et
1933 1015 2205 1060 amorem
2253 1017 2361 1061 seu
2410 1000 2718 1081 treuguae,
2767 1000 3047 1064 inducias
3080 1005 3143 1064 et

426 1081 905 1147 substinimenta
949 1086 1078 1147 tam
1119 1084 1179 1146 in
1224 1086 1580 1166 perpetuum
1630 1103 1813 1166 quam
1859 1083 1935 1148 ad
1984 1088 2247 1166 tempus,
2297 1086 2351 1149 si
2397 1088 2460 1149 et
2503 1090 2686 1168 prout
2731 1088 2960 1151 eisdem
2998 1107 3143 1171 syn-

426 1170 578 1235 dicis
625 1172 689 1234 et
727 1172 1226 1253 procuratoribus
1273 1176 1337 1235 et
1374 1174 1647 1253 ipsorum
1696 1171 1955 1236 cuilibet
2000 1174 2196 1236 modis
2244 1176 2308 1238 et
2377 1174 2589 1237 formis
2647 1175 3139 1259 quibuscumque

426 1259 732 1322 videbitur
777 1261 1080 1340 expedire,
1129 1278 1268 1323 cum
1319 1260 1549 1324 illustri
1597 1264 1659 1324 et
1703 1261 1940 1325 eccelso
1988 1262 2235 1324 domino
2269 1262 2514 1325 domino
2556 1264 2705 1325 duce
2739 1264 3138 1328 Venetiarurn

426 1346 735 1429 ipsiusque
782 1348 1038 1411 consilio
1086 1352 1148 1411 et
1193 1350 1634 1412 communitate
1682 1349 2088 1413 Veneciarnm
2121 1368 2452 1431 eorumque
2497 1351 2783 1428 subditiS,
2830 1352 3131 1432 fidelibus,

425 1434 755 1518 colligati3‚
805 1435 1242 1500 adherentibus
1283 1437 1788 1518 quibuscumque,
1838 1456 1944 1501 seu
2015 1456 2152 1500 cum
2221 1438 2485 1519 egregiis
2549 1441 2613 1501 et
2674 1440 3131 1506 honorabilibus

429 1522 575 1587 viris
622 1523 883 1588 dominis
929 1524 1218 1607 syndiciS,
1280 1526 1778 1604 procuratoribus
1841 1528 1904 1588 et
1964 1525 2483 1590 ambaxiatoribus
2543 1527 2844 1590 dictorum
2904 1529 3139 1592 domini

426 1611 598 1675 ducis
645 1616 709 1675 et
754 1612 1218 1677 communitatis
1269 1614 1667 1678 Veneciarum
1731 1632 1930 1677 coram
1980 1613 2210 1677 illustri
2275 1616 2339 1677 et
2398 1614 2633 1678 excelso
2694 1615 2965 1697 principe
3027 1618 3134 1680 do-

427 1700 592 1764 mino
664 1700 914 1765 domino
960 1699 1229 1766 Amedeo
1285 1703 1512 1765 comite
1559 1700 1863 1765 Sabaudie
1928 1721 2033 1765 seu
2098 1703 2584 1784 quibuscumque
2652 1705 2792 1767 aliis
2855 1705 3135 1779 dominiS,

424 1790 865 1853 commissariis
911 1810 1018 1871 per
1065 1791 1296 1872 regiam
1349 1791 1741 1854 maiestatem
1787 1790 2107 1871 Hungarie
2164 1791 2473 1873 deputatis
2520 1810 2624 1854 seu
2690 1793 2749 1854 in
2820 1795 3135 1873 posterum

424 1876 789 1958 deputandis
835 1878 911 1941 de
959 1879 1023 1941 et
1065 1897 1244 1960 super
1288 1880 1774 1960 quibuscumque
1821 1880 2081 1960 guerris,
2132 1879 2509 1956 rancoribus,
2558 1879 2899 1958 discordiis,
2964 1882 3140 1944 diffe-

428 1966 662 2040 rentiis,
710 1966 945 2043 litibus,
995 1968 1196 2030 causis
1244 1969 1307 2029 et
1353 1967 1800 2048 questionibu8‚
1850 1966 2281 2030 controversiis
2326 1969 2387 2030 et
2433 1967 2696 2049 querelis
2746 1969 2906 2031 inter
2937 1969 3135 2033 dictas

429 2054 632 2131 partes
679 2054 862 2117 dictis
911 2056 1258 2119 nominibus
1307 2055 1517 2131 versis,
1569 2054 1953 2119 vertentibus
1996 2054 2470 2136 presentialiter,
2520 2075 2624 2119 sen
2658 2075 2774 2137 que
2804 2059 3136 2138 quomodo-

427 2140 580 2205 libet
645 2142 801 2205 verti
853 2144 1119 2223 possent,
1186 2143 1537 2224 specialiter
1605 2143 1846 2206 nomine
1909 2146 1974 2207 et
2031 2142 2347 2207 occasione
2410 2144 2751 2221 civitatum,
2811 2149 3136 2222 terrarum,

425 2232 768 2293 castrorum
814 2233 879 2293 et
926 2231 1192 2294 locorum
1242 2248 1766 2314 quorumcumque
1812 2231 2010 2294 tocius
2078 2232 2278 2307 Istrie,
2348 2250 2457 2295 nec
2518 2251 2629 2296 non
2694 2234 3134 2314 quarentesimi

425 2319 637 2399 portus
687 2318 997 2382 Parentini
1046 2324 1107 2381 et
1153 2318 1423 2383 omnium
1474 2322 1538 2384 et
1582 2319 1963 2402 singulorum
2007 2321 2475 2402 emergentium,
2545 2320 3019 2403 dependentium
3068 2327 3134 2386 et

425 2423 830 2469 connexorum
878 2425 916 2469 a
965 2407 1254 2487 predictis
1301 2410 1364 2471 et
1407 2407 1683 2489 quolibet
1729 2408 2163 2489 predictorum,
2238 2428 2347 2472 nec
2394 2427 2511 2471 non
2559 2410 2830 2473 omnium
2879 2414 2944 2474 et
3009 2410 3137 2473 sin-

424 2494 709 2577 gulorum
756 2495 1016 2560 aliorum
1066 2495 1254 2559 etiam
1302 2498 1607 2561 maiorum
1656 2494 1965 2578 equalium
2015 2515 2120 2559 seu
2185 2499 2491 2560 minorum
2552 2515 2622 2561 ac
2683 2498 2871 2561 etiam
2935 2501 3138 2562 extra—

428 2601 672 2647 neorum
721 2584 785 2647 et
832 2586 1198 2648 remotorum
1249 2585 1327 2648 ab
1372 2583 1460 2648 eis
1507 2587 1570 2648 et
1615 2583 1892 2666 quolibet
1941 2585 2235 2667 ipsorum.
2286 2586 2537 2666 Insuper
2572 2586 2813 2651 nomine
2860 2589 2927 2652 et
2965 2604 3137 2652 occa·

428 2671 596 2735 sione
640 2673 835 2734 insule
883 2672 1232 2746 Gradensis,
1297 2674 1492 2736 tocius
1555 2672 1849 2737 territorii
1909 2675 2013 2736 siti
2074 2673 2233 2738 infra
2295 2674 2534 2737 Plavim
2594 2677 2659 2737 et
2724 2675 3132 2758 Liguentiaru‚

429 2763 751 2834 terrarum,
799 2762 1145 2823 castrorum
1193 2765 1256 2823 et
1304 2761 1573 2824 locorum
1624 2762 1898 2824 omnium
1946 2762 2221 2824 eiusdem
2267 2780 2337 2825 ac
2386 2765 2739 2826 monasterii
2786 2767 2857 2827 de
2888 2765 3028 2828 Piro
3072 2770 3135 2827 et.

424 2847 683 2912 aliarum
732 2850 1061 2922 curiarum,
1112 2867 1545 2929 nemorumque
1591 2853 1655 2911 et
1702 2849 2208 2930 pertinentiarum
2258 2849 2523 2931 ipsorum
2572 2851 2831 2915 sitarum
2883 2853 2941 2915 in
2992 2872 3132 2933 par-

427 2937 594 2999 tibus
641 2935 1000 3010 Tarvisinis,
1052 2955 1161 3000 nec
1206 2955 1322 2999 nou
1392 2936 1642 3000 dominii
1706 2936 2005 3014 GarittiiS,
2071 2937 2515 3001 iurisdictionis
2575 2941 2916 3003 omnimode
2980 2942 3130 3004 meri

425 3027 489 3088 et
549 3024 727 3086 mixti
790 3024 1027 3106 imperii
1086 3026 1150 3087 et
1210 3024 1400 3106 gladii
1461 3024 1806 3107 potestatiS,
1871 3025 2145 3089 omnium
2214 3026 2623 3106 predictorum
2696 3030 2760 3090 et
2805 3029 3136 3093 cuiuslibet

426 3112 692 3193 ipsorum
744 3115 808 3175 et
852 3113 1116 3176 aliorum
1165 3131 1686 3194 quorumcumque
1729 3113 1915 3176 etiam
1954 3114 2275 3191 maiorum,
2326 3115 2660 3195 equalium,
2714 3115 3019 3180 minorum
3064 3136 3133 3180 ac

426 3201 614 3264 etiam
662 3204 1084 3264 extraneorum
1137 3206 1200 3262 et
1248 3203 1627 3265 remotorum
1674 3202 1737 3264 et
1778 3201 2046 3282 ipsorum
2097 3202 2387 3284 quolibet,
2458 3222 2567 3266 nec
2614 3222 2729 3266 non
2782 3205 3023 3268 nomine
3070 3209 3135 3269 et

425 3289 739 3353 occasione
800 3289 1133 3353 salinarum
1198 3290 1497 3354 factarum
1563 3292 1631 3352 et
1689 3288 2025 3353 fiendarum
2099 3296 2227 3354 tam
2293 3292 2351 3353 in
2406 3291 2681 3371 partibus
2724 3293 2903 3356 Istrie
2950 3312 3128 3376 quam

427 3378 614 3440 etiam
654 3377 718 3439 in
767 3377 1057 3440 Foroiulii
1108 3379 1171 3439 et
1214 3378 1583 3458 ubicumque
1627 3378 1687 3439 in
1734 3379 2153 3458 patriarchatu
2199 3378 2634 3461 Aquilegiense
2678 3380 2862 3443 fuerit
2918 3400 3135 3464 oppor—

426 3467 665 3541 tunum,
715 3482 823 3526 nec
869 3484 985 3528 nou
1032 3464 1363 3528 confinium
1411 3468 1476 3528 et
1526 3467 1931 3545 piscationum
1982 3466 2377 3531 existentium
2442 3469 2604 3531 inter
2672 3470 2866 3532 dictas
2927 3474 3133 3552 partes

427 3552 556 3615 tam
607 3554 664 3616 iu
707 3554 879 3629 mari,
925 3552 1298 3630 fluminibuS,
1349 3554 1781 3629 lacuminibus,
1831 3556 1895 3618 et
1940 3556 2067 3617 tam
2118 3556 2179 3618 in
2228 3556 2414 3619 Istria
2483 3575 2665 3638 quam
2737 3558 2794 3621 in
2844 3558 3134 3623 Foroiulii

426 3643 490 3703 et
536 3640 594 3703 16
644 3640 924 3721 partibus
971 3640 1313 3704 Tarvisinis
1360 3642 1424 3704 et
1461 3641 1612 3705 alibi
1658 3641 2028 3723 ubicumque
2074 3643 2368 3718 locorum,
2439 3663 2510 3707 ac
2571 3644 2759 3709 etiam
2820 3648 3135 3711 occasione

428 3729 617 3791 libere
666 3729 1073 3808 navigationis
1119 3749 1225 3809 per
1273 3748 1438 3793 mare
1485 3729 1756 3793 fidelium
1804 3739 1866 3792 et
1910 3730 2300 3795 subditorum
2346 3734 2617 3796 omnium
2665 3733 2829 3797 dicte
2877 3735 3132 3817 Aquile-

426 3817 656 3899 giensis
703 3817 957 3881 ecclesie
1004 3820 1068 3880 et
1113 3818 1376 3881 aliarum
1425 3836 1951 3900 quarumcumque
1994 3839 2409 3900 personarum,
2458 3823 2520 3883 et
2566 3821 2841 3886 omnium
2890 3825 2954 3885 et
2999 3826 3129 3887 sin—

427 3905 715 3986 gularum
759 3906 1225 3970 conventionum
1272 3908 1337 3968 et
1382 3907 1730 3988 pactionum
1776 3907 1952 3983 alias,
2002 3909 2073 3970 ut
2116 3908 2359 3984 dicitur,
2411 3907 2712 3972 factarum
2772 3911 2933 3973 inter
2980 3910 3132 3974 bone

427 3995 717 4057 memorie
766 3993 1304 4058 reverendissimos
1351 3998 1557 4076 patres
1603 3994 1880 4058 dominos
1927 3996 2308 4075 patriarches
2356 3997 2783 4079 Aquilegieses
2830 4002 2895 4061 et
2940 3998 3136 4081 Aqui-

429 4081 762 4164 legiensem
803 4082 1121 4146 ecclesiam
1173 4084 1236 4145 et
1282 4082 1555 4146 illustres
1601 4082 1883 4146 dominos
1930 4086 2113 4147 duces
2160 4089 2223 4147 et
2284 4087 2791 4150 communitatem
2843 4086 3135 4152 Venecia-

426 4189 558 4233 rum
619 4171 691 4233 de
751 4174 814 4233 et
876 4190 1058 4252 super
1119 4170 1404 4234 omnibus
1465 4171 1832 4252 supradictis
1893 4172 1957 4234 et
2016 4171 2290 4252 quolibet
2351 4173 2781 4253 predictorum,
2846 4177 2909 4237 et
2956 4194 3136 4251 super

427 4257 908 4341 quibuscumque
946 4260 1085 4323 aliis
1131 4259 1318 4322 etiam
1371 4258 1725 4336 maioribuS,
1773 4260 2095 4342 equalibus
2141 4279 2246 4323 seu
2296 4260 2629 4325 minoribus
2680 4281 2749 4325 ac
2795 4264 2981 4326 etiam
3030 4265 3135 4327 de-

428 4346 831 4428 pendentibus
877 4349 941 4409 et
975 4349 1261 4411 connexis
1308 4365 1378 4410 ac
1413 4348 1666 4410 remotis
1711 4350 1774 4410 et
1821 4348 2138 4428 extraneis
2169 4350 2248 4412 ab
2290 4349 2520 4412 eisdem
2569 4355 2632 4413 et
2669 4350 2945 4433 quolibet
2977 4353 3151 4433 ipsos

426 4454 583 4506 rum,
635 4436 881 4516 insuper
926 4441 988 4499 et
1032 4438 1344 4500 occasione
1392 4453 1914 4516 quorumcumque
1962 4437 2235 4500 censium
2301 4441 2365 4500 et
2424 4438 2679 4518 pecunie
2746 4458 3128 4506 summarum

425 4523 768 4586 debitarum
817 4524 932 4605 ipsi
984 4522 1363 4606 Aquileiensi
1412 4524 1668 4587 ecclesie
1716 4528 1778 4586 et
1824 4543 2031 4588 mense
2078 4526 2472 4606 patriarchali
2537 4545 2642 4608 per
2706 4527 2869 4607 ipsos
2934 4531 3131 4593 domi-

427 4630 573 4675 num
622 4611 840 4676 ducem
888 4613 951 4674 et
994 4631 1316 4675 commune
1364 4612 1783 4690 Venetiarum‚
1855 4617 1917 4675 et
1961 4613 2333 4694 generaliter
2394 4615 2638 4677 nomine
2701 4619 2763 4679 et
2822 4618 3131 4683 occasione

424 4700 702 4764 omnium
773 4703 836 4763 et
903 4699 1319 4782 singulorum,
1387 4719 1504 4782 que.
1573 4702 1702 4782 ipse
1766 4702 1972 4781 partes
2031 4700 2212 4764 dictis
2278 4703 2628 4766 nominibus
2691 4703 2809 4767 sibi
2870 4706 3128 4770 invicem

424 4789 986 4872 quomodocumque
1031 4790 1093 4852 et
1134 4788 1663 4872 qualitercumque
1708 4790 1775 4853 et
1821 4788 2306 4872 quibuscumque
2352 4791 2563 4871 modiS,
2613 4792 2981 4874 nominibus,
3033 4813 3132 4859 ra-
