3620 5282
541 312 673 380 206

745 486 1459 571 CCLXXXVIII.
1515 487 1727 571 God.
1780 487 2009 570 1384.
2067 489 2108 569 1
2162 488 2506 589 oiujka,
2556 510 2619 571 u
2668 487 3062 571 Mletcih.

502 634 805 705 “Riesenm
876 634 957 692 da
1022 633 1248 707 m‘ekoji
1307 632 1620 704 ιαΙοζῇιιόοἰ,
1690 633 1955 690 stvoreni
2021 647 2097 690 za
2166 635 2307 689 rata
2349 648 2380 690 s
2441 633 2749 706 uyarskim
2790 633 3039 705 kraljcm
3087 632 3199 693 ita.
3248 649 3280 691 s

1394 721 1603 794 prieke
1648 720 1842 779 auide
1888 720 2050 778 buda
2100 720 2385 778 unistcni.

749 841 937 908 1384.
983 841 1320 907 indictione
1387 842 1675 924 septima,
1718 838 1821 904 die
1881 840 2081 923 primo
2131 840 2362 904 mensis
2424 839 2651 905 martii.
2704 839 3024 918 Dominus,
3074 837 3278 904 consi-

534 930 721 1011 liarii,
770 930 978 1013 capita
1022 932 1086 994 et
1153 931 1465 1012 sapientes
1536 928 1802 993 consilii.
1872 926 2105 1009 Capta:
2168 946 2311 992 cum
2372 928 2431 992 in
2481 930 2758 1011 tempore
2803 946 3025 1010 guerre
3074 946 3274 1009 nuper

535 1020 835 1101 proterite
881 1037 1022 1083 cum
1075 1017 1323 1083 domino
1369 1036 1513 1101 rege
1560 1015 2364 1099 Hungarie,Januensibus,
2415 1016 2666 1080 domino
2717 1015 2922 1079 Padue
2960 1019 3024 1080 et
3072 1015 3270 1097 patri-

530 1107 721 1172 archa
769 1109 833 1171 et
880 1104 1144 1171 ecclesia
1188 1104 1568 1189 aquilegensi
1638 1103 1886 1168 fuerunt
1943 1111 2121 1186 capte
2155 1103 2352 1167 multe
2404 1106 2607 1185 partes
2643 1107 2708 1169 et
2751 1103 2992 1167 ordines
3027 1104 3091 1166 in
3126 1121 3272 1166 con-

530 1194 671 1259 silio
718 1194 1069 1277 sapientum
1131 1213 1351 1277 guerre
1416 1196 1478 1258 et
1523 1193 1585 1256 in
1647 1193 1882 1275 rogatis
1929 1194 1994 1256 et
2040 1194 2250 1268 zonta,
2299 1192 2382 1256 ad
2447 1211 2597 1274 quas
2643 1194 2848 1273 partes
2893 1193 2957 1254 et
3008 1192 3261 1256 ordines

531 1282 862 1347 consilium
914 1286 1064 1346 tunc
1124 1280 1557 1346 condescendit
1609 1282 1836 1361 coacte,
1900 1280 2047 1344 licet
2086 1299 2194 1362 per
2236 1279 2331 1342 dei
2377 1281 2642 1363 gratiam
2689 1278 2931 1343 nullum
2979 1279 3278 1344 habuerit

530 1370 840 1448 effectum,
887 1371 951 1433 et
974 1369 1134 1433 tales
1193 1370 1499 1452 scripture
1562 1369 1660 1433 vel
1725 1375 1933 1449 partes
1981 1385 2098 1431 non
2154 1366 2284 1431 sint
2328 1367 2454 1432 ullo
2501 1368 2675 1430 modo
2721 1367 2984 1431 tenende
3032 1367 3137 1432 vel
3181 1365 3274 1429 le·

530 1460 728 1538 gende
778 1477 885 1541 pro
928 1457 1188 1522 infinitis
1235 1457 1412 1521 bonis
1459 1455 1876 1538 respectibus;
1924 1455 2097 1520 vadit
2140 1473 2304 1537 pare,
2355 1456 2516 1538 quod
2565 1455 2834 1520 debeant
2878 1454 3010 1536 ipse
3063 1457 3271 1536 partes

532 1549 598 1612 et
643 1547 947 1626 scripture
1009 1544 1267 1623 destrui,
1331 1543 1660 1609 anichilari
1707 1545 1769 1607 et
1816 1543 2134 1619 conburri,
2188 1544 2276 1607 ita
2322 1543 2486 1624 quod
2559 1561 2868 1627 nunquam
2941 1542 3269 1606 videantur

528 1652 636 1717 per
694 1634 932 1716 aliquos
980 1651 1089 1716 pro
1139 1632 1364 1698 honore
1410 1630 1604 1697 nostri
1651 1630 1937 1696 dominii.

620 1742 799 1801 Micca·
841 1740 1232 1802 XXXVIII.
1286 1742 1430 1817 102,
1478 1757 1521 1799 u
1564 1740 1722 1801 ποῖοί.
1771 1741 2006 1811 arkivu,

803 1927 1424 2013 CCLXXXIX.
1482 1928 1689 2013 God.
1745 1929 1974 2012 1384.
2030 1927 2080 2010 2
2134 1929 2444 2035 limus,
2499 1952 2559 2012 u
2613 1930 3005 2014 Mletcih.

527 2076 884 2148 Dozvoly‘eno
936 2074 1144 2135 Nikoli
1202 2076 1393 2134 knew
1436 2074 1734 2143 krekomu,
1800 2074 1948 2132 tuda
1985 2092 2025 2132 u
2070 2074 2261 2134 sluibi
2313 2074 2624 2149 mletac‘km'
2667 2093 2710 2135 u
2754 2076 2944 2147 Kreti,
2997 2077 3081 2136 dn
3125 2074 3263 2137 radi

1366 2162 1557 2235 evojih
1605 2160 1819 2235 posala
1864 2162 2035 2236 dedic
2077 2181 2117 2222 u
2163 2162 2406 2223 Mletke.

746 2283 932 2349 1384.
978 2282 1078 2346 die
1126 2284 1390 2347 secundo
1438 2281 1613 2348 iunii.
1667 2279 1906 2364 Capta:
1954 2282 2114 2364 quod
2147 2280 2514 2347 concedatur
2545 2283 2619 2348 de
2652 2283 2856 2366 gratia
2902 2283 3103 2350 nobili
3136 2284 3260 2348 viro

528 2373 742 2438 comiti
812 2371 1072 2438 Nicolao
1118 2371 1194 2435 de
1236 2370 1477 2453 Vegla,·
1529 2370 1942 2451 provisionato
2012 2374 2217 2435 nostro
2265 2371 2325 2434 in
2374 2369 2668 2449 Candida,
2718 2370 2829 2435 hoc
2892 2373 3259 2455 suppliciter

527 2459 892 2544 postulanti,
941 2460 1100 2542 quod
1148 2461 1401 2542 propter
1461 2458 1671 2541 aliqua
1734 2459 2124 2540 agenda'sua
2173 2459 2482 2539 presentia
2526 2459 2679 2534 eius,
2706 2460 2867 2523 sicut
2908 2461 3252 2545 expositum

527 2550 647 2613 suit
693 2548 870 2612 nobis
917 2566 1025 2629 pro
1072 2548 1281 2629 partes
1330 2564 1461 2622 sua,
1509 2544 1907 2628 requirentia,
1970 2545 2100 2627 ipse
2147 2546 2348 2628 possit
2387 2547 2593 2611 venire
2639 2547 2936 2612 Venecias
2986 2551 3054 2614 et
3097 2550 3255 2612 stare

527 2658 634 2720 per
676 2656 778 2699 sex
828 2654 1088 2709 meuses,
1137 2635 1414 2701 habendo
1476 2633 1876 2699 medietatem
1927 2634 2244 2705 solumodo
2289 2635 2687 2718 provisiensis
2735 2655 2845 2701 sue
2892 2636 3088 2703 donec
3137 2637 3256 2701 ste·

524 2725 674 2788 terit
719 2727 895 2788 extra
940 2721 1305 2789 Candidam.

613 2833 793 2891 Misce:
841 2828 1230 2892 XXXVIII.
1282 2834 1426 2911 131,
1476 2851 1516 2892 u
1554 2833 1712 2892 mlet.
1761 2834 1995 2895 arkivu.

924 3020 1230 3105 CCXC.
1286 3020 1492 3105 God.
1549 3021 1774 3104 1384.
1830 3022 1930 3105 14
1983 3021 2294 3125 lipnja‚
2347 3046 2407 3106 u
2459 3023 2853 3107 Mletcih.

526 3169 840 3242 Odyovara
888 3184 953 3226 se
991 3168 1320 3242 poslaniku
1364 3166 1697 3241 aqam-hro.
1745 3166 2012 3240 krab'ioe,
2040 3168 2120 3226 da
2159 3167 2220 3227 όε
2264 3184 2326 3227 se
2369 3169 2686 3241 republika
2730 3187 2773 3228 u
2816 3169 3086 3242 poslovih
3116 3169 3250 3228 ffl-

520 3258 668 3316 aula
712 3259 734 3315 i
776 3256 1123 3330 patriarche
1168 3255 1501 3329 oqlejskoqa
1543 3255 1910 3328 prtJateljski
1938 3256 2186 3324 vladati,
2219 3256 2298 3314 da
2332 3256 2392 3316 έε
2422 3257 2671 3316 παῑοέἰίί
2712 3258 3020 3330 kapetanu
3059 3257 3245 3333 yalt'ja

521 3346 887 3419 bosanskoya
934 3344 1153 3419 kraha,
1205 3344 1303 3416 koj
1337 3344 1404 3415 jc
1448 3343 1649 3402 rodom
1694 3342 1974 3402 mletadki
2005 3343 2241 3417 plemic,
2291 3345 2445 3403 nelca
2489 3346 2557 3403 m·
2593 3346 2899 3419 nnjmam'c
2945 3344 3245 3417 neuriedja

525 3433 861 3516 aqam-bra
929 3430 1232 3504 podanike
1273 3432 1299 3489 i
1356 3432 1576 3507 zemlje,
1627 3447 1665 3489 α
1705 3431 1873 3506 alode
1936 3434 2185 3506 njekoqa
2245 3432 2510 3506 poklada
2573 3433 2654 3492 da
2698 3433 2760 3493 ce
2801 3433 3058 3494 odrcditi
3121 3448 3243 3499 ona,

1441 3584 1451 3601 ,
1553 3520 1642 3580 §to
1678 3536 1875 3593 pravo
1918 3520 2212 3593 zahtjeva.

742 3638 926 3705 1384.
975 3639 1309 3705 indictione
1381 3639 1663 3722 septima,
1712 3638 1813 3703 die
1859 3640 2076 3721 quarto
2142 3638 2379 3705 decimo
2439 3637 2614 3705 iunii.
2661 3641 3089 3706 'terminatum
3134 3656 3240 3722 per

520 3725 856 3811 collegium
928 3727 1171 3792 scilicet
1215 3745 1324 3811 per
1369 3726 1712 3805 dominum,
1767 3726 2169 3804 consiliarioS,
2240 3727 2444 3809 capita
2486 3728 2549 3792 et
2607 3729 2918 3810 sapientes
2978 3725 3231 3802 consilii,

521 3814 685 3899 quod
732 3815 846 3880 fiat
888 3815 1290 3897 infrascripta
1336 3815 1652 3898 responsio
1698 3815 1771 3880 de
1818 3814 2087 3897 presenti
2136 3832 2242 3896 pro
2290 3814 2447 3880 bono
2495 3817 2891 3899 agendorum.

731 3902 904 3982 Quod
958 3904 1397 3985 respondeatur
1443 3903 1583 3967 istis
1629 3902 2130 3968 ambaxatoribus
2178 3903 2569 3968 serenissime
2613 3904 2906 3986 reginalis
2954 3903 3237 3969 maiesta-

520 3992 604 4055 tis
668 3991 1007 4074 Hungarie,
1079 3991 1240 4073 quod
1288 3987 1608 4056 intellecta
1651 3990 1981 4055 ambaxata
2046 4009 2161 4055 sua
2221 3991 2398 4056 nobis
2446 3992 2899 4073 sapientissime
2950 3990 3227 4073 exposita,

520 4080 914 4162 presentibus
962 4079 1444 4161 respondemus:
1493 4080 1558 4143 et
1617 4077 1818 4161 primo
1879 4097 2066 4162 super
2124 4079 2323 4161 primo
2381 4077 2649 4162 capitulo
2694 4077 3025 4145 facientem
3076 4094 3236 4142 men·

520 4166 751 4230 tionem
803 4168 877 4230 de
926 4167 1107 4231 factis
1177 4166 1472 4231 Foroiulii
1542 4169 1605 4230 et
1670 4166 2170 4231 reverendissimi
2220 4166 2453 4231 domini
2492 4165 2827 4233 cardinalis
2874 4172 2937 4233 et
2980 4163 3232 4251 patriar·

516 4253 631 4321 che
677 4254 1116 4338 aquilegiensis
1165 4254 1240 4318 de
1279 4253 1580 4320 obviando
1632 4252 1708 4317 de
1757 4253 1919 4319 facto
1964 4255 2238 4332 consilii,
2274 4254 2339 4317 in
2384 4272 2529 4319 casu
2575 4273 2692 4337 quo
2740 4256 3009 4332 interim,
3056 4254 3230 4316 donec

516 4341 804 4406 dominus
851 4360 1005 4425 papa
1046 4341 1388 4424 providerit
1418 4342 1491 4405 de
1537 4341 1719 4407 factis
1753 4342 2062 4423 predict-is,
2105 4342 2332 4424 aliquis
2359 4342 2547 4407 vellet
2594 4344 2879 4408 invadere
2912 4347 3047 4421 etc.,
3081 4335 3225 4421 quod

515 4428 678 4493 sicut
724 4429 877 4493 satis
922 4432 1093 4494 extat
1140 4429 1470 4507 notorium,
1532 4429 1738 4511 ipsum
1770 4430 2089 4494 dominum
2126 4430 2496 4495 cardinalem
2526 4432 2591 4495 et
2613 4431 3030 4513 patriarcham
3062 4424 3225 4509 aqui·

515 4515 852 4599 legiensem
914 4516 1270 4582 cordialiter
1316 4520 1380 4582 et
1426 4518 1755 4582 intrinsece
1820 4536 2061 4600 semper
2119 4518 2466 4582 amavimus
2514 4521 2576 4583 et
2622 4537 2908 4585 amamus
2954 4521 3016 4584 et
3054 4528 3219 4580 omno

517 4603 841 4669 comodum
891 4608 955 4668 et
1001 4604 1247 4682 bonum,
1297 4604 1459 4688 quod
1522 4607 1860 4688 potuimus,
1924 4608 2206 4671 continue
2267 4606 2322 4670 ei
2385 4604 2668 4671 dedimus
2715 4610 2782 4672 et
2826 4607 3080 4672 fecimus
3124 4614 3221 4683 pro

515 4690 862 4775 reverentia
910 4693 1119 4756 sancte
1165 4693 1385 4759 matris
1454 4693 1708 4758 ecclesie
1755 4698 1821 4760 et
1864 4693 2384 4779 contemplatione
2425 4712 2534 4760 sue
2580 4693 3079 4761 reverendissime
3120 4703 3218 4771 pa-
