3620 5282
554 394 684 462 438

560 571 699 637 iura
721 569 886 637 dicte
909 571 1152 637 domine
1179 573 1434 649 Helene,
1459 574 1688 637 etcum
1708 571 2092 654 expeditione
2112 571 2303 636 faciat
2321 570 2485 635 dicte
2502 571 2750 635 domine
2772 570 3045 636 Helene
3065 569 3204 632 sive
3229 586 3335 631 suo

561 659 941 741 procuratori
966 659 1118 723 iuris
1143 663 1206 723 et
1230 658 1466 723 iustitie
1491 659 2038 740 complementum,
2059 659 2205 723 etin
2232 676 2378 723 casu
2407 677 2524 741 quo
2550 657 2787 723 dictum
2818 660 3141 722 nostrum
3174 656 3333 738 regi·

561 764 700 810 men
731 748 1060 829 cognoscat
1081 746 1199 810 de
1184 765 1336 819 iure,
1365 746 1532 811 dicta
1560 746 1719 810 bona
1742 747 1939 811 eidem
1968 746 2215 811 domine
2247 744 2483 810 Helene
2509 747 2811 824 spectare,
2841 745 3100 809 debeat
3127 744 3330 806 eidem

559 831 698 914 ipsa
742 831 1045 915 assignari
1091 833 1156 896 et
1197 833 1332 896 dari
1378 833 1599 908 facere,
1649 834 1895 916 quando
1943 851 2084 901 vero
2131 832 2445 897 videretur
2489 833 2675 896 aliter
2722 831 2901 897 dicto
2961 832 3199 895 nostro
3241 849 3334 892 re—

567 918 811 1002 gimini,
860 919 1036 983 nobis
1083 919 1317 984 scribat
1359 920 1900 997 examinationem,
1948 938 2133 1003 quam
2181 918 2422 994 fecerit,
2458 922 2522 984 et
2550 938 2764 1001 parere
2807 938 3016 983 suum
3057 919 3129 982 in
3165 915 3334 980 dicto

566 1005 746 1083 facto,
795 1005 956 1088 quod
1004 1009 1216 1087 postea
1259 1006 1740 1087 providebimus,
1785 1010 1967 1088 prout
2012 1007 2187 1071 nobis
2231 1006 2561 1070 videbitur.
2613 1006 2694 1069 Et
2738 1006 2833 1069 sic
2880 1006 3241 1070 scribatur
3271 1005 3334 1065 et

570 1091 898 1156 mandetur
943 1092 1110 1157 dicto
1156 1095 1365 1157 nostro
1414 1092 1724 1176 regimini,
1774 1096 1848 1159 ut
1893 1112 2081 1176 supra
2124 1093 2365 1157 dictum
2432 1096 2547 1170 est,
2599 1092 3029 1175 incarigando
3085 1091 3333 1156 dictum

563 1183 843 1243 nostrum
891 1180 1184 1261 regimen,
1234 1180 1391 1263 quod
1437 1199 1579 1244 cum
1625 1179 1790 1244 omni
1840 1180 2166 1264 diligentia
2211 1182 2274 1243 et
2321 1181 2567 1243 matura
2634 1180 3128 1244 examinatione
3203 1180 3338 1241 stu·

563 1266 710 1329 deat
745 1266 1078 1348 inquirere,
1124 1266 1173 1331 si
1225 1267 1304 1345 id,
1353 1269 1509 1348 quod
1557 1268 1718 1349 petit
1760 1266 1930 1331 dicta
1978 1269 2224 1332 domina
2270 1266 2650 1337 Helena‚est
2683 1286 2899 1331 verum
2938 1270 3017 1329 et
3054 1266 3329 1338 iustum,

561 1352 705 1434 quia
749 1371 1024 1417 essemus
1073 1354 1249 1418 valde
1312 1354 1606 1431 contenti,
1676 1353 1838 1436 quod
1905 1356 2171 1420 habente
2243 1353 2384 1436 ipsa
2447 1354 2567 1430 ius,
2614 1353 2789 1417 fieret
2835 1353 3102 1429 taliter,
3157 1350 3336 1434 quod

560 1439 862 1504 haberent
902 1457 1155 1504 causam
1201 1439 1458 1504 amicari
1505 1439 1681 1506 nobis
1727 1441 1792 1505 et
1859 1441 2014 1506 bene
2081 1443 2353 1506 tractare
2420 1444 2661 1505 nostros
2731 1440 2956 1505 fideles
3037 1439 3325 1511 deinde;

562 1525 855 1591 avisando
901 1528 1109 1592 tamen
1157 1527 1394 1591 dictum
1442 1528 1725 1592 nostrum
1776 1527 2072 1609 regimen,
2119 1527 2281 1611 quod
2307 1528 2532 1592 habeat
2562 1529 2786 1592 bonam
2811 1527 3326 1601 advertentiam,

565 1613 723 1695 quod
774 1611 979 1678 dictus
1025 1613 1470 1678 Constantinus
1516 1614 1614 1679 vel
1656 1614 1827 1679 dicta
1873 1615 2121 1680 domina
2164 1615 2406 1679 Helena
2451 1616 2550 1680 vel
2596 1619 2813 1697 gentes
2846 1633 2966 1678 sue
3015 1614 3150 1679 sub
3184 1630 3328 1695 pre-

564 1700 736 1764 textu
782 1699 1092 1765 dictarum
1140 1702 1489 1765 nostrarum
1537 1701 1859 1765 literarum
1913 1703 2258 1784 patentium
2309 1719 2428 1765 non
2476 1703 2715 1783 possint
2760 1701 2968 1766 facere
3039 1698 3318 1782 aliquid,

564 1786 723 1867 quod
771 1785 932 1851 foret
977 1787 1278 1852 incomodi
1326 1788 1490 1853 dicte
1535 1789 1742 1852 nostre
1786 1789 2027 1854 civitati
2100 1787 2415 1853 Durachii.
2495 1790 2577 1853 Et
2619 1789 2765 1872 quia
2811 1788 2937 1851 iste
2988 1786 3324 1853 ambassi-

563 1876 702 1937 ator
746 1891 866 1936 non
913 1875 1103 1940 habet
1146 1875 1467 1956 pecuniam
1516 1894 1622 1956 pro
1668 1875 1954 1956 expensis
2000 1895 2109 1958 pro
2157 1875 2381 1952 reditu,
2431 1876 2738 1941 donentur
2805 1875 3015 1940 eidem
3069 1875 3156 1938 de
3207 1893 3316 1957 pe·

565 1959 749 2024 cunia
794 1961 986 2024 nostri
1034 1962 1380 2026 communis
1425 1962 1635 2026 ducati
1666 1963 1902 2027 decem.

653 2067 833 2127 nisti
882 2068 1081 2130 XLV.
1132 2070 1234 2138 96,
1278 2087 1322 2128 u
1359 2068 1514 2132 mlct.
1563 2070 1797 2130 arkivu.

935 2308 1212 2390 nclv.
1270 2309 1471 2392 eon.
1526 2311 1750 2392 1401.
1805 2313 1847 2391 1
1899 2310 2359 2412 listopaua,
2415 2333 2474 2391 u
2527 2248 2917 2391 materh.

567 2448 912 2525 Republika
956 2452 1159 2525 odbzya
1195 2452 1453 2525 ponudu
1501 2453 1699 2527 prada
1761 2454 2013 2530 Spb‘eta,
2058 2455 2158 2526 koj
2201 2470 2264 2512 sc
2307 2452 2452 2516 helio
2494 2453 2703 2511 stavili
2737 2451 2864 2524 poci
2907 2451 3167 2523 njczinu
3205 2467 3304 2507 aa·

1524 2540 1674 2598 §citu
1722 2557 1798 2600 uz
1843 2542 2094 2613 mequ’c
2117 2541 2326 2613 uvjcte.

784 2659 970 2722 1401.
1022 2658 1356 2723 indictione
1402 2658 1661 2736 decima,
1711 2660 1810 2724 die
1860 2661 2058 2741 primo
2103 2660 2385 2723 octobris
2435 2657 2548 2721 Ser
2597 2657 2954 2721 Leonardus
3005 2656 3295 2723 Dandulo

565 2746 768 2822 miles,
817 2764 916 2808 ser
964 2745 1338 2809 Benedictus
1388 2743 1778 2827 SuperantiO,
1829 2765 1929 2810 ser
1974 2747 2253 2811 Donatus
2300 2745 2540 2823 Mauro,
2586 2762 2686 2808 ser
2732 2743 3113 2809 Rambertus
3147 2744 3296 2824 Qui-

567 2833 721 2910 rino,
768 2851 869 2896 ser
913 2832 1132 2898 Justus
1179 2831 1541 2905 Contareno,
1587 2835 1904 2916 sapientes
1951 2833 2228 2904 consilii;
2299 2850 2399 2896 ser
2464 2832 2820 2896 Leonardus
2869 2830 3140 2905 Victuri,
3195 2850 3295 2894 ser

571 2919 885 2985 «lohannes
929 2918 1213 3000 Georgio‚
1268 2920 1576 3000 sapientes
1622 2920 1926 2984 ordinum.
1975 2919 2205 3000 Capta.
2252 2938 2391 2983 cum
2456 2917 2868 2998 comparuerit
2911 2919 2988 2981 ad
3035 2937 3292 2999 presen-

574 3007 722 3070 tiam
768 3005 961 3069 nostri
1004 3005 1259 3070 dominii
1304 3006 1556 3087 quidam
1626 3006 2015 3070 ambassator
2060 3005 2526 3070 communitatis
2574 3003 2826 3086 Spaleti,
2863 3003 3091 3078 dicenS,
3125 3002 3290 3086 quod

575 3091 688 3156 illa
732 3093 1142 3156 communitas
1188 3094 1323 3156 erat
1369 3094 1657 3158 contenta
1700 3093 1976 3175 accipere
2037 3094 2315 3156 nostrum
2392 3092 2768 3174 potestatem
2845 3090 2920 3153 de
2999 3091 3282 3154 venetiis

579 3197 723 3242 cum
770 3181 960 3244 certis
1007 3180 1205 3261 pactis
1252 3181 1316 3242 et
1362 3179 1836 3257 conditionibuS,
1884 3183 1950 3242 et
1995 3198 2214 3260 ponere
2254 3198 2318 3242 se
2364 3179 2479 3241 sub
2527 3182 2740 3241 nostra
2783 3178 3186 3258 protectione,
3217 3179 3289 3241 ut

573 3266 865 3329 distincte
912 3268 1168 3347 apparet
1212 3284 1319 3345 per
1365 3265 1629 3330 formam
1699 3266 2047 3348 aliquorum
2116 3265 2544 3346 capitulorum,
2596 3282 2713 3345 que
2760 3263 2935 3328 nobis
2983 3266 3291 3347 dederunt

574 3352 639 3415 in
687 3352 957 3433 scriptiS,
1006 3352 1178 3415 vadit
1224 3369 1384 3433 pare,
1435 3354 1593 3435 quod
1640 3354 2082 3435 respondeatur
2147 3353 2311 3415 dicto
2355 3351 2602 3425 oratori,
2651 3351 2811 3433 quod
2858 3369 2967 3414 nos
3016 3352 3292 3433 regraci-

575 3457 752 3502 amur
797 3438 893 3502 illi
940 3438 1374 3502 communitati
1422 3442 1720 3521 tanquam
1767 3439 1989 3503 amicis
2036 3438 2374 3506 carissimis
2429 3439 2501 3502 de
2546 3437 2710 3500 bona
2778 3435 3178 3516 dispositione
3228 3440 3293 3501 et

576 3525 716 3601 fide,
755 3541 939 3605 quam
987 3524 1063 3587 de
1110 3524 1288 3588 nobis
1336 3524 1573 3589 faciunt
1615 3528 1679 3590 et
1725 3528 1798 3589 de
1863 3528 2076 3590 nostro
2138 3524 2472 3601 communi,
2529 3542 2713 3605 quam
2762 3523 2958 3588 facere
3003 3527 3288 3606 possunt,

579 3609 724 3693 quia
768 3628 1050 3675 amamus
1097 3629 1200 3674 eos
1249 3612 1319 3675 ut
1363 3614 1553 3676 bonos
1592 3612 1847 3688 vicinoS,
1898 3612 2003 3676 sed
2045 3613 2294 3694 propter
2354 3610 2597 3693 aliquas
2629 3609 3026 3673 rationabiles
3070 3629 3295 3675 causas

574 3715 865 3779 rogamus
911 3715 1030 3775 eos,
1079 3697 1236 3779 quod
1284 3698 1339 3761 si
1376 3716 1493 3762 non
1541 3700 1916 3763 assentimus
1963 3700 2028 3762 et
2073 3698 2571 3779 complaceamus
2603 3714 2713 3779 pro
2748 3715 2909 3760 nunc
2944 3715 3053 3760 sue
3088 3698 3295 3760 inten-

574 3782 751 3860 tioni,
800 3784 1024 3847 habere
1071 3802 1178 3848 nos
1223 3784 1473 3865 placeat
1507 3789 1849 3850 excusatos
1896 3786 1989 3849 De
2038 3785 2212 3866 parte
2244 3784 2368 3862 alii,
2416 3784 2492 3847 de
2539 3802 2658 3847 non
2697 3782 2752 3860 1,
2786 3801 2903 3847 non
2959 3784 3189 3847 sinceri
3226 3785 3289 3848 2.

662 3889 900 3950 Secreta
949 3887 1123 3950 Cous.
1171 3891 1318 3966 Roq.
1366 3888 1420 3952 I.
1470 3893 1577 3966 22,
1625 3911 1669 3952 u
1712 3893 1870 3953 mlct.
1918 3892 2153 3952 arkivu.

927 4128 1163 4210 DGV.
1222 4129 1423 4211 God.
1482 4130 1704 4211 1401.
1761 4131 1850 4226 17
1904 4130 2405 4229 studenoga,
2459 4152 2518 4210 u
2570 4130 2954 4210 Mletcih.

579 4271 893 4346 Odqovara
936 4287 1000 4328 sc
1035 4271 1410 4342 poslanikom
1456 4271 1709 4345 Gjorw‘a
1745 4269 2124 4345 Stracimira,
2172 4274 2328 4332 nelca
2380 4276 2515 4345 oqu'
2559 4266 2772 4345 inplata·
2807 4272 3165 4344 pov-oblicum
3208 4273 3301 4330 sol

577 4358 657 4418 od
697 4358 970 4431 meyovih
1013 4358 1346 4417 mletackim
1382 4359 1766 4432 podanikom,
1812 4376 1850 4417 a
1895 4358 1978 4418 da
2023 4359 2086 4420 cc
2128 4376 2231 4418 mu
2276 4359 2423 4418 eada
2464 4360 2776 4432 republika
2835 4358 2966 4415 dati
3011 4359 3300 4431 ροάἰὲηγα

563 4445 846 4519 podporu
888 4441 965 4503 od
1009 4443 1208 4503 tisucu
1247 4446 1496 4514 dulcata,
1544 4446 1699 4504 hako
1733 4463 1818 4519 po
1863 4447 2166 4519 uyovorih,
2213 4448 2238 4504 i
2281 4446 2556 4506 dozvoliti
2596 4463 2714 4519 mu,
2759 4445 2843 4503 da
2884 4445 3110 4516 kapuje
3153 4446 3245 4504 sol
3277 4447 3302 4503 i

1451 4532 1651 4591 larana
1694 4549 1738 4591 u
1782 4533 2050 4604 masinili
2090 4533 2402 4607 yradovih.

791 4647 977 4713 1401.
1015 4647 1348 4714 indictione
1393 4651 1470 4728 X,
1519 4652 1616 4714 die
1666 4650 1744 4713 17
1795 4651 2167 4715 novembris
2202 4650 2432 4733 Capta:
2482 4649 2640 4734 quod
2687 4651 3132 4732 respondeatur
3163 4669 3301 4714 am-

596 4732 1044 4801 bassiatoribus
1089 4736 1323 4801 domini
1370 4737 1619 4824 Georgii
1663 4735 2016 4803 Stracimiri
2055 4738 2350 4824 Dulcigni
2396 4741 2512 4803 etc.
2548 4737 2623 4802 ad
2655 4735 3104 4817 excusationes,
3141 4755 3300 4823 quas
