3620 5282
3032 385 3143 448 131

786 556 1160 639 oxorx.
1233 556 1441 639 eod.
1496 556 1865 640 1349.11
1917 557 2243 660 npnja,
2285 581 2346 641 ιι
2395 558 2788 640 metam.
3025 502 3030 509 ’

429 682 726 755 UmazjuJe
776 700 837 741 se
881 684 1156 755 vnjnicka
1201 700 1391 757 snaqa
1436 702 1479 741 u
1518 684 1706 743 Nina.
1756 684 1890 745 Ρίἕε
1934 701 1994 742 se
2039 686 2228 743 knczu
2265 685 2455 743 Pavlu
2502 685 2808 754 kliskomu,
2851 685 3006 743 nelca
3050 684 3152 743 do·
3251 740 3254 741 γ

420 771 591 838 zvoli,
655 772 734 829 da
777 788 840 829 se
880 789 923 829 u
969 770 1278 830 Skradinu
1339 774 1599 844 kapetan
1644 773 2095 831 domobranstva
2141 773 2348 832 naseli.
2415 771 2769 845 OdredjenO,
2831 773 3022 833 keliko
3071 772 3151 831 da

1180 861 1366 932 pruie
1411 861 1654 932 vojnika
1699 877 1772 919 za
1821 864 1877 919 to
1923 861 2384 920 domobranstvO.

640 996 825 1060 1349.
880 995 1208 1060 indictione
1254 997 1333 1071 II,
1383 996 1480 1060 die
1528 996 1615 1060 XI
1666 997 1837 1074 iunii,
1898 1001 2109 1079 capta:
2178 1017 2317 1062 cum
2383 1015 2703 1065 commune
2750 997 2815 1060 et
2868 996 3150 1061 homines

428 1084 605 1148 None
652 1084 810 1147 alias
857 1085 921 1147 et
967 1103 1125 1147 nunc
1173 1085 1360 1148 etiam
1410 1083 1487 1147 ad
1534 1103 1786 1166 presens
1836 1084 2242 1167 imposuerint
2295 1103 2402 1167 pro
2451 1103 2562 1148 sua
2610 1083 2835 1148 tutella
2883 1083 2959 1148 ad
3008 1102 3151 1148 suas

430 1190 729 1255 expensas
776 1172 1013 1253 equites
1062 1172 1303 1254 viginti,
1355 1173 1576 1254 quibus
1618 1172 2026 1254 providebant
2079 1176 2209 1236 tam
2258 1172 2333 1236 de
2394 1172 2531 1236 feno
2580 1191 2762 1253 quam
2829 1171 2903 1235 de
2968 1171 3150 1236 blado

420 1263 485 1322 et
528 1259 672 1324 aliis
733 1261 1130 1324 neccessariis
1196 1279 1303 1341 per
1366 1279 1757 1323 communem
1820 1260 2278 1342 impositionem
2345 1262 2474 1324 tam
2537 1260 2900 1324 clericorum
2963 1277 3148 1341 quam

425 1347 758 1429 laycorum,
810 1348 874 1410 et
920 1366 1078 1412 nuuc
1125 1347 1201 1411 ad
1252 1367 1498 1428 presens
1547 1352 1798 1429 propter
1860 1348 2133 1429 aliquam
2200 1349 2469 1430 ipsarum
2520 1348 2996 1411 diminucionem
3046 1365 3152 1411 oc-

422 1434 666 1498 casione
716 1435 1118 1499 mortalitatis
1166 1436 1455 1516 preterite
1504 1436 1669 1517 ipsos
1721 1436 1940 1517 viginti
1991 1437 2227 1517 equites
2275 1437 2526 1499 comode
2570 1437 2778 1500 tenere
2836 1452 2956 1499 non
3007 1453 3153 1517 pos-

421 1525 579 1597 sent,
631 1525 696 1586 et
741 1523 974 1586 iustum
1026 1524 1125 1599 sit,
1176 1523 1355 1605 quod,
1406 1524 1510 1604 qui
1559 1524 1902 1599 comodum,
1954 1523 2241 1587 tutellam
2274 1526 2337 1587 et
2368 1523 2709 1605 profectum
2750 1522 2825 1586 de
2851 1522 3060 1604 aliqua
3084 1541 3148 1587 re

427 1613 774 1687 assumunt,
824 1611 1014 1674 etiam
1062 1611 1307 1692 aliquod
1344 1629 1496 1674 onus
1540 1612 1817 1674 senciant
1855 1611 1931 1675 de
1972 1611 2222 1684 eadem3
2269 1611 2406 1674 ideo
2454 1610 2778 1674 consulunt
2820 1612 3147 1693 sapientes,

424 1697 583 1779 quod
634 1698 798 1762 sicut
842 1699 958 1779 ipsi
1006 1699 1079 1762 de
1126 1698 1304 1763 Nona
1348 1698 1646 1761 tenebant
1692 1699 1857 1780 ipsos
1907 1699 2144 1780 equites
2206 1699 2447 1780 viginti,
2499 1699 2586 1761 sic
2632 1700 2836 1762 tenere
2883 1697 3150 1763 debeant

427 1804 535 1866 pro
582 1784 856 1868 pauciori
904 1785 1226 1849 duodecim
1275 1787 1481 1861 bonOS,
1527 1805 1635 1869 per
1691 1785 1938 1849 modum
1988 1788 2053 1850 et
2094 1787 2530 1861 condicionem,
2583 1786 2812 1868 quibus
2849 1785 3146 1850 tenebant

419 1873 587 1956 ipsos
638 1872 877 1955 viginti,
927 1874 1032 1955 qui
1080 1892 1212 1937 esse
1260 1876 1585 1938 teneantur
1633 1874 1708 1936 ad
1745 1892 1992 1937 ornnem
2036 1874 2495 1955 requisitionem
2546 1876 2610 1936 et
2655 1874 3017 1937 mandatum
3044 1891 3149 1937 ca-

421 1960 650 2042 pitanei
702 1960 1038 2044 supradicti
1083 1961 1196 2041 (sc.
1254 1961 1668 2043 paisanatici),
1706 1979 1847 2024 cum
1886 1962 2000 2026 hac
2035 1963 2409 2036 condicione,
2444 1960 2603 2043 quod
2636 1962 3143 2044 quandocumque

422 2067 531 2130 pro
579 2049 942 2131 paysanatio
988 2049 1375 2132 equitabunt,
1425 2049 1691 2113 habeant
1738 2067 1846 2130 pro
1888 2049 2164 2131 quolibet
2207 2050 2484 2132 ipsorum
2533 2049 2809 2130 equitum
2842 2047 3010 2111 omni
3042 2047 3141 2111 die

417 2154 662 2218 grossos
709 2137 859 2200 duos
921 2156 958 2200 a
1006 2136 1277 2217 predicto
1343 2138 1656 2201 communi
1710 2136 1904 2201 None.
1977 2137 2058 2201 Et
2103 2155 2316 2201 omnes
2376 2139 2582 2200 nostre
2645 2147 2806 2199 terre
2861 2134 3143 2217 predicte

418 2227 743 2287 teneantur
789 2224 932 2288 dare
980 2243 1170 2287 uuum
1217 2225 1466 2306 pastum
1510 2244 1617 2307 pro
1663 2225 1943 2307 qualibet
1988 2224 2188 2288 eidem
2236 2225 2553 2308 capitaneo
2601 2225 2665 2288 in
2712 2240 2889 2299 aun0,
2932 2240 3147 2305 excep-

418 2310 606 2374 tando
653 2310 912 2376 Jadram
960 2312 1039 2374 ab
1088 2314 1218 2393 ipso
1266 2315 1462 2394 past0.
1514 2313 1605 2376 De
1652 2315 1828 2394 parte
1878 2312 1981 2389 73,
2032 2314 2104 2376 de
2152 2331 2269 2377 non
2316 2315 2375 2389 3,
2429 2331 2544 2376 non
2592 2311 2814 2375 sinceri
2860 2308 2918 2373 4.

632 2397 865 2481 Capta:
915 2400 1073 2481 quod
1120 2418 1229 2482 pro
1285 2399 1701 2481 requisitione,
1752 2419 1869 2482 que
1918 2402 2013 2464 est
2074 2400 2452 2464 neccessarie.
2510 2398 2646 2463 fieri
2694 2397 2908 2462 comiti
2953 2397 3148 2463 Paulo

421 2505 527 2568 pro
573 2488 773 2551 castro
823 2486 1159 2565 Scardone,
1209 2487 1512 2563 dominuS,
1576 2488 1936 2564 consiliarii,
2002 2487 2208 2570 capita
2255 2490 2319 2552 et
2363 2486 2669 2569 sapientes
2716 2486 2956 2568 possint
3000 2485 3150 2550 mit-

426 2575 557 2637 tere
606 2591 795 2638 unum
843 2576 1154 2652 nuncium,
1203 2575 1306 2658 qui
1354 2575 1472 2639 sibi
1542 2576 1885 2652 videbitur,
1935 2575 2011 2639 ad
2065 2574 2327 2639 eundem
2387 2574 2679 2639 comitem
2726 2573 2992 2637 Paulum
3037 2591 3147 2656 pro

419 2662 758 2727 inducendo
805 2682 945 2726 eum
994 2664 1071 2727 ad
1119 2663 1384 2727 dandum
1435 2663 1665 2727 dictum
1695 2667 1970 2728 castrum
2018 2682 2127 2746 pro
2174 2663 2554 2728 habitatione
2599 2662 2904 2745 capitanei
2952 2661 3149 2725 nostri

417 2769 560 2813 cum
611 2768 689 2813 *ea
738 2751 1191 2828 commissione,
1241 2770 1358 2833 que
1408 2750 1496 2814 eis
1523 2751 1618 2815 vel
1668 2752 1886 2815 maiori
1935 2753 2098 2834 parti
2125 2751 2453 2816 videbitur.
2501 2750 2583 2814 Et
2628 2750 2679 2813 si
2724 2750 3154 2813 ambaxatores

420 2836 681 2920 Spalati,
733 2839 836 2921 qui
882 2841 1028 2902 sunt
1073 2840 1208 2916 hic,
1280 2839 1556 2902 dicerent
1622 2840 1950 2921 quicquam
2011 2858 2117 2902 seu
2185 2840 2592 2921 gravarentur
2652 2855 2761 2920 pro
2808 2836 2965 2914 hiis,
3040 2856 3155 2920 que

422 2927 607 3008 capta
653 2929 800 2990 sunt
848 2928 907 2990 in
956 2926 1075 2996 isto
1123 2926 1400 3002 consilio,
1453 2927 1650 3008 possit
1709 2927 1915 2990 dictus
1962 2930 2173 2991 noster
2237 2926 2389 2991 civis
2453 2926 2539 2989 ire
2587 2943 2776 3006 usque
2828 2923 3152 3008 Spalatum

421 3013 499 3077 ad
546 3014 871 3078 dicendum
922 3017 986 3078 et
1033 3015 1480 3096 exponendum,
1525 3012 1686 3078 sicut
1734 3014 2045 3079 videbitur
2093 3015 2358 3093 domino,
2406 3012 2797 3090 consiliariiS,
2848 3013 3156 3095 capitibus

419 3104 484 3166 et
532 3102 934 3184 sapientibus,

507 3192 687 3251 Misti
738 3192 927 3250 XXV
969 3193 1073 3261 25,
1121 3209 1164 3249 u
1206 3193 1548 3251 mletabkom
1593 3194 1826 3251 arkivu.

899 3380 1051 3463 CC.
1115 3380 1323 3463 God.
1378 3382 1610 3465 1349.
1664 3381 1758 3464 13
1815 3381 2128 3484 npnja,
2183 3403 2242 3462 u
2295 3379 2687 3463 Mletcih.

421 3506 631 3579 szjet,
676 3494 919 3566 Sibenilo
962 3508 988 3564 i
1039 3507 1251 3581 Troqir
1295 3509 1695 3581 nastojanjem
1742 3508 1820 3566 M
1821 3509 2052 3567 letenna
2081 3507 2278 3567 slokno
2310 3506 2634 3581 oboruicv'u
2667 3508 2812 3579 cetu,
2865 3508 2944 3566 da
2977 3509 3156 3568 bruni

845 3595 1079 3667 njihove
1125 3598 1327 3655 kotare
1375 3596 1450 3653 od
1497 3597 1880 3669 ueprestanih
1925 3597 2314 3655 dusmenskih
2361 3596 2733 3669 napadanja.

632 3715 1005 3798 Exemplum
1052 3715 1453 3781 confecciouis
1502 3736 1607 3781 seu
1657 3717 2009 3781 contractus
2070 3717 2452 3800 paysanatici
2510 3716 2698 3781 fiendi
2762 3717 2822 3779 in
2871 3715 3155 3798 partibus
3232 3713 3274 3782 ts

424 3804 766 3870 Sclavonie.
816 3803 887 3866 ln
940 3804 1183 3867 nomine
1232 3804 1327 3868 dei
1376 3805 1568 3868 eterni
1620 3824 1820 3870 amen.
1869 3805 2047 3868 Anno
2080 3804 2383 3867 dominice
2416 3804 2768 3867 nativitatis
2817 3803 3153 3867 millesimo

421 3891 858 3956 trecentesimo
907 3891 1378 3974 quadragesimo
1425 3910 1601 3968 non0,
1654 3892 1884 3955 mensis
1917 3892 2068 3955 iunii
2115 3893 2211 3956 die
2247 3891 2423 3969 XIll,
2472 3891 2812 3956 indiccione
2860 3890 3145 3970 secunda,

423 3980 734 4048 Veneciis.
781 3979 843 4042 in
892 3980 1025 4043 sala
1070 3980 1321 4043 maioris
1385 3981 1645 4056 consilii,
1712 3981 2104 4061 presentibus
2170 3980 2413 4044 domino
2480 3978 2862 4043 Benentendi
2910 3979 3148 4043 notario

425 4068 685 4131 ducatus
734 4067 1139 4131 Veneciarum
1190 4069 1254 4131 et
1298 4068 1570 4150 providis
1619 4068 1765 4131 viris
1816 4087 1914 4130 ser
1971 4068 2282 4132 Leonardo
2329 4066 2403 4130 de
2452 4066 2791 4132 Caronellis
2834 4065 2910 4129 de
2957 4065 3152 4130 Cone-

424 4154 627 4238 glano,
677 4173 775 4218 ser
822 4154 1103 4219 Amadeo
1168 4155 1244 4219 de
1308 4155 1782 4238 Bonguadagnis
1844 4155 1919 4218 de
1965 4155 2248 4232 Mutina,
2300 4155 2363 4218 et
2408 4174 2505 4218 ser
2554 4155 2737 4219 Petro
2786 4154 2920 4219 dale
2970 4152 3155 4219 Coste

429 4242 503 4306 de
548 4241 830 4306 Tarvisio
879 4245 944 4306 et
989 4243 1130 4306 aliis
1178 4243 1443 4307 testibus
1492 4243 1569 4306 ad
1618 4243 1728 4306 hec
1772 4243 2009 4307 vocatis
2056 4245 2119 4306 et
2160 4243 2394 4324 rogatis
2442 4245 2507 4307 et
2551 4241 2712 4308 aliis.
2760 4241 2858 4306 Ad
2910 4242 3154 4306 laudem

427 4333 490 4394 et
538 4330 803 4413 gloriam
851 4330 1166 4395 individue
1214 4330 1536 4394 trinitatis
1587 4331 1757 4394 Inter
1817 4331 2121 4413 gloriosas
2168 4331 2256 4394 rei
2307 4329 2551 4413 publice
2621 4348 2799 4394 curas
2861 4333 2926 4395 et
2970 4330 3156 4395 duca-

428 4418 582 4482 lium
638 4417 1106 4482 solicitudinum
1168 4417 1516 4483 salutiferos
1563 4417 1798 4482 fructus
1866 4418 2059 4483 nichil
2120 4420 2326 4500 potest
2386 4417 2688 4481 resultare
2751 4419 3152 4499 prestancius,

425 4524 610 4588 quam
661 4505 823 4587 quod
872 4505 947 4570 de
997 4525 1183 4570 manu
1216 4506 1346 4569 eius
1379 4506 1607 4570 subditi
1663 4506 1867 4589 populi
1923 4507 2089 4588 pacis
2121 4505 2510 4569 dulcedinem
2545 4505 2833 4581 sentiant,
2882 4506 2946 4568 et
2983 4505 3154 4568 tran-

423 4593 732 4675 quilitatis
778 4594 1034 4657 comoda
1083 4595 1540 4675 recognoscant.
1585 4594 1756 4658 Tunc
1803 4594 1967 4658 enim
2013 4594 2430 4676 producuntur
2475 4592 2720 4656 labores
2766 4592 3058 4674 principis
3091 4591 3154 4653 in

421 4683 741 4763 apertum;
792 4684 939 4745 tunc
986 4681 1306 4762 regnantis
1354 4700 1571 4744 nomen
1620 4681 1950 4763 gloriosius
1993 4681 2366 4763 predicatur,
2416 4698 2555 4742 cum
2623 4679 2924 4743 occiosam
2970 4695 3154 4759 gene-

421 4768 642 4834 ralitas
694 4786 760 4833 se
809 4768 1143 4852 cognoscit,
1193 4771 1257 4833 et
1301 4769 1365 4833 in
1413 4787 1559 4850 pace
1604 4772 1963 4832 cunctorum
2013 4768 2236 4831 crescit
2274 4766 2484 4831 leticia
2516 4766 2924 4849 singulorum.
2976 4761 3153 4826 Assi-

2821 4865 2860 4908 ιιι
