3620 5282
3044 427 3172 493 221

445 592 876 675 rescripsimus
944 593 1021 670 ei,
1070 594 1226 674 quod
1275 594 1326 657 si
1375 612 1492 657 non
1554 595 1757 676 potest
1825 594 1935 668 ire,
1983 596 2215 659 scribat
2283 615 2391 661 sue
2462 598 2773 662 maiestati
2843 600 3172 665 adventum

450 684 624 745 tuum
672 679 1042 761 predictum.
1087 680 1549 745 Nichilominus
1599 684 1665 744 tu
1714 683 1903 745 etiam
1952 682 2149 745 scribe
2191 686 2254 745 et
2303 683 2532 763 replica
2579 703 2687 748 sue
2727 685 3039 752 maiestati
3073 690 3179 752 ad-

449 771 701 831 ventum
751 770 927 831 tuum
976 767 1231 832 Jadram
1280 786 1419 831 cum
1468 766 1724 848 pecunia
1770 770 1847 833 ad
1898 771 2080 833 finem
2130 769 2393 833 habendi
2441 788 2724 835 securum
2786 775 3173 840 conductum.

445 855 615 918 Data
665 856 762 919 die
819 855 893 917 12
941 856 1212 937 augusti,
1262 854 1301 918 8
1351 855 1707 919 indictione.

530 961 719 1022 Liber
760 967 1115 1023 secretorum
1159 963 1406 1037 colleqii.
1458 961 1604 1034 113,
1652 980 1694 1022 u
1737 964 1896 1023 mlet.
1944 964 2178 1022 arkivu.

753 1166 1135 1250 CCCXV.
1190 1166 1397 1249 God.
1452 1166 1674 1250 1385.
1729 1168 1831 1250 23
1885 1168 2332 1268 kolovoza‚
2388 1190 2444 1249 u
2501 1169 2854 1251 Sutiskl.

439 1327 695 1401 Stjepan
747 1327 967 1387 Tvrtko
1012 1328 1174 1400 krah‘
1220 1329 1501 1389 bosanski
1545 1329 1652 1386 itd.
1688 1329 2037 1402 potvrdjuJ‘c
2104 1328 2468 1397 Mlctdanom
2508 1346 2619 1388 sva
2652 1347 2871 1403 prava,
2914 1333 3052 1406 koja
3097 1350 3171 1392 su

1392 1416 1623 1489 odprijc
1669 1417 1840 1474 amali
1885 1434 1925 1472 u
1975 1416 2224 1474 Kotoru.

642 1536 769 1601 Nos
794 1535 1144 1618 Stephanus
1167 1536 1464 1600 Tvertcho
1489 1535 1586 1599 dei
1619 1536 1824 1617 gratia
1872 1554 1975 1599 rex
2004 1535 2237 1611 Rassie,
2265 1536 2544 1611 Bossine,
2583 1535 3164 1620 Maritimarumque

434 1626 715 1707 parcium
741 1627 856 1688 etc.
888 1623 1189 1687 universis
1213 1628 1275 1688 et
1301 1623 1562 1706 singulis
1592 1623 1812 1687 christi
1831 1623 2133 1700 fidelibus,
2152 1622 2372 1705 quibus
2398 1625 2713 1703 presentes
2738 1626 3165 1704 ostenduntur,

433 1712 700 1777 salutem
732 1712 790 1774 in
833 1729 924 1790 eo,
967 1711 1032 1773 in
1073 1713 1270 1793 quoin
1297 1711 1481 1774 terris
1499 1709 1894 1793 regnancium
1915 1709 2069 1773 solia
2093 1714 2237 1774 sunt
2256 1711 2476 1774 erecta.
2506 1710 2667 1774 Hinc
2691 1714 2892 1775 vestre
2920 1712 3164 1776 univer-

434 1800 601 1863 sitati
628 1797 1003 1862 fraternitati
1027 1798 1335 1862 elucescat
1359 1816 1467 1879 per
1495 1800 1822 1879 presenteS,
1844 1797 2006 1879 quod
2024 1797 2331 1879 perceptis
2348 1799 2412 1860 et
2428 1796 2762 1861 intellectis
2794 1798 3160 1863 ambasiatis

436 1888 502 1950 et
546 1885 969 1968 legacionibus
1016 1885 1398 1951 serenissimi
1446 1902 1517 1948 ac
1564 1884 1978 1948 illustrissimi
2025 1885 2255 1947 domini
2290 1883 2525 1948 domini
2561 1884 2856 1949 Anthonii
2891 1885 3168 1951 Venerio

434 1974 650 2038 eadem
695 1972 791 2037 dei
839 1973 1044 2055 gratia
1090 1972 1233 2038 duci
1281 1972 1685 2037 Veneciarum
1733 1973 1851 2035 etc.
1900 1989 1969 2036 ac
2017 1970 2296 2035 eiusdem
2329 1971 2567 2036 ducalis
2609 1971 2870 2035 dominii
2915 1993 3024 2054 per
3056 1993 3164 2037 uo-

435 2060 624 2125 bilem
654 2062 717 2124 et
739 2063 1081 2142 sapientem
1108 2062 1308 2124 virum
1352 2077 1560 2123 eorum
1608 2059 1807 2122 civem
1854 2063 1919 2120 et
1960 2059 2444 2123 ambasiatorem
2491 2058 2792 2123 dilectum
2840 2059 3161 2124 dominum

437 2147 742 2213 Jacobum
788 2149 864 2211 de
911 2147 1129 2226 Rippa,
1203 2148 1379 2210 nobis
1448 2146 1718 2228 gratiose
1780 2148 1845 2209 et
1906 2146 2217 2227 sapienter
2283 2145 2595 2228 expositis,
2640 2143 2948 2221 videlicet,
2999 2147 3161 2229 quod

434 2240 800 2299 mercatores
846 2233 1125 2297 eiusdem
1172 2233 1410 2297 ducalis
1455 2232 1715 2295 dominii
1760 2251 1904 2296 cum
1952 2233 2078 2295 suis
2131 2232 2566 2314 mercymoniis
2615 2251 2857 2313 semper
2906 2233 2982 2297 de
3014 2252 3162 2298 con-

432 2322 756 2385 suetudine
824 2320 1082 2402 antiqua
1147 2320 1400 2384 fuerunt
1446 2320 1509 2383 in
1555 2319 1806 2383 civitate
1855 2318 2108 2384 Cathari
2179 2319 2359 2383 liberi
2400 2321 2464 2384 et
2531 2321 2818 2400 exempti,
2865 2321 2944 2384 ab
2992 2323 3159 2386 omni

428 2407 601 2471 dacio
646 2410 710 2471 et
755 2406 1032 2489 gabella3
1106 2426 1336 2489 nosque
1410 2407 1690 2470 volentes
1737 2425 1880 2470 cum
1929 2406 2161 2469 eisdem
2210 2407 2534 2478 unitatem,
2587 2407 3039 2488 paternitatem
3087 2412 3154 2473 et

430 2495 751 2575 antiquam
814 2493 1165 2559 amiciciam
1229 2496 1463 2558 sincere
1527 2498 1590 2556 et
1635 2494 1766 2557 sine
1814 2493 1962 2557 fallo
2019 2493 2363 2570 observare,
2414 2497 2478 2556 et
2520 2493 2584 2557 in
2631 2492 2920 2558 omnibus
2961 2495 3153 2560 licitis

428 2581 526 2644 sui
586 2581 786 2646 ducali
856 2582 1125 2646 dominio
1194 2581 1551 2666 gratissime
1620 2580 2021 2667 complacere,
2065 2582 2314 2645 matura
2381 2580 2832 2645 deliberacione
2881 2599 2952 2646 ac
2998 2601 3151 2663 puro

390 2736 398 2743 ‚
430 2668 610 2733 corde
646 2671 730 2733 ad
777 2670 969 2750 ipsius
1012 2670 1247 2734 ducalis
1296 2670 1553 2734 dominii
1588 2668 2069 2732 sincerissimam
2107 2668 2516 2732 monicionem
2549 2669 2966 2733 concessimus
3014 2689 3155 2752 pre-

429 2774 570 2819 sens
639 2756 1144 2833 instrumentum,
1218 2759 1381 2838 quod
1453 2774 1594 2819 cum
1644 2774 1750 2837 per
1798 2756 2070 2837 gratiam
2146 2753 2430 2836 largiflue
2474 2754 2572 2819 dei
2606 2755 3038 2836 disposicionis
3088 2760 3152 2822 et

424 2844 882 2926 preclarissime
943 2844 1169 2908 sororis
1244 2845 1449 2907 nostre
1493 2842 1738 2906 domine
1812 2843 2021 2924 regine
2069 2840 2339 2924 Ungarie
2385 2841 2605 2906 civitas
2651 2843 3150 2923 predecessorum

423 2936 773 2995 nostrorum
836 2930 1232 2995 Catharensis
1294 2929 1559 2995 feliciter
1605 2929 1684 2992 a‘d
1732 2948 1951 2993 manus
2003 2931 2212 2993 nostre
2274 2931 2626 2994 maiestatis
2699 2931 3149 3012 perpetualiter

422 3020 721 3099 pervenit,
760 3017 839 3082 ad
887 3018 1135 3082 laudem
1183 3019 1248 3082 et
1292 3017 1563 3101 gratiam
1626 3016 1857 3080 summi
1910 3017 2204 3081 creatoris
2251 3017 2549 3093 omnium,
2600 3018 2704 3100 qui
2753 3019 2880 3080 suis
2919 3020 3145 3083 cuncta

424 3106 581 3168 bona
626 3105 964 3170 invisibilia
1011 3105 1382 3187 preperavit,
1429 3104 1650 3168 amicis
1700 3123 1839 3167 vero
1884 3107 1948 3168 et
1993 3104 2293 3168 benivolis
2341 3105 2570 3167 nostris
2614 3104 2690 3168 ad
2737 3103 3033 3186 gaudium
3079 3109 3142 3171 et

421 3192 887 3268 exultacionem,
937 3194 1009 3256 ut
1054 3193 1172 3274 ipsi
1221 3193 1348 3257 sint
1393 3191 1725 3273 participes
1772 3190 1931 3254 dono
1981 3190 2184 3254 divine
2231 3191 2656 3292 dispositionis
2704 3191 2878 3256 nobis
2915 3193 3139 3257 celitus

421 3296 721 3344 concesso.
771 3278 1007 3342 Idcireo
1052 3282 1125 3343 ut
1169 3280 1475 3362 prefertur
1505 3280 1577 3341 al
1613 3278 1890 3342 eiuslem
1933 3277 2135 3341 ducali
2169 3278 2442 3342 dominio
2486 3279 2975 3343 sincerissimam
3012 3300 3144 3345 mo-

422 3366 724 3431 nicionem
769 3367 1083 3430 universos
1130 3368 1523 3450 singulosque
1574 3371 1942 3429 mercatores
1980 3364 2258 3430 eiusdem
2306 3365 2508 3431 ducali
2546 3366 2972 3431 dominacione
3005 3387 3145 3449 pre-

419 3453 700 3518 sentibus
746 3471 1188 3529 assecuramuS,
1237 3456 1540 3534 quatenus
1588 3454 1747 3516 idem
1800 3455 2167 3516 mercatores
2213 3470 2355 3517 cum
2393 3454 2665 3536 ipsorum
2701 3456 3135 3533 mercimoniis,

418 3542 860 3623 cuiuscumque
904 3540 1278 3604 condicionis
1325 3541 1609 3614 existant,
1661 3540 1894 3620 possint
1940 3559 2185 3622 semper
2230 3540 2424 3604 libere
2470 3546 2533 3605 et
2578 3560 2791 3605 secure
2824 3544 2888 3605 et
2915 3543 3150 3625 absque

416 3629 583 3693 omni
628 3646 851 3709 pavore
919 3628 995 3691 ad
1064 3628 1370 3708 prefatam
1438 3630 1716 3691 nostram
1791 3626 2117 3691 civitatem
2164 3623 2422 3691 Cathari
2477 3628 2710 3710 absque
2765 3629 2954 3692 omni
2982 3631 3154 3694 dacio

414 3718 480 3781 et
522 3715 769 3799 gabella
828 3716 1056 3792 venire,
1122 3715 1369 3791 intrare,
1436 3716 1598 3778 stare
1651 3718 1715 3777 et
1779 3715 2008 3778 morari
2069 3716 2199 3778 tam
2266 3733 2375 3797 per
2421 3716 2654 3780 terram
2713 3734 2899 3797 quam
2946 3718 3147 3780 eciam

417 3823 519 3883 per
607 3822 776 3867 mare
850 3821 993 3866 cum
1062 3803 1333 3883 ipsorum
1397 3800 1835 3877 mercimoniis,
1911 3801 2312 3884 intelligendo
2394 3803 2592 3866 eciam
2653 3800 2729 3865 de
2778 3804 2945 3865 omni
3007 3804 3144 3883 pin-

414 3890 695 3971 guedine.
743 3888 900 3955 Cum
960 3890 1173 3953 autem
1235 3887 1467 3951 eisdem
1531 3887 1835 3969 placuerit
1879 3888 1956 3951 ad
2005 3887 2253 3970 propria
2319 3890 2578 3952 remeari
2629 3887 2822 3952 salvis
2872 3888 3144 3969 ipsorum

415 3977 601 4041 rebus
649 3996 719 4042 ac
766 3978 1042 4059 personis
1110 3975 1374 4039 liberam
1422 3993 1492 4039 ac
1539 3991 1843 4048 securam,
1915 3975 2160 4056 plenam
2208 3977 2273 4039 et
2329 3976 2675 4057 expeditam
2744 3975 3017 4038 habeant
3063 3976 3155 4040 fa-

344 4128 351 4135 „
416 4064 738 4128 c.ultatem
789 4065 950 4127 Item
998 4063 1160 4145 quod
1206 4062 1257 4126 si
1307 4061 1533 4144 aliquis
1579 4062 1733 4125 civis
1780 4061 1947 4126 dicte
1997 4065 2204 4126 nostre
2252 4061 2526 4127 civitatis
2575 4061 2815 4126 Cattari
2848 4063 2947 4126 vel
2980 4064 3154 4143 quis-

415 4169 677 4233 cumque
749 4151 950 4215 fidelis
1018 4153 1230 4214 noster
1288 4152 1537 4213 tenetur
1598 4149 1788 4213 alicui
1839 4148 2072 4213 Veneto
2118 4148 2403 4213 debitum
2452 4149 2890 4228 cuiuscumque
2939 4148 3151 4212 condi-

414 4237 606 4303 cionis
648 4240 981 4314 contracto,
1028 4239 1188 4319 quod
1238 4238 1514 4319 regimen
1563 4237 1726 4300 dicte
1769 4238 1975 4299 nostre
2024 4236 2296 4300 civitatis
2345 4237 2444 4299 vel
2484 4235 2591 4298 alii
2656 4235 2888 4298 subditi
2921 4236 3142 4313 nostri,

412 4324 633 4406 quibus
679 4325 843 4390 racio
889 4324 1247 4406 pertinebit,
1283 4326 1608 4388 teneantur
1640 4323 1842 4386 eidem
1866 4322 2259 4387 omninodam
2285 4321 2781 4386 satisfaccionem
2817 4322 3138 4397 adhibere,

410 4411 699 4477 videlicet
740 4412 900 4493 quod
948 4413 1205 4493 predicti
1267 4411 1574 4489 debitores
1623 4410 1872 4474 realiter
1918 4411 1982 4474 et
2028 4410 2433 4491 personaliter
2478 4408 2976 4485 constringantur
3007 4428 3142 4473 car-

407 4500 672 4571 ceribus,
720 4500 974 4563 mobilia
1033 4500 1310 4581 ipsorum
1366 4500 1430 4562 et
1489 4498 1836 4562 immobilia
1901 4496 2244 4561 vendantur
2291 4496 2368 4559 ad
2416 4496 2776 4560 solvendum
2839 4495 3141 4572 debitum,

406 4590 472 4650 et
512 4587 589 4651 de
666 4605 904 4650 carrere
981 4605 1098 4650 non
1170 4587 1589 4661 dimittantur,
1668 4603 1862 4666 usque
1939 4601 2082 4665 quo·
2136 4600 2249 4656 non
2330 4582 2402 4646 fit
2474 4583 2714 4664 integra
2788 4581 3146 4646 satisfaccio

405 4674 691 4740 debitori.
735 4673 816 4738 Et
846 4693 878 4736 e
909 4691 1198 4739 converso
1244 4672 1299 4736 si
1345 4672 1573 4754 aliquis
1623 4671 1896 4736 Venetus
1944 4669 2042 4733 vel
2088 4668 2373 4733 subditus
2414 4669 2651 4732 ducalis
2699 4668 2954 4731 dominii
2989 4668 3137 4731 dare

405 4763 719 4827 teneretur
757 4759 948 4824 alicui
982 4759 1344 4825 Catharensi
1389 4760 1484 4823 vel
1524 4758 1692 4822 fideli
1742 4758 1946 4819 nostro
1994 4756 2272 4819 debitum
2320 4774 2438 4835 quo
2472 4773 2734 4835 cumque
2773 4755 2947 4818 modo
2979 4772 3117 4817 con-

3109 4984 3168 5023 f.
