3620 5282
530 312 657 383 458

529 512 637 559 seu
674 493 1048 578 obligatione
1093 497 1191 563 vel
1237 496 1460 575 debite,
1509 494 1730 581 quibus
1775 512 2101 562 commune
2147 494 2418 563 Sibenici
2478 497 2543 561 et
2599 494 2907 561 homiues
2982 494 3290 558 teneren-

524 583 630 646 tur
677 582 737 647 d.
774 584 1065 668 episcopo
1128 583 1415 663 Sibenici,
1479 585 1752 668 capitulo
1808 587 1872 650 et
1939 585 2214 664 ecclesie,
2262 586 2368 651 sed
2431 603 2541 668 pro
2604 585 2815 649 salute
2898 580 3284 648 animarum

524 671 815 753 ipsorum,
865 673 1091 738 intuitu
1165 673 1262 738 dei
1308 676 1372 739 et
1430 674 1599 739 beati
1663 673 1880 740 Jacobi
1948 674 2209 758 apostoli
2273 674 2594 750 dederunt,
2654 670 3146 738 traddiderunt
3226 671 3290 734 et

524 763 952 825 concesserunt
997 760 1060 824 in
1106 764 1464 845 perpetuum
1512 761 1840 829 reverendo
1899 764 2060 845 patri
2120 762 2181 827 d.
2248 761 2539 847 Bogdano
2592 760 2785 826 electo
2870 758 3282 825 Sibenicensi

523 848 587 912 et
645 849 904 913 dominis
947 850 1215 932 capitulo
1263 848 1532 915 Sibenici
1578 850 1810 917 ibidem
1859 851 2318 933 stipulantibus,
2367 850 2757 933 presentibus
2810 851 2893 915 et
2946 846 3280 930 recipien-

522 934 689 999 tibus
740 937 985 1001 nomine
1033 943 1097 1002 et
1142 940 1275 1004 vice
1316 938 1504 1022 ipsius
1551 940 1806 1004 ecclesie
1853 938 2226 1004 cathedralis
2260 937 2525 1005 Sibenici
2587 939 2790 1004 totum
2846 936 3280 1001 territorium

522 1025 862 1099 communis
928 1025 1192 1092 Sibenici
1242 1031 1527 1093 vocatum
1572 1027 1802 1093 Vodice
1850 1029 2120 1109 positum
2167 1026 2227 1093 in
2262 1027 2550 1092 districtu
2582 1025 2864 1092 Sibenici
2902 1026 2997 1090 ad
3036 1024 3278 1089 Vodice

516 1111 694 1194 juxta
735 1114 983 1177 tenutas
1032 1112 1232 1179 Srime
1278 1133 1315 1178 a
1356 1118 1530 1198 parte
1576 1116 1884 1195 orientali,
1914 1116 2089 1200 juxta
2123 1117 2371 1181 tenutas
2412 1114 2560 1182 ville
2600 1114 2912 1180 Bihavice
2965 1113 3044 1178 et
3091 1111 3283 1195 juxta

522 1201 769 1265 tenutas
816 1201 959 1266 ville
1003 1203 1179 1268 Pisce
1224 1222 1261 1268 a
1303 1207 1476 1286 parte
1537 1203 1766 1269 boreali
1816 1207 1879 1270 et
1927 1203 2107 1287 juxta
2167 1206 2414 1271 tenutas
2474 1202 2839 1270 monasterii
2897 1222 2957 1268 s.
3015 1199 3281 1266 Nicolai

527 1287 606 1353 da
658 1290 838 1371 portu
885 1288 1153 1359 Sibenici
1198 1292 1325 1357 sive
1362 1292 1538 1375 juxta
1581 1295 1830 1358 tenutas
1877 1293 2130 1358 ecclesie
2171 1312 2218 1358 s.
2264 1291 2509 1357 Andree
2577 1290 2653 1355 de
2697 1290 2938 1357 Bissac
2990 1308 3035 1355 a
3096 1292 3274 1372 parte

526 1379 741 1453 austri,
769 1380 833 1442 et
871 1378 1047 1461 juxta
1091 1379 1271 1444 littus
1313 1379 1503 1446 maris
1550 1400 1588 1446 a
1635 1382 1805 1464 parte
1854 1380 2147 1459 inferiori,
2197 1385 2262 1446 et
2293 1381 2475 1464 juxta
2522 1379 2853 1446 ecclesiam
2922 1398 2981 1444 s.
3037 1376 3270 1443 Crucis

522 1466 651 1530 sive
699 1468 1111 1548 possessiones
1157 1468 1516 1553 Tribohugu
1583 1469 1974 1553 episcopatus
2021 1468 2290 1535 Sibenici
2336 1488 2374 1533 a
2419 1470 2593 1552 parte
2631 1468 2958 1552 ponentis,
3015 1465 3107 1531 ad
3157 1465 3270 1530 ha-

523 1552 813 1631 bendum,
862 1555 1210 1633 tenendum,
1260 1557 1716 1640 possidendum,
1765 1557 2206 1624 fructuandum
2251 1558 2316 1623 in
2361 1559 2747 1642 perpetuum,
2797 1561 2866 1621 et
2948 1554 3265 1640 quicquid

525 1642 645 1724 ipsi
709 1641 939 1708 fabrice
986 1643 1209 1709 melius
1256 1645 1563 1712 videbitur
1613 1648 1984 1725 faciendum,
2033 1665 2175 1711 cum
2245 1645 2529 1711 omnibus
2597 1648 2660 1711 et
2716 1644 3008 1730 singulis
3061 1641 3262 1726 perti-

527 1730 755 1795 uentiis
802 1732 866 1795 et
911 1730 1395 1803 circumstantiis
1441 1736 1588 1813 suis,
1637 1732 1945 1800 fructibus
2022 1737 2088 1800 et
2163 1734 2564 1812 utilitatibus,
2612 1735 2884 1816 exceptis
2968 1751 3145 1815 aqua
3193 1732 3259 1796 et

456 1866 461 1871 -
533 1819 793 1900 paeonia,
856 1837 1042 1901 quam
1089 1840 1307 1904 aquam
1356 1822 1420 1888 et
1466 1842 1585 1905 que
1630 1842 1860 1906 pascua
1905 1824 2024 1906 ipsi
2071 1822 2303 1887 domini
2348 1840 2569 1901 comae,
2634 1823 2865 1888 iudices
2937 1822 3012 1887 et
3065 1820 3250 1905 quin·

528 1925 644 1989 que
692 1907 923 1972 nobiles
970 1910 1346 1975 auctoritate
1382 1911 1655 1994 predicta
1731 1931 1844 1995 pro
1907 1913 2036 1994 ipso
2082 1929 2406 1978 commune
2467 1910 2737 1977 Sibenici
2796 1909 3108 1975 totaliter
3153 1928 3247 1972 re-

528 1997 850 2060 servarunt
896 2014 1003 2077 pro
1051 2017 1259 2063 eorum
1307 1999 1523 2064 usibus
1570 2002 1633 2065 et
1678 2001 2059 2066 utilitatibus
2106 2019 2246 2066 cum
2305 2000 2550 2082 pascuis
2595 1999 2744 2077 illis,
2793 2018 2917 2082 que
2971 1996 3254 2064 laborari

527 2101 644 2147 non
694 2085 988 2165 possunt;
1035 2087 1138 2168 qui
1183 2086 1442 2164 fructus,
1491 2087 1746 2167 redituS,
1797 2088 2102 2154 utilitates
2149 2089 2213 2151 et
2242 2088 2572 2170 proventus
2604 2088 2751 2152 sunt
2780 2087 3026 2153 solidos
3060 2085 3242 2170 quat-

525 2172 661 2234 tuor
706 2190 1024 2253 parvorum
1075 2192 1178 2255 pro
1225 2175 1490 2259 gognajo
1537 2177 1816 2258 quolibet
1857 2177 2097 2242 vineato
2142 2177 2207 2241 et
2247 2175 2559 2259 pastinato
2603 2175 2836 2241 vitibus
2897 2178 2972 2240 et
3029 2175 3099 2238 in
3147 2171 3242 2236 fu·

525 2263 729 2323 turum
777 2260 1160 2342 pastinand0,
1205 2282 1361 2347 quos
1408 2264 1633 2330 solidos
1679 2267 1970 2348 quattuor
2038 2283 2365 2347 parvorum
2427 2264 2663 2329 solvere
2708 2267 3057 2330 teneantur
3130 2259 3235 2325 de-

522 2347 737 2412 bentes
784 2348 1017 2414 solvere
1062 2350 1127 2416 in
1169 2352 1445 2433 quolibet
1490 2352 1648 2418 festo
1696 2354 1756 2419 S.
1806 2352 2131 2418 Michaelis
2178 2352 2254 2417 de
2319 2371 2528 2417 mense
2606 2353 2943 2434 septembri
3013 2352 3082 2417 in
3131 2350 3233 2414 de-

523 2436 718 2500 nariis
760 2437 877 2501 sub
923 2456 1080 2520 pena
1125 2441 1331 2523 quarti
1379 2441 1598 2523 pluria,
1645 2460 1787 2506 cum
1834 2441 2205 2523 quibusdam
2252 2441 2579 2506 territoriis
2639 2441 2845 2523 parvis
2891 2436 3233 2505 existenti-

529 2523 645 2588 bus
682 2523 744 2588 in
792 2526 1073 2607 pluribus
1120 2526 1271 2594 locis
1314 2530 1529 2610 positis
1565 2531 1725 2595 infra
1769 2529 1940 2594 dicta
1987 2528 2269 2607 confinia,
2340 2530 2415 2594 de
2480 2529 2705 2611 quibus
2772 2528 2943 2593 dicta
2991 2528 3226 2593 fabrica

526 2610 709 2676 debet
745 2612 967 2679 habere
1014 2615 1395 2698 terraticum,
1443 2636 1551 2701 pro
1600 2620 1673 2684 ut
1731 2636 2055 2684 commune
2119 2617 2388 2686 Sibenici
2457 2616 2742 2683 habebat.
2813 2615 2932 2697 Qui
2984 2613 3227 2681 denarii

525 2701 824 2784 exigendi,
874 2702 1176 2769 recolendi
1225 2708 1289 2769 et
1335 2706 1706 2790 percipiendi
1750 2707 1828 2772 de
1875 2708 2059 2773 dictis
2109 2706 2597 2789 possessionibus
2645 2707 2911 2771 vineatis
2957 2709 3030 2771 et
3101 2707 3229 2769 ter-

523 2790 790 2853 raticum
838 2791 900 2854 in
946 2796 1307 2873 perpetuum
1357 2797 1610 2878 expendi
1658 2797 1878 2863 debeat
1921 2796 1986 2860 in
2030 2796 2326 2862 laborario
2393 2794 2459 2861 et
2524 2813 2704 2879 opere
2749 2794 2916 2860 dicte
2961 2792 3221 2860 ecclesie

524 2877 891 2942 cathedralis
940 2878 1205 2945 Sibenici
1252 2884 1317 2947 et
1360 2902 1474 2949 non
1523 2884 1588 2949 in
1632 2885 1753 2949 alio
1800 2903 1982 2968 opere
2027 2885 2102 2950 ad
2146 2884 2391 2950 laudem
2441 2885 2506 2948 et
2554 2885 2966 2949 reverentiam
3021 2882 3118 2947 dei
3157 2880 3219 2943 et

523 2965 715 3045 ipsius
759 2966 921 3031 beati
964 2966 1199 3034 Jacobi.
1264 2970 1400 3038 Hoc
1460 2974 1637 3054 pacto
1707 2976 1772 3037 et
1837 2973 2183 3038 conditione
2248 2972 2477 3040 additis
2537 2974 2811 3056 ipsorum
2874 2972 2934 3037 d.
2999 2965 3222 3042 ellecti,

526 3051 938 3119 Sibenicensis
1009 3058 1284 3140 capituli,
1368 3063 1424 3126 d.
1494 3060 1760 3138 comitis,
1842 3062 2129 3141 iudicum,
2201 3064 2265 3128 et
2330 3062 2594 3143 quinque
2655 3059 2983 3137 nobilium,
3064 3076 3142 3142 qu

527 3140 693 3205 dicta
737 3145 995 3225 pecnnia
1033 3147 1329 3229 exigenda
1372 3153 1436 3213 et
1480 3149 1831 3232 recipienda
1875 3148 1949 3214 de
1996 3149 2180 3214 dictis
2226 3148 2733 3234 possessionibus,
2761 3152 2854 3214 <ut
2900 3147 3218 3231 prefertur,

524 3230 743 3295 debeat
788 3232 1104 3313 pervenire
1149 3235 1223 3299 ad
1271 3255 1487 3302 manus
1532 3239 1791 3303 duorum
1841 3240 2302 3322 procuratorum
2349 3256 2458 3301 seu
2522 3238 2934 3319 operariorum
3000 3238 3069 3301 et
3105 3251 3215 3298 nou

522 3317 600 3381 ad
646 3318 903 3383 alterius
952 3339 1188 3398 manuS,
1238 3343 1496 3406 quorum
1544 3345 1702 3390 unus
1749 3328 1834 3391 sit
1879 3327 1953 3390 de
2000 3326 2268 3408 capitulo
2306 3324 2595 3403 Sibenici,
2645 3327 2710 3390 et
2753 3323 2927 3408 elligi
2991 3328 3056 3390 et
3113 3339 3217 3388 no·

522 3405 747 3470 minari
794 3404 1013 3472 debeat
1069 3429 1176 3491 per
1244 3414 1300 3476 d.
1365 3416 1676 3494 comitem,
1750 3414 1982 3479 iudices
2051 3418 2114 3478 et
2180 3414 2506 3480 consilium
2574 3414 2847 3480 civitatis
2926 3409 3216 3485 Sibenici,

520 3495 624 3576 qui
672 3494 846 3559 modo
891 3498 1035 3561 sunt
1078 3499 1142 3561 et
1183 3504 1618 3585 proxtempore
1663 3506 1861 3579 erunt,
1913 3504 1977 3567 et
2021 3503 2181 3566 alter
2227 3503 2313 3567 sit
2356 3500 2578 3567 nobilis
2623 3502 2699 3567 de
2751 3501 3006 3568 consilio
3056 3500 3200 3566 civi-

519 3583 669 3646 tatis
717 3582 1002 3662 Sibenici,
1053 3587 1160 3667 qui
1205 3589 1374 3675 elligi
1422 3591 1661 3670 debeat,
1713 3591 2017 3657 nominari
2063 3592 2127 3656 et
2171 3591 2519 3657 confirmari
2581 3611 2690 3673 per
2752 3590 2810 3654 d.
2856 3591 3202 3674 episcopum

520 3672 584 3736 et
627 3669 968 3753 capitulum
1014 3671 1305 3756 Sibenici,
1348 3679 1452 3763 qui
1498 3681 1675 3745 modo
1724 3682 1873 3745 sunt
1917 3683 1982 3744 et
2026 3698 2131 3762 pro
2165 3681 2440 3760 tempore
2486 3682 2684 3758 erunt,
2746 3680 2848 3761 qui
2922 3691 3204 3761 procura-

520 3761 685 3825 tores
734 3760 953 3824 durare
1000 3760 1263 3828 debeant
1304 3768 1478 3832 annis
1524 3770 1721 3833 tribus
1767 3769 2069 3839 continue,
2117 3768 2222 3852 qui
2267 3767 2379 3832 sub
2425 3786 2636 3831 eorum
2668 3769 3054 3831 sacramento
3085 3766 3204 3830 dic·

520 3852 652 3912 tam
690 3848 1012 3929 pecuniam
1061 3851 1322 3919 debeant
1366 3859 1699 3939 expendere
1746 3860 1808 3920 et
1839 3857 2075 3939 operari
2109 3856 2389 3936 fideliter,
2422 3854 2730 3937 legaliter,
2763 3855 3021 3932 solicite,
3055 3854 3204 3919 bons

520 3937 638 4001 fide
687 3942 749 4000 et
796 3937 926 4000 sine
972 3937 1179 4003 fraude
1229 3944 1290 4006 in
1338 3963 1513 4026 opere
1556 3946 1717 4010 dicte
1763 3946 2019 4011 ecclesie
2066 3942 2437 4010 cathedralis
2499 3942 2769 4009 Sibenici
2828 3945 2894 4008 et
2951 3960 3062 4026 pro
3123 3943 3206 4024 ip-

519 4024 647 4088 sius
693 4023 926 4089 fabrica
973 4028 1035 4089 et
1081 4046 1196 4095 uon
1238 4032 1301 4096 in
1348 4033 1470 4096 alio
1517 4052 1693 4116 opere
1741 4053 1881 4099 cum
1928 4035 2110 4111 scitu,
2153 4033 2468 4097 voluntate
2537 4034 2602 4096 et
2659 4049 2955 4097 consensu
3020 4030 3207 4096 domi·

519 4130 738 4177 norum
775 4113 1058 4196 episcopi,
1110 4120 1385 4200 capituli,
1436 4123 1681 4186 comitis
1729 4127 1792 4186 et
1841 4122 2111 4187 iudicum
2168 4121 2441 4186 civitatis
2505 4120 2816 4196 eiusdem3
2879 4121 2944 4182 et
3000 4118 3055 4182 si
3104 4118 3211 4183 ali-

521 4201 664 4284 quid
713 4202 1108 4280 expenderint
1148 4209 1277 4273 sine
1319 4209 1636 4275 voluntate
1681 4212 1744 4274 et
1789 4211 1951 4275 scitu
1993 4210 2296 4274 dictorum
2345 4209 2733 4273 dominorum
2797 4226 2905 4272 seu
2964 4207 3206 4271 maioris

518 4290 714 4370 partis
762 4290 1054 4369 ipsorum,
1103 4297 1261 4375 quod
1307 4297 1484 4375 illud,
1558 4299 1718 4381 quod
1780 4298 2194 4380 expenderint,
2245 4297 2487 4361 solvant
2551 4296 2627 4360 de
2698 4295 2960 4379 propriis
2998 4312 3202 4360 eorum

520 4378 715 4442 bonis,
765 4374 880 4454 Qui
929 4385 1343 4458 procuratores
1394 4387 1452 4450 in
1508 4386 1627 4450 fine
1689 4386 2025 4469 cujuslibet
2085 4384 2227 4450 anni
2288 4384 2594 4450 dictorum
2663 4402 2959 4449 annorum
3032 4385 3213 4448 trium

518 4468 847 4532 teneantur
892 4469 952 4527 et
997 4468 1262 4535 debeant
1306 4473 1700 4551 readsignare
1748 4475 2050 4557 integram
2097 4493 2168 4538 ac
2217 4474 2439 4538 bonam
2489 4474 2552 4537 et
2594 4471 2862 4555 legalem
2913 4471 3213 4537 rationem

522 4556 597 4619 de
645 4552 1183 4621 administratione
1224 4577 1437 4625 eorum
1486 4561 1685 4640 offitii,
1736 4563 1800 4625 et
1846 4565 2169 4626 teneantur
2207 4561 2404 4640 facere
2449 4560 2814 4645 quaternum
2856 4562 2922 4624 et
2971 4562 3213 4636 librum,

527 4644 590 4705 in
637 4659 753 4724 quo
794 4659 901 4721 per
947 4646 1311 4727 scripturam
1363 4653 1653 4734 appareat
1696 4652 1831 4716 tam
1878 4651 2171 4716 introitus
2218 4668 2401 4734 quam
2449 4651 2647 4715 exitus
2723 4648 2889 4714 dicte
2956 4649 3216 4723 fabrice;

529 4730 630 4811 qui
678 4729 1009 4810 quaternus
1055 4733 1183 4799 sive
1230 4734 1406 4818 liber,
1453 4739 1849 4821 readsignata
1894 4740 2149 4817 ratione,
2197 4756 2514 4805 remanere
2559 4737 2783 4803 debeat
2856 4737 2921 4802 iu
2961 4737 3098 4820 ipsa
3141 4737 3226 4803 fa·
